4092 6344
296 374 402 434 245

1710 388 2151 450 Αροτηεοειε.

3464 407 3568 463 946

473 494 661 564 Filius,
694 496 853 569 idque
890 498 1030 557 Deus
1072 503 1302 573 genitor,
1335 506 1476 575 quod
1507 506 1647 563 illius
1688 511 1867 565 esset?
1894 515 1943 575 Α
1971 511 2079 567 270
2158 510 2369 583 Integer
2398 512 2689 583 integrum,
2722 527 2826 569 non
2856 522 3092 587 emptum
3112 558 3127 585 ,
3152 519 3245 575 sed
3277 527 3453 577 tamen
3480 536 3565 578 or-

470 588 630 661 ᾹΞῚ
669 588 901 663 Pergunt
928 595 1149 653 ulterius
1178 608 1506 667 scrutantes,
1547 601 1675 673 quid
1715 604 1783 661 sit
1816 605 1866 659 id

1604 695 1799 769 [ipsum

292 776 396 835 260
467 776 698 849 Gignere
723 822 737 845 ,
782 780 827 835 si
870 780 949 836 fas
986 792 1069 840 est
1104 786 1365 843 humanos
1408 789 1630 845 tendere
1676 805 1869 848 sensus

472 870 652 940 Usque
701 871 767 927 ad
806 885 1074 933 secretum
1101 923 1117 947 ,
1163 881 1305 946 quod
1348 890 1593 953 tempora
1646 895 1868 953 cuncta,

1562 976 1802 1051 [diesque

474 1058 741 1114 Praevenit
769 1062 1037 1133 antiquos,
1076 1074 1129 1121 et
1153 1068 1476 1140 principium
1505 1086 1668 1141 super
1694 1070 1866 1141 ipsum

468 1149 699 1219 Eminet,
728 1160 783 1208 et
810 1156 1165 1231 quodcunque
1194 1170 1372 1232 potest
1402 1162 1562 1219 homo
1593 1178 1858 1234 quaerere,

1578 1256 1790 1312 transit.

1578 1265 1655 1310 tra

464 1342 597 1401 Cum
623 1344 692 1401 sit
717 1346 948 1403 difﬁcilis
973 1348 1059 1402 via
1088 1361 1308 1403 noscere
1337 1256 1723 1418 principium:

286 1436 389 1495 265
460 1438 708 1511 Semina,
745 1443 830 1497 cui
860 1442 1073 1498 dabitur
1109 1442 1319 1497 mortali
1350 1443 1663 1513 exquirere,
1707 1442 1851 1513 quid-

1668 1552 1792 1593 nam

1668 1552 1732 1591 na

461 1626 606 1683 Ultra
648 1630 969 1701 principium
1015 1630 1156 1684 Deus
1190 1630 1402 1699 egerit?
1430 1639 1523 1685 aut
1560 1536 1665 1701 qui
1704 1553 1863 1701 pilncm

461 1721 701 1779 Ediderit
730 1723 963 1779 Verbum
984 1767 997 1791 ,
1032 1723 1172 1794 quod
1201 1724 1463 1794 principio
1493 1732 1641 1779 caret
1670 1723 1863 1779 omni?

460 1813 573 1869 Hoc
602 1815 773 1870 solum
803 1817 1034 1884 scimus,
1066 1818 1207 1887 quod
1240 1816 1485 1881 traditur,
1520 1831 1642 1872 esse
1666 1817 1858 1884 Deum,

1670 1924 1788 1963 uem

457 1976 571 2034 Non
590 1981 802 2049 genitus
822 1981 1033 2051 genitor
1050 1980 1408 2050 generaverit,
1434 1995 1569 2035 unus
1596 1924 1664 2035 iii1

1671 1997 1855 2048 unum,
1890 1965 1942 2028 Β

3359 626 3491 680 tum,

3359 626 3491 680 tum,

2154 699 2223 756 Et
2269 710 2703 773 eomperpetuum
2752 712 2898 759 retro
2939 708 3099 776 patri,
3148 708 3240 763 sed
3289 614 3442 781 pitre
3470 726 3563 766 nae

3378 818 3484 856 um.

2158 886 2323 958 428
2359 885 2463 942 Sed
2486 901 2585 942 nec
2608 888 2819 946 decisus
2840 890 3002 948 Pater
3023 899 3129 961 est,
3159 901 3217 947 ut
3237 802 3559 965 par[sull’liiiris

3326 984 3488 1057 [esset

2156 1072 2324 1127 Filius
2349 1089 2361 1127 :
2389 1072 2685 1128 extendens
2715 1088 2813 1128 nec
2841 1090 2898 1129 se
2922 1076 3212 1133 substantia
3238 1079 3449 1133 tractim

2157 1163 2447 1232 Produxit,
2482 1163 2739 1219 minuitve
2770 1165 2969 1235 aliquid
3000 1168 3066 1223 de
3108 1171 3326 1225 numine
3357 1172 3515 1241 pleno
3538 1217 3553 1242 ,

1971 1258 2078 1314 275
2152 1258 2285 1312 Dum
2308 1264 2509 1313 mutata
2546 1274 2739 1313 novum
2771 1261 3017 1329 procudit
3046 1263 3222 1331 portio
3243 1273 3446 1319 natum.

2072 1345 2077 1353 ’
2150 1350 2264 1405 Non
2295 1351 2684 1418 convertibilis,
2717 1368 2815 1408 nec
2843 1354 3183 1409 demutabilis
3215 1373 3449 1427 unquam

2151 1442 2249 1499 Est
2277 1443 2448 1511 Deus,
2490 1452 2581 1497 aut
2610 1446 2879 1515 gignendo
2909 1446 3111 1517 aliquid
3140 1447 3240 1503 sibi
3281 1449 3513 1507 detrahit
3542 1470 3556 1508 :

3318 1544 3485 1615 [atqui

2150 1630 2346 1697 Totus,
2377 1638 2432 1685 et
2460 1644 2523 1685 ex
2558 1640 2669 1686 toto
2700 1632 2843 1687 Deus
2868 1642 2978 1699 est,
3012 1632 3077 1688 de
3114 1634 3316 1691 lumine
3351 1637 3553 1695 lumen.

2147 1722 2372 1791 Quando
2400 1731 2577 1778 autem
2603 1724 2781 1779 lumen
2813 1726 2929 1780 sine
2952 1724 3153 1781 lumine
3173 1727 3198 1779 ?
3223 1728 3437 1869 th'iapdo
3465 1747 3553 1787 re-

3298 1816 3327 1852 u
3350 1816 3483 1869 gens

3298 1816 3483 1870 uigens

1967 1887 2075 1944 280
2150 1886 2264 1945 Lux
2321 1886 2527 1958 fulgore
2576 1889 2762 1943 caret?
2797 1888 3012 1960 quando
3062 1898 3175 1954 est,
3212 1898 3270 1944 ut
3308 1893 3552 1961 proditus

3304 1984 3321 2054 ΙΔ
3350 1990 3483 2058 ignis

1560 2071 1846 2129 GLOSSIE
1888 2072 2223 2130 VETERES.

348 2166 473 2223 259.
509 2164 767 2233 Ulterius,
792 2168 932 2219 ultra
964 2164 1181 2225 licitum,
1209 2162 1249 2217 1.

348 2237 477 2292 260.
510 2232 759 2306 Gignere,
785 2236 1032 2306 spiritalis
1042 2232 1539 2307 generatim—Fas,
1556 2238 1780 2307 justum,
1814 2236 1853 2293 l.

349 2308 475 2363 262.
509 2305 700 2378 Super,
732 2307 888 2375 ultra,
924 2305 1390 2377 l.—-Principium,
1417 2305 1617 2371 mundi,
1642 2307 1766 2361 Vat.
1790 2310 1854 2362 Α.

349 2379 476 2437 264.
508 2378 629 2447 Via,
660 2383 790 2433 ratio
811 2424 825 2447 ,
860 2378 896 2431 Ι.

351 2451 478 2506 265.
510 2450 750 2517 Semina,
784 2448 1676 2520 principia.—Mortali,rhomini,_l.

351 2522 476 2577 266.
524 2522 691 2586 Ultra,
724 2518 1116 2587 ante—Paeto,
1150 2519 1277 2590 lege,
1309 2519 1386 2572 vel
1407 2520 1578 2586 modo,
1611 2518 1651 2574 1.

351 2593 471 2648 268.
507 2593 777 2658 Traditur,
811 2593 860 2645 in
890 2591 1175 2657 scripturis,
1211 2589 1249 2645 Ι.

350 2664 478 2720 271.
509 2663 694 2730 Retro,
722 2664 1067 2729 wteritaliter;
1094 2660 1176 2714 hic
1207 2662 1520 2732 praateritum
1547 2662 1750 2715 verbum
1770 2706 1784 2729 ,
1814 2662 1854 2716 1.

2038 2164 2167 2289 27ί2.
2210 2164 2453 2233 Decisus,
2484 2166 2812 2237 decurtatus,
2845 2169 2921 2222 vel
2948 2169 3301 2242 detruncatus,
3328 2176 3555 2228 minora-

2038 2252 2069 2289 t.
2130 2276 2145 2289 .

1968 2244 2069 2299 tus,
2103 2244 2145 2291 I.

2196 2308 2528 2383 Extendens,
2558 2310 3180 2383 dilatanda—Trar-tim,
3211 2318 3477 2383 paulatim,
3510 2318 3553 2373 l.

2035 2378 2164 2432 275.
2201 2380 2423 2454 Mutata»,
2454 2381 3010 2454 ope'_rata.—Proeudit
3038 2427 3050 2448 ,
3080 2378 3172 2438 vel
3191 2378 3426 2453 producit
3446 2378 3475 2454 ,’
3500 2389 3555 2441 id

1964 2457 2301 2527 est‘ge‘nerat,
2330 2452 2407 2506 vel
2428 2452 2666 2527 fabricat,
2687 2453 3158 2527 genuit—Parua,
3186 2452 3489 2527 substantia,
3510 2458 3549 2515 1.

2035 2519 2160 2591 276.
2196 2519 2463 2590 Unquam,
2496 2522 2585 2577 sed
2610 2519 2763 2585 certe,
2798 2523 2836 2577 Ι.

2036 2593 2161 2663 277.
2196 2591 2379 2663 Atqui,
2414 2604 2464 2646 at
2497 2595 2602 2660 ille,
2636 2593 2674 2647 Ι.

2032 2660 2158 2717 280.
2186 2660 2453 2729 Proditus,
2478 2666 2767 2736 dispensus,
2786 2667 2862 2721 vel
2886 2670 3260 2739 manifestatus,
3293 2672 3331 2725 l.

1621 2751 2181 2810 COMMENTARIUS.

354 2851 482 2907 258.
500 2850 936 2921 luterrogationis
958 2857 1209 2918 punctum
1232 2857 1351 2917 post
1373 2855 1498 2901 esset
1522 2845 1857 2921 desideratur

282 2924 341 2979 in
370 2923 640 2992 plerisque
671 2918 1032 2992 editionibus;
1066 2934 1137 2992 ex,
1170 2933 1275 2992 quo
1299 2932 1489 2992 sensus
1523 2918 1785 2992 turbatur.

355 2988 483 3050 259.
506 2988 660 3063 Egnt.
684 3002 737 3047 et
762 2990 884 3045 Vat.
914 2992 973 3063 Β,
1004 2990 1159 3063 quod.
1178 2988 1501 3063 Legendum
1530 2992 1671 3063 quid.
1707 2988 1861 3043 Peta-

278 3065 425 3133 vius,
456 3060 573 3118 10οΪ
593 3065 682 3118 cit.
715 3078 833 3129 cap.
865 3063 925 3123 6,
959 3062 1370 3133 laudandanict
1400 3060 1707 3113 imitandam
1732 3073 1860 3133 esse

280 3140 362 3191 ait
381 3129 620 3191 veterum
655 3134 1028 3201 theologorum
1058 3130 1512 3201 sanctissitnoruui
1540 3139 1591 3183 et
1619 3129 1863 3185 eruditis.

279 3207 543 3280 simorum
570 3199 1183 3280 ltominummodestiant
1201 3204 1267 3280 ,111
1295 3200 1470 3280 causis
1492 3199 1649 3267 hujus
1666 3208 1863 3280 myste-

284 3279 355 3333 rii
387 3278 800 3348 investigandis,
848 3284 903 3331 et
943 3274 1042 3348 bos
1076 3272 1350 3348 Prudentii
1395 3285 1583 3325 versus
1624 3270 1859 3339 adducit,

283 3350 480 3424 quibus
514 3346 761 3424 liberiora
788 3346 998 3424 ingen_ia
1026 3346 1373 3424 castigantur:
1616 3378 1621 3379 κ
1682 3413 1715 3424 η

360 3420 485 3475 260.
524 3420 717 3475 Weitz.
763 3413 882 3473 cum
927 3417 1115 3486 Egm.,
1144 3414 1259 3468 Pal.
1283 3454 1298 3479 ,
1330 3413 1503 3469 Oxon.
1537 3428 1632 3483 pro
1664 3413 1866 3486 discref

283 3492 435 3562 panti
463 3494 747 3562 scriptura,
773 3488 894 3545 Vat.
919 3482 1008 3542 ea
1038 3488 1205 3558 prima
1234 3500 1391 3541 manu
1424 3482 1645 3555 gressus.
1674 3482 1865 3539 Czeteri

282 3578 483 3617 88118118.

364 3632 491 3688 262.
532 3633 652 3688 Vat.
680 3633 745 3700 A,
781 3633 892 3687 Pal.
916 3674 929 3697 ,
964 3630 1243 3694 mendose,
1272 3628 1458 3700 sprevit
1488 3642 1582 3698 pro
1606 3627 1862 3700 pravenit.

364 3703 491 3759 264.
520 3698 873 3766 Philosopbos
898 3706 948 3757 in
971 3716 1151 3758 rerum
1173 3698 1447 3770 principiis
1469 3699 1644 3768 fecisse
1666 3698 1867 3770 ruinam

292 3776 575 3831 Lucretius
611 3773 824 3827 tradidit
856 3774 948 3828 lib.
979 3790 1015 3827 I.
1042 3766 1235 3826 Nostro
1264 3766 1379 3825 aevo
1409 3766 1595 3825 eadem
1636 3766 1867 3821 difﬁcul-

292 3855 377 3900 tas
408 3845 659 3898 noscendi
685 3844 1064 3912 principiorum
1098 3844 1298 3895 semina
1333 3842 1674 3911 perseutitur,
1718 3837 1869 3912 quid-

290 3916 420 3987 quid
446 3915 625 3969 dicant
647 3908 907 3987 nonnulli,
933 3908 1483 3987 systemata-qutiedant
1508 3926 1643 3965 nova
1663 3908 1872 3987 ample-

291 3981 523 4050 ctentes,
552 3994 643 4038 aut
672 3986 939 4053 antiquata
965 3981 1076 4051 jam
1106 3990 1158 4036 et
1189 3982 1427 4035 obsoleta
1454 3982 1630 4036 denuo
1662 3981 1867 4033 instau-

292 4066 494 4111 rantes.

365 4126 488 4182 265.
531 4125 652 4180 Put.
673 4167 688 4191 ,
718 4125 840 4195 qui,
884 4138 960 4177 sc.
993 4137 1096 4192 qua
1130 4122 1368 4195 ratione,
1400 4136 1494 4190 pro
1526 4122 1607 4173 cui
1639 4120 1868 4173 mortali.

296 4198 538 4268 Utroque
570 4194 961 4268 t’nodoconstat
991 4194 1273 4268 sententia.

365 4260 491 4323 266.
537 4268 693 4333 Ald.,
734 4267 868 4337 quod
895 4266 1113 4337 traditur
1134 4280 1253 4337 βεδε
1269 4262 1548 4337 _[_)eumque
1584 4260 1700 4313 Non
1732 4261 1873 4337 geni-

298 4352 378 4413 t_us
403 4341 598 4413 genitor
628 4331 957 4413 generaverit.
991 4334 1234 4413 Fabric...»
1256 4334 1367 4387 Gis.
1390 4374 1404 4400 ,
1432 4331 1875 4413 qttibtis_accessit

294 4402 555 4478 Cellarius
578 4450 592 4473 ,
628 4402 765 4478 quod
794 4407 1014 4460 traditur
1057 4422 1164 4460 esse
1194 4405 1329 4458 Deus
1348 4419 1569 4478 ,_quem.
1603 4402 1870 4478 lleinsihani

296 4472 867 4552 priestantiorisinotze,
899 4488 952 4531 et
977 4478 1182 4545 nostri,
1216 4492 1321 4552 esse
1338 4472 1545 4552 peum,
1570 4472 1874 4552 quem-Do-

294 4544 522 4607 ctrinam
558 4550 938 4621 theologicam,
982 4544 1151 4621 quam
1201 4548 1268 4600 de
1319 4546 1495 4621 divina
1528 4544 1873 4621 generatione

295 4621 523 4698 longiori
565 4614 933 4698 disputatione
973 4614 1222 4698 Petavius
1263 4616 1513 4698 tradidit,
1542 4614 1745 4698 paucis
1771 4614 1876 4698 .his

296 4688 539 4749 versibus
561 4688 680 4749 esse
702 4693 1139 4762 comprehensam
1164 4688 1334 4762 lassus
1356 4698 1447 4762 est
1469 4688 1581 4762 ipse
1605 4688 1871 4762 Petavius,

296 4765 449 4833 cujus
474 4765 632 4819 verba
664 4764 781 4833 lege
812 4757 957 4817 num.
989 4761 1095 4833 255
1127 4760 1328 4830 proleg.
1355 4758 1608 4813 lllirabilis
1638 4757 1874 4828 profecto

297 4832 383 4891 est.
410 4844 579 4904 poeta:
607 4832 771 4889 nostri
805 4832 1083 4900 theologia.

369 4906 495 4960 269.
542 4905 663 4959 ltat.
682 4945 697 4969 ,
728 4905 903 4957 minus
932 4904 1094 4963 bene,
1124 4910 1449 4968 generaverat
1483 4914 1576 4967 pro
1605 4916 1871 4968 generave-

294 4979 384 5033 rit.
420 4977 541 5031 Put.
571 4984 625 5029 et
652 4975 796 5035 Rot.,
827 4974 1101 5040 qeneravit,
1135 4969 1362 5024 fortasse
1390 4972 1642 5040 generavit
1663 4980 1708 5021 et
1741 4987 1870 5040 unus

297 5060 346 5104 et
378 5064 552 5101 unum.
583 5046 686 5099 Sed
718 5039 907 5100 melior
930 5042 1228 5097 communis
1256 5041 1430 5095 lectio.
1468 5039 1682 5093 Teolius
1705 5039 1875 5093 edidit

298 5119 595 5185 generavit,
626 5116 719 5170 sed
757 5130 875 5168 cum
917 5114 1003 5185 lex
1036 5111 1194 5167 metri
1223 5120 1515 5185 repugnet,
1550 5119 1603 5163 et
1632 5110 1764 5163 nihil
1796 5124 1871 5185 ex

298 5179 431 5244 inss.
478 5179 785 5251 notaverit,
846 5180 1037 5255 opinor
1086 5181 1340 5237 mendum
1371 5179 1501 5235 esse
1535 5179 1874 5251 typographi-

297 5276 444 5316 cum.

374 5332 499 5384 271.
540 5329 818 5389 Weitzius,
870 5324 991 5379 Vat.
1031 5326 1092 5390 Β,
1135 5326 1265 5379 Mar.
1295 5363 1308 5387 ,
1357 5322 1425 5374 Et
1470 5331 1879 5392 comperpetuttm

301 5412 438 5455 retro
464 5402 624 5465 Patri,
654 5400 742 5454 sed
776 5398 931 5452 Patre
961 5405 1154 5450 natum.
1174 5394 1301 5465 iGis.
1328 5403 1380 5446 et
1406 5392 1601 5461 Bong.,
1622 5392 1705 5465 iEt
1737 5408 1877 5465 corn-

304 5462 619 5545 perpetuum‘
651 5470 797 5523 Patri
835 5478 991 5545 retro,
1035 5469 1121 5545 sed
1168 5464 1323 5545 Patre
1357 5474 1549 5516 natum.
1594 5464 1789 5545 ligni,
1810 5462 1874 5515 Et

304 5532 715 5611 compe'rpetuum
744 5549 878 5596 retro
909 5536 1086 5611 Patris
1107 5578 1123 5603 ,
1144 5546 1209 5611 _e_t_
1231 5534 1385 5611 Patre
1415 5545 1608 5611 natum.
1643 5536 1745 5611 Pro
1769 5532 1875 5611 hac

304 5604 565 5683 scriptura
606 5609 1059 5683 011080101ᾼ1008
1084 5622 1111 5660 a
1144 5606 1372 5660 Weitzio
1400 5613 1455 5659 et
1487 5604 1718 5683 Heinsio.
1767 5604 1872 5683 Sed

305 5672 473 5741 Aldus
501 5684 627 5737 mibi
664 5672 837 5745 habet,
870 5678 933 5732 Et
962 5687 1370 5747 comperpetuum
1392 5683 1527 5747 retro
1558 5672 1754 5747 Patris,
1786 5675 1875 5727 sed

307 5754 465 5809 Patre
494 5766 693 5825 natum.
728 5743 1083 5825 Egmgutlattoi
1099 5743 1395 5825 consonant
1417 5744 1558 5825 Put.,
1586 5743 1794 5825 Tliuan.
1822 5752 1878 5799 et

308 5828 483 5881 cmteri
518 5814 807 5879 lleinsiani.
854 5820 1100 5874 Heinsius
1127 5816 1395 5872 existimat
1431 5814 1596 5868 fuisse
1647 5814 1709 5866 Et
1741 5831 1877 5867 com-

312 5907 608 5957 nernetuum
655 5892 798 5945 Patri
843 5898 1008 5952 retro,
1048 5900 1091 5942 et
1142 5888 1294 5942 l’atre
1340 5895 1538 5939 natum.
1567 5884 1767 5939 Omnes
1794 5886 1877 5939 ba

1965 2845 2225 2901 lectiones
2254 2847 2460 2902 admitti
2487 2857 2727 2917 possunt,
2755 2840 2809 2904 e't
2838 2850 3073 2904 omnium
3106 2852 3294 2907 eadem
3323 2862 3407 2908 est
3434 2869 3551 2909 sen-

1966 2920 2159 2991 tentia.
2202 2917 2821 2991 comperpetuusl’atris
2865 2921 2918 2974 in
2963 2922 3211 2990 gignendi
3264 2939 3389 2979 casu
3445 2942 3549 2981 non

1967 2989 2199 3044 absurde
2236 2988 2461 3054 dicitur,
2498 2991 2573 3045 uti
2617 2988 2752 3044 infra
2787 3006 2850 3045 ex
2884 2988 3323 3048 mssfcoa’teruus
3354 2994 3550 3052 Patris.

1973 3058 2101 3113 Urb.
2133 3070 2183 3114 et
2209 3061 2359 3115 Alex.
2393 3062 2591 3129 paiiter
2622 3059 2814 3114 Patris.
2862 3060 2981 3115 Vat.
3012 3062 3079 3130 ρ,
3102 3079 3414 3134 perperam,
3439 3083 3551 3121 cum

1967 3143 2286 3198 perpetuum.

2212 3202 2329 3255 Vat.
2392 3207 2472 3268 Α,
2530 3213 2765 3257 tractum.
2824 3205 3017 3275 Egm.,
3078 3208 3295 3274 (actim;
3344 3210 3557 3278 corrigo

1973 3280 2195 3329 tractim.

2044 3342 2169 3396 271.
2214 3342 2357 3409 Rat.,
2406 3346 2683 3409 mendose,
2732 3346 2913 3399 minuit
2958 3346 3057 3400 vel.
3097 3348 3260 3401 Deum
3299 3352 3549 3404 constitui

1973 3427 2037 3467 ex
2071 3412 2240 3467 tribus
2270 3415 2547 3489 Trinitatis
2578 3417 2858 3489 personis,
2882 3418 2957 3489 ita
2990 3426 3044 3470 ut
3074 3432 3258 3489 earum
3302 3422 3551 3489 quaelibet

1977 3498 2083 3536 non
2126 3496 2267 3556 esset
2312 3488 2467 3555 plene
2520 3487 2656 3542 Deus
2682 3527 2696 3549 ,
2741 3488 2832 3541 sed
2879 3488 2968 3541 Dei
3004 3488 3207 3556 portio,
3256 3487 3551 3545 docuerunt

1895 3568 1941 3633 ο
1976 3554 2214 3609 nonnulli
2244 3554 2503 3633 liniretici.
2537 3558 2751 3633 Damius
2782 3554 3033 3633 inopere
3056 3559 3121 3612 de
3147 3571 3292 3633 reeta
3326 3559 3427 3633 PP.
3461 3562 3551 3615 Ni-

1974 3641 2245 3700 cgenorum
2278 3628 2379 3683 ﬁde
2404 3630 2485 3683 liis
2516 3630 2687 3683 allatis
2711 3627 2986 3700 Prudeptii
3018 3632 3291 3695 versibus,
3325 3631 3550 3700 aliisque

1973 3696 2199 3769 aliorum
2232 3701 2406 3755 verbis
2426 3700 2612 3769 prohat
2632 3701 2850 3764 d;serte,
2880 3698 3065 3753 Filium
3086 3716 3147 3753 ex
3172 3701 3329 3755 Patre
3351 3696 3549 3769 ortum,

1974 3768 2068 3843 sed
2097 3784 2203 3843 non
2233 3787 2327 3839 per
2356 3768 2765 3833 abscissionem,
2799 3781 2887 3824 aut
2918 3770 3253 3837 divisionem,
3286 3781 3379 3827 aut
3404 3768 3551 3843 ejus-l

1974 3839 2095 3893 dem
2128 3842 2439 3897 substantia:
2461 3845 2830 3897 mutationem.
3038 3846 3045 3855 '

2046 3912 2171 3967 275.
2216 3914 2269 3967 111
2314 3914 2607 3983 exemplari
2659 3912 2892 3979 Weitzii,
2944 3927 3047 3982 quo
3094 3923 3235 3977 utor,
3281 3916 3345 3969 ad
3402 3929 3551 3972 oram

1976 3985 2209 4050 producit
2236 3987 2401 4051 portio
2429 4000 2495 4039 ex
2525 3992 2629 4039 vet.
2666 3986 2758 4039 lib.
3592 4002 3597 4007 ‘

2047 4052 2173 4107 276.
2206 4053 2414 4109 Concil.
2452 4054 2623 4125 Tolet.
2658 4071 2671 4107 l
2704 4056 2755 4109 in
2798 4057 2975 4124 regula
3018 4056 3161 4117 lidei,
3193 4056 3259 4109 de
3295 4072 3397 4125 qua
3427 4058 3553 4114 alibi

1975 4121 2205 4185 dictum,
2240 4138 2358 4178 can.
2395 4126 2425 4177 7
2464 4142 2474 4177 :
2511 4124 2571 4178 Si
2596 4126 2708 4192 quis
2740 4121 2926 4177 dixerit
2953 4128 3027 4177 vel
3060 4121 3357 4191 crediderit,
3391 4128 3557 4181 deita-

1978 4193 2319 4267 temﬁlzristi
2367 4194 2795 4267 convertibilentl
2818 4196 2888 4248 al.
2934 4195 3266 4267 nascibilem)
3306 4214 3441 4262 esse,
3481 4202 3558 4253 vel

1978 4262 2285 4330 passibilem,
2316 4264 2582 4318 anathema
2612 4266 2695 4317 sit.
2733 4262 2856 4319 llaec
2877 4266 3131 4320 vocabula
3163 4266 3212 4319 in
3244 4262 3397 4321 usum
3431 4277 3557 4323 tunc

1979 4333 2161 4387 venire
2184 4344 2463 4403 coeperunt
2484 4336 2548 4389 ad
2582 4338 2815 4408 haereses
2836 4337 3176 4402 refellendas,
3206 4349 3258 4408 et
3284 4339 3557 4408 religionis

1979 4416 2128 4477 sacra
2160 4408 2410 4476 mysteria
2438 4408 2556 4477 rsine
2596 4407 2909 4477 ambagibus
2938 4407 3271 4475 exponenda.
3306 4406 3557 4462 0011111111-

1980 4473 2097 4547 bilis
2126 4473 2389 4531 neminem
2434 4476 2725 4532 Prudentia
2759 4473 3117 4547 antiquiorem
3168 4478 3369 4533 dixisse
3409 4481 3552 4535 novi.

2049 4546 2176 4619 277.
2219 4548 2405 4611 Aldus,
2438 4557 2605 4617 atque.
2642 4549 2763 4616 Alii,
2794 4546 2954 4616 atqui.
2989 4548 3109 4602 Vat.
3145 4548 3209 4616 Α,
3241 4551 3443 4619 atquin.

2048 4617 2175 4673 278.
2220 4619 2270 4670 111
2322 4619 2443 4674 Vat.
2483 4622 2548 4685 A,
2601 4630 2733 4673 tatus
2787 4636 2849 4673 ea:
2893 4628 3017 4680 toto,
3068 4630 3251 4673 contra
3294 4617 3549 4677 metrum.

1978 4686 2119 4756 Lege
2149 4699 2311 4756 totus,
2352 4700 2396 4743 et
2426 4706 2487 4743 ex
2514 4700 2636 4743 toto.
2666 4688 2926 4759 Corippus
2958 4690 3049 4743 lib.
3082 4706 3131 4743 tv
3158 4708 3170 4745 :
3206 4690 3374 4744 Natus
3395 4733 3409 4756 ,
3451 4709 3555 4745 non

1980 4761 2167 4833 factus,
2194 4762 2485 4833 plenumide
2504 4762 2898 4833 ltuninelumen.
3006 4760 3304 4815 Metltodius
3330 4773 3554 4833 marty,

1980 4822 2093 4884 sive
2121 4822 2255 4885 alius
2286 4832 2563 4887 cout'essor
2590 4874 2603 4895 ,
2653 4831 2745 4885 lib.
2778 4832 2845 4884 de
2874 4831 3125 4885 Simeone
3159 4841 3211 4886 et
3247 4834 3399 4887 Anna
3431 4855 3442 4887 :
3471 4822 3557 4886 7.;

1982 4901 2153 4953 lumen
2193 4919 2245 4955 es
2274 4918 2443 4954 verum
2467 4918 2529 4955 eo:
2563 4902 2754 4954 lumine
2786 4916 2920 4953 vero.
2956 4901 3124 4955 Verba
3162 4904 3387 4973 symboli
3429 4912 3555 4959 nota

1981 4980 2124 5025 Sllﬂl.

2010 5100 2015 5105 ,
2055 5041 2182 5094 280.
2217 5040 2321 5095 Gil.
2355 5056 2423 5114 ex
2470 5050 2576 5114 vel.
2600 5043 2719 5095 cod.
2744 5085 2756 5109 ,
2797 5044 3041 5114 prodigus
3071 5058 3168 5112 pro
3198 5045 3319 5113 igne
3349 5044 3515 5097 multo
3539 5084 3556 5107 ,

1987 5110 2134 5179 largo
2167 5120 2221 5165 et
2249 5112 2488 5181 capioso.
2521 5110 2611 5166 Sic
2641 5110 2806 5167 etiam
2830 5110 2997 5168 Aldus
3021 5110 3208 5169 et'tres
3222 5110 3559 5169 recentiores

1984 5196 2058 5254 ex
2090 5181 2414 5254 lleinsianis.
2447 5182 2551 5235 Alii
2581 5186 2828 5254 proditus,
2869 5195 2923 5237 ut
2953 5186 3089 5251 apud
3124 5184 3382 5254 Nasonem
3411 5202 3420 5236 :
3454 5184 3561 5237 Lu-

1991 5253 2126 5323 mine
2142 5253 2228 5321 qui
2250 5269 2449 5320 semper
2466 5252 2698 5321 proditur
2722 5257 2830 5323 ipse
2858 5270 2968 5317 suo,
2988 5269 3287 5323 quanquam
3310 5252 3562 5309 lleinsius

1988 5322 2091 5376 hoc
2132 5323 2251 5376 loco
2298 5324 2473 5391 ignem
2512 5322 2776 5392 proditum
2822 5322 3232 5391 interpretatur,
3272 5324 3358 5391 qui
3399 5340 3562 5392 porro

1990 5393 2324 5457 eittcnditur,
2369 5403 2424 5447 ut
2460 5393 2661 5448 Nonius
2700 5398 2923 5463 exponit
2965 5394 3095 5447 illud
3145 5394 3511 5448 Maronianum
3542 5435 3558 5459 ,

1991 5479 2150 5533 genus
2173 5466 2277 5517 alto
2300 5481 2329 5515 a
2356 5467 2600 5534 sanguine
2625 5464 2798 5517 Teucri
2826 5465 3088 5534 Proderet.
3110 5464 3231 5517 Vat.
3252 5463 3296 5531 Q
3321 5472 3374 5518 et
3401 5465 3557 5520 Alex.

1983 5532 2010 5587 a
2044 5535 2275 5589 secunda
2306 5532 2487 5600 manu,
2532 5535 2791 5604 prodigus.
2826 5535 2880 5587 111
2913 5532 3038 5587 Urb.
3074 5535 3226 5589 deest
3253 5544 3419 5589 totum
3454 5536 3560 5603 hoc

1982 5608 2184 5673 quando
2212 5616 2306 5665 est.
2344 5616 2397 5658 ut
2432 5606 2669 5674 prodigus
2699 5605 2827 5673 ignis
2856 5604 3037 5674 Ignem
3076 5606 3343 5660 diminuat.
3394 5606 3560 5659 Peve-

1985 5686 2135 5731 ratus
2172 5693 2236 5731 ex
2270 5677 2481 5732 Gilanio
2525 5675 2782 5744 approbat
2832 5675 3105 5743 prodigus,
3146 5687 3195 5730 et
3245 5678 3438 5731 eadem.
3476 5692 3560 5730 ra-

1976 5747 2130 5869 ltione
2156 5748 2358 5803 dictum
2390 5754 2556 5817 putat,
2586 5759 2647 5797 ac
2674 5746 2992 5799 luxuriantes
3013 5756 3202 5816 segetes
3223 5746 3361 5815 apud
3391 5747 3559 5821 Virgi-

2002 5832 2129 5869 ium.

2002 5832 2129 5871 tum.
