4092 6344
569 354 667 408 947

1865 574 1942 647 [et
1963 575 2074 641 lux,

734 660 853 719 Non
899 659 1035 718 locis
1077 659 1248 731 Dus,
1288 670 1352 717 et
1390 673 1546 734 pater
1587 667 1712 720 est?
1759 669 1871 737 qui,
1916 668 1972 723 si
1997 677 2148 738 pater

1922 760 2072 834 [olim

736 847 870 902 Non-
887 846 1018 915 fuit,
1034 855 1092 904 et
1109 859 1294 904 serum
1319 851 1505 920 genuit
1531 860 1651 920 post
1669 860 1912 921 tempora
1937 864 2140 921 natum,

737 937 825 993 Fit
854 953 1047 1007 novus,
1078 940 1240 1009 inque
1271 956 1466 996 novum
1501 944 1589 1011 jus
1620 945 1846 1013 prolicit.
1878 945 2061 1013 Absit,
2090 957 2148 1001 nt

1819 1035 2074 1107 [iniquam

559 1118 664 1178 285
738 1122 1227 1194 Plenus-proﬁciat,
1261 1126 1352 1195 qui
1383 1142 1486 1180 non
1516 1138 1636 1198 eget
1656 1128 2009 1184 incremento.

739 1215 810 1272 Et
831 1218 992 1282 Deus,
1017 1227 1065 1271 et
1091 1219 1658 1288 genitor,.lumenque,
1679 1229 1732 1274 et
1748 1222 1914 1290 gloria
1935 1233 2156 1290 semper

745 1309 842 1364 llle
872 1308 1010 1364 fuit:
1040 1324 1141 1364 nec
1166 1320 1282 1378 post
1307 1311 1407 1364 sibi
1435 1311 1682 1376 Contulit,
1718 1322 1780 1366 ut.
1807 1323 1955 1380 pater
1981 1321 2140 1366 esset.

743 1399 835 1457 Sic
859 1401 954 1470 ﬁt,
983 1411 1042 1457 ut
1066 1412 1324 1458 aeternum
1349 1404 1629 1459 credamus
1656 1420 1775 1458 cum
1814 1405 2140 1474 patre'Cliri-

1883 1499 2042 1570 [Stum
2061 1541 2073 1562 ,

745 1588 840 1643 lllo
869 1597 1093 1645 auctore
1116 1599 1329 1656 satum,
1362 1589 1446 1644 cui
1473 1590 1652 1645 nullus
1691 1591 1908 1659 praefuit
1938 1601 2145 1646 auctor.

563 1680 667 1738 290
742 1681 867 1737 Haec
895 1690 948 1737 tu
975 1685 1020 1738 si
1047 1682 1262 1738 dubitas
1291 1684 1398 1737 nati
1422 1684 1674 1753 mysteria
1707 1683 1926 1749 Christi,

741 1773 991 1841 Perdite,
1023 1775 1289 1830 catholica
1321 1791 1427 1830 non
1459 1789 1516 1829 es
1547 1775 1614 1829 de
1651 1776 1804 1844 plebe
1835 1795 1846 1828 :
1878 1776 1973 1831 sed
2005 1792 2143 1832 unus

1669 365 1943 421 AURELII
1984 366 2354 423 PRUBENTH
2391 369 2716 427 CARMINA.

743 471 910 547 κθ
943 475 1131 546 Igne.-
1145 473 1441 530 Μίκκα
1463 477 1680 545 quando
1702 479 1883 546 Pater,
1904 491 1957 536 et
1987 483 2162 548 Deus,
2185 489 2235 545 Δ

2248 1782 2354 1838 505

3739 377 3836 434 988

2443 484 2514 538 De
2542 499 2704 554 gmge
2729 485 2995 539 thniitena
3020 497 3324 551 venerator,
3357 490 3736 546 Deucalionum

2439 580 2672 635 Devotus
2695 582 2872 652 cippo;
2902 581 3093 637 ﬁculni
3109 592 3167 637 et-
3188 584 3388 652 stipitis
3405 594 3616 638 uncum.

2430 672 2568 736 Quin
2601 673 2778 742 potius
2809 683 3058 728 scrutare
3087 675 3180 729 Dei
3212 676 3481 744 signacula
3515 677 3566 730 in
3600 676 3717 746 ipso

2250 761 2357 817 995
2432 760 2600 817 Fonte
2620 765 2934 831 vetustatis,
2956 781 3210 835 percurre
3231 767 3425 820 scrinia
3454 768 3616 838 primi

2433 851 2610 924 630
2644 855 2958 926 Scriptoris,
2990 873 3156 928 quem.
3181 872 3295 912 non
3316 858 3514 912 bardus
3541 869 3724 929 pater,
3753 870 3836 915 aut

3391 951 3543 1020 [avus
3574 966 3765 1020 augur,

2441 1042 2638 1097 Fabula
2671 1057 2772 1097 nec
2804 1042 3005 1096 veteris
3050 1040 3234 1106 laxate,
3267 1055 3366 1094 nec
3401 1042 3616 1110 garrula
3647 1045 3836 1110 nutrix,

2430 1135 2538 1191 Nec
2573 1150 2709 1202 sago.
2742 1134 2996 1202 clangore
3035 1132 3264 1201 loqun,
3308 1144 3368 1188 et
3400 1134 3627 1188 stridula
3657 1135 3836 1191 cornix

2430 1229 2560 1282 Bern
2609 1228 2844 1281 docuere
2876 1226 3005 1280 Dei:
3041 1226 3134 1280 sed
3173 1241 3354 1280 coram
3403 1226 3836 1297 proditusipse,

2249 1317 2354 1374 500
2425 1318 2548 1386 ipse
2579 1318 2720 1372 Deus
2746 1317 3007 1386 trepidum
3034 1317 3331 1370 mortalem.
3351 1319 3507 1372 mitis
3523 1318 3698 1373 amico

2444 1412 2637 1465 imbuit
2665 1410 2880 1480 eloquio
2900 1451 2924 1476 ,.
2949 1425 3145 1479 seque,
3177 1426 3241 1464 ac
3270 1426 3364 1464 sua
3392 1412 3839 1470 somma'reteaiﬁ

2439 1503 2699 1558 Nimirum
2728 1503 2970 1556 meminit
2989 1502 3218 1569 scriptor
3248 1501 3609 1566 doctissimus,
3637 1503 3727 1557 illo

2437 1597 2594 1651 Orbis
2620 1596 2881 1666 principio
2906 1611 3012 1650 non
3039 1595 3358 1658 selum,.nee
3387 1593 3504 1649 sine
3525 1593 3734 1650 Christo

2431 1689 2753 1744 lniormasse
2803 1689 3024 1744 Patrem.
3062 1688 3278 1742 tactura:
3327 1687 3532 1756 plasma
3573 1688 3814 1742 novella}.

2427 1783 2606 1851 Fecit,
2632 1784 2728 1848 ait,
2769 1781 3008 1838 condens
3029 1781 3300 1836 hominem
3321 1779 3495 1847 Deus,
3512 1788 3568 1834 et
3585 1779 3732 1834 dedit
3752 1779 3837 1835 olli

1867 1865 2158 1929 ειοεευε
2194 1875 2529 1934 VETERES.

629 1965 754 2020 282.
787 1967 954 2030 Olim,
988 1966 1318 2032 wternaliter,
1355 1966 1462 2019 sine
1489 1964 1654 2033 initio,
1687 1965 1792 2019 lso.

629 2037 754 2091 290.
788 2039 865 2090 Tn
892 2080 904 2100 ,
941 2038 1259 2096 Sabe/lianc,
1295 2038 1334 2090 Ι.

629 2107 756 2160 “292.
786 2109 1065 2164 Thuriloro
1085 2150 1097 2166 .
1128 2107 1469 2176 tliuri/icante.
1489 2135 1560 2148 -—
1589 2105 2008 2170 Deucalionum,
2027 2107 2148 2159 deo-

560 2195 696 2241 rum,
734 2179 1009 2232 idolorum.
1049 2179 1331 2232 Deucalion
1364 2187 1412 2232 et
1450 2192 1580 2230 uxor
1594 2193 1688 2229 sua
1716 2177 1913 2244 lapides
1934 2179 2152 2232 semina-

559 2258 733 2303 verunt
765 2265 782 2302 :
808 2250 923 2302 inde
953 2252 1044 2302 viri
1072 2262 1117 2303 et
1148 2250 1405 2313 mulieres,
1438 2248 1476 2300 1.

629 2318 754 2374 29⁸5.
786 2318 1020 2374 Devotus
1041 2362 1054 2385 ,
1085 2320 1378 2374 inclinatus.
1409 2349 1480 2390 έ-
1507 2315 1707 2388 Cippo,
1741 2329 1920 2373 trunco
1947 2322 2022 2373 vel
2052 2321 2149 2390 ipsi

559 2387 690 2443 Deo.
722 2391 1041 2450 —'Unctor.
1073 2400 1369 2458 venerator,
1407 2389 1442 2444 Ι.

627 2460 754 2514 296.
787 2461 1074 2525 Scriptoris
1094 2505 1108 2526 ,
1145 2461 1360 2531 Moysis.
1383 2491 1453 2502 —-
1474 2461 1701 2526 Bardus,
1723 2463 1930 2520 stu'tus,
1955 2463 2015 2514 ab
2047 2462 2146 2514 ele-

557 2529 772 2597 phanto,
801 2532 1070 2596 baburrus,
1101 2529 1308 2586 stultus.
1339 2563 1409 2572 —
1439 2533 1643 2602 Augur,
1670 2534 1754 2599 qui
1783 2533 1951 2586 avium
1977 2533 2144 2602 garri-

557 2610 662 2674 tum
701 2603 776 2655 vel
806 2604 1089 2674 augurium
1109 2603 1334 2657 observat
1358 2649 1373 2672 ,
1412 2603 1453 2660 l.
1483 2632 1552 2644 —--
1594 2603 1816 2674 Bardus,
1849 2606 2054 2670 stultus,
2087 2603 2148 2655 ab

556 2673 824 2742 elephanto
841 2717 855 2740 ,
878 2671 1010 2729 'Vat.
1045 2671 1108 2728 Τ.

2179 1963 2226 2030 Β
2321 1971 2446 2024 297.
2481 1970 2694 2036 Nutrix,
2727 1983 2877 2036 anus,
2910 1969 2952 2021 1.

2324 2043 2449 2095 298.
2486 2042 2654 2110 Saga,
2688 2043 2885 2111 magico
2910 2039 2989 2092 vel
3027 2040 3276 2108 praescia;
3312 2038 3622 2109 prazscienti,
3651 2039 3838 2108 magico

2255 2113 2331 2165 vel
2353 2114 2587 2180 sapienti,
2626 2115 2662 2166 Ι.
3306 2179 3321 2180 Π
3473 2150 3478 2153 _

2327 2179 2451 2237 299.
2487 2185 2612 2237 Item
2636 2224 2649 2247 ,
2687 2191 2875 2234 s'alttm
2915 2183 3160 2235 divinum.
3190 2211 3259 2220 —
3283 2179 3473 2235 Coram
3502 2221 3515 2245 ,
3557 2179 3743 2251 palam.
3768 2208 3836 2225 —-

2261 2254 2526 2317 Proditus,
2561 2255 2933 2319 manifestatus,
2969 2253 3005 2306 Ι.

2332 2325 2455 2378 500.
2488 2324 2808 2392 Trepidam,
2844 2325 3101 2391 pavidum.
3146 2354 3212 2366 —--
3244 2322 3552 2388 Morlal'ent,
3588 2321 3832 2394 Moysem.

2255 2426 2323 2435 —
2355 2396 2562 2458 Amico,
2593 2396 2869 2459 amicabili,
2903 2395 2938 2448 Ι.

2328 2467 2452 2520 501.
2490 2468 2720 2533 ltelexit,
2752 2468 2934 2535 aperit,
2966 2468 3194 2534 aperuit,
3229 2465 3270 2519 ῐ.

2326 2536 2449 2592 502.
2479 2537 2736 2600 Meminit,
2769 2540 2928 2599 deerit,
2961 2537 3002 2592 I.

2329 2608 2452 2663 505.
2483 2608 2752 2674 Condens,
2781 2625 2982 2677 creans,
3002 2607 3043 2663 l.

1907 2748 2476 2822 COMMENTARIUS:

621 2860 748 2915 28L
780 2859 903 2914 Ald.
933 2873 1054 2916 cum
1082 2860 1202 2916 aliis
1231 2860 1417 2915 scribit
1443 2862 1716 2916 deminuat.

623 2929 750 2986 982.
783 2930 904 3002 Rat.
945 2933 1016 2986 ita
1047 2933 1209 2986 verba
1238 2931 1502 2997 collocat,
1551 2950 1651 3002 non
1694 2933 1821 2986 lucis
1867 2941 2048 3002 pater,
2091 2941 2140 2985 et

557 2999 692 3071 Deus
723 3012 814 3056 est.
858 3000 973 3057 Gis.
1007 3003 1032 3056 1
1069 3004 1199 3058 edit.
1222 3043 1246 3070 ,ς
1270 3019 1372 3056 non
1404 3005 1530 3056 (uc-is
1575 3001 1708 3056 Deus
1729 3045 1742 3068 ,
1775 3012 1824 3057 at
1855 2999 2000 3071 pater
2024 3013 2094 3056 est
2118 3002 2151 3056 θ’

556 3070 803 3126 Fortasse
831 3084 917 3126 aut
947 3084 1108 3141 pater.

623 3143 750 3214 9.90.
789 3143 944 3214 illam,
976 3145 1203 3209 Widm.,
1237 3144 1426 3214 Bong..
1459 3143 1674 3214 dubites.

624 3211 749 3268 :92.
784 3213 942 3268 Vocat
980 3231 1211 3281 pagaiios
1234 3215 1296 3266 de
1317 3211 1466 3284 grege
1492 3213 1735 3283 llmrifero
1761 3230 1826 3267 eo
1854 3230 2013 3268 sensu
2037 3228 2142 3283 quo

553 3283 774 3349 Oplalns
796 3285 926 3338 dixit
950 3275 1264 3353 tltuiiﬁcare,
1290 3275 1341 3337 εἰ
1367 3275 1686 3353 ιὶςτιπιειηιιέ,
1710 3275 2138 3353 ιΙιιινῦῙὶειιιοε.Ἰη
2171 3275 2215 3336 C

552 3365 727 3422 giossa
770 3364 882 3409 erat
929 3358 1184 3420 scriptum
1231 3355 1508 3408 Deucalion
1537 3357 1732 3422 lapidis
1758 3398 1771 3418 ,
1803 3367 1848 3408 et
1885 3372 2010 3408 uxor
2051 3373 2143 3408 sua

553 3428 948 3480 seminat-erunt.
997 3426 1224 3479 Restituti
1255 3429 1496 3479 Ordinem
1528 3428 1831 3479 verborum.
1867 3425 2142 3480 Deucalio-

552 3512 648 3549 nes
679 3511 903 3550 numero
926 3496 1116 3564 plurali
1145 3494 1291 3550 είΥετι
1313 3539 1328 3561 ,
1365 3508 1422 3550 ιιι
1456 3507 1822 3561 contemptum
1853 3500 2140 3566 exprimat.

553 3567 686 3638 Vide
713 3582 854 3638 vers.
888 3569 1008 3623 189.
1054 3569 1107 3620 In
1152 3567 1352 3638 hymno
1380 3568 1437 3624 S.
1471 3568 1694 3621 Romani
1722 3568 1968 3622 similiter
1995 3584 2145 3621 ruen-

553 3639 626 3691 tio
653 3637 710 3691 lit
742 3637 960 3708 Pyrrha:
985 3680 1000 3702 ,
1043 3637 1221 3692 uxoris
1265 3638 1618 3693 Deucalionis.
1673 3641 1744 3691 Ita
1788 3640 1926 3692 enim
1963 3640 2033 3692 ait
2065 3650 2142 3706 ty-

551 3723 753 3762 rannus
799 3709 1141 3777 Asclepiades
1189 3725 1332 3764 vers.
1383 3710 1489 3764 MO
1530 3727 1542 3762 :
1597 3709 1686 3762 Vis
1727 3725 1926 3762 summa
1973 3725 2143 3762 rerum

552 3781 741 3833 nosse?
772 3778 1024 3849 Pyrrham
1052 3781 1275 3834 consule.

621 3849 748 3904 293.
781 3853 954 3904 Oxon.
989 3861 1042 3904 et
1072 3853 1192 3905 Ald.
1218 3893 1230 3914 ,
1266 3851 1444 3917 ﬁculni
1473 3851 1680 3919 stipitis.
1728 3849 1840 3902 Pal.
1868 3866 2028 3918 supra
2051 3867 2143 3902 au-

552 3930 657 3974 ctor
680 3935 778 3990 pro
807 3929 987 3974 unctor
1017 3937 1036 3975 :
1065 3922 1166 3976 hoc
1194 3937 1377 3977 verum
1411 3930 1510 3976 est.
1547 3922 1620 3974 De
1645 3923 1742 3973 ritu
1772 3921 1999 3982 llnflelldl
2023 3923 2142 3976 oleo

549 3993 835 4045 simulacra
856 4033 870 4056 ,
898 3992 1237 4059 sacerdotes,
1279 3992 1476 4046 lumina
1509 4003 1561 4046 et
1595 3993 1742 4060 ignes
1786 4005 1988 4051 sacros.
2022 3994 2142 4047 vide

550 4061 635 4116 Jo.
664 4063 1000 4117 Guillelmum
1036 4063 1310 4120 Stuckimn
1354 4065 1502 4120 Sacr.
1538 4063 1721 4128 aeiitil.
1762 4065 2012 4131 desrript.
2048 4065 2136 4116 lol.

551 4131 620 4206 55
647 4144 781 4206 terg.
815 4135 1104 4189 Peveratus
1134 4151 1200 4190 ex
1232 4137 1428 4206 hymno
1457 4133 1510 4190 S.
1545 4136 1806 4196 Romani,
1839 4149 1978 4206 vers.
2011 4135 2137 4202 “260,

548 4204 653 4259 huc
681 4204 833 4260 affert
860 4206 1163 4277 fuliginatos
1189 4204 1340 4269 lares,
1369 4207 1508 4277 quod
1539 4210 1665 4258 olim
1699 4205 1979 4260 _-imnl'acra
2011 4206 2140 4260 dco-

552 4291 669 4329 rum
719 4275 864 4346 apud
893 4275 1120 4345 gentiles
1152 4278 1297 4331 fumo
1322 4290 1373 4330 et
1397 4275 1653 4331 odoribus
1683 4279 2064 4343 nigrescerent.

619 4345 960 4418 Fabr.,
988 4349 1166 4413 Alex.,
1201 4348 1378 4418 Prag.,
1408 4363 1640 4416 percurre
1671 4358 1716 4399 et
1755 4347 1970 4418 scrinia;
1999 4347 2138 4412 quod

553 4426 697 4470 tent-t
729 4415 939 4485 Gis._et
976 4419 1063 4472 alii
1112 4415 1326 4485 vulgati
1348 4415 1466 4471 cum
1505 4419 1632 4473 Urb.
1673 4427 1725 4470 ει
1773 4417 1889 4468 Vat.
1928 4417 1992 4483 ρ.
2033 4419 2136 4471 Sed

550 4487 742 4548 Aldus,
766 4497 821 4540 et
841 4483 1064 4552 Wcitz.,
1085 4483 1230 4554 Put.,
1252 4498 1306 4542 et
1331 4488 1448 4542 Vat.
1473 4490 1536 4554 A,
1565 4488 1622 4549 Β.
1647 4489 1802 4552 Man,
1827 4495 1880 4539 et
1901 4488 2140 4552 plerique

551 4558 738 4622 Optimi
784 4572 1021 4624 percurre
1063 4561 1270 4610 scrinia.
1322 4559 1397 4610 lta
1428 4562 1584 4612 etiam
1613 4569 1725 4611 erat
1756 4559 1804 4609 in
1833 4557 1950 4609 Rat.
1978 4575 1991 4617 ;
2045 4562 2134 4611 sed

2248 2862 2386 2914 ctive
2410 2867 2585 2915 exstat
2618 2862 2666 2914 in
2699 2858 3153 2930 inscriptionibus.

2319 2931 2442 2986 301.
2477 2932 2667 2986 Weitz.
2691 2972 2704 2992 ,
2740 2925 2960 2995 Vatfl'i,
2989 2927 3117 2983 Mar.
3141 2929 3159 2993 ,‘
3187 2927 3350 2992 Rat...
3372 2925 3530 2996 Prag.
3554 2967 3569 2994 ,
3611 2928 3831 2996 eloquia.

2251 3004 2370 3056 Ald.
2394 3011 2448 3056 et
2477 3001 2588 3057 Gis.
2610 3044 2628 3069 ,
2656 3003 2900 3070 alloquio.
2938 3000 3072 3053 Nihil
3109 3000 3174 3053 ad
3211 2999 3309 3052 hoc
3335 2994 3656 3053 vocabulum
3676 2994 3834 3054 Hein-

2249 3075 2362 3127 sios
2387 3089 2450 3126 ex
2489 3075 2597 3127 suis
2630 3073 2951 3136 observavit,
2983 3070 3220 3124 Giselino
3251 3070 3550 3123 adhaerens.

2323 3145 2446 3200 303.
2490 3143 2734 3198 Nonnulli
2780 3141 2970 3211 an’g.,
2998 3159 3060 3195 ne
3096 3142 3206 3194 sine
3247 3155 3338 3209 pro
3379 3157 3471 3194 nec
3509 3142 3655 3206 sine,
3697 3140 3835 3212 quod

2251 3226 2578 3284 postremum
2613 3216 2775 3279 exigit
2807 3227 3017 3267 sensus.

2318 3286 2442 3340 501.
2478 3286 2794 3352 Prudentius
2829 3297 2971 3352 s:epc
2996 3298 3089 3351 pro
3108 3294 3340 3336 creatura
3360 3292 3582 3350 usurpat
3604 3283 3831 3351 factura,

2248 3358 2386 3423 quod
2414 3351 2516 3410 non
2546 3357 2775 3410 absurde
2801 3351 2916 3409 ﬁeri
2941 3365 3122 3408 monet
3145 3353 3392 3406 Barthius
3416 3355 3502 3406 lib.
3535 3370 3641 3408 xui
3678 3356 3830 3417 At.l\'.,

2248 3445 2365 3492 cap.
2407 3430 2439 3482 8
2462 3471 2476 3493 ,
2511 3443 2809 3494 quanquam
2851 3427 3190 3480 delicatiores
3220 3427 3343 3478 talia
3372 3426 3720 3478 abhorreant.
3752 3425 3830 3478 Si-

2249 3500 2444 3552 militer
2471 3499 2720 3553 Sedulius
2752 3499 2841 3550 lib.
2874 3513 2905 3550 ιι
2936 3515 2948 3549 :
2982 3497 3053 3549 Ni
3082 3498 3194 3565 pius
3220 3497 3305 3548 ille
3329 3503 3469 3548 sator
3490 3501 3665 3563 culpas
3692 3499 3830 3566 igno-

2245 3586 2382 3621 scere
2411 3579 2696 3639 promptus,
2752 3568 2982 3621 Reddere
3003 3567 3247 3639 difﬁcilis,
3273 3583 3363 3618 sua
3392 3583 3453 3619 ne
3476 3571 3678 3639 [actura
3701 3569 3830 3632 prri-

2245 3651 2340 3693 νει.
2383 3637 2624 3694 Alcimus
2663 3641 2846 3693 Avitus
2881 3639 2970 3691 lib.
3000 3655 3014 3691 ι
3049 3656 3062 3690 :
3097 3638 3259 3705 placet
3292 3641 3406 3704 ipsa
3442 3639 3604 3690 tuenti
3632 3637 3829 3705 .«frtiﬁci

2245 3711 2444 3778 factum
2470 3728 2603 3777 suo,
2645 3720 2694 3765 el
2739 3726 2879 3778 sirpe
2927 3711 3076 3763 alias.
3123 3706 3411 3773 Gregorius
3458 3709 3679 3760 Patiens
3725 3725 3828 3761 non

2248 3783 2454 3846 semel;
2522 3782 2884 3836 Tertollianns
2938 3782 3342 3849 [acutamenlum
3404 3789 3556 3831 vocat
3617 3779 3712 3832 lib.
3770 3779 3831 3832 de

2247 3853 2460 3922 Anima,
2490 3867 2607 3921 cap.
2647 3852 2728 3905 13.

2320 3919 2454 3978 505.
2476 3919 2567 3976 Ad
2586 3923 2861 3994 Trinitatis
2898 3923 3214 3994 mysterium
3233 3919 3565 3994 probandum
3593 3922 3723 3988 petit
3749 3935 3831 3994 ar-

2245 4005 2551 4057 gumentum
2600 4010 2665 4048 ex
2705 3993 2897 4047 Cenes.
2949 3991 3067 4060 cap.
3119 4008 3173 4050 ι.
3217 3991 3355 4060 quod
3398 3991 3536 4044 Dens
3573 3993 3832 4044 creaverit

2249 4067 2513 4119 hominem
2545 4066 2607 4117 ad
2635 4065 2915 4133 imaginem
2946 4073 2997 4116 et
3028 4063 3425 4133 similitmlinem
3451 4077 3629 4116 suam.
3655 4061 3829 4115 Then-

2245 4136 2346 4198 IOgi
2377 4137 2442 4188 ita
2469 4131 2768 4189 dissiirunt':
2802 4154 2818 4184 ι
2851 4135 2980 4186 Cum
3005 4136 3077 4187 ait
3101 4133 3238 4187 Deus
3268 4131 3547 4184 Faciamus
3579 4133 3829 4184 liontinem

2243 4208 2311 4257 (ιιι
2340 4208 2611 4276 imaginem
2639 4218 2682 4259 et
2709 4206 3094 4259 similitudinem
3120 4216 3364 4267 nostram,
3394 4203 3628 4270 loquitur
3657 4205 3714 4276 in
3739 4221 3830 4255 mi-

2245 4293 2393 4330 mero
2425 4278 2608 4340 plurali
2636 4319 2650 4340 ,
2681 4279 2917 4346 adroqne
2963 4277 3118 4328 unica
3156 4283 3360 4328 tantum
3395 4289 3621 4346 persona
3653 4275 3827 4326 divina

2244 4347 2468 4415 intelligi
2502 4364 2604 4402 non
2637 4358 2809 4416 potest
2851 4363 2914 4401 eo
2955 4346 3119 4399 verbo
3150 4345 3418 4414 faciamus.
3471 4345 3630 4409 Quod
3653 4355 3827 4397 autv-m

2243 4419 2308 4471 ad
2348 4418 2627 4486 imaginem
2657 4431 2709 4470 et
2759 4417 3158 4471 similitudinem
3205 4417 3372 4480 dicit,
3420 4424 3623 4469 natura!
3659 4418 3829 4470 unitas

2244 4489 2566 4544 declaratur.
2602 4511 2619 4541 ι
2650 4490 2706 4544 S.
2734 4489 2957 4543 Basilius
2981 4501 3236 4556 personas
3259 4490 3438 4555 plures
3455 4501 3580 4538 esse
3603 4500 3829 4539 net-Voss

2247 4562 2517 4614 concludit
2540 4560 2723 4614 homil.
2757 4560 2822 4614 l9
2863 4561 2914 4612 in
2948 4563 3310 4612 Hexaemeron
3347 4575 3362 4610 :
3401 4558 3526 4620 Quis
3572 4557 3719 4622 faber
3745 4567 3829 4609 aut

548 4640 737 4706 recens
767 4640 1040 4706 corrector
1067 4628 1290 4680 mutavit
1320 4629 1369 4679 in
1399 4645 1692 4706 percurrens
1730 4628 1946 4706 scrinia,
1991 4629 2137 4706 quod
2174 4649 2218 4706 ι)
2245 4633 2488 4692 a’rurius,
2520 4643 2608 4683 aut
2637 4632 2883 4699 lignarius
2904 4671 2918 4693 ,
2949 4639 3036 4706 aut
3067 4639 3210 4706 certe
3230 4630 3481 4706 coriarius
3519 4638 3666 4679 sutor
3696 4630 3830 4680 solus

548 4695 684 4747 falso
707 4696 1016 4763 crediderit,
1041 4715 1068 4752 e
1095 4706 1421 4766 postremum
1449 4699 1500 4751 in
1523 4712 1762 4768 percurre
1786 4697 2002 4764 produci
2033 4713 2136 4753 non

587 4781 729 4822 0888.

548 4773 742 4910 pagi)?
781 4837 900 4894 Vat.
929 4839 988 4904 Β,
1019 4839 1211 4910 pardus
1239 4857 1257 4904 ,'
1304 4837 1484 4907 Prag.,
1515 4839 1690 4890 barrus
1715 4853 1735 4892 .°
1764 4836 1904 4906 quod
1937 4845 2140 4893 utrum-

547 4922 652 4976 que
682 4908 867 4963 falsum
899 4920 979 4964 est
1010 4908 1104 4978 pro
1132 4912 1339 4964 bardus.
1370 4910 1588 4978 Proprie
1619 4910 1804 4964 bardus
1825 4919 1905 4966 est
1937 4912 2133 4978 tardus,

547 4980 752 5034 stultus.
799 4981 1192 5035 Chamillardus
1230 4998 1296 5035 ex
1334 4981 1489 5036 Festo
1519 4988 1688 5044 notat,
1723 4980 1921 5037 Gallice
1951 4987 2136 5034 cauto-

548 5059 658 5122 rem
703 5051 864 5107 fusse
909 5053 1231 5122 appellatum
1282 5054 1494 5105 bardum
1541 5069 1566 5104 a
1613 5062 1768 5121 gente
1818 5051 2132 5107 Bardornm.

548 5119 707 5194 Poeta
754 5119 989 5177 fortasse
1013 5125 1357 5194 idArespicit,
1407 5126 1546 5194 quod
1589 5119 1709 5176 ante
1744 5123 1916 5189 dixit,
1947 5122 2138 5177 Numer

546 5189 822 5263 haruspex,
845 5192 1251 5265 semife‘rCottus.
1277 5189 1464 5249 Glossa
1494 5194 1659 5249 lsonis
1683 5195 1745 5247 ab
1765 5194 2059 5264 elephanto,
2083 5206 2136 5248 et

545 5275 727 5326 postea
765 5266 1012 5319 baburrus
1044 5266 1259 5329 indicat,
1296 5267 1362 5319 ab
1393 5280 1456 5318 eo
1489 5267 1678 5320 lcclnm
1713 5268 1910 5328 burrus,
1942 5266 2027 5330 qui
2054 5274 2136 5318 est

546 5335 784 5399 elephas,
811 5346 866 5390 et
895 5353 989 5404 pro
1011 5338 1258 5389 baburrus
1292 5337 1568 5399 legendum
1592 5347 1672 5390 est
1701 5336 1902 5389 barrus.
1936 5333 2136 5388 Bardo-

547 5407 659 5476 i'uui
686 5405 820 5476 iens
839 5407 1031 5476 duplex
1057 5419 1396 5471 recensetnr;
1429 5407 1518 5459 alii
1545 5415 1669 5460 sunt
1698 5405 1850 5459 Bardi
1874 5423 1965 5462 seu
1993 5406 2134 5458 Lon-

543 5473 763 5537 gubardi
802 5480 850 5528 in
885 5474 1170 5531 Germania
1191 5518 1204 5539 ,
1231 5481 1314 5530 ubi
1348 5491 1488 5532 nunc
1515 5488 1598 5530 est
1637 5477 1870 5530 marchia
1900 5477 2132 5531 Brande-

543 5546 757 5617 lini-gica
775 5562 804 5617 ;_
824 5547 910 5599 alii
940 5547 1096 5601 Bardi
1118 5557 1174 5602 et
1199 5547 1439 5602 Bardaici
1470 5548 1647 5617 papuli
1677 5549 1727 5600 in
1753 5546 1941 5600 Gallia.

611 5615 739 5669 9.98.
768 5615 880 5669 Gis.
915 5619 937 5671 1
971 5619 1126 5684 edit.,
1157 5637 1298 5687 saga,
1330 5615 1485 5672 male.
1515 5617 1710 5674 Cornix
1738 5634 1903 5676 auqur
1931 5634 2074 5683 aqua:
2101 5633 2130 5672 a

541 5688 809 5741 veteribus
832 5689 1127 5754 dicebatur,
1159 5692 1274 5757 quia
1306 5707 1402 5743 suo
1431 5692 1680 5758 clangore
1709 5691 1940 5758 pluviam
1974 5691 2040 5743 ab
2068 5703 2128 5743 ea

538 5768 871 5827 uolitantum
896 5760 1186 5827 prazsagiri,
1213 5760 1304 5813 sed
1334 5766 1507 5813 vocari
1541 5763 1700 5814 etiam
1730 5759 2130 5814 exisumabant.

542 5825 730 5877 irridet
764 5825 915 5893 porta
951 5825 1248 5895 liiijiismodi
1297 5832 1720 5894 superstitiones.
1776 5831 1945 5898 Sagus
1983 5831 2129 5899 adje-

2247 4703 2354 4782 ipse
2379 4704 2602 4769 quidem,
2635 4718 2732 4782 nec
2754 4704 2854 4782 alio
2881 4701 3117 4770 quopiam
3146 4699 3256 4782 sibi.
3273 4708 3570 4782 cooperante
3593 4703 3826 4781 stipatus,

2246 4771 2472 4841 interque
2501 4790 2604 4826 sum
2634 4775 2757 4825 artis
2793 4775 3120 4825 instrumenta
3151 4771 3402 4841 desideiis,
3432 4771 3565 4841 quia,
3600 4771 3827 4835 inquam,

2244 4843 2338 4895 sibi
2371 4839 2466 4896 soli
2495 4845 2840 4896 admurmural
2863 4885 2877 4909 ,
2913 4845 3083 4894 dicens
3107 4857 3124 4892 :
3153 4840 3428 4892 Faciamus
3455 4839 3712 4908 gladium,
3746 4851 3828 4892 aut

2245 4914 2636 4984 Compingamus
2659 4921 2904 4975 ai‘alrum,
2929 4923 3014 4965 aut
3045 4912 3388 4976 Con/ieiunius
3413 4911 3823 4974 calceamentum,

2203 5002 2301 5036 *αδ
2331 5003 2428 5038 non
2459 4990 2624 5054 potius
2650 4986 2852 5036 silentio
2883 5000 3046 5048 suam,
3075 4997 3186 5034 cum
3205 4984 3440 5054 libuerit,
3470 4984 3824 5054 accommoda-

2243 5065 2344 5108 tam
2373 5056 2440 5107 ad
2460 5052 2632 5106 artem
2663 5057 2952 5119 exsequitur
2983 5054 3364 5124 operationem?
3413 5052 3484 5124 S'._
3508 5053 3740 5124 Hilarius
3772 5053 3822 5105 in

2242 5125 2438 5180 Cenes.
2476 5143 2489 5177 :
2525 5126 2630 5180 Sed
2674 5125 2954 5193 farianms,
2986 5122 3086 5184 ait,
3133 5125 3403 5176 hominem.
3450 5122 3579 5183 Dic,
3624 5126 3823 5193 optime,

2240 5213 2352 5248 cum
2375 5214 2471 5264 quo
2498 5195 2650 5248 Nunc
2674 5191 2940 5262 loqueris?
2965 5195 3171 5247 Clarum
3203 5204 3305 5256 est,
3335 5197 3448 5265 jam
3482 5203 3588 5244 tam
3618 5194 3705 5243 tibi
3737 5191 3826 5243 Fi-

2240 5266 2339 5319 lius
2371 5272 2472 5319 alto
2507 5267 2706 5318 Assidet
2732 5269 2782 5317 in
2813 5268 2962 5320 solio.
2997 5265 3311 5317 Prudentius
3349 5266 3448 5317 a'ia
3480 5265 3561 5317 via
3585 5265 3824 5315 eamdem

2241 5339 2556 5391 sententiain
2589 5337 2880 5390 concludit.
2930 5338 3066 5390 Dens
3095 5337 3359 5389 lmminem
3390 5335 3509 5388 fecit
3543 5335 3609 5386 ad
3642 5335 3826 5398 imagi-

2241 5424 2359 5461 nem
2389 5410 2501 5461 Dei.
2528 5407 2662 5474 Quid
2692 5408 2831 5459 aliud
2862 5409 2960 5461 hoc
2983 5416 3083 5471 est,
3117 5407 3214 5458 nisi
3241 5421 3358 5458 e~se
3382 5404 3616 5459 Verbum
3641 5404 3828 5455 dist-in-

2237 5489 2378 5532 ctum
2403 5494 2434 5532 ξι
2460 5478 2639 5541 Patre,
2661 5477 2801 5546 quod
2825 5479 2892 5530 sit
2920 5479 3060 5530 Deus
3087 5488 3138 5532 et
3163 5478 3332 5545 imago
3358 5475 3570 5528 Patris?
3595 5475 3824 5546 Verbum

2238 5564 2358 5602 esse
2388 5549 2608 5602 lormam
2635 5545 2690 5602 et
2714 5549 2993 5612 imaginem
3026 5548 3229 5609 Patris,
3255 5562 3395 5601 vers.
3431 5547 3508 5600 72‘
3527 5545 3828 5612 uolitaba-

2237 5635 2377 5672 mus.
2412 5620 2768 5673 Tertullianns
2791 5621 3044 5673 adversus
3069 5620 3319 5672 Praxeam
3343 5631 3459 5686 cap.
3492 5618 3554 5670 12
3586 5637 3596 5670 :
3628 5615 3688 5670 Et
3709 5618 3828 5684 fecit

2237 5689 2374 5743 Deus
2411 5693 2686 5756 hominem,
2717 5691 2783 5743 ad
2823 5691 3092 5756 imaginem
3124 5689 3216 5741 Dei
3243 5689 3357 5757 fecit
3387 5691 3552 5741 illum.
3595 5687 3698 5741 Cur
3726 5701 3826 5737 non

2233 5778 2409 5829 suam,
2439 5762 2480 5814 si
2508 5778 2639 5814 unus
2660 5805 2674 5828 ,
2707 5762 2795 5830 qui
2821 5761 3069 5831 faciebat,
3099 5769 3144 5811 ct
3182 5777 3280 5812 non
3311 5769 3447 5824 erat,
3478 5759 3546 5811 ad
3577 5762 3728 5828 cujua
3748 5760 3827 5831 [at

2235 5826 2437 5888 ciebat?
2482 5831 2610 5886 Erat
2640 5826 2916 5886 autem'ad
2961 5835 3107 5903 cujus
3156 5832 3426 5903 imaginem
3468 5826 3710 5900 faciebat,
3756 5826 3825 5878 ad
