4092 6344
529 361 630 418 951

709 575 777 631 At
805 591 900 631 nos
930 575 1141 632 detecto
1167 576 1728 634 Christum'velamine
1754 591 1932 633 coram

532 670 639 736 555
710 671 1009 740 Cernimus,
1083 681 1241 744 atque
1318 673 1483 730 Deum
1556 672 1699 728 vultu
1776 669 2114 743 speculamur

1791 765 1998 838 [aperto
2028 782 2041 819 :

711 859 822 916 Nec
849 861 949 916 sub
979 865 1095 934 lege
1121 863 1268 933 gravi
1299 861 1549 932 depressa
1591 859 1764 916 fronte
1788 859 2030 930 iacemus
2061 874 2077 913 :

717 953 822 1009 Sed
854 954 987 1024 legis
1017 954 1226 1009 radium
1253 954 1464 1009 sublimi
1495 954 1833 1024 agnoscimus
1855 967 1970 1009 ore.

720 1047 832 1102 Heu
866 1047 1115 1102 frondosa
1147 1049 1292 1118 prius
1320 1046 1483 1103 ramis
1512 1045 1753 1102 felicibus
1782 1046 1964 1112 arbos,

719 1139 1011 1210 Pingnibus
1044 1140 1146 1195 heu
1173 1141 1440 1210 quondam
1466 1140 1614 1194 radix
1642 1140 1884 1210 oleagina
1907 1139 2114 1197 baccisl

721 1229 858 1285 Ecce
890 1231 980 1284 tibi
1014 1231 1216 1285 inserto
1245 1231 1523 1286 revirescit
1551 1246 1689 1286 nunc
1717 1233 1949 1288 oleastro

714 1321 880 1393 434
905 1322 1168 1389 Truncus,
1198 1331 1250 1377 et
1279 1325 1484 1378 externi
1511 1324 1735 1380 vestitur
1754 1325 1955 1380 cortice
1974 1323 2116 1380 libri.

717 1416 835 1470 Jam
865 1417 1120 1470 miserere
1148 1417 1242 1482 tui,
1278 1432 1380 1471 non
1414 1431 1472 1472 se
1501 1418 1767 1474 silvestris
1795 1418 1919 1473 olivi

721 1509 975 1564 Snrculus
1002 1509 1274 1565 exsultans
1305 1511 1479 1566 alieno
1499 1511 1678 1581 stipite
1701 1511 1900 1581 iactat:

721 1599 824 1656 Sed
855 1608 1052 1666 monet,
1098 1611 1153 1656 ut
1182 1603 1614 1674 generis'proprii
1659 1618 1864 1660 memor
1885 1603 2120 1672 unguine

849 1766 854 1771 _
991 1709 998 1716 '
1818 1696 1836 1768 [
1865 1709 2048 1750 amaro

541 1785 645 1858 545
717 1785 1052 1843 Contristare
1081 1803 1262 1844 comas
1287 1789 1596 1856 desuescas,
1627 1788 1795 1855 stirpe
1821 1803 1919 1844 nec
1949 1788 2056 1842 imo

721 1881 962 1938 Invideas
989 1883 1168 1939 missis
1196 1884 1248 1938 in
1270 1883 1414 1939 celsa
1442 1884 1718 1938 cacumina
1749 1884 1931 1953 virgis.

541 1227 647 1284 5th

721 1972 1065 2043 Blasphemas
1085 1974 1387 2042 Dominum,
1409 1990 1540 2047 gens
1564 1974 1943 2044 ingratissima,
1967 1973 2141 2034 Chri-,

1835 2069 1844 2139 |
1880 2076 2043 2122 stum.

1594 363 1870 420 AURELII
1914 365 2276 422 PRUDENTII
2315 363 2644 420 CARMINA.

708 482 942 550 Teserit,
970 492 1015 538 et
1050 499 1233 554 presso
1265 484 1451 540 faciem
1477 483 1664 539 velarit
1690 482 1915 538 amictu!
2127 489 2177 547 Α

2148 1885 2196 1946 Β

3686 369 3787 425 95-2

2386 481 2886 547 Pascbatuum,dic,
2909 481 3184 551 die..cujus
3213 482 3281 538 de
3295 483 3556 552 sanguine
3597 483 3785 540 festum

2395 577 2523 632 Tam
2564 577 2802 632 solemne
2841 576 2934 631 tibi
2980 577 3096 630 est?
3141 577 3260 646 quis
3311 575 3528 632 tandem
3570 577 3790 634 creditur

3517 673 3536 746 [
3559 688 3724 744 agnus

2221 767 2324 826 550
2395 768 2687 822 Anniculus
2708 767 2730 820 ?
2750 780 2903 821 sacer
2931 765 3022 820 ille
3051 764 3144 820 tibi
3175 764 3527 822 redeuntibus
3555 768 3748 823 annis:

2395 859 2499 916 Sed
2559 873 2711 913 sacer
2740 858 2792 912 in
2825 856 3026 926 pecude
3048 899 3062 923 ,
3095 856 3318 911 stultum
3343 866 3426 912 est
3464 859 3542 912 sic
3573 859 3792 916 credere

3459 948 3721 1022 [sacruni,

2400 1043 2669 1113 Sanguine
2690 1041 2918 1097 balantis
2941 1057 3180 1097 summos
3215 1043 3527 1114 contingere
3557 1056 3754 1112 pOSIes,

2398 1136 2667 1192 Lascivire
2693 1135 2889 1199 choris,
2923 1135 3241 1206 similaginis
3269 1151 3494 1208 azymon
3546 1154 3686 1204 esse,

2401 1229 2561 1301 435
2589 1227 2720 1284 Cum
2747 1228 3046 1282 fermentati
3086 1235 3389 1298 turgescant
3417 1229 3659 1285 crimine
3681 1246 3796 1285 mo-
3830 1245 3837 1250 '

3600 1323 3725 1394 tres.

2223 1413 2328 1471 555
2399 1413 2512 1470 Non
2567 1413 2733 1484 sapis,
2786 1412 3119 1483 imprudens,
3172 1420 3411 1468 nostrum
3458 1423 3511 1469 te
3551 1413 3799 1485 efﬁngere

2895 1566 2906 1577 _
3479 1505 3693 1578 [pascha
3711 1508 3732 1561 ἲ

2405 1600 2558 1668 Legis
2586 1607 2639 1655 et
2665 1598 2898 1666 antiqua:
2925 1591 3458 1668 praeductis‘pingere
3488 1599 3652 1654 sulcis

2404 1693 2574 1748 Omne
2654 1698 3082 1758 sacramentum,
3161 1692 3353 1748 retinet
3413 1693 3552 1762 quod
3630 1695 3798 1762 passio

3568 1801 3692 1841 vera
3718 1807 3729 1840 ζ

2399 1878 2620 1946 Passio,
2653 1890 2772 1950 quae
2803 1883 3041 1932 nostram
3083 1875 3324 1933 defendit
3368 1877 3624 1948 sanguine
3655 1880 3798 1936 fron-

2733 2024 2736 2028 .
3572 1973 3699 2045 [tem
3720 2017 3733 2038 ,

2400 2063 2830 2136 Corporeamque
2855 2064 3069 2119 domum
3099 2063 3307 2133 signato
3335 2063 3541 2118 collinit
3569 2066 3700 2119 ore?

1867 2177 2151 2236 GLOSS/E
2195 2177 2537 2236 VETERES.

612 2276 736 2329 555.
770 2259 1080 2340 γειθιιίῐῆιε
1111 2275 1294 2328 videret
1327 2274 1518 2328 Christi
1541 2289 1750 2339 arcana,
1783 2273 1821 2328 Ι.

615 2345 745 2398 554..
770 2343 979 2416 Coram,
1014 2346 1295 2416 manifeste,
1330 2345 1366 2399 1.

616 2416 739 2470 557.
775 2415 1023 2478 Sublimi,
1056 2427 1238 2478 erecto,
1272 2419 1311 2471 l.
1572 2436 1575 2440 ·

552 2557 580 2611 b
616 2486 744 2612 555ἰ
775 2486 1088 2555 Frondosa,
1142 2490 1420 2558 fructuosa.
1469 2520 1537 2530 --
1583 2490 1882 2559 Felicibus,
1939 2488 2122 2559 fertili-

585 2574 677 2612 us.
753 2599 764 2610 .
1409 2575 1414 2580 ί

585 2574 642 2611 us
663 2598 677 2621 ,
724 2574 764 2612 ι.
1409 2575 1414 2580 ί

617 2629 742 2684 559.
773 2629 1049 2700 Oleagina,
1082 2633 1144 2685 ab
1174 2633 1305 2688 oleo.
1329 2664 1399 2674 -—
1424 2633 1629 2699 Baccis,
1661 2633 1790 2698 uvis,
1825 2633 1866 2690 ι.

618 2701 744 2754 540.
777 2701 918 2767 Tibi,
952 2704 1001 2755 in
1033 2713 1096 2758 te.
1126 2734 1197 2745 —
1221 2705 1445 2770 lnserto,
1478 2705 1664 2770 indito,
1692 2703 1730 2757 l.

617 2773 741 2826 5H.
774 2770 1004 2837 Cortice,
1035 2775 1306 2840 viriditate,
1341 2776 1379 2829 l.

619 2841 744 2914 545.
774 2844 1050 2908 SurCulus,
1081 2862 1275 2899 ramus.
1306 2876 1375 2887 —
1398 2845 1591 2908 lactat,
1621 2845 1891 2914 gloriatur,
1919 2843 1958 2896 l.

620 2911 744 2965 5M.
776 2914 982 2986 Monet,
1014 2916 1120 2986 ipse
1146 2915 1506 2986 surculus,i——
1535 2911 1778 2986 Unguinc
1799 2958 1812 2982 ,
1844 2924 2121 2984 unguento,

551 2981 682 3048 oleo,
715 2981 792 3036 uel
812 2999 982 3051 succo,
1008 2985 1064 3037 id
1091 2994 1163 3038 est
1192 2981 1448 3054 errore,’l.

2301 2272 2425 2327 545.
2457 2268 2804 2338 Contristare,
2835 2286 3162 2326 auiarescere.
3187 2301 3258 2311 —
3280 2271 3496 2338 Comas,
3523 2288 3708 2326 ramos.
3738 2301 3799 2314 -

2237 2358 2366 2408 tmo,
2394 2344 2570 2412 gentili
2599 2343 2805 2412 populo,
2834 2342 2874 2396 1.

2302 2414 2424 2470 555.
2455 2413 2799 2484 Similaginis,
2827 2414 3026 2483 farinw,
3050 2414 3251 2480 similaz,
3277 2413 3407 2468 Mar.
3427 2441 3499 2454 --
3519 2413 3800 2484 Lascivire,

2233 2488 2495 2540 lasciviam
2529 2487 2692 2555 facere.
2720 2485 2773 2537 in
2803 2484 2908 2537 suis
2934 2484 3260 2538 carminibus.
3297 2515 3368 2526 ——
3392 2484 3606 2550 Cltoris,
3647 2488 3800 2539 canti-

2235 2561 2344 2612 bus.
2360 2558 2587 2621 -—Esse,
2610 2555 2783 2619 edere,
2816 2557 3144 2621 manducare,
3163 2557 3457 2622 comedisse,
3481 2556 3544 2610 ab
3564 2557 3680 2624 edo,
3704 2557 3800 2613 lso.

2302 2629 2427 2684 554.
2463 2625 3046 2696 Fermetitati,,aiitiqiti,
3075 2627 3321 2695 corrupti,
3351 2627 3449 2683 Iso.

2302 2698 2429 2754 555.
2464 2697 2794 2767 Imprudens,
2825 2713 2854 2750 ο
2879 2696 3082 2761 Judwa,
3117 2697 3154 2750 Ι.

2303 2771 2427 2825 556.
2464 2768 2775 2841 Przetluctis,
2811 2768 3166 2841 prazﬁguratis.
3190 2799 3259 2809 —-
3279 2768 3527 2840 Pingere,
3560 2770 3796 2841 praelia".

2233 2839 2637 2903 rarc.—Sulcis,
2663 2839 2885 2908 scriptis,
2919 2839 2958 2892 1.

2301 2913 2424 2969 557.
2455 2910 2610 2972 Vera,
2637 2925 2751 2979 qua:
2780 2919 3070 2976 potestatem
3093 2911 3279 2966 diaboli
3300 2911 3573 2978 destruxit,
3601 2912 3642 2967 1.

2306 2983 2432 3037 559.
2461 2980 2696 3044 Collinit,
2727 2979 2861 3044 linit,
2895 2979 2934 3035 1.

1901 3073 2458 3133 COMMENTARIUS.

625 3165 751 3221 555.
785 3167 879 3222 Vel
911 3168 1156 3239 intelligit
1183 3169 1369 3224 oculos
1413 3169 1632 3239 mentis,
1675 3177 1729 3224 et
1773 3170 2014 3226 velamen
2044 3188 2133 3225 su-

558 3251 657 3310 per
684 3250 776 3291 cor
804 3239 1058 3307 positum,
1091 3238 1176 3295 vel
1204 3249 1383 3295 narrat
1412 3241 1460 3294 id
1494 3238 1638 3309 quod
1671 3241 2018 3310 probabiliter
2046 3257 2133 3297 ac-

551 3307 727 3382 cidit,:
747 3319 802 3382 ut
835 3312 1097 3378 perterriti
1130 3321 1182 3367 et
1220 3321 1362 3366 metu
1390 3307 1619 3381 confusi,
1653 3307 1840 3367 faciem
1870 3313 1972 3382 ipsi
1999 3328 2131 3381 quo-

551 3393 658 3448 que
701 3378 867 3434 Judaei
899 3381 1143 3437 velarint.

797 3451 943 3538 μᾶ..
993 3453 1129 3538 (ξίφη
1180 3454 1317 3537 ἰδέειν
1370 3453 1808 3538 reject0.nSicli.,
1837 3453 2044 3538 Waltz:
2075 3464 2130 3510 et
2161 3474 2206 3538 ρ

552 3521 746 3586 nostri,
775 3523 1000 3590 detecto;
1031 3525 1338 3579 lleinsiusiu
1373 3521 1556 3588 reiecto
1584 3525 2130 3580 Giseliniuihilanim-

554 3591 1128 3664 advertit,planeillum
1155 3597 1532 3651 secutus.Vide
1554 3612 1639 3664 cp.
1661 3595 1698 3649 ll
1716 3597 1779 3650 ad
1807 3597 1932 3650 Cor.
1952 3596 2126 3651 111.18.

625 3662 749 3717 558.
783 3666 838 3718 ln
873 3667 1144 3721 Parmensi
1174 3667 1405 3722 editione
1433 3683 1537 3722 non
1571 3662 1705 3720 bene
1743 3668 1795 3721 in
1834 3667 1936 3720 ﬁne
1975 3667 2132 3733 hujus

557 3741 618 3805 et
637 3737 908 3805 sequentis
953 3752 1138 3790 versus
1168 3739 1449 3805 apponitur
1496 3748 1617 3791 nota
1674 3739 2127 3805 interrogationis.

557 3803 898 3877 Virg_.Iib_._u,
925 3821 1064 3859 vers.
1091 3808 1152 3860 81
1181 3803 1502 3875 GeorglCmn,
1526 3810 1682 3860 ramis
1708 3803 1936 3877 felicibus
1960 3809 2129 3863 arbos.

629 3875 752 3949 55s}.
790 3874 933 3949 Yirg.
964 3877 1065 3949 lo‘c.
1099 3877 1213 3949 c_it.,
1245 3874 1384 3930 vers.
1418 3874 1507 3944 5f,
1539 3879 1690 3931 radix
1709 3874 1968 3949 oleagina.

629 3943 753 3998 540.
789 3943 956 4014 Epist.
1003 3946 1068 4000 ad
1113 3947 1266 4000 ll'om.
1299 3961 1417 4016 cap.
1452 3965 1526 4013 χι,
1561 3963 1701 4003 vers.
1731 3943 1964 4014 "(tuaac
1988 3964 2134 4004 com-

557 4015 766 4083 paratio
815 4030 1073 4090 expressa
1114 4026 1216 4081 est,
1267 4033 1421 4086 quam
1471 4021 1641 4089 attigit
1697 4019 1756 4074 S.
1807 4019 2135 4090 Augustinus

557 4093 788 4139 enarrat.
823 4087 849 4160 l
884 4089 936 4141 in
967 4089 1226 4160 psalmum
1273 4105 1392 4142 LVIII
1426 4105 1440 4141 :
1484 4087 1617 4144 Sunt
1647 4106 1768 4160 ergo
1791 4087 1998 4149 Judaei.
2037 4108 2137 4146 non

557 4158 871 4230 sunt‘occisi,
900 4159 1168 4212 necessarii
1198 4169 1311 4212 sunt
1337 4161 1653 4214 credentibus
1684 4158 1935 4230 (rentibus.
1966 4161 2140 4226 Quare

557 4225 694 4280 hoc?
736 4237 790 4281 ut
827 4229 1194 4283 demonstraret
1244 4232 1382 4282 nobis
1417 4232 1547 4283 Deus
1585 4232 1635 4283 in
1684 4225 1906 4284 inimicis
1952 4225 2139 4287 nostris

556 4297 961 4352 misericordiam
1003 4317 1165 4352 suam.
1208 4299 1272 4352 In
1318 4303 1474 4354 ramis
1520 4302 1766 4371 superbia:
1808 4305 2032 4369 prwcisis
2060 4307 2140 4358 in-

557 4377 690 4420 serto
729 4371 1134 4423 misericordiam
1181 4387 1325 4423 suam
1374 4373 1734 4425 demonstravit
1781 4374 2024 4426 oleastro.
2078 4374 2136 4430 S.

560 4436 788 4512 Prosper
817 4441 910 4512 lib.
941 4440 1007 4493 de
1037 4441 1255 4512 Ingratis
1281 4460 1292 4495 :
1329 4440 1405 4494 Tu
1434 4459 1568 4506 vero,
1599 4460 1628 4496 o
1659 4459 1790 4495 noua
1819 4459 1939 4512 gens
1958 4489 1971 4512 ,
2007 4455 2138 4499 vete-

559 4507 634 4587 ris
659 4507 772 4587 quia
801 4511 955 4577 stirpe
985 4507 1187 4564 oleaitri
1228 4511 1460 4581 Velleris,
1514 4523 1561 4566 et
1601 4528 1759 4567 sacra:
1794 4507 1968 4566 ramis
1984 4516 2146 4568 inole-

559 4579 660 4629 scis
691 4579 852 4631 olivw.

635 4645 894 4723 542:__Pro
923 4669 974 4706 se
1008 4650 1300 4723 habentgsis
1326 4652 1446 4707 Vat.
1475 4657 1540 4722 Α,
1578 4654 1732 4716 Mar.,
1777 4653 1923 4715 ΒΜ..
1960 4655 2135 4723 Egm.,

566 4716 961 4793 Pal._,_Widm.,
990 4724 1178 4793 Bong.,
1205 4721 1348 4777 Sich.
1382 4723 1486 4778 Sed
1518 4716 1708 4779 sensus
1738 4724 1969 4792 postulat
1997 4716 2068 4778 se.

783 4792 836 4864 In
865 4787 994 4864 Mar.
1018 4787 1342 4849 est'sulculos
1372 4811 1399 4849 a
1429 4795 1596 4864 prima
1641 4787 1818 4858 manu,
1853 4796 2009 4850 ma'e.

2242 3171 2556 3242 stultumest
2580 3169 2652 3223 sic
2676 3168 2878 3242 credere
2900 3167 3278 3242 ChristumApro
3306 3185 3512 3242 sacrum
3527 3188 3546 3235 ;
3575 3186 3682 3226 nou
3706 3173 3807 3242 pla-

2241 3240 2427 3310 cet.7ln
2456 3239 2610 3294 Alex.
2642 3249 2720 3294 est
2747 3239 3114 3310 interrogatio,
3139 3240 3245 3294 Sed
3273 3256 3417 3295 sacer
3437 3241 3488 3294 in
3512 3239 3740 3310 pecude?

2312 3309 2436 3366 555.
2467 3309 3170 3385 Fabia,_inepte,_Lascirire
3195 3312 3322 3365 coris
3349 3309 3673 3385 similaginis,
3701 3332 3806 3385 azy-

2237 3399 2355 3436 mon
2392 3397 2516 3433 esse.
2553 3381 2826 3435 Mariettus
2853 3382 2950 3448 ait,
2983 3382 3275 3452 Germanos
3313 3381 3485 3437 adhuc
3507 3381 3696 3452 panem
3734 3381 3803 3440 al-

2237 3452 2362 3507 bum
2386 3465 2581 3517 vocare
2608 3452 2760 3506 semel
2780 3465 2807 3503 a
2837 3452 3160 3520 similagine.
3189 3451 3585 3508 Cltamillardus
3607 3466 3802 3521 censet,

2239 3523 2378 3578 male
2417 3522 2763 3576 Prudentium
2795 3522 3112 3577 vocabulum
3159 3524 3462 3593 similaginis
3499 3525 3801 3581 adhibuisse

2237 3610 2335 3662 pro
2379 3607 2702 3662 quocunque
2750 3607 2912 3662 pane,
2954 3607 3072 3648 cum
3120 3594 3362 3660 similago
3402 3595 3471 3648 sit
3502 3597 3730 3663 nobilis,§
3753 3607 3805 3651 et

2236 3664 2449 3719 laudata
2481 3664 2665 3737 farina:
2707 3678 2850 3733 pars,
2883 3672 2952 3737 et,
2970 3679 3142 3737 panes
3160 3664 3328 3735 azymi
3372 3679 3471 3719 nec
3501 3667 3565 3720 ad
3599 3679 3803 3737 gustum

2235 3749 2428 3790 suaves
2477 3733 2706 3796 fuerint,
2757 3749 2854 3791 nec
2892 3736 2955 3788 ad
3007 3733 3354 3789 nutritio—nem
3407 3733 3807 3793 utilesfbliror

2236 3803 2653 3875 Chamillardum
2676 3805 2950 3860 Prudentii
2975 3821 3197 3860 acumen
3221 3816 3277 3860 et
3299 3808 3566 3875 egregiam
3592 3819 3806 3864 senten-

2239 3872 2366 3931 tiam
2393 3889 2500 3929 non
2527 3875 2688 3930 fuisse
2716 3887 3042 3930 assecutum.
3075 3872 3393 3931 Prudentius
3422 3879 3470 3933 in
3503 3877 3806 3933 Judaeorum

2238 3961 2419 4002 mores
2452 3947 2737 4010 invehitur,
2771 3947 2859 4017 qui
2909 3947 2976 4000 ita
3010 3958 3219 4002 veteres
3260 3948 3392 4001 ritus
3423 3951 3698 4004 mordicus
3725 3967 3806 4004 re-

2239 4022 2493 4080 tinerent,
2529 4026 2585 4070 ut
2626 4026 2811 4071 contra
2852 4018 2982 4086 legis
3013 4019 3257 4086 spiritum
3308 4019 3467 4072 multa
3502 4031 3803 4089 pecmrent,

2239 4105 2432 4158 nempe
2458 4101 2562 4142 non
2588 4090 2760 4141 solum
2792 4090 3016 4142 choreas
3033 4090 3310 4155 ducerent,
3338 4091 3430 4143 sed
3462 4092 3626 4144 etiam
3660 4092 3806 4145 lasci-

2237 4160 2418 4228 uirent,
2460 4170 2516 4214 et
2564 4174 2684 4214 cum
2716 4173 2880 4228 panes
2912 4161 3082 4229 azymi
3120 4159 3183 4212 ad
3225 4161 3466 4228 corporis
3500 4160 3799 4215 afllictatio-

2241 4245 2364 4285 nem
2394 4232 2670 4286 deservire
2710 4232 2988 4294 deberent,
3029 4231 3104 4284 illi
3151 4229 3369 4284 delicias
3413 4231 3703 4295 addebant,
3745 4249 3802 4287 ex

2241 4301 2542 4371 similagiue
2583 4317 2679 4355 eos
2715 4303 3061 4357 conficientes
3094 4319 3107 4354 :
3136 4309 3194 4354 ut
3216 4301 3337 4369 jure
3378 4302 3518 4355 inter
3551 4300 3806 4356 Christia-

2243 4387 2340 4425 nos
2372 4372 2854 4440 reprehenduntur,
2886 4373 2972 4438 qui
2997 4372 3212 4427 delicias
3239 4373 3289 4424 in
3318 4372 3510 4426 ciliciis
3543 4385 3800 4442 quaerunt.

2242 4442 2546 4497 Judteorum
2581 4445 2875 4497 recentium
2903 4446 3088 4498 eadem
3119 4453 3200 4497 est
3221 4443 3574 4505 consuetudo,
3601 4446 3689 4511 qui
3717 4461 3804 4510 pa-

2244 4528 2341 4567 nes
2365 4527 2584 4583 azymos
2613 4529 2716 4567 non
2752 4522 2952 4567 tantum
2986 4531 3049 4568 ex
3095 4514 3392 4581 sitnilagine
3429 4513 3697 4568 conficere
3722 4529 3806 4567 so-

2245 4586 2374 4647 lent,
2408 4584 2501 4654 sed
2529 4599 2904 4654 nonnunquam
2933 4586 3092 4639 etiam
3118 4584 3392 4647 saccharo,
3436 4585 3571 4638 lacte
3605 4596 3659 4638 et
3700 4587 3807 4639 ovis

2245 4654 2437 4708 additis
2470 4653 2807 4708 delicatiores
2837 4656 3067 4709 reddunt
3106 4669 3202 4722 pro
3250 4655 3463 4724 (egrotis
3501 4666 3557 4709 et
3603 4655 3804 4716 amicis,

2245 4740 2378 4794 quos
2421 4736 2610 4795 vocant
2656 4725 2837 4779 Mazab
2881 4727 3134 4790 Irascirab,
3182 4724 3282 4777 hoc
3325 4735 3408 4778 est
3445 4742 3627 4795 azyma
3666 4728 3807 4794 ditia,

2246 4809 2445 4864 eosque
2460 4794 2774 4849 Christianis
2799 4797 3082 4862 aliquando
3109 4794 3662 4862 impertiuntur.'Vide
3684 4797 3809 4850 Leo-

637 4857 760 4936 545.
809 4847 1127 4936 Prudentius
1172 4847 1313 4934 saepe
1344 4847 1863 4936 transissesto
1898 4847 2135 4925 adhibet.
2168 4847 2220 4908 Ῑ)
2249 4847 2374 4921 ueni
2404 4847 2753 4922 sititane
2781 4847 2868 4920 rbi
2890 4847 3136 4930 Ἐὀῖᾱίὲῡζ
3160 4847 3532 4936 eremigat...
3567 4847 3808 4920 ὑῖὁιῗθῖ-

567 4929 702 5005 Vide
727 4931 980 5003 hymnum
1013 4933 1167 4988 Cath.
1209 4929 1262 5000 5,
1290 4952 1428 4992 vers.
1463 4929 1548 4992 95'.
1584 4938 1796 4992 Iudaeos
1827 4945 2028 5005 monet,
2064 4956 2133 4996 ne

567 5001 736 5077 oculis
761 5001 956 5077 iniquis
982 5005 1314 5077 Christianos
1343 5009 1626 5077 aspiciant.

542 5115 546 5120 ,
636 5073 765 5150 5461
785 5072 843 5127 In
861 5072 988 5150 Vat.
1019 5072 1509 5150 Aindesideratur.
1544 5079 1662 5134 Put.
1691 5093 1721 5132 a
1752 5078 1918 5148 prima
1951 5093 2130 5150 niauu,

565 5157 727 5214 circa.
746 5145 1047 5214 Legendum
1081 5148 1234 5202 celsa.

637 5213 760 5288 549.
788 5213 1101 5288 [{ujusri'iodi
1125 5221 1258 5272 ritus
1280 5219 1457 5288 legere
1481 5219 1679 5286 poteris
1699 5232 1817 5287 cap.
1840 5233 1913 5272 xu
1938 5215 2128 5272 Exodi.

635 5285 760 5358 550.
796 5285 918 5358 Yat.
947 5288 1014 5353 Δ,
1041 5285 1659 5358 αφιὶευῑηεζρθῷθνωη.

635 5353 755 5428 5517.
786 5356 900 5428 Gis.
929 5358 955 5410 1
995 5353 1105 5421 (εόῖ,
1135 5360 1186 5412 in
1217 5353 1404 5426 pecude
1437 5353 1535 5424 est,
1567 5373 1686 5428 cum
1726 5360 1844 5415 aliis
1877 5357 2124 5428 vulgatis.

567 5422 832 5480 Heinsiani
875 5435 930 5481 et
975 5428 1142 5483 nostri
1194 5422 1376 5491 codd..
1426 5422 1550 5484 item
1582 5427 1838 5483 Weitzius
1882 5422 1997 5485 sine
2033 5437 2125 5481 est.

565 5491 825 5550 Weitzius
850 5497 919 5550 ita
953 5498 1275 5568 interpungit
1299 5517 1312 5554 :
1339 5500 1442 5556 Sed
1481 5516 1646 5562 sacer,
1687 5501 1739 5552 in
1768 5501 1957 5562 pecude
2001 5499 2131 5552 stul-

564 5575 670 5618 tum
699 5575 772 5618 est
799 5568 872 5619 sic
899 5569 1099 5624 credere
1131 5585 1350 5624 sacrum.
1377 5573 1502 5634 Alii,
1534 5571 1638 5622 Sed
1674 5572 1817 5623 sacer
1837 5571 1890 5622 in
1917 5569 2125 5638 pecude,

563 5637 780 5691 stultum
804 5646 896 5690 est.
922 5639 1009 5693 Sic
1054 5643 1285 5693 correxit
1305 5641 1576 5696 Giselinus
1612 5641 1662 5693 in
1695 5639 1886 5693 erratis
1913 5641 1948 5693 2
1973 5637 2130 5707 edit.,
2173 5676 2181 5685 -

565 5707 868 5768 advertens.
928 5708 1126 5764 Pascha
1166 5709 1473 5765 Judaeorum
1518 5712 1688 5766 solum
1732 5711 2031 5764 consistere
2076 5710 2127 5763 iu

547 5777 792 5850 .pecude,
819 5794 938 5832 cum
970 5780 1074 5848 ita”.
1119 5795 1285 5850 agnus
1312 5796 1414 5835 non
1448 5783 1518 5837 sit
1550 5790 1704 5850 typus
1745 5781 1855 5834 veri
1898 5781 2035 5850 agni.
2073 5778 2127 5832 In

549 5846 684 5918 ‘Put.
720 5862 749 5901 a
786 5846 1174 5920 manuiprima;
1210 5852 1318 5904 Sed
1349 5868 1546 5906 sacrum
1573 5846 1635 5905 in
1669 5851 1874 5919 pecude.
1919 5846 2123 5904 Alieubi

2246 4937 2394 5002 blic.,
2435 4937 2586 4992 verb.
2631 4938 2844 4991 szuus
2871 4945 2925 4992 et
2968 4937 3192 4991 Psscm.
3226 4935 3330 4989 Alii
3355 4935 3456 4992 SS.
3497 4937 3682 4990 Patres
3709 4953 3803 4990 non

2247 5007 2489 5060 dissimili
2539 5007 2697 5060 modo
2747 5007 3094 5061 Hebrmorum
3139 5021 3318 5061 mores
3354 5007 3675 5074 depravatos
3713 5009 3803 5061 de-

2243 5078 2573 5148 scripserunt
2602 5086 2654 5131 et
2691 5079 3034 5148 castigarunt.

2311 5147 2436 5202 554.
2466 5146 2794 5219 Fermentum
2819 5145 2900 5201 est
2929 5163 2954 5198 a
2998 5152 3163 5219 ferveo
3185 5145 3356 5219 :_hinc
3384 5161 3564 5219 mores
3593 5147 3807 5202 crimine

2240 5219 2527 5286 fermentati
2558 5228 2704 5272 recte
2734 5218 2982 5272 dicuntur
2999 5216 3024 5272 ἰ
3053 5228 3108 5272 et
3133 5216 3317 5287 eadem
3349 5218 3674 5287 proprietate
3702 5229 3805 5270 tur—

2238 5285 2437 5357 gescere
2468 5288 2574 5342 illis
2595 5291 2864 5343 convenit.
2902 5288 3100 5342 Contra
3141 5285 3430 5356 scriptores
3455 5285 3804 5342 ecclesiastici

2241 5374 2473 5428 azymum
2500 5371 2554 5429 et
2579 5360 2689 5412 sine
2729 5363 2975 5429 fermento
3011 5357 3254 5428 accipere
3288 5357 3460 5412 solent
3491 5373 3587 5427 pro
3613 5369 3804 5422 sancto,

2239 5436 2294 5482 et
2314 5430 2424 5483 sine
2452 5428 2669 5485 malitia.

2308 5500 2434 5569 555.
2463 5499 2610 5563 Ald.,
2642 5500 2866 5569 fingere;
2888 5499 2997 5564 alii,
3026 5499 3276 5569 efﬁngere.

2311 5567 2436 5622 559.
2474 5569 2526 5622 ln
2565 5567 2680 5623 Vat.
2718 5567 2793 5634 Ἀ,
2836 5570 2996 5633 male,
3036 5567 3191 5624 unica
3234 5568 3486 5636 dictione,
3530 5572 3808 5625 collinitore

2272 5654 2332 5693 ro
2373 5639 2567 5693 collinit
2613 5655 2720 5694 ore.
2765 5641 3019 5706 Loquitur
3064 5649 3218 5710 poeta
3251 5640 3315 5694 de
3358 5656 3517 5696 cruce
3562 5644 3807 5710 inscripta

2259 5710 2496 5764 rentibus
2551 5711 2599 5763 in
2649 5719 2985 5782 sacramento
3037 5709 3494 5782 confirmationis,
3547 5709 3807 5782 praecipue

2241 5787 2419 5834 tamen
2440 5781 2778 5836 commendat
2803 5781 2990 5834 merita
3020 5781 3282 5847 passionis
3306 5781 3430 5836 Jesu
3451 5781 3806 5838 Christi.Vidc

2235 5849 2489 5921 hymnum
2519 5852 2553 5904 5
2581 5851 2762 5915 Cath.,
2794 5866 2933 5906 vers.
2966 5852 3070 5905 195
3099 5859 3151 5906 et
3175 5866 3326 5920 seqq.
