4092 6344
321 469 426 531 360
501 467 648 524 lianc
669 467 804 539 fugit
831 467 1064 523 exclusis
1089 464 1342 538 Egyptia
1369 465 1521 535 plaga
1546 463 1788 535 ﬂagellis,

502 562 627 619 Haec
650 561 792 632 regis
820 560 996 616 Pharii
1022 573 1242 629 regnum
1265 556 1430 612 ferale
1460 557 1699 622 resolvit,

502 657 682 728 Deque
711 653 992 728 potestatis
1019 653 1302 708 mundanae
1331 652 1590 723 grandine
1617 652 1780 708 densa

500 751 674 820 Eripit
699 749 968 806 Abraham
999 763 1118 804 cum
1151 748 1339 818 stirpe,
1366 755 1422 804 et
1447 757 1606 820 gente
1635 748 1796 804 ﬁdeli.

500 843 729 900 Abrahae
756 858 924 916 genus
953 852 1035 899 est
1063 856 1248 898 verum
1279 858 1292 894 :
1321 841 1407 897 cui
1437 843 1653 912 sanguis
1688 849 1739 898 in
1770 857 1862 899 ore

500 938 663 1010 536
689 936 957 1004 Creditur,
989 935 1385 1006 inscriptusque
1409 935 1564 991 rubet
1592 955 1605 990 :
1637 937 1722 994 cui
1749 921 1896 991 visus

1567 1028 1641 1100 [in
1673 1028 1824 1095 orbe,

500 1122 650 1179 Haud
679 1121 951 1179 dubitante
979 1121 1082 1177 ﬁde
1104 1161 1120 1190 ,
1151 1121 1295 1178 Deus
1320 1129 1436 1189 est,
1480 1122 1616 1176 Deus
1645 1137 1710 1178 ex
1741 1121 1898 1176 Patre

1623 1215 1822 1283 [verus.

501 1309 595 1366 llle
626 1308 793 1364 Deum
823 1308 972 1373 vidit,
1011 1310 1180 1364 visum
1206 1322 1328 1365 mox
1359 1307 1621 1362 credidit:
1649 1316 1702 1361 at
1733 1317 1788 1361 tu

498 1401 788 1457 Posteritas
815 1402 1014 1468 carnis,
1041 1401 1327 1456 carnaliter
1355 1401 1533 1454 omnia
1565 1399 1809 1465 credens,

497 1492 686 1549 Carnis
706 1507 840 1562 opus
864 1494 964 1549 sub
985 1495 1099 1564 lege
1119 1495 1454 1564 geris,quam
1481 1494 1698 1564 spiritus
1714 1493 1896 1563 implet

498 1587 725 1644 Interior
751 1604 765 1642 :
791 1601 889 1642 nec
918 1587 1059 1643 enim
1081 1587 1218 1643 caelo
1241 1587 1323 1642 lex
1355 1601 1547 1644 carnea
1577 1587 1750 1654 ﬂuxit,

496 1678 667 1745 Quam
692 1686 747 1734 tu
774 1693 938 1735 carne
963 1679 1097 1735 colis
1124 1697 1136 1732 :
1165 1680 1260 1736 sed
1288 1679 1503 1734 Christo
1533 1680 1656 1744 feta,
1691 1694 1894 1734 meam-

1699 1771 1825 1844 [que

322 939 428 996 565

317 1587 427 1645 570

494 1863 653 1936 Spem
681 1865 915 1936 paritura
947 1872 1132 1928 utero;
1174 1878 1333 1935 quam
1373 1866 1568 1934 spem?
1608 1864 1708 1920 nisi
1737 1864 1893 1928 lumi-
1923 1850 1970 1912 Β

929 2001 932 2004 .
1487 1958 1592 2032 [nis
1619 1957 1816 2014 almum

494 2047 718 2117 Lumen,
731 2049 1081 2107 etadventum
1105 2047 1506 2120 Domini,’quem
1517 2051 1724 2107 viderat
1739 2050 1894 2106 Abrae

1713 350 1932 406 APOTH
1941 351 2146 407 EOSIS.

1926 470 1974 532 Α

3477 356 3579 416 951

2113 467 2118 473 ”
2184 469 2354 526 Prima
2389 470 2558 538 ﬁdes,
2590 471 2890 543 nostrisque
2924 479 3075 543 pater
3106 473 3426 542 promiserat
3452 473 3580 530 olim

2001 562 2104 619 573
2179 562 2614 634 Perspiciendum
2633 565 2824 632 oculis,
2841 575 2897 621 et
2911 566 3044 636 legis
3062 580 3189 624 voce
3206 567 3536 638 probandum
3565 588 3576 622 :

2179 655 2286 712 Nec
2303 659 2477 712 solum
2504 658 2636 730 legis
2660 676 2672 710 ε
2696 674 2818 714 nam
2841 672 2960 729 quae
2984 658 3092 728 jam
3115 658 3288 714 littera
3308 659 3579 718 Christum

2176 747 2291 803 Non
2339 747 2518 814 habet,
2566 761 2657 806 aut
2689 766 2806 822 quae
2841 766 2947 806 non
2991 752 3307 821 scriptorum
3349 753 3579 809 armaria

3288 843 3504 918 [Christi

2171 933 2359 991 Laude
2389 934 2604 1002 referta,
2639 935 2789 1016 novis
2809 937 3084 993 celebrant
3109 938 3360 993 miracula
3388 938 3578 994 libris?

2179 1030 2436 1086 Hebrmus
2465 1032 2642 1101 pangit
2672 1032 2862 1102 stylus,
2888 1033 3062 1086 Attica
3091 1033 3242 1102 cepia
3274 1033 3474 1102 pangit,

2177 1126 2365 1195 Pangit
2393 1134 2441 1180 et
2477 1126 2729 1181 Ausoniae
2755 1125 3000 1181 facundia
3032 1127 3186 1184 tertia
3218 1126 3428 1196 lingute.

2176 1224 2335 1295 437
2361 1225 2560 1279 Pilatus
2582 1225 2734 1294 jubet
2761 1225 3040 1294 ignorans:
3064 1226 3105 1291 l,
3126 1225 3322 1291 scriba,
3353 1222 3575 1293 tripictis

2179 1315 2368 1386 Digere
2398 1315 2692 1379 versiculis.
2717 1331 2836 1386 quae
2863 1317 2933 1370 sit
2951 1316 3140 1373 sufﬁxa
3173 1325 3430 1386 potestas.

2177 1409 2372 1464 Fronte
2399 1410 2574 1464 crucis
2596 1408 2780 1464 titulus
2801 1410 2872 1463 sit
2901 1409 3118 1478 triplex,
3149 1409 3353 1478 triplice
3374 1408 3572 1478 lingua.

2175 1500 2444 1570 Agnoscat
2473 1499 2657 1555 Judaea
2688 1501 2890 1572 legens,
2925 1511 2979 1556 et
2999 1501 3202 1556 Graecia
3234 1502 3398 1568 norit,

2182 1591 2247 1645 Et
2276 1601 2526 1647 venerata
2559 1591 2724 1646 Deum
2756 1600 3067 1662 percenseat
3095 1593 3259 1648 aurea
3278 1592 3466 1647 Roma.

2177 1684 2442 1755 Quidquid
2479 1685 2532 1740 in
2570 1699 2676 1741 tere
2717 1699 2846 1740 cavo
2879 1685 3109 1742 reboans
3147 1684 3271 1740 tuba
3302 1698 3460 1739 curva
3491 1697 3576 1738 re-

3276 1776 3468 1848 [mugit
3487 1792 3502 1837 ;

2172 1868 2442 1940 Quidquid
2504 1868 2572 1924 ab
2634 1883 2834 1926 arcano
2896 1871 3064 1925 vomit
3116 1868 3303 1941 ingens
3356 1866 3576 1937 spiritus

3267 1960 3501 2032 |’haustu,

2178 2055 2442 2125 Quidquid
2461 2063 2604 2111 casta
2619 2055 2822 2126 chelys,
2839 2053 3089 2125 quidquid
3109 2053 3317 2109 testudo
3331 2051 3572 2121 resultat,

2000 1125 2104 1183 580

2000 1593 2106 1649 585

1604 2145 1893 2202 GLOSSE
1934 2147 2269 2207 VETERES.

389 2237 514 2295 560.
544 2238 712 2307 Hanc,
735 2239 962 2304 domum,
1000 2236 1037 2290 l.

388 2309 512 2365 56l.
547 2305 710 2378 Haec,
762 2311 946 2380 passio.
976 2338 1044 2348 ——
1066 2305 1276 2381 Pharii,
1314 2305 1589 2381 Egyptii;
1635 2310 1893 2381 sacrilegi.

320 2376 526 2453 Pharus
557 2376 818 2453 Aigy‘ptus
846 2377 1334 2453 dicitur.-l“erale,
1369 2376 1616 2453 virosum,
1661 2376 1893 2453 mortale.

321 2449 803 2523 —Re.=olvit,'quia
832 2451 1017 2505 Christi
1049 2449 1216 2518 passio
1245 2459 1536 2518 potestatem
1566 2449 1758 2504 diaboli
1806 2452 1897 2504 de-

318 2523 524 2588 struxit,
558 2523 596 2577 1.

391 2593 513 2665 564.
549 2593 604 2665 lu
634 2607 747 2664 ore,
778 2595 962 2665 fronte,
987 2593 1023 2646 1.

392 2662 519 2718 565.
550 2662 814 2731 Creditur,
846 2665 1160 2733 immittitur,
1189 2667 1263 2719 vel
1288 2664 1693 2731 commendatur,
1724 2665 1762 2717 Ι.

295 2744 300 2748 ’
388 2734 514 2789 568.
546 2735 803 2800 Credeus,
832 2751 1058 2801 cernens,
1095 2739 1134 2795 Ι.

391 2806 517 2860 569.
544 2804 717 2870 Geris,
747 2805 893 2875 lacis,
921 2806 957 2859 Ι.

392 2876 516 2930 571.
543 2875 688 2938 Feta,
722 2877 971 2946 mysteriis
998 2878 1184 2932 Christi
1218 2879 1387 2945 plena,
1420 2875 1462 2946 l,
1498 2877 1622 2932 Mar.

391 2947 515 3001 577.
549 2946 809 3010 Armaria,
842 2948 1051 3012 scrinia,
1074 2949 1352 3010 volumina,
1377 2948 1418 3001 1.

390 3017 516 3073 578.
547 3016 778 3083 Referte,
811 3020 1020 3088 repleta,
1049 3019 1221 3088 plena,
1245 3019 1517 3087 completa,
1549 3019 1587 3072 l.

2071 2241 2195 2296 579.
2233 2243 2427 2298 Attica.
2465 2242 2801 2304 Atheniensis,
2826 2240 3006 2294 Grtrca
3034 2239 3239 2300 locutio,
3272 2235 3314 2289 1.

2072 2313 2197 2367 580.
2228 2314 2496 2376 Ausoniae,
2531 2311 2750 2376 Latinis,
2785 2311 2970 2373 Italia),
3012 2310 3271 2374 Romanae,
3306 2305 3345 2360 1.

2072 2382 2196 2440 581.
2229 2383 2498 2451 'l‘ripictis,
2525 2384 2788 2450 tripliciter
2811 2381 3128 2444 conscriptis.
3163 2380 3264 2451 lso.

2075 2447 2447 2578 589..IDigere,
2503 2447 2617 2520 dic,
2672 2455 2892 2519 ordina,
2941 2453 3016 2506 rel
3057 2447 3575 2514 scribc.—Sufﬁxa,
3644 2513 3652 2518 _

2075 2540 2159 2578 tct.
2222 2566 2232 2577 .

2001 2539 2159 2586 (ξι-τίει,
2195 2539 2232 2578 l.

2075 2594 2196 2667 585.
2233 2594 2449 2667 Fronte,
2476 2597 2525 2648 in
2548 2598 2736 2667 stipite,
2770 2596 2809 2650 1.

2226 2666 2571 2738 Perceuseat.
2597 2666 2842 2738 perlegat,
2866 2666 2905 2720 1.

2074 2735 2197 2790 586.
2224 2737 2493 2803 Reboans,
2524 2735 2968 2804 sonansﬂcanens,
3003 2735 3041 2788 1.

2071 2808 2198 2860 587.
2229 2808 2308 2861 Ab
2337 2822 2550 2870 arcano,
2592 2826 2622 2861 a
2662 2809 2918 2877 pulmone.
2942 2837 3010 2848 —
3033 2807 3226 2871 Vomit,
3273 2807 3484 2876 profert.
3509 2834 3577 2847 —

2002 2877 2213 2941 lugens,
2247 2894 2483 2946 magnus,
2519 2879 2557 2932 1.

2069 2948 2190 3004 588.
2223 2950 2401 3012 Casta,
2432 2950 2548 3004 ideo
2583 2951 2704 3003 dicit
2743 2960 2954 3012 castam,
2996 2949 3114 3018 quia
3142 2964 3258 3002 cum
3287 2964 3344 3002 ea
3378 2949 3578 3002 laudem

1997 3019 2247 3088 rirginum
2268 3021 2824 3092 canebant.—Cbelys,
2859 3022 3080 3088 cithara,
3112 3036 3277 3074 musa.
3311 3017 3502 3083 Chela’,
3525 3019 3578 3072 id

1667 3127 2225 3186 COMMENTARIUS.

391 3224 511 3281 560.
538 3225 783 3280 Nonnulli
813 3223 989 3295 vulg.,
1021 3223 1272 3295 Egypli,‘
1295 3222 1438 3295 PaL,
1464 3220 1892 3295 JEgyptica.Gis.

321 3297 374 3353 in
422 3306 588 3364 textu,
639 3295 787 3359 Ald.,
836 3291 983 3349 Vatt.
1020 3291 1198 3362 Αίρ,
1247 3293 1474 3356 Tbuan.,
1521 3294 1644 3364 ΟΧ..
1688 3291 1893 3364 Nonis,

327 3368 479 3434 llrb.,
521 3363 692 3432 Sich.,
724 3365 964 3437 ﬂagellis.
1002 3365 1250 3420 Nonnulli
1284 3365 1486 3426 Heins.,
1521 3363 1674 3437 Alex.
1705 3372 1756 3416 et
1775 3363 1894 3437 alii,

323 3433 578 3506 procellis,
623 3433 763 3508 quod
801 3436 1062 3493 .Weitzius
1105 3437 1384 3508 atnplexus
1416 3444 1543 3508 est;
1582 3435 1752 3508 ﬂagra
1775 3433 1899 3508 Lsive

2003 3222 2336 3292 transcripsit
2381 3224 2586 3278 sicriba.
2650 3223 2829 3290 Neque
2883 3224 3126 3279 Heinsius
3195 3223 3578 3276 correctionem

2001 3291 2406 3357 animadvertit;
2427 3295 2520 3348 sed
2536 3309 2655 3350 cum
2671 3294 2929 3350 Salmasio
2948 3293 3223 3361 vestigium
3243 3309 3380 3346 verr.
3399 3294 3580 3346 lectio-

2004 3362 2085 3430 nis
2116 3362 2164 3415 iu
2205 3362 2393 3417 Aldina
2424 3365 2654 3420 editione
2698 3373 2905 3419 exstare
2937 3367 3219 3418 al'lirmavit
3258 3364 3308 3415 in
3349 3363 3532 3415 sicriba
3560 3379 3578 3416 :

2004 3443 2056 3504 et
2086 3448 2148 3486 ex
2181 3433 2292 3488 suis
2328 3436 2546 3490 vetustis
2590 3452 2722 3504 pene
2751 3436 2998 3488 omnibus
3038 3433 3271 3488 restituit
3309 3431 3359 3497 1,
3390 3431 3576 3504 scriba.

321 3501 770 3584 ﬂagellajﬁg'ypti
799 3519 1057 3584 vocantur
1081 3507 1148 3561 ab
1173 3501 1554 3584 Ᾱιοίιιιίιρνὶιυ
1581 3501 1740 3584 lib_.v,
1767 3503 1901 3584 (ire.
1925 3522 1971 3584 ρ
2006 3501 2081 3556 Ex
2112 3519 2216 3572 quo
2246 3521 2430 3584 arguo,
2451 3501 2614 3584 uuam
2647 3517 2850 3561 tantum
2874 3515 3084 3584 exstare
3113 3503 3580 3584 Aldinamfditio-

322 3574 472 3648 gorio
510 3574 861 3645 Nazia'nzeno,
894 3579 1185 3634 Fortunato
1229 3586 1284 3632 et
1337 3576 1484 3642 aliis;
1534 3574 1671 3648 quod
1708 3574 1902 3648 conlir-

326 3645 436 3773 ἱῆιειι
460 3651 746 3773 ἷῗεεηὼιιη
775 3650 1018 3723 flagellis,
1054 3649 1353 3718 praesertim
1383 3649 1504 3717 quia
1548 3645 1703 3716 plaga
1734 3647 1903 3714 poscit

365 3739 457 3773 aae
504 3738 566 3773 18.

325 3723 566 3789 ﬂagellis.

403 3791 530 3846 565.
554 3791 762 3845 Thuan.
791 3799 844 3844 et
867 3791 971 3843 duo
999 3790 1175 3855 Torr.,
1199 3791 1440 3845 creditus.

399 3861 523 3915 566.
550 3859 744 3915 Oxou..
774 3877 838 3913 ex
871 3859 1024 3912 Patre
1044 3875 1190 3924 vero;
1213 3860 1326 3924 lege
1353 3875 1520 3913 verus.

399 3929 522 3984 568.
559 3930 679 3984 Vat.
709 3930 750 3982 Β
772 3944 798 3980 a
829 3930 997 3998 prima
1026 3945 1206 3996 manu,
1246 3927 1378 3982 Mar.
1411 3929 1478 3982 ab
1517 3927 1688 3981 aliena
1718 3942 1896 3995 manu,

327 3999 524 4056 Widm.
570 4015 750 4065 supra,
781 3999 946 4069 Bong.
987 4008 1043 4053 et
1077 3998 1316 4052 nonnulli
1355 4001 1522 4069 vulg.,
1573 4013 1778 4069 cernens
1805 4012 1901 4066 pro

323 4072 550 4126 credens.
601 4069 789 4125 Gloss:
839 4067 1028 4137 Isonis,
1059 4086 1288 4133 cernens,
1335 4068 1512 4138 petius
1563 4075 1648 4122 est
1692 4067 1899 4122 diversa

325 4143 503 4199 lectio.

391 4215 518 4270 571.
547 4211 692 4277 Ald.,
725 4211 900 4264 minus
925 4212 1082 4278 bene,
1109 4209 1310 4264 Christo
1340 4211 1467 4278 ﬁxa.

365 4284 515 4340 -572.
543 4282 858 4348 Becmanus,
907 4295 1023 4349 cap.
1070 4277 1106 4336 ’6
1154 4277 1453 4335 Manud'uct.
1495 4280 1559 4333 ad
1590 4279 1720 4347 ling.
1753 4277 1896 4344 Lat.,

321 4363 527 4420 monet,
561 4353 612 4406 in
649 4355 960 4422 quibusdam
993 4352 1246 4405 mendose
1284 4351 1382 4418 legi
1422 4352 1515 4404 sed
1543 4349 1897 4422 Christojiza,

323 4439 586 4494 meamque
607 4420 764 4493 Spem
788 4425 987 4489 paritur
1005 4435 1058 4475 ut
1088 4438 1177 4475 oro
1200 4437 1294 4490 pro
1313 4425 1440 4494 feta,
1459 4437 1720 4494 meamque
1730 4420 1896 4494 _Spem

322 4490 558 4565 paritura
585 4490 758 4565 utero.
787 4494 889 4547 Pro
925 4493 1132 4565 luminis
1170 4507 1356 4565 omnes
1402 4492 1693 4565 Heinsiani.
1729 4490 1894 4565 Doug.

319 4561 502 4637 Supra,
545 4565 691 4628 Ald.,
724 4564 862 4637 Gis.,
897 4564 1136 4625 numinis,
1170 4563 1307 4637 quod
1339 4573 1515 4637 exstat
1529 4565 1598 4637 Ain
1635 4561 1752 4637 Val.
1775 4561 1832 4637 ⁵ᾼ
1866 4576 1895 4613 a

319 4630 497 4705 prima
521 4650 701 4698 manu,
732 4635 937 4705 inMar.
961 4648 989 4686 a
1018 4630 1449 4705 secundaiutanu.
1476 4632 1752 4705 Weitzius,
1775 4630 1893 4685 Vat.

319 4703 380 4771 Β,
416 4709 593 4776 Prag.,
624 4705 769 4776 κων
795 4704 1210 4776 Widtu._supra,
1244 4703 1364 4757 Vat.
1394 4705 1446 4776 ᾼ
1473 4717 1674 4776 βιιριτι,Δ
1700 4703 1831 4776 Mar.
1863 4717 1910 4755 a-

320 4780 488 4844 prima
524 4773 682 4829 iuanu
721 4774 947 4827 luminis.
990 4773 1205 4827 Teolius
1229 4789 1349 4826 cum
1393 4773 1608 4826 Heinsio
1653 4773 1796 4844 facit,
1833 4788 1896 4826 ac

315 4842 489 4901 solum
541 4846 775 4913 agnovit,
829 4844 1135 4898 Vaticanum
1184 4857 1344 4896 unum
1395 4842 1892 4910 praestantissimum

319 4918 516 4971 habere
553 4917 780 4968 luminis.
821 4913 1060 4969 Gifanius
1099 4929 1163 4967 ex
1203 4913 1368 4967 veteri
1414 4913 1549 4965 libro
1579 4914 1652 4964 ita
1683 4927 1893 4980 quoque

316 4986 708 5057 legendumait
733 5004 743 5037 z
771 4984 850 5057 sic
877 4994 1000 5038 ante
1026 4986 1088 5038 de
1125 4984 1315 5057 lumine
1353 4982 1543 5057 lumen,
1581 4991 1637 5036 et
1676 4982 1726 5035 in
1769 4982 1888 5036 ﬁdei

315 5053 560 5127 symbolo
600 5056 766 5112 lumen
806 5055 869 5107 de
906 5057 1094 5127 lumine
1117 5069 1144 5127 _:
1181 5055 1370 5108 crebro
1405 5053 1598 5120 lumen,
1629 5061 1682 5108 et
1701 5069 1890 5107 numen

317 5123 454 5182 inter
478 5141 543 5182 se.
565 5134 922 5180 commutasse
949 5123 1193 5178 librarios
1223 5133 1406 5176 notum
1433 5133 1537 5176 est.

387 5199 512 5253 575.
539 5197 718 5265 Prag.,
753 5195 912 5258 male,
947 5193 1519 5265 perliciendumoculis.

389 5269 510 5322 576.
540 5269 592 5322 In
625 5264 761 5320 Aldo
792 5265 1039 5320 mendum
1064 5280 1280 5330 namque
1298 5264 1446 5331 jam.‘

387 5341 512 5392 577.
542 5337 841 5392 Armarium
867 5336 1003 5389 sumi
1029 5335 1164 5389 solet
1195 5330 1584 5400 pro’tabulariis
1604 5332 1716 5386 sive
1745 5330 1886 5387 foru-

315 5411 398 5472 lis,
423 5409 612 5478 quibus
643 5407 758 5461 libri
773 5406 1135 5478 collocantur,
1176 5418 1238 5457 ex
1271 5402 1563 5474 interprete
1590 5401 1882 5469 iuvenalis,

313 5475 664 5542 'l‘ertulliano,
695 5477 912 5533 Sidonio
939 5485 992 5530 et
1021 5475 1157 5528 aliis.

387 5549 511 5604 578.
547 5548 690 5614 Rat.,
723 5549 874 5601 laude
903 5549 1094 5618 refecta
1119 5546 1355 5618 aprima
1381 5561 1561 5618 manu,
1594 5559 1696 5618 non
1728 5543 1885 5618 bene.

387 5619 510 5674 581.
553 5619 760 5672 Primus
796 5614 1033 5672 omnium
1073 5616 1238 5671 Aldus
1274 5616 1440 5670 edidit
1478 5614 1530 5679 I,
1558 5614 1767 5679 scriba;
1793 5616 1888 5671 sed

313 5706 435 5744 cum
473 5689 722 5743 mendum
753 5689 1186 5759 typograpbicum
1231 5688 1555 5755 irrepsisset,
1593 5701 1784 5759 nempe
1818 5686 1890 5759 si:

314 5761 474 5824 criba,
515 5768 568 5813 et
605 5756 839 5813 errorem
865 5756 1007 5815 clare
1032 5759 1353 5814 correxisset
1384 5759 1435 5811 in
1467 5757 1763 5822 emendatis,
1792 5756 1885 5810 alii

314 5831 549 5884 editores
577 5839 864 5896 posuerunt
899 5839 951 5883 tu
988 5830 1171 5883 scriba.
1213 5828 1464 5884 Nebrissa
1492 5842 1619 5882 vero
1644 5841 1882 5882 errorem

2010 3587 2131 3628 nem
2165 3572 2464 3640 anno‘liilll
2503 3589 2770 3645 peractam
2807 3595 2817 3628 :
2853 3592 2956 3630 non
3001 3574 3142 3630 enim
3184 3572 3438 3628 credibile
3475 3583 3575 3637 est,

2010 3654 2066 3697 ut
2105 3645 2190 3701 hic
2223 3663 2372 3701 error
2398 3649 2603 3713 sict-ilia,
2646 3647 2755 3718 jam
2799 3647 2849 3701 in
2897 3647 3064 3716 prima
3096 3645 3499 3718 animadversus
3526 3653 3578 3718 et

2009 3727 2304 3781 correctus,
2350 3719 2399 3771 iu
2444 3715 2672 3773 secunda
2720 3715 3090 3786 replicaretur.
3141 3715 3366 3772 Codices
3408 3715 3574 3786 nostri

2008 3787 2231 3844 valiant.
2263 3787 2443 3859 Prag.,
2479 3799 2531 3843 tu
2557 3789 2742 3859 scriba.
2771 3785 2914 3843 Vati.
2942 3789 3008 3854 Δ,
3041 3789 3106 3856 ρ,
3139 3788 3402 3850 inscripta.
3430 3785 3575 3859 “aL,

2005 3859 2293 3912 scribenda.
2343 3857 2496 3923 Man,
2537 3857 2820 3926 scribenda,
2863 3870 3020 3927 supra
3053 3859 3360 3913 charactere
3404 3857 3578 3927 Iniun-

2008 3929 2128 3981 tiori
2160 3931 2440 4000 inscripta;
2471 3932 2521 3984 in
2554 3933 2789 4000 margine
2816 3926 3034 4000 apparet
3064 3929 3224 3982 fuisse
3246 3927 3429 4000 scriba.
3457 3926 3577 4000 licet

2006 4001 2317 4066 evanuerint
2359 3998 2717 4055 characteres.
2764 3998 3123 4064 Non'dubito,
3171 3998 3295 4066 quin
3338 4012 3459 4050 vera
3508 3998 3576 4050 sit

2005 4065 2235 4138 lectio],
2266 4070 2452 4132 scriba,
2484 4085 2638 4138 quam
2671 4071 2920 4138 exprimit
2942 4070 3122 4130 Alex.,
3154 4065 3207 4120 et
3235 4082 3396 4138 prope
3425 4081 3576 4138 accr-

2004 4136 2084 4190 dit
2109 4138 2237 4192 Urb.
2269 4155 2298 4192 o
2320 4135 2775 4204 scribaILibrarii,
2815 4139 2938 4208 quid
2967 4149 3105 4193 esset
3137 4137 3263 4191 illttd
3296 4135 3322 4188 1
3352 4153 3456 4188 non
3490 4137 3571 4188 itt-

2007 4209 2328 4277 telligentes,
2359 4227 2422 4264 ex
2462 4210 2673 4278 ingenio
2716 4225 2811 4263 suo
2839 4225 3028 4262 novatn
3069 4209 3366 4278 lectionem_
3386 4221 3574 4278 procu-

2004 4276 2215 4351 derunt.
2271 4280 2400 4334 Vide
2429 4276 2681 4351 hymnum
2715 4279 2868 4335 Catb.
2904 4278 2988 4345 12,
3019 4294 3160 4333 vers.
3188 4277 3295 4332 99:
3331 4276 3568 4341 Satelles,

2004 4349 2040 4413 i,
2075 4354 2265 4421 ferrum
2284 4366 2424 4421 rape.

2071 4419 2196 4475 585.
2231 4419 2376 4490 Rat.,
2414 4422 2619 4490 triplici,
2663 4420 2800 4490 quod
2833 4428 2976 4475 recte
3000 4419 3336 4476 emendatum
3366 4427 3571 4490 estsu-

2003 4506 2095 4559 pra
2141 4489 2366 4558 triplice.
2395 4494 2448 4546 lu
2486 4489 2724 4548 editione
2763 4491 3036 4546 Parmensi
3065 4491 3216 4544 deest
3256 4489 3568 4544 vocabulum

2001 4563 2207 4632 triplex,
2241 4561 2437 4618 Fronte
2463 4564 2669 4617 crucis:
2699 4564 2875 4616 titulus
2904 4562 2967 4614 sit
3000 4561 3196 4627 triplice
3231 4561 3422 4630 lingua.
3455 4559 3568 4614 Non

2000 4631 2212 4686 constat
2240 4650 2444 4698 versus,
2475 4643 2532 4688 ut
2560 4634 2728 4688 vides.
2757 4634 2833 4688 De
2855 4632 3012 4686 titulo
3039 4632 3210 4686 crucis
3241 4632 3446 4701 triplice
3471 4631 3571 4685 liu-

1999 4717 2098 4772 gua
2132 4703 2253 4759 vide
2277 4706 2434 4760 .loan.
2467 4720 2584 4774 cap.
2617 4721 2769 4765 xxnt,
2797 4705 2896 4767 58;
2932 4703 3179 4774 Lipsium
3210 4702 3276 4755 de
3308 4702 3487 4774 Cruce
3511 4719 3568 4765 ll,

2001 4776 2053 4826 iu
2085 4776 2222 4829 notis
2248 4791 2366 4843 cap.
2398 4778 2482 4838 11,
2525 4772 2577 4828 et
2601 4775 2754 4828 alios.
2785 4773 3040 4840 Sepulcro
3066 4773 3319 4827 Gordiani
3347 4772 3567 4841 Augusti

2003 4844 2199 4899 milites
2232 4847 2437 4898 titulum
2469 4845 2821 4898 adbilmerunt
2871 4843 3061 4897 litteris
3084 4843 3306 4909 Graecis,
3343 4843 3564 4908 Latinis,

1923 4901 1973 4959 D
2002 4911 2255 4978 Persicis,
2285 4915 2600 4984 Judaiciset
2629 4913 2976 4984 Egyptiacis,
3014 4921 3070 4967 ut
3095 4915 3162 4968 ab
3191 4901 3438 4968 omnibus
3469 4901 3567 4982 legi

2003 4993 2202 5053 posset,
2234 4995 2288 5037 ut
2316 4986 2477 5039 refert
2507 4983 2854 5053 Capitolinus.

2071 5051 2194 5108 586.
2224 5055 2370 5119 Ald.,
2402 5051 2655 5111 mendose
2681 5071 2866 5110 canore
2891 5055 3047 5110 boans
3069 5068 3164 5122 pro
3184 5069 3304 5107 cavo
3328 5055 3564 5110 reboans.

1999 5122 2156 5194 Fab.,
2192 5124 2324 5178 .Ere
2347 5142 2470 5179 cavo
2497 5124 2744 5194 quidquid
2773 5126 3002 5180 reboans.
3039 5127 3091 5178 lu
3132 5139 3252 5178 meo
3275 5125 3565 5194 exemplari

1998 5192 2212 5249 Weitzii
2239 5195 2304 5249 ad
2333 5192 2735 5264 marginem—est
2763 5196 2962 5251 hausto.
3012 5195 3102 5248 llis
3133 5193 3376 5249 versibus
3414 5192 3564 5264 multi

1998 5266 2222 5331 probant
2257 5266 2420 5322 licere
2455 5263 2511 5320 in
2541 5266 2762 5322 ecclesia
2797 5266 2870 5318 uti
2903 5265 3269 5319 instrumentis
3323 5263 3561 5320 musicis.

2002 5334 2131 5390 Vide
2157 5335 2458 5399 llaronium,
2491 5348 2621 5391 tom.
2651 5337 2669 5390 1
2695 5335 2911 5399 Aunal.,
2940 5349 3056 5404 pag.
3090 5334 3214 5404 578,
3243 5334 3308 5388 ad
3333 5335 3562 5399 ann.60,

1993 5406 2082 5475 qui
2124 5405 2396 5462 Prudentii
2440 5410 2756 5462 auctoritate
2793 5403 3024 5475 ostendit
3072 5403 3341 5475 Christum
3372 5405 3564 5460 instru-

1996 5473 2190 5532 mentis
2218 5477 2434 5534 musicis
2465 5477 2667 5532 laudari
2697 5477 2932 5530 solitum.
2965 5473 3075 5528 Gis.
3123 5474 3244 5530 huic
3277 5478 3562 5545 praeposuit

1997 5560 2207 5618 versum
2235 5561 2349 5618 seq.
2481 5617 2490 5618 ί
2771 5604 2777 5608 _
3038 5576 3040 5579 -

2065 5616 2188 5672 587.
2222 5615 2333 5673 Gis'.
2367 5621 2394 5673 1
2429 5617 2584 5682 edit.,
2618 5618 2670 5671 in
2694 5633 2880 5672 arcano
2910 5631 3006 5686 pro
3047 5617 3110 5668 ub
3138 5633 3344 5672 arcano.
3382 5619 3559 5686 Prag.,

1994 5685 2241 5753 haustus;
2269 5689 2382 5744 Gis.
2415 5689 2481 5743 ad
2508 5703 2702 5758 marg.,
2744 5685 2945 5741 hausto.
2983 5687 3166 5742 Melius
3201 5689 3311 5753 alii,
3353 5685 3558 5755 Imustn,

1994 5771 2072 5813 sc.
2107 5773 2303 5813 arcano
2329 5773 2422 5812 seu
2449 5759 2656 5812 occulto
2687 5761 2894 5813 haustu.
3496 5769 3500 5774 ‘

2066 5829 2191 5886 588.
2226 5828 2443 5884 Videtur
2464 5831 2731 5888 nonnullis
2755 5831 2894 5887 idem
2922 5847 3039 5888 esse
3063 5831 3232 5886 chelas
3258 5845 3318 5885 ac.
3342 5832 3553 5885 testudo.
