4092 6344
648 426 752 482 96⁵1

1768 418 2043 475 AURELII
2084 417 2212 473 I’RU
2225 417 2447 473 DENTII
2487 415 2813 473 CARMINA.

3795 416 3904 491 eos

819 540 977 612 451
1024 535 1290 608 Sanguine
1336 546 1617 605 respersus
1679 533 1963 590 commissa
2010 530 2217 601 piacula
2246 536 2298 596 Α
2327 533 2432 588 555
2506 530 2787 586 A‘mrm‘ant
2816 544 2921 584 non
2952 542 3069 584 esse
3097 528 3287 594 Deum,
3325 526 3524 598 pietate
3553 526 3805 591 fatentur,

1956 628 2153 703 [solvit.

644 731 749 787 545
821 730 899 785 En
929 743 1035 798 quo
1062 728 1360 799 priscorum
1388 727 1555 782 virtus
1586 724 1813 782 deﬂuxit
1841 724 2093 780 avorum!

816 821 993 877 Servit
1018 820 1085 877 ab
1113 820 1346 891 antiquis
1375 819 1589 890 delapsa
1618 817 1861 874 ﬁdelibus
1890 815 2064 871 haeres

816 913 1100 985 Nobilitas,
1133 913 1229 970 sed
1253 913 1364 983 jam
1397 927 1505 968 non
1537 911 1731 966 nobilis
1776 927 1790 964 :
1834 910 1920 965 illa
1951 915 2222 965 recentem

817 1004 1104 1077 Susceptat
1127 1006 1334 1075 captiva
1362 1004 1555 1069 ﬁdem;
1588 1004 1668 1059 vis
1700 1012 1839 1057 tanta
1874 1002 2097 1077 novellae

816 1076 1166 1155 Credulitatis
1184 1100 1343 1154 inest.
1359 1098 1629 1155 Christum
1646 1097 1912 1162 confessa,
1929 1076 2225 1165 triumphat

642 1189 748 1246 550
820 1191 966 1246 Gens
998 1190 1157 1246 inﬁda
1192 1191 1373 1259 prius;
1425 1189 1621 1244 Christi
1650 1189 1743 1244 sed
1776 1189 1915 1244 victa
1943 1187 2185 1258 negatrix

820 1282 1081 1338 Subditur
1110 1276 1356 1352 imperio,
1388 1281 1635 1337 dominos
1663 1280 1850 1337 sortita
1876 1280 2083 1336 lideles.

890 1375 1048 1444 Sunt,
1081 1376 1172 1445 qui
1194 1374 1417 1429 Judaico
1445 1383 1727 1444 cognatum
1756 1374 1946 1443 dogma
1972 1374 2133 1428 furori

818 1469 977 1541 452
1018 1469 1325 1539 Instituunt,
1369 1468 1542 1525 media
1579 1468 1849 1524 Christum
1888 1469 2094 1523 ratione
2133 1481 2219 1522 se-

1996 1560 2145 1632 [cuti.

817 1657 928 1713 lloc
960 1664 1189 1726 tantum,
1219 1655 1361 1726 quod
1390 1670 1549 1711 verus
1581 1653 1742 1711 homo
1771 1663 1884 1720 est;
1927 1662 1981 1709 at
2008 1652 2220 1708 ctelitus

1973 1746 2143 1819 [illum

2507 624 2782 693 Majestate
2825 630 3054 690 negant,
3086 634 3295 675 morum
3325 634 3421 690 pro
3453 618 3611 674 laude
3638 627 3898 674 sacratum

2505 715 2912 781 Concelebrant,
2928 713 3170 769 adimunt
3187 720 3387 766 natura:
3405 726 3615 767 summa
3636 726 3899 780 supernae.

2505 812 2674 866 Omne
2701 823 2833 880 opus
2864 807 3157 879 egregium,
3188 820 3280 876 per
3300 804 3439 875 quod
3463 805 3679 860 solertia
3702 804 3901 874 pollens

2505 904 2731 969 Emicat,
2760 902 2956 973 ingenii
2986 895 3088 967 est,
3118 910 3207 953 aut
3237 898 3475 963 roboris;
3521 898 3651 953 illud
3678 908 3835 954 acuto

2329 996 2430 1055 560
2504 995 2676 1052 Corde
2702 996 2873 1066 viget;
2914 993 3059 1049 duris
3084 991 3304 1048 excellit
3334 990 3536 1046 viribus
3567 991 3732 1046 istud.

2500 1088 2717 1143 Mortale
2760 1098 2841 1144 est
2883 1087 2976 1143 sed
3019 1094 3301 1155 utrumque
3345 1084 3583 1141 homini:
3621 1099 3745 1140 nam
3774 1099 3899 1139 cana

3527 1178 3834 1252 [senescunt

2504 1275 2740 1347 Ingenia,
2768 1283 2822 1331 et
2848 1273 3052 1330 validos
3080 1282 3399 1329 consumunt
3427 1273 3587 1328 saecla
3619 1272 3863 1329 lacertos.

2506 1369 2629 1423 Haec
2655 1381 2753 1422 nos
2786 1366 2837 1421 in
2863 1366 3068 1421 Domini
3100 1366 3297 1420 virtute
3326 1373 3379 1420 et
3409 1365 3565 1420 laude
3594 1366 3811 1435 perenni

2504 1460 2664 1534 453
2691 1460 2805 1516 Non
2837 1461 3137 1531 sequimur;
3166 1460 3460 1529 sequimur,
3485 1460 3633 1513 nullo
3655 1459 3791 1529 quod
3814 1474 3893 1515 se-

3486 1553 3651 1624 [mine
3680 1564 3829 1609 terra:

2330 1649 2434 1707 565
2507 1648 2787 1705 Germinat
2812 1666 2825 1703 :
2852 1649 3181 1704 immundum
3211 1649 3349 1719 quod
3385 1665 3490 1704 non
3520 1650 3588 1704 de
3617 1648 3735 1704 labe
3763 1649 3894 1703 virili

2506 1743 2679 1798 Sumit
2713 1743 3064 1815 principium;
3098 1752 3251 1799 tener
3293 1744 3440 1799 illum
3473 1744 3700 1799 seminat
3741 1743 3892 1814 ignis,

1931 1839 2218 1898 GLOSSXE
2258 1838 2599 1895 VETERES.

709 1934 835 2007 βω.
873 1934 1117 2007 Delapsa,
1143 1935 1469 2007 degenerata,
1497 1935 1536 1988 Ι.

707 2005 831 2060 548.
872 2006 1173 2076 Susceptat,
1209 2004 1272 2059 id
1299 2016 1369 2060 est
1400 2004 2031 2075 suspectat.—-Captiva,
2066 2019 2213 2073 pere-

670 2079 805 2143 rina,
838 2078 877 2131 Ι.

670 2096 784 2132 rma
838 2096 877 2131 ι.

636 2096 666 2150 9
869 2147 1059 2203 Contra
1123 2146 1552 2203 Homuncionitas
1604 2148 1759 2201 dicta.
1814 2146 2219 2200 Homuncionita

635 2228 708 2272 est
752 2220 839 2287 qui
882 2217 1160 2273 Dominum
1211 2228 1410 2272 tantum
1456 2220 1711 2272 hominem
1763 2218 1925 2282 dicit,
1958 2219 1994 2270 l.
2025 2218 2215 2272 Contra

639 2288 901 2343 Ebionitas
924 2290 1080 2347 dicta.
1115 2289 1359 2344 Haeretici
1383 2289 1631 2343 Ebionita:
1660 2292 2057 2359 interpretantur
2088 2306 2218 2358 pau-

638 2376 799 2428 peres,
826 2361 946 2428 quia
982 2378 1252 2432 pauperem
1282 2360 1346 2414 de
1371 2360 1571 2414 Christo
1606 2376 1804 2432 sensum
1846 2360 2049 2420 habent,
2075 2360 2214 2432 aﬁirg

637 2441 829 2484 mantes
858 2428 1110 2485 hominem
1140 2434 1347 2498 bonum,
1378 2448 1480 2483 non
1513 2441 1679 2483 tamen
1704 2428 1886 2493 Deum,
1921 2432 2018 2484 uisi
2049 2442 2104 2483 ut
2128 2430 2221 2484 alii

636 2502 799 2572 sancti
822 2502 1060 2556 dicuntur
1086 2503 1180 2571 dii,
1209 2502 1439 2571 Prag.-—
1463 2502 1781 2572 Cognatam,
1815 2503 1999 2568 simile,
2036 2500 2075 2553 Ι.

708 2571 833 2627 554.
875 2572 1008 2641 Hoc,
1044 2574 1137 2627 hoc
1166 2573 1389 2642 quidem,
1422 2572 1461 2627 Ι.

638 2713 663 2782 Ι
703 2642 833 2724 555.
874 2643 1099 2711 Pietate,
1118 2646 1237 2715 quia
1259 2645 1409 2700 homo
1433 2644 1669 2715 dignatus
1696 2652 1765 2698 est
1788 2644 1898 2710 ﬁeri
1917 2660 1930 2695 :
1950 2643 2044 2695 hoc
2066 2642 2223 2715 pietas

662 2723 755 2769 utl.

662 2730 755 2769 ειη.

2393 1933 2519 1987 556.
2560 1932 2857 2001 Maiestate,
2894 1941 2947 1987 ut
2986 1932 3124 1987 Deus
3150 1934 3233 1997 sit,
3268 1932 3355 2000 qui
3385 1934 3700 2002 majestatem
3734 1932 3891 1989 habet.

2396 2005 2573 2058 —Pro
2600 2004 2775 2069 laude,
2806 2006 2950 2071 quasi
2969 2006 3065 2058 hoc
3094 2006 3207 2057 laus
3233 2003 3317 2067 sit,
3347 2019 3444 2057 non
3466 2020 3658 2068 revera,
3707 2002 3809 2057 Iso.

2397 2077 2522 2129 557.
2565 2078 2805 2142 Summa,
2830 2077 3162 2141 divinitatem,
3200 2076 3236 2129 I.

2396 2146 2519 2199 558.
2564 2146 2873 2216 Egregium,
2901 2148 3128 2218 egregius
3158 2160 3252 2213 est,
3282 2149 3367 2218 qui
3398 2162 3598 2218 gregem
3627 2144 3890 2211 antecellit,

2326 2215 2378 2267 id
2419 2226 2491 2270 est
2527 2215 3225 2273 multitudiuemé-Solertia
3247 2260 3261 2281 ,
3294 2215 3785 2286 peritia'mullarum
3810 2234 3890 2286 q-

2327 2288 2485 2349 tium;
2524 2302 2718 2343 sonos
2743 2288 2916 2343 Gra’ce
2945 2290 3161 2342 multant
3182 2306 3199 2343 :
3222 2276 3340 2344 inde
3367 2290 3685 2354 solemnitas,
3719 2276 3892 2341 mum»

2327 2374 2439 2409 rum
2488 2371 2790 2423 conventus;
2828 2361 2946 2414 inde
2976 2360 3263 2414 solemniter
3293 2361 3430 2429 facta
3474 2361 3683 2427 dicitur,
3712 2376 3823 2427 qua!
3848 2361 3893 2413 in

2328 2433 2593 2497 prtesentia
2616 2431 2777 2485 multa
2805 2440 2875 2483 est
2898 2442 3031 2497 acta,
3056 2432 3095 2485 I.

2402 2496 2523 2555 559.
2567 2500 2785 2568 Ingenii,
2817 2504 2991 2563 animi,
3023 2503 3125 2558 Iso.

2402 2571 2526 2626 565.
2563 2572 2722 2635 Labe,
2747 2574 2950 2639 semine,
2977 2575 3016 2627 I.

2403 2642 2527 2719 566.
2556 2643 2730 2719 Illum,
2775 2643 3056 2719 Christum.
3095 2675 3163 2686 —
3190 2662 3350 2717 .gnis,
3402 2649 3631 2719 Spiritus
3676 2656 3889 2709 sanctus,

2334 2712 2453 2767 Vat.
2487 2714 2552 2769 A.
2584 2744 2651 2752 —
2680 2714 2839 2784 Ignis,
2873 2716 2934 2769 de
2965 2716 3165 2786 Spiritu
3193 2712 3387 2786 sancto,
3421 2712 3523 2775 lso.
3843 2718 3846 2722 Α

1974 2828 2537 2886 COMMENTARIUS.

713 2931 835 2987 545.
878 2929 1096 2993 Weitz.,
1129 2928 1267 2994 PaL,
1309 2926 1488 2996 Egm.,
1518 2941 1754 2996 sequo;
1806 2925 1984 2978 casteri
2030 2923 2222 2978 melius

639 3022 711 3060 ett.
732 3019 851 3071 quo.
879 3002 967 3055 Sic
992 2998 1244 3067 Virgilius
1269 2994 1452 3071 ecloga
1482 2999 1504 3049 l
1538 3014 1549 3047 ε
1575 2994 1655 3071 En
1681 3012 1782 3067 quo
1804 2995 2063 3048 discordia
2093 2996 2224 3049 cives

645 3068 895 3127 I’erduxit
918 3071 1147 3135 miseros,
1174 3085 1233 3122 eu
1260 3069 1398 3135 queis
1428 3068 1740 3120 consevimus
1765 3083 1937 3137 agrcs.

710 3144 834 3198 546.
878 3143 994 3196 Pttt.
1028 3149 1083 3195 et
1110 3142 1227 3193 Hal.
1262 3138 1464 3207 dilapsa
1491 3137 1747 3193 scribunt.

711 3213 835 3269 548.
879 3213 1020 3281 Put.,
1075 3211 1255 3281 Egm.,
1306 3210 1496 3272 Palat.,
1534 3208 1650 3261 Vat.
1694 3215 1768 3281 _A,
1799 3208 2010 3277 Heins.,
2052 3227 2221 3266 susce-

642 3294 794 3359 ptati
821 3284 907 3359 alii
951 3279 1246 3359 suspectat,
1281 3280 1421 3350 quod
1450 3281 1627 3334 minus
1657 3279 1869 3349 placet,
1898 3289 1954 3336 et
2005 3293 2220 3338 secutus

643 3352 724 3411 est
754 3356 904 3410 Teol.
940 3362 1057 3423 post
1084 3352 1279 3407 Cellar.

713 3424 837 3481 549.
882 3421 1067 3487 Fabr.,
1096 3422 1435 3489 crudelitatis,
1461 3421 1737 3487 mendose,
1764 3436 1859 3491 pro
1884 3424 2219 3477 credulitatis.

643 3497 825 3552 Fidem
867 3495 969 3549 hoc
1008 3495 1124 3549 loco
1162 3503 1315 3548 sonat
1345 3494 1621 3546 credulitas
1651 3494 1947 3563 theologica
1982 3496 2220 3559 notione,

642 3578 700 3623 ut
730 3566 963 3624 Salviani
992 3580 1048 3619 tn
1077 3573 1260 3619 contra
1292 3565 1570 3618 avaritiam
1602 3581 1614 3616 :
1648 3564 1766 3616 Non
1795 3581 1986 3633 qutero,
2018 3574 2071 3619 ut
2099 3567 2225 3618 mihi

643 3639 997 3692 credulitatem
1023 3647 1159 3690 tuam
1185 3636 1461 3705 superioris
1486 3634 1599 3687 vita:
1618 3635 1812 3688 actibus
1841 3638 2039 3705 probes.
2084 3637 2226 3690 Con-

648 3720 727 3765 tra
772 3707 1101 3762 incredulitas
1152 3706 1295 3777 apud
1325 3704 1727 3777 Hieronymum,
1755 3704 2049 3777 incredulus
2086 3707 2225 3777 apud

646 3781 890 3835 Orosium
922 3779 1107 3831 vitium
1139 3774 1257 3830 ﬁdei
1288 3774 1613 3829 contrarium
1646 3774 1973 3845 signiﬁcant.

719 3850 843 3903 551.
890 3847 1035 3912 Put.,
1059 3848 1248 3914 priores
1279 3861 1374 3914 pro
1402 3846 1598 3912 ﬁdeles,
1619 3845 1967 3901 dissentiente
1983 3846 2223 3903 Heinsio.

646 3921 725 3975 Ac
755 3933 944 3973 revera
974 3919 1176 3986 optime
1200 3918 1343 3971 cadit
1374 3915 1549 3982 ﬁdeles
1581 3931 1675 3986 pro
1706 3914 2045 3971 Christianis.
2094 3917 2224 3972 Nam

646 3990 861 4047 Judazos
914 4003 1008 4057 per
1055 4002 1268 4040 omnem
1325 3987 1507 4040 orbem
1563 3987 1855 4054 dispersos,
1906 3998 1960 4042 et
1999 3989 2226 4057 imperio

647 4061 1067 4117 Christianorum
1123 4072 1367 4127 magnam
1430 4067 1636 4125 partem
1686 4058 1967 4124 subditos,
2018 4070 2229 4113 constat

647 4148 766 4189 esse
792 4141 935 4185 testes
963 4129 1247 4200 iniquitatis
1280 4144 1384 4200 sine
1420 4136 1465 4181 et
1496 4130 1717 4181 veritatis
1760 4140 1964 4193 nostrw,
1996 4140 2051 4183 ut
2077 4138 2229 4185 vocat

646 4205 703 4259 S.
732 4199 1085 4271 Augustinus,
1108 4215 1284 4271 enarr.
1310 4199 1428 4271 lin
1457 4201 1718 4271 psalmum
1750 4216 1897 4253 LVIII.

722 4269 845 4329 552—.
890 4270 1010 4326 Ald.
1037 4312 1050 4337 ,
1076 4270 1194 4325 Pttt.
1214 4312 1227 4335 ,
1254 4270 1444 4323 Weitz.
1467 4311 1481 4331 ,
1505 4270 1661 4338 Man,
1692 4270 1835 4335 Rat.,
1866 4271 1979 4325 Vat.
2006 4275 2049 4326 A
2072 4313 2087 4338 ,
2121 4272 2228 4326 Ho-

650 4343 985 4399 muncionitas
1036 4357 1132 4411 pro
1199 4341 1395 4405 titulo,
1452 4340 1719 4409 Termes,
1780 4340 2225 4411 Homuutionitas.

649 4417 885 4477 'l‘huan.,
906 4410 1311 4465 Homucionitas.
1330 4411 1452 4464 Vat.
1478 4412 1539 4473 Β,
1565 4411 1753 4463 Contra
1777 4410 2223 4481 Homuncionitas,

654 4488 704 4540 id
732 4496 804 4539 est
846 4483 1132 4547 Ebionitas,
1181 4482 1254 4535 vel
1280 4481 1628 4535 Marcionitas.
1657 4482 1779 4535 Hot.
1808 4492 1861 4537 et
1886 4484 1992 4544 alii,
2026 4483 2230 4537 Homu-

652 4557 893 4618 sionitas;
936 4551 1265 4606 Torrentiani
1299 4552 1663 4619 Untusionitas,
1693 4568 1800 4606 non
1829 4553 1982 4609 bene.
2018 4556 2226 4609 Etenim

2327 2925 2488 2996 dorus
2528 2940 2615 2979 vm
2645 2925 2853 2994 Etym.,
2887 2941 3005 2996 cap.
3038 2925 3091 2994 5,
3123 2926 3188 2982 de
3217 2928 3408 2996 quibus
3450 2927 3688 2982 Isidoms
3734 2930 3806 2983 ait
3831 2944 3891 2984 ex

2327 2994 2561 3050 Eusebio
2632 3016 2642 3047 :
2702 2994 2963 3050 Christum
3018 3015 3107 3067 per
3168 2994 3454 3067 profectum
3506 2999 3675 3051 solum
3743 3002 3893 3053 virum

2318 3072 2521 3139 justum
2572 3066 3067 3139 putatur/fectum.
3131 3066 3321 3123 Paulos
3385 3069 3807 3137 Samosalenus,
3868 3088 3894 3124 a

2328 3156 2433 3208 quo
2482 3138 2718 3191 Pauliani
2777 3138 3005 3193 lucretici
3058 3140 3220 3204 dicti,
3271 3151 3323 3193 et
3372 3139 3631 3195 letinus
3678 3142 3892 3197 similem

2329 3224 2566 3265 errorem
2595 3209 2909 3281 docuerunt,
2942 3210 3211 3265 Christum
3239 3228 3266 3264 a
3291 3212 3448 3264 Maria
3482 3212 3779 3281 sumpsisse
3804 3215 3894 3267 ini-

2329 3281 2481 3354 tium,
2515 3289 2569 3333 et
2597 3294 2661 3354 ex
2693 3280 2933 3354 profectu
2962 3282 3169 3336 virtutis
3201 3283 3361 3354 Ileutn
3389 3296 3507 3336 esse
3537 3280 3759 3347 factum,
3786 3285 3893 3354 qui-

2328 3352 2426 3406 bus
2480 3349 2871 3419 quodammodo
2932 3354 3257 3406 consonabat
3304 3353 3580 3407 Nestorius
3608 3394 3623 3418 ,
3673 3349 3817 3407 duas'
3848 3356 3893 3407 in

2326 3423 2535 3476 Christo
2581 3422 2912 3491 distinguens
2960 3438 3241 3492 personas.
3312 3423 3374 3476 Ili
3421 3423 3691 3493 {putabant
3736 3424 3897 3477 homi-

2329 3511 2473 3557 nem,
2507 3493 2669 3545 lilium
2704 3493 2905 3558 Mariae,
2932 3495 3043 3555 suis
3073 3495 3273 3549 meritis
3303 3504 3644 3548 consecutum
3671 3504 3724 3548 ut
3758 3494 3900 3548 Chri-

2328 3575 2440 3618 stus
2492 3564 2659 3617 licret.
2716 3564 2839 3618 limo
2883 3575 2996 3619 erat
3039 3566 3345 3634 apotheosis
3388 3566 3738 3631 ethnicorum,
3794 3582 3895 3633 qua

2331 3635 2572 3706 homines
2604 3635 2653 3686 in
2703 3635 2831 3688 deos
2878 3636 3533 3706 comwrtebanturzquod
3560 3652 3709 3704 quam
3755 3646 3900 3691 esset

2329 3705 2643 3770 absurdum,
2674 3705 2770 3774 ipsi
2800 3707 2996 3760 ethnici
3029 3722 3133 3760 non
3166 3705 3503 3775 ignorabant,
3543 3717 3597 3761 et
3624 3706 3900 3775 Vestiasia-

2331 3792 2430 3832 ntts
2480 3776 2648 3843 prima
2700 3778 2921 3830 extremi
2969 3778 3139 3831 morbi
3186 3778 3496 3832 accessione
3532 3778 3760 3846 iocatus,
3821 3777 3900 3839 Ut,

2332 3847 2520 3917 inquit,
2547 3856 2691 3916 puto,
2717 3850 2840 3900 deus
2862 3848 2951 3915 ﬁo.
2977 3849 3236 3903 Catholici
3270 3850 3372 3901 alio
3397 3862 3559 3902 sensu
3588 3847 3898 3914 apotheosin,

2330 3934 2423 3972 seu
2470 3916 2859 3972 deiﬁca’tionem
2908 3928 3108 3973 natura:
3162 3921 3405 3973 humanae
3446 3933 3644 3974 vocare
3693 3928 3902 3986 possunt

2330 3989 2659 4044 evectionem
2692 3988 2804 4057 ejus
2832 3988 2898 4041 ad
2932 3991 3182 4044 unionem
3224 4007 3345 4046 cum
3389 4004 3615 4057 persona
3652 3990 3829 4055 Verbi,
3860 3990 3903 4043 vi

2331 4060 2480 4127 cujus
2510 4074 2635 4112 vere
2679 4059 2893 4124 dicitur,
2948 4063 3096 4115 homo
3140 4072 3211 4114 est
3242 4062 3363 4115 deus
3384 4101 3397 4123 ,
3440 4070 3512 4123 et,
3548 4072 3607 4115 ut
3635 4062 3787 4115 multi
3817 4062 3901 4116 SS.

2334 4131 2617 4201 Patresict
2645 4130 2877 4199 theologi
2909 4134 3210 4201 loquuntur,
3246 4134 3396 4185 homo
3432 4132 3603 4199 factus
3634 4142 3711 4184 est
3753 4132 3903 4185 deus:

2332 4203 2409 4255 sic
2452 4200 2639 4253 eadem
2680 4200 2988 4268 assumptio
3014 4213 3214 4257 natura:
3248 4203 3513 4263 humanae,
3546 4218 3649 4270 qua
3686 4203 3900 4257 Verbum

2332 4286 2455 4326 caro
2483 4270 2681 4324 factum
2721 4280 2821 4335 est,
2854 4273 3043 4333 dicitur
3069 4274 3351 4327 iucaruatio
3384 4272 3554 4333 Verbi,
3596 4276 3697 4327 hoc
3733 4288 3894 4327 tamen

2333 4341 2681 4405 discrimine,
2724 4342 2864 4411 quod
2897 4344 3128 4399 Verbum
3175 4344 3438 4401 existebat
3484 4352 3611 4398 ante
3659 4344 3897 4397 unionem

2333 4413 2720 4483 hypostaticam
2748 4454 2762 4474 ,
2796 4422 2983 4467 natura
3016 4416 3245 4468 humana
3289 4414 3483 4470 Christi
3528 4431 3635 4469 non
3670 4426 3793 4469 ante
3820 4430 3902 4468 cx-

2337 4484 2491 4549 stitit,
2523 4498 2681 4552 quatn
2715 4483 2885 4538 Verbo
2918 4486 3063 4539 unita
3093 4496 3193 4539 t-st.

2336 4562 2355 4576 "
2407 4551 2711 4618 560.'Put.,
2744 4557 2932 4618 nostri,
2964 4555 3259 4620 Weitzius,
3304 4555 3450 4619 Ald.,
3494 4555 3632 4623 Gis.,
3678 4557 3899 4611 excellet.

655 4605 1163 4697 ii'.;.._._...;'....-.s,;..
1201 4622 1579 4697 ερριυμιρυρηι
1622 4605 1981 4697 angustas
2018 4605 2226 4680 iam;
2256 4605 2309 4666 D
2338 4605 2583 4697 "east...
2606 4605 2948 4680 extat-Issa.
2978 4605 3637 4696 pls-iiq‘ae'aig:sua;
3665 4605 3904 4697 sagina,

654 4690 1079 4764 appellabantur,
1103 4692 1244 4762 quod
1279 4691 1371 4745 Dei
1399 4690 1592 4764 Filium
1626 4692 1769 4764 Patri
1797 4694 2227 4764 consubstantia-

655 4762 759 4821 lem
790 4765 1030 4820 dicerent
1054 4805 1067 4827 ,
1117 4772 1172 4819 et
1201 4764 1467 4817 homusion
1510 4762 1878 4816 defenderent.
1909 4763 2229 4820 Homuncio-

658 4839 877 4890 nitarum
911 4836 1150 4889 meminit
1179 4834 1235 4889 S.
1272 4833 1625 4903 Hieronymus
1652 4833 1707 4887 in
1738 4833 1916 4888 libello
1947 4834 2013 4890 de
2048 4852 2230 4892 errore

655 4908 983 4970 Iudaeorum,
1011 4922 1164 4975 quem
1193 4906 1390 4974 publici
1416 4905 1550 4973 juris
1582 4904 1708 4958 fecit
1730 4903 1984 4961 Claudius
2013 4906 2227 4961 Menar—

657 4979 777 5045 dus,
808 4974 1333 5047 VigiliusTapsensis
1360 4976 1451 5028 lib.
1484 4989 1540 5028 III
1565 4974 1632 5029 de
1655 4974 1935 5047 Trinitate,
1960 4986 2014 5031 et
2041 4988 2231 5033 auctor

656 5050 755 5104 sub
785 5045 1148 5116 Praédestinati
1192 5047 1427 5111 nomine,
1473 5062 1630 5116 quem
1661 5045 1887 5101 Jacobus
1916 5046 2232 5106 Sirmondus

658 5119 842 5174 edidit.
871 5118 1065 5172 Marius
1094 5115 1354 5172 Mercator
1383 5115 1577 5180 tradit,
1624 5118 1688 5170 ab
1718 5117 1956 5171 Ecclesia
1991 5120 2228 5173 Romana

662 5189 1082 5243 Homuncionitas
1124 5187 1416 5257 appellatos
1444 5186 1727 5241 Photinum
1761 5196 1814 5241 et
1842 5188 1959 5256 ejus
2004 5190 2230 5256 priores,

659 5261 990 5316 Sabellianos
1020 5274 1149 5313 vero
1176 5274 1297 5313 cum
1347 5257 1731 5327 antiquioribus
1758 5258 2104 5314 similioribus
2134 5276 2229 5314 eo-

661 5347 777 5386 rum
820 5329 1247 5400 Patripassianos.
1285 5329 1559 5400 Errorem,
1589 5343 1744 5395 quem
1788 5330 2106 5385 Prudentius
2138 5330 2237 5384 im-

664 5412 895 5472 pugnat,
944 5397 1104 5472 circa
1135 5414 1329 5472 annum
1361 5399 1439 5472 10
1471 5397 1766 5472 docuerunt
1813 5400 1981 5455 Ebion
2014 5410 2067 5455 et
2106 5402 2231 5454 alii:

662 5468 836 5541 glossa
862 5472 1073 5526 videtur
1095 5470 1330 5526 indicare
1360 5468 1681 5524 Marcionem
1723 5468 2235 5541 siveiMarcionitas,

664 5540 915 5611 tanquam
967 5541 1123 5611 hujus
1169 5542 1393 5596 haeresis
1438 5549 1711 5611 patronos.
1760 5540 1864 5593 Sed
1913 5541 2238 5597 Marcionita:

662 5610 804 5669 circa
834 5610 1160 5667 annumil’io
1191 5612 1243 5665 in
1281 5611 1387 5665 alio
1416 5624 1598 5666 errore
1621 5610 1834 5665 diverso
1863 5613 2238 5680 versabantur,

664 5684 872 5741 scilicet
895 5682 1162 5738 Christum
1190 5682 1468 5736 Dominum
1499 5696 1715 5737 carnem
1747 5689 1950 5735 tantum
1978 5698 2239 5752 apparen-

664 5765 772 5810 tem
798 5753 1069 5818 habuisse,
1101 5762 1160 5808 ut
1184 5753 1239 5807 in
1261 5752 1655 5822 Hamartigenia
1684 5753 1971 5807 constabit.
1998 5754 2241 5808 Pruden-

668 5826 771 5880 tius
812 5823 1142 5894 potissimum
1184 5824 1457 5894 impugnat
1492 5824 1787 5888 Ebionitas,
1844 5839 1977 5893 quos
2007 5824 2240 5894 Semiju-

666 5893 827 5950 dwos’
853 5894 1122 5963 appellant
1172 5893 1525 5957 Hieronymus
1565 5909 1634 5948 1n
1682 5895 1747 5949 ad
1786 5894 1998 5953 Calat..
2045 5906 2097 5951 et
2142 5893 2239 5951 Isi-

2333 4704 2389 4750 ut
2419 4695 2487 4749 sit
2516 4696 2571 4767 in
2606 4699 2887 4762 ptmsenti;
2931 4698 3024 4751 sed
3061 4695 3287 4763 ilurima
3330 4698 3631 4767 ltujusmodi
3665 4695 3825 4752 verba
3850 4695 3905 4749 ad

2331 4766 2616 4821 secundam
2659 4779 2709 4818 ct
2759 4771 2967 4821 tertiam
3008 4769 3434 4837 conjugationem
3486 4769 3823 4838 spectabant,
3860 4774 3909 4820 ut

2332 4838 2495 4908 fulgo,
2529 4838 2718 4907 fulgeo,
2752 4838 2889 4903 vitio,
2916 4840 3074 4892 video.

2405 4908 2718 4980 56l.~¥Hat.,
2768 4909 3003 4980 hominis.
3051 4910 3230 4980 Prag.,
3270 4926 3399 4963 vana
3441 4926 3536 4978 pro
3562 4929 3714 4973 cana,
3747 4911 3908 4964 minus

2336 4979 2492 5032 bene.
2522 4978 2716 5031 Weitz.
2746 4988 2799 5033 et
2824 4978 3023 5033 Widm.
3078 4978 3525 5050 ita'distinguunt
3559 4999 3571 5033 :
3603 4980 3822 5034 Mortale
3846 4988 3910 5031 est

2333 5050 2420 5122 sed
2471 5059 2773 5122 utrumque,
2829 5052 3019 5103 homini
3063 5068 3181 5103 nam
3230 5068 3357 5104 cana
3388 5062 3653 5106 senescunt
3694 5052 3908 5122 ingenia.

2335 5119 2482 5175 Tunc
2516 5119 2674 5190 lectio
2717 5121 2834 5174 Hal.
2869 5138 2974 5175 non
3022 5122 3196 5190 inepta
3238 5122 3475 5175 hominis.
3506 5124 3610 5177 Alii
3645 5119 3911 5189 interpun-

2335 5200 2485 5258 gunt,
2519 5188 2739 5243 Mortale
2762 5202 2833 5244 est
2874 5193 2960 5245 sed
2986 5188 3253 5261 utrumque
3284 5194 3477 5246 homini
3499 5210 3517 5247 :
3542 5210 3659 5246 nam
3688 5188 3815 5245 caua
3842 5207 3912 5243 se-

2336 5270 2547 5315 nescuttt
2591 5262 2813 5331 ingenia.
2860 5263 2917 5317 In
2944 5265 3160 5318 senibus
3191 5263 3527 5330 prudentiam
3559 5265 3762 5332 vigere,
3792 5261 3911 5332 viri-

2338 5332 2448 5404 hius,
2464 5333 2703 5404 corporis
2734 5333 3023 5388 debilitatis
3049 5375 3064 5399 ,
3093 5335 3390 5388 communis
3420 5344 3502 5390 est
3533 5331 3829 5404 persuasio.
3865 5331 3912 5383 ltt

2338 5403 2540 5456 eisdem
2577 5402 2815 5474 delirare
2857 5406 3088 5472 linguam
3129 5414 3494 5474 mentemque,
3524 5402 3813 5459 senescere
3842 5404 3914 5455 in-

2340 5474 2493 5541 genia
2541 5472 2626 5525 alii
2657 5476 2824 5529 aiunt.
2860 5476 3247 5545 Distinguenda
3294 5472 3548 5530 estut-tas
3589 5476 3861 5545 decrepita
3889 5489 3913 5523 a

2339 5556 2522 5613 vegeta
2562 5555 2887 5615 senectute,
2931 5544 3089 5615 atque
3135 5548 3239 5601 hoc
3280 5555 3437 5615 pacto
3483 5547 3772 5602 contraria:
3820 5544 3913 5598 illa:

2341 5613 2622 5669 sententiae
2643 5613 3015 5671 conciliandae.

2413 5684 2536 5739 564.
2566 5684 2751 5753 Fabr.,
2781 5688 2917 5753 Gis.,
2949 5698 3102 5741 terra.
3137 5689 3323 5745 Melius
3353 5700 3520 5745 terrm.

2416 5756 2540 5830 565.
2573 5754 2721 5830 Ald”
2747 5756 2858 5812 Gis.
2882 5759 3067 5825 etalii,
3097 5762 3347 5830 germinat
3376 5762 3429 5812 in
3465 5761 3735 5813 mundum.
3768 5757 3910 5818 Man,

2343 5825 2854 5952 )Vbeitz.,_ll_leinsius,
2884 5825 3131 5899 germinat
3156 5831 3509 5885 :immuudttm
3552 5832 3688 5900 quod
3730 5846 3829 5882 nou
3856 5832 3913 5879 ds

2366 5916 2393 5951 a
2429 5914 2454 5951 e
2480 5914 2569 5950 viri
2596 5914 2629 5949 t.

2366 5914 2454 5951 αοε
2480 5914 2629 5950 ιειηιι.
