4092 6344
314 315 421 371 969

1726 322 2169 383 APOTHEOSIS.

3480 327 3586 386 9'70

488 426 605 482 Non
620 443 766 497 caro,
784 445 880 487 nec
891 431 1105 505 sanguis
1116 433 1341 505 patrius,
1357 448 1455 491 nec
1468 433 1609 493 fmda
1625 437 1889 509 voluptas.
1920 444 1976 505 Α
2001 438 2107 497 580
2180 414 2441 509 Credidit,
2460 448 2622 509 atque
2647 438 2768 496 ideo
2781 440 3028 512 concepit
3053 441 3269 498 credula
3290 440 3585 498 Christum.

487 520 743 578 lntactam
776 524 991 581 thalami
1018 527 1188 583 virtus
1213 526 1391 583 divina
1416 531 1645 599 puellam

489 613 709 670 Sincero
737 617 863 671 ﬂatu
887 632 981 688 per
1008 619 1213 675 viscera
1245 629 1393 677 casta
1426 621 1663 677 maritat.

491 707 827 780 [incomperta
860 720 1008 767 ortus
1038 714 1247 768 novitas
1272 714 1442 784 jubet,
1476 724 1532 770 ut
1556 715 1694 771 Deus
1723 729 1842 771 esse

489 801 750 858 Credatur
778 803 1023 861 Christus
1046 806 1125 862 sic
1155 806 1437 873 conditus;
1465 806 1664 864 innuba
1693 809 1842 880 virgo

489 894 650 950 Nubit
681 895 923 965 Spiritui,
949 896 1136 953 vitium
1162 913 1260 955 nec
1289 901 1455 956 sentit
1480 901 1698 957 amoris.

491 984 753 1043 Pubcrtas
783 988 986 1059 signata
1013 996 1218 1055 manet,
1248 991 1431 1061 gravis
1460 989 1623 1059 intus,
1667 999 1722 1048 et
1748 999 1897 1049 extra

490 1077 792 1147 incolumis,
826 1080 1023 1138 ﬂorens
1051 1082 1121 1138 de
1152 1083 1422 1140 fertilitate
1454 1084 1646 1156 pudica

304 706 416 764 ‘570

312 1170 419 1227 575
490 1170 607 1227 iam
655 1181 857 1241 mater,
903 1174 999 1231 sed
1049 1176 1202 1247 virgo
1253 1184 1467 1246 tamen;
1517 1178 1683 1235 maris
1730 1178 1899 1236 inscia

489 1350 624 1424 Quid
661 1359 877 1416 renuis?
920 1359 1049 1433 quid
1090 1361 1250 1421 inane
1288 1371 1469 1435 caput,
1515 1269 1897 1433 natiuixi’iliile,

912 1520 923 1537 .
978 1524 981 1527 _
1546 1457 1828 1531 [quassast

490 1541 654 1616 454
682 1545 917 1617 Angelus
946 1545 1051 1605 hoc
1080 1558 1266 1608 sancto
1300 1551 1608 1622 pronuntiat
1630 1568 1746 1621 ore,
1790 1553 1901 1622 pla-

1653 1646 1829 1720 [cetne

486 1726 742 1799 Credere,
781 1740 835 1788 et
863 1734 1117 1806 angelicis
1147 1751 1331 1794 aurem
1362 1752 1606 1796 reserare
1636 1740 1900 1811 loquelis?

486 1820 605 1892 Ipsa
635 1828 970 1884 coruscantis
998 1830 1261 1886 monitum
1296 1844 1446 1887 sacra
1488 1833 1639 1904 virgo
1669 1833 1899 1889 ministri
1930 1827 1978 1887 Β

2181 530 2474 587 Credentes
2506 548 2625 587 nam
2652 531 2903 589 Christus
2918 532 3035 589 adit
3058 550 3074 599 ;
3106 533 3402 590 dubitabile
3420 551 3485 606 pe
3499 547 3580 594 cts

2178 624 2291 679 Sub
2321 624 2580 681 titubante
2607 625 2713 681 fide
2742 624 2932 698 refugo
2960 627 3257 683 contemnit
3286 626 3513 684 honore.

2184 719 2496 791 Virginitas,
2517 730 2573 777 et
2599 732 2843 791 prompta
2868 722 3000 778 ﬁdes
3022 721 3293 778 Christum
3310 722 3443 780 bibit
3464 723 3589 781 alvo

2178 813 2388 880 Cordis,
2421 822 2476 870 et
2505 815 2729 872 intactis.
2750 816 2932 872 condit
2964 815 3199 887 paritura
3227 818 3468 875 latebris.

2001 906 2107 965 585
2181 908 2376 974 Crede,
2408 909 2549 980 quod
2580 912 2810 967 emissus
2831 910 2967 967 solio
2994 909 3168 966 Patris
3196 914 3418 983 angelus
3440 912 3585 968 iniit:

2182 998 2303 1068 Vel,
2334 1002 2379 1056 si
2409 1011 2695 1058 concretus
2722 1001 2975 1073 liquidam
3007 1002 3074 1059 de
3103 1004 3282 1061 sid’ere
3316 1019 3498 1062 vocem

2173 1092 2288 1150 Non
2319 1095 2462 1164 capit
2502 1093 2739 1163 auditus,
2781 1095 2977 1151 mulier
3015 1095 3142 1167 quid
3182 1097 3408 1169 conjuge
3447 1113 3589 1170 prte-

3328 1189 3521 1263 [suam

2181 1279 2393 1338 Clamet
2421 1295 2575 1350 anus,
2607 1282 2857 1354 credens,
2892 1289 2945 1337 et
2975 1282 3190 1339 tandem
3212 1282 3424 1340 sobrius
3447 1284 3589 1340 audi.

2181 1372 2343 1446 455
2374 1374 2505 1430 Mira
2541 1374 2702 1430 fides!
2759 1384 2910 1432 utero
2946 1390 3079 1446 puer
3106 1375 3437 1446 interceptus
3466 1376 3595 1433 anili

2008 1462 2115 1522 590
2193 1464 2504 1534 Virgineum
2531 1465 2806 1521 dominum
2837 1475 3080 1523 materno
3106 1481 3171 1523 ex
3201 1482 3296 1524 ore
3320 1468 3519 1524 salutat

2182 1557 2417 1621 Primus,
2453 1568 2505 1613 et
2537 1558 2795 1613 infantem
2826 1574 2933 1614 non
2968 1569 3125 1615 natus
3155 1560 3365 1615 nuntiat
3387 1561 3562 1617 infans

2183 1649 2302 1705 Jam
2341 1659 2586 1705 nostrum
2619 1652 2799 1721 vagire
2827 1652 2970 1707 sibi:
3013 1667 3134 1707 nam
3166 1655 3319 1722 pusio
3360 1653 3597 1709 nondum

2188 1742 2372 1806 Norat,
2405 1751 2459 1797 et
2486 1758 2579 1798 ora
2609 1743 2718 1799 Deo
2748 1745 3025 1800 reserabat
3051 1747 3266 1815 garrula
3296 1746 3530 1802 Christo.

2188 1834 2425 1892 Promite
2450 1844 2690 1892 secretos
2712 1836 2879 1894 fastos
2906 1856 2919 1889 :
2947 1837 3087 1902 date,
3128 1839 3344 1909 pandite
3376 1839 3593 1910 librum,

1612 1928 1900 1985 ϐιοδδιΕ
1942 1930 2278 1987 VETERES.
2310 1980 2317 1989 .

383 2013 507 2087 567.
536 2015 692 2087 Caro,
726 2024 959 2085 materia,
990 2020 1086 2084 vel,
1118 2029 1173 2073 ut
1200 2021 1289 2075 alii
1321 2022 1485 2076 solent
1508 2022 1672 2087 nasci,
1707 2024 1745 2077 Ι.

385 2086 509 2159 568.
545 2086 822 2159 intactam,
854 2089 1112 2159 ignaram,
1144 2091 1220 2146 vel
1250 2098 1460 2159 castam,
1498 2092 1537 2148 Ι.

383 2157 509 2212 569.
542 2158 772 2237 Maritat,
807 2157 1073 2237 fecundat,
1106 2170 1152 2215 et
1184 2174 1417 2235 prtegnat
1439 2157 1457 2217 ἐ
1480 2163 1691 2219 maritat
1729 2165 1903 2237 pluuia

316 2238 528 2297 terram,
559 2230 611 2281 id
637 2240 708 2282 est
732 2232 989 2297 fecundat,
1023 2232 1061 2285 Ι.

384 2300 507 2354 57υ.
547 2302 897 2369 Incomperta,
945 2304 1239 2372 incognita,
1284 2320 1385 2359 non
1422 2307 1648 2373 inventa,
1695 2308 1798 2362 lso.
1831 2338 1901 2347 —

319 2370 501 2436 Ortus,
532 2373 835 2435 nativitatis,
871 2370 1137 2441 genitivus,
1171 2374 1213 2428 1.

385 2442 511 2520 572.
544 2442 978 2520 Νυὺλξξρὶπίψί,
1004 2460 1105 2520 non
1132 2446 1271 2515 quod
1299 2446 1544 2520 Spiritus,
1570 2459 1777 2503 sanctus
1804 2466 1904 2520 pa-

316 2523 392 2588 ter
437 2513 609 2581 fuisset
635 2511 767 2588 Filii
800 2511 1412 2588 Deipsedcooperante
1452 2517 1653 2588 Spiritu
1703 2511 1895 2585 sancta,

315 2581 665 2657 Patengenuit
691 2600 826 2647 eum,
857 2594 903 2657 et
931 2584 1047 2653 fecit
1080 2581 1338 2640 incarnari
1368 2590 1419 2641 in
1448 2581 1589 2643 utero
1620 2590 1820 2657 Mariir,
1857 2581 1896 2645 ιζ

539 2654 818 2734 Pubertas,
856 2655 1098 2734 jureniﬁlis
1146 2659 1387 2734 castitas,
1411 2660 1467 2734 id
1508 2671 1587 2734 est
1613 2654 1896 2734 uirginitas.

337 2725 652 2800 —_§i_gna_ta,
682 2726 879 2800 clausa.
914 2756 982 2765 —
1010 2728 1217 2793 Gravis,
1248 2730 1478 2800 gravida,
1508 2731 1545 2784 1.

387 2796 515 2870 526.
539 2796 653 2870 l_V_on
684 2795 921 2870 credule,
962 2815 991 2850 o
1018 2795 1266 2868 per/ide,‘
1288 2801 1364 2855 uel
1400 2795 1825 2870 Ilomuncionita,
1862 2804 1901 2857 Ι.

388 2867 516 2922 577.
549 2866 680 2933 Hoc,
711 2870 838 2935 fore,
879 2868 916 2921 Ι.

386 2936 512 2993 582.
542 2938 847 2992 Contemnit
900 2940 1115 3000 resauit,
1151 2939 1193 2996 Ι.

2079 2026 2204 2079 585.
2242 2023 2401 2088 Bibit,
2428 2039 2521 2088 pro
2543 2024 2792 2090 concepit,
2826 2023 2863 2076 1.

2081 2094 2207 2152 584.
2242 2095 2507 2158 Latebris,
2541 2094 2885 2161 interioribus,
2921 2100 2958 2153 l.

2080 2165 2206 2221 585.
2238 2165 2474 2234 Angelus
2503 2166 2657 2229 inftt,-
2691 2163 2916 2233 Spiritus
2958 2173 3165 2218 sanctus
3203 2168 3518 2234 superveniet
3547 2167 3599 2221 in

2009 2245 2078 2304 te,
2110 2246 2217 2291 etc.
2250 2238 2355 2292 lso.
2940 2292 2943 2295 .

2084 2308 2207 2363 586.
2240 2306 2558 2368 Concretas,
2593 2322 2815 2369 crassus,
2848 2309 3144 2372 obduratus,
3192 2306 3268 2360 uel
3299 2308 3509 2377 spissus.
3533 2337 3602 2351 -—-

2012 2381 2089 2436 De
2119 2380 2313 2441 sidere,
2346 2379 2652 2432 descendere
2676 2381 2725 2429 in
2749 2378 2923 2442 corde,
2962 2378 3001 2430 Ι.

2083 2449 2207 2507 587.
2238 2447 2495 2517 Conjuge,
2525 2452 2709 2501 marito
2739 2443 3014 2511 Zacharia,
3054 2447 3094 2501 l.

2084 2521 2209 2577 589.
2244 2519 2596 2587 Interceptus,
2632 2528 2928 2586 conceptus,
2959 2518 2998 2573 l.

2083 2592 2207 2647 590.
2242 2591 2315 2644 Ex
2354 2604 2479 2651 ore,
2527 2592 2645 2659 quia
2693 2588 2925 2642 Joannes
2975 2605 3075 2641 non
3128 2600 3324 2643 tocutus
3373 2600 3465 2657 est,
3514 2596 3602 2646 sed

2014 2672 2159 2735 gestu
2190 2661 2417 2735 corporis
2448 2662 2667 2735 ostendit
2696 2659 3226 2735 adventumADomini,
3261 2661 3298 2735 l_.

2083 2736 2207 2789 595.
2239 2733 2424 2796 Norat,
2465 2730 2656 2784 scilicet
2689 2731 2843 2798 loqui.
2874 2760 2945 2770 —-
2975 2730 3221 2799 Garrula,
3269 2732 3527 2800 loquacia,
3559 2732 3603 2797 1,

2080 2803 2204 2858 594.
2241 2803 2451 2864 Fastos,
2481 2810 2673 2856 secreta
2717 2802 2874 2873 dicta,
2900 2801 3132 2873 annales
3152 2818 3189 2873 ;_
3217 2804 3381 2871 fastus
3407 2813 3607 2873 quarta

2008 2875 2388 2941 declinationis,
2418 2874 2689 2943 superbia;
2724 2872 2846 2941 fasti
2887 2871 3005 2926 libri
3034 2871 3268 2939 annales,
3300 2873 3342 2926 1.

1666 3034 2232 3092 COMMENTARIUS.

388 3121 512 3179 567.
543 3123 688 3189 Δια..
723 3141 825 3177 non
854 3126 1083 3193 sanguis.

393 3194 517 3251 569.
552 3195 903 3267 Egm.,7Put.,
958 3194 1080 3267 Vat.
1111 3196 1179 3260 A,
1217 3193 1355 3262 PaL,
1384 3199 1529 3266 ﬂatu.
1564 3196 1689 3261 Alii,
1714 3200 1903 3267 afﬂatu.

320 3264 470 3392 Lion:
503 3276 557 3321 et
586 3264 691 3320 duo
721 3266 902 3331 Tom,
933 3265 1152 3332 affectu;
1182 3268 1311 3335 flatu
1342 3264 1553 3324 videtur
1583 3264 1906 3339 Inagis'l’ru-

359 3348 653 3392 entianum.

359 3340 653 3393 entianum.

392 3410 515 3465 57L
552 3408 607 3479 la
640 3407 759 3461 Vat.
794 3409 834 3461 A
867 3406 1017 3461 abest
1059 3404 1291 3462 Christus
1334 3410 1654 3479 negligentia
1706 3412 1907 3465 exscri-

321 3479 513 3563 ptoris.
546 3478 766 3563 innuba,
802 3488 857 3559 ut
887 3486 1070 3559 postea
1113 3492 1270 3531 versu
1301 3478 1427 3545 6M,
1477 3483 1695 3563 innupto
1734 3482 1905 3563 ubere,

322 3549 462 3606 idem
491 3558 593 3614 est,
623 3565 685 3605 ac
715 3550 870 3603 maris
898 3549 1082 3621 inscia,
1128 3564 1442 3621 seuiexpers
1472 3549 1732 3621 conjugis.
1780 3553 1909 3606 Dre-

323 3624 513 3692 panius
545 3621 732 3676 Florus
763 3622 815 3675 in
847 3620 1085 3674 carmine
1112 3618 1177 3673 de
1207 3620 1375 3692 Cerco
1406 3618 1681 3692 Paschali:
1708 3621 1909 3678 Intacta

323 3688 593 3763 praegnans
618 3701 761 3745 utero
778 3692 927 3763 dedit
966 3691 1157 3763 innuba
1188 3688 1365 3745 mater'.
1415 3690 1679 3747 Notaruut
1722 3694 1907 3763 aliqui,

325 3762 512 3817 nubere
541 3762 835 3833 aliquando
877 3762 1215 3833 metaleptice
1260 3774 1436 3817 actum
1475 3762 1910 3833 conjugaleinsi—

323 3832 611 3903 gnificare;
644 3832 766 3903 hinc
787 3831 917 3903 illud
942 3844 1201 3903 :_peream,
1232 3832 1331 3885 nisi
1359 3834 1542 3888 nubere
1572 3831 1718 3887 dulce
1742 3845 1835 3899 est,
1858 3845 1911 3888 et

325 3900 487 3970 nupta
516 3902 683 3955 verba.
712 3902 850 3954 Ilinc
879 3900 1106 3967 Deipara
1152 3912 1311 3954 mater
1331 3905 1563 3970 innupta,
1609 3915 1655 3957 et
1696 3906 1907 3958 innuba.

327 3969 523 4040 Psyclt.
550 3988 702 4043 vers.
736 3973 805 4043 74
831 3972 1027 4043 :Atque
1048 3971 1264 4040 innupta
1282 3970 1447 4024 Deum
1468 3969 1696 4043 concepit
1720 3976 1912 4042 femina

330 4052 519 4111 mater.
546 4042 759 4096 Plautus
790 4042 980 4095 Pseud.
1015 4050 1119 4094 act.
1156 4057 1192 4106 l,
1237 4056 1386 4097 scen.
1411 4043 1443 4094 5
1470 4060 1482 4095 :
1510 4042 1627 4096 Eho
1667 4060 1734 4096 an
1776 4061 1911 4096 nun-

329 4123 485 4180 quam
536 4114 686 4182 hujus
734 4112 954 4177 nupsisti
996 4112 1167 4182 patri."
1215 4112 1274 4165 B.
1335 4113 1599 4181 Virginem
1642 4115 1913 4180 innuptam

331 4183 487 4238 multi
539 4181 719 4237 Patres
776 4184 1061 4247 dixerunt,
1112 4181 1507 4249 Tertullianus,
1562 4184 1907 4253 Epiphanius,

331 4254 683 4323 Augustinus,
718 4253 1004 4323 Gregorius
1039 4253 1277 4321 Magnus,
1313 4253 1637 4308 Bernardus.

404 4322 529 4380 579..
565 4326 726 4382 Error
755 4323 873 4376 Vat.
907 4322 971 4387 A,
1006 4323 1137 4377 subit
1176 4338 1269 4392 pro
1299 4324 1459 4377 nubit.

349 4455 361 4467 _
406 4396 528 4467 575.
578 4394 873 4467 Virginitas
908 4394 1149 4467 Deipara:
1193 4396 1294 4467 hoc
1329 4394 1470 4467 loco
1515 4395 1916 4467 demonstratur

336 4464 524 4524 iisdem
569 4464 693 4521 fere
724 4464 905 4521 verbis
954 4465 1146 4533 quibus
1177 4465 1429 4519 Arnulfus
1480 4482 1606 4520 usus
1636 4476 1719 4522 est
1752 4484 1764 4517 :
1804 4466 1917 4520 Nec

336 4546 522 4593 reserat
555 4546 729 4605 partus
749 4537 937 4605 signati
961 4534 1185 4589 claustra
1213 4538 1445 4606 pudoris.
1490 4538 1622 4592 Vide
1651 4540 1769 4603 ejus
1798 4552 1919 4591 car-

337 4625 461 4665 men
493 4609 631 4678 aputl
666 4610 938 4662 Barthium
970 4607 1063 4662 lib.
1098 4623 1180 4660 LVI
1204 4607 1455 4675 Advers.,
1482 4624 1600 4677 cap.
1630 4610 1715 4663 16.

409 4680 535 4735 576.
564 4681 817 4744 Quassare
847 4688 1003 4745 caput
1035 4678 1306 4731 irridentis
1352 4689 1453 4744 est,
1505 4694 1608 4734 non
1650 4680 1820 4733 solum
1852 4695 1915 4734 ex

2010 3129 2175 3182 visum
2202 3142 2324 3178 mox
2351 3126 2595 3189 credidit,
2621 3135 2676 3180 et
2704 3125 2808 3179 alia
2838 3125 2986 3179 addit
3014 3124 3080 3179 ab
3104 3125 3321 3183 Heinsio
3346 3138 3606 3183 mutuata.

2088 3197 2211 3252 585.
2258 3183 2449 3250 Petrus
2492 3183 2781 3259 Lucensis,
2833 3196 3163 3249 revelatione
3210 3198 3455 3261 feminae,
3519 3215 3610 3254 aut

2019 3268 2154 3324 falsa
2178 3275 2271 3320 aut
2297 3266 2440 3320 male
2467 3265 2763 3327 intellecta,
2796 3265 3036 3329 delusus,
3076 3268 3365 3320 somniavit
3400 3271 3459 3322 Β.
3497 3271 3610 3322 \‘ir-

1935 3336 1983 3400 C
2013 3338 2405 3411 ginemgcorde,
2436 3350 2543 3411 non
2566 3344 2722 3411 utero
2752 3337 3085 3411 concepisse.
3137 3337 3269 3411 [line
3293 3340 3464 3411 errori
3511 3343 3606 3392 mi-

2017 3404 2161 3465 nime
2194 3409 2338 3463 lavet
2367 3405 2713 3472 Prudentius,
2762 3404 2855 3474 qui
2886 3406 3112 3473 ﬁgurate
3140 3404 3225 3460 hic
3258 3407 3514 3476 loquitur,
3556 3422 3611 3464 et

2015 3484 2159 3537 clare
2190 3480 2309 3533 aliis
2342 3480 2392 3531 in
2421 3478 2551 3531 locis
2576 3491 2758 3529 verum
2788 3478 3110 3545 sententiam
3143 3479 3506 3545 amplectitur,
3555 3490 3611 3535 ut

2017 3567 2156 3607 vers.
2193 3550 2259 3604 58
2292 3549 2450 3616 hujus
2478 3547 2758 3615 poematis,
2792 3544 2965 3599 Enixa
2994 3556 3067 3617 est
3097 3548 3190 3599 sub
3222 3544 3329 3617 lege
3356 3553 3503 3602 uteri.
3552 3551 3611 3604 In

2016 3623 2362 3691 responsorio
2408 3617 2923 3691 57_Ciren_mc_isionis
2963 3616 3165 3691 similia
3198 3616 3321 3672 sunt
3354 3638 3365 3671 :
3413 3622 3612 3687 Conﬁr-

2017 3687 2207 3747 malum
2230 3699 2303 3745 est
2323 3707 2409 3744 cor
2449 3688 2705 3758 Virginis,
2729 3687 2783 3740 in
2805 3704 2905 3757 quo
2938 3688 3110 3741 divina
3135 3692 3393 3760 mysteria,
3428 3693 3614 3760 angelo

2018 3766 2302 3827 nuntiante,
2336 3762 2606 3828 concepit:
2634 3769 2754 3812 tunc
2793 3760 3078 3829 speciosum
3117 3758 3285 3827 forma
3332 3774 3439 3829 pra:
3492 3758 3613 3822 filiis

2018 3836 2281 3889 hominum
2338 3832 2489 3885 castis
2558 3831 2783 3898 suscepit
2852 3830 3143 3883 uisceribus.
3216 3832 3502 3886 l’everatus
3560 3835 3612 3886 in

2018 3915 2134 3960 not.
2182 3920 2313 3957 mss.
2368 3903 2528 3956 etiam
2581 3904 2798 3967 pr0pius
2840 3900 2904 3953 ad
2955 3900 3227 3954 Pruduntii
3281 3912 3513 3957 mentem
3560 3912 3616 3958 et

2018 3977 2337 4029 sententiam
2381 3972 2525 4025 addit
2579 3972 2634 4026 Β.
2686 3971 2953 4037 Virginem
3025 3972 3223 4039 duplici
3274 3975 3433 4026 modo
3475 3990 3609 4038 con-

2019 4046 2250 4110 cepisse,
2281 4043 2385 4096 fide
2437 4043 2689 4110 primum,
2742 4056 2804 4093 ac
2846 4041 3055 4107 spiritu,
3105 4055 3211 4093 tum
3253 4057 3435 4107 carne,
3486 4044 3614 4097 dum

2019 4115 2217 4169 ChrlSli
2249 4128 2447 4181 corpus
2471 4122 2624 4164 utero
2654 4112 2932 4181 complexu
2964 4119 3066 4173 est,
3118 4124 3179 4163 ex
3227 4113 3282 4165 S.
3316 4116 3613 4181 Augustino

2020 4188 2087 4239 de
2116 4185 2418 4238 Trinitate:
2453 4181 2689 4252 Materna
2713 4180 3067 4249 propinquitas
3114 4180 3243 4233 nihil
3274 4180 3457 4236 Maria:
3492 4200 3615 4252 pro-

2020 4257 2214 4326 fuisset,
2262 4255 2361 4308 nisi
2395 4251 2595 4322 felicius
2620 4250 2876 4304 Christum
2898 4253 3067 4317 corde,
3105 4266 3259 4317 quam
3299 4268 3452 4307 carne
3492 4250 3614 4323 por-

2021 4335 2196 4380 tasset.

2093 4398 2221 4452 586.
2270 4395 2536 4451 Giselinus
2567 4400 2712 4448 recte
2756 4392 2995 4445 auditum
3034 4404 3323 4446 concretum
3367 4410 3434 4449 ex
3470 4398 3611 4454 mole

2023 4476 2201 4523 terrea
2233 4478 2567 4533 compactum
2596 4464 2836 4531 exponit,
2862 4462 3041 4534 addito
3065 4465 3330 4537 axiomate
3354 4466 3577 4537 physico
3600 4485 3614 4521 ;

2022 4556 2201 4593 sensus
2217 4539 2488 4594 exteriores
2511 4542 2575 4589 ast
2598 4537 2848 4607 objectum
2870 4550 3177 4604 magnopere
3198 4536 3394 4605 insigne
3414 4538 3615 4604 habere,

2024 4626 2299 4679 eorumque
2318 4608 2578 4679 judicium
2606 4608 2812 4660 uiolari.

2098 4676 2224 4735 587.
2258 4676 2354 4734 Adi
2386 4681 2540 4732 Luem
2573 4694 2610 4741 ι,
2644 4679 2712 4731 Ir).
2744 4687 2792 4730 et
2820 4690 2996 4744 seqq.,
3050 4676 3115 4730 de
3141 4677 3198 4730 S.
3236 4678 3505 4735 Elisabeth
3538 4683 3616 4736 vi-

339 4728 966 4820 tesvti'moi'i‘iovlsvcriptura}
996 4763 1190 4801 mouere
1219 4760 1389 4818 caput,
1439 4728 1572 4814 etc”
1617 4750 1713 4805 sed
1756 4751 1916 4805 etiam
1948 4728 1999 4788 Ῑ)
2028 4753 2187 4808 sitata
2218 4768 2245 4804 a
2279 4751 2495 4820 tleipara
2519 4728 2767 4820 ‘Vii‘gine.

338 4820 478 4889 apud
508 4821 773 4884 ethnicus,
824 4818 962 4887 apud
994 4822 1289 4889 quosgirae,
1339 4827 1393 4872 et
1438 4821 1610 4876 luctus
1659 4822 1817 4873 etiam
1864 4821 1918 4875 id

339 4887 550 4961 signum
578 4891 887 4945 habebatur.
912 4888 1041 4961 Vide
1069 4887 1301 4961 Deirium
1328 4890 1379 4961 in
1404 4890 1653 4961 Tragoedi.
1674 4892 1915 4961 Senecm.

414 4964 538 5016 577.
575 4962 756 5016 lleins.
786 4975 905 5015 cum
933 4958 1331 5024 Put.,'l‘huan.,
1353 4960 1724 5026 Rot.,duobus
1740 4960 1919 5026 Torr.,

340 5034 669 5096 Cancltiann,
718 5036 827 5102 fore
853 5032 1095 5102 "nuntiat.
1147 5031 1317 5083 Nostri
1362 5041 1416 5085 et
1443 5030 1555 5096 alii,
1608 5034 1920 5100 pronuntiat.

344 5101 737 5159 Ctiamillardus
761 5102 826 5154 ab
849 5101 1067 5156 lleinsiu
1091 5102 1335 5166 recessit,
1368 5111 1583 5156 secutus
1606 5106 1922 5171 pronuntiat.

342 5177 563 5229 'l’eolius
586 5173 749 5227 edidit
772 5175 880 5239 fore
899 5172 1119 5239 nuntiat,
1135 5172 1229 5226 sed
1255 5171 1427 5227 fassus
1448 5184 1530 5227 est
1550 5188 1701 5242 teque
1730 5174 1923 5227 bonam

343 5246 631 5301 lectionem
663 5258 780 5299 esse
824 5246 1143 5310 pronuntiat,
1195 5255 1246 5298 et
1277 5244 1329 5297 in
1371 5245 1617 5299 omnibus
1645 5245 1757 5297 fere
1782 5244 1922 5297 Vatt.

345 5314 827 5387 repeririLAngeli
865 5316 1027 5387 verba
1048 5314 1175 5387 lege
1195 5329 1312 5387 cap.
1341 5331 1358 5367 ι
1388 5314 1568 5380 Luem,
1590 5313 1659 5387 28
1690 5323 1924 5387 et_seqq.
1960 5328 1963 5331 ·

422 5384 546 5441 579.
587 5384 804 5453 Weiiz.,
853 5384 991 5453 Gis.,
1041 5384 1183 5448 Rat,
1239 5385 1417 5455 l’rag.,
1468 5386 1694 5438 monitis.
1740 5384 1925 5453 Fabr.,

352 5458 600 5512 monitus.
634 5458 809 5526 Egm.,
836 5457 1024 5526 Bong.,
1073 5456 1347 5509 lleinsiani
1387 5456 1625 5524 plerique
1653 5463 1706 5510 et
1736 5456 1927 5521 n05tri,

354 5529 625 5583 monitum.
677 5527 919 5582 Galtand.
972 5542 1091 5581 cum
1139 5527 1259 5579 Ald.
1306 5536 1359 5581 et
1398 5528 1638 5580 ’l‘ornzes.
1687 5529 1930 5594 sequitur

354 5602 601 5653 monitum
627 5600 858 5663 credidit,
887 5608 941 5652 ut
967 5612 1110 5652 vers.
1136 5598 1260 5663 368,
1290 5599 1449 5651 visum
1474 5612 1592 5651 mox
1618 5596 1850 5661 credidit,
1874 5604 1929 5651 et

355 5686 501 5725 νει-ε.
534 5671 658 5732 715,
701 5673 815 5741 jam
838 5669 984 5741 crede
1022 5669 1208 5721 Deum.
1256 5669 1313 5721 in
1341 5669 1470 5724 Mar.
1498 5668 1697 5741 recenti
1740 5682 1923 5741 manu,

356 5743 583 5796 monitis.
608 5739 993 5797 Chamillardus
1022 5741 1145 5807 legit
1175 5742 1397 5805 monitis,
1444 5748 1497 5793 et
1526 5740 1576 5792 in
1607 5748 1729 5793 nOIa
1760 5739 1927 5791 inter—

358 5822 537 5890 rogat,
564 5827 727 5867 nonne
766 5813 1046 5862 monitum?
1078 5829 1192 5862 .iziiu
1221 5829 1397 5881 supra,
1436 5809 1532 5870 Ille
1560 5809 1726 5868 Deum
1761 5809 1926 5869 vidit;

724 5906 998 5972 Panos.
1035 5903 1207 5969 LIX.

2099 4823 2223 4877 593.
2261 4815 2385 4873 Vat.—
2410 4821 2477 4884 A,
2508 4815 2692 4882 Deum,
2726 4818 3001 4879 mendose,
3030 4830 3129 4885 pro
3154 4815 3283 4871 Deo.

2100 4893 2226 4948 594.
2260 4889 2445 4943 Fastos
2488 4890 2604 4956 lego
2634 4904 2754 4961 cum
2785 4886 2923 4940 Vati.
2958 4887 3135 4961 Bitubi
3178 4902 3258 4942 est
3284 4891 3495 4961 fastus).
3546 4894 3610 4960 Q,

2034 4962 2186 5025 Urb.,
2223 4962 2373 5016 Alex.
2422 4975 2451 5011 a
2479 4958 2712 5012 secunda
2758 4972 2941 5021 manu,
2992 4960 3225 5023 'l'lium,
3278 4958 3499 5028 Egmﬁa
3528 4958 3588 5017 se

2030 5032 2203 5087 cnnda
2234 5046 2417 5096 manu,
2448 5037 2501 5081 et
2528 5028 2740 5081 caeteris
2772 5028 3074 5082 lleinsiani»
3107 5039 3301 5096 prz'cter
3346 5033 3492 5098 Put.,
3525 5034 3613 5087 ubi

2033 5110 2188 5172 fatos,
2234 5112 2287 5155 et
2312 5103 2522 5172 ’l'liuan:
2552 5115 2582 5172 τι
2612 5099 2844 5172 secunda
2881 5115 3039 5153 manu
3070 5100 3452 5172 festos.__.‘_lldus
3480 5118 3615 5168 quo-

2032 5170 2159 5243 que,
2182 5173 2449 5243 T0r_l_l:l}.~‘.,
2487 5170 2756 5235 Galland.,
2780 5170 3391 5243 Bong.,4fastos.rWidm.
3427 5187 3612 5239 supra,

2028 5239 2218 5313 fastus.
2274 5239 2423 5295 Fasti
2478 5244 2801 5295 vocabantur
2850 5240 3299 5313 tabelltequibus
3340 5242 3457 5313 dies
3498 5244 3617 5297 festi

2034 5309 2361 5384 profestique
2388 5314 2558 5366 notari
2596 5313 2867 5384 solebant:
2914 5309 3033 5363 Vat.
3063 5310 3148 5384 A,_
3183 5310 3337 5384 Marp,
3392 5311 3613 5380 Weitz.,

2033 5379 2146 5440 Gis.
2178 5394 2233 5438 et
2264 5379 2608 5447 recentiores,
2639 5383 2795 5453 fatus.
2833 5379 3149 5453 Egm._a_pud
3184 5379 3400 5453 We_itz.,
3454 5379 3620 5453 fatos;

2032 5456 2171 5525 apud
2194 5454 2489 5520 lleinsiani,
2521 5449 2700 5523 fastos.
2727 5449 2971 5525 Andreas
2986 5449 3214 5525 deius
3241 5451 3308 5505 ab
3336 5452 3436 5506 hoc
3455 5449 3622 5508 versu

2034 5520 2309 5580 inchoavit
2337 5541 2487 5580 suam
2521 5520 2919 5590 Expositionem
2954 5522 3005 5575 in
3038 5520 3174 5575 festo
3215 5525 3373 5576 trium
3406 5539 3615 5592 regum,

2035 5596 2228 5651 factam
2258 5613 2322 5651 ex
2349 5596 2717 5665 Apotheoseos
2741 5593 3060 5665 quibusdam
3089 5592 3332 5665 versibus
3358 5611 3370 5646 :
3392 5597 3482 5663 qui
3508 5596 3624 5661 ipse

2037 5668 2200 5723 etiam
2228 5667 2355 5738 legit
2385 5663 2571 5738 fastos.
2607 5664 2951 5738 Bulengerus,
2972 5663 3074 5738 _de
3104 5663 3261 5717 Rom.
3295 5667 3426 5738 Imp.
3460 5665 3566 5738 lib:
3588 5682 3622 5729 ι,

2036 5754 2159 5807 cap.
2186 5732 2464 5806 20,vplura
2488 5736 2650 5807 habet
2670 5734 2741 5807 de
2769 5732 2941 5807 fastis.
2971 5734 3205 5789 Isidorus
3248 5753 3295 5788 lli
3332 5735 3426 5789 lib.
3460 5734 3630 5807 hille-

2037 5805 2262 5873 t‘eittiar.
2284 5805 2447 5877 docet
2471 5806 2627 5877 fastos
2653 5805 2754 5863 dici
2773 5805 2839 5864 de
2867 5805 3037 5877 libris,
3060 5811 3221 5879 fastus
3251 5808 3320 5867 de
3347 5806 3631 5883 superbia,

3115 5901 3191 5974 31
