4092 6344
573 353 669 410 071

575 469 677 524 τ.θῦ
753 465 1002 522 Evomuit
1027 465 1262 536 spirante
1292 463 1402 521 Deo
1429 477 1586 535 quem
1618 473 1832 520 sanctus
1861 465 2046 521 Isaias.

751 559 1076 612 Percensere
1103 555 1254 623 libet,
1295 555 1594 627 calamique
1637 557 1916 612 revolvere
1943 557 2149 628 sulcos,

749 653 986 710 Sidereis
1013 665 1148 723 quos
1175 652 1264 708 illa
1297 653 1438 708 notis
1471 667 1660 708 manus
1685 667 1845 706 aurea
1871 651 2044 707 duxit.

748 747 828 803 lte
852 747 994 814 hinc,
1025 745 1150 800 dum
1177 743 1372 800 rutilos
1390 745 1568 814 apices
1595 745 1893 800 submissus
1931 744 2122 812 adoro,

665 901 673 912 κ
749 841 886 897 Dum
918 841 1219 911 lacrymans
1257 853 1509 904 veneror,
1565 838 1800 908 dumque
1829 839 2010 892 oscula
2040 837 2156 893 dul-

1827 929 1928 1000 [cia
1959 929 2083 999 ligo.

580 1007 682 1084 €500
705 1028 870 1101 456
897 1025 1104 1084 Gaudia
1137 1025 1450 1097 concipiunt
1476 1026 1762 1096 lacrymas,
1797 1023 1925 1078 dant
1963 1023 2155 1094 gaudia
2209 1008 2216 1017 ’

1879 1115 1894 1186 [
1903 1115 2082 1170 ﬂetum

755 1213 982 1268 Advenit
1010 1211 1272 1281 promissa
1305 1209 1440 1272 dies,
1467 1223 1624 1278 quam
1657 1208 1862 1262 dixerat
1890 1207 1990 1260 iste

755 1305 956 1360 Adfore
979 1303 1300 1368 versiculus,
1327 1317 1446 1356 cum
1477 1301 1622 1370 virgo
1651 1315 1934 1370 puerpera,
1964 1307 2099 1354 teste

757 1391 910 1450 Haud
933 1395 1095 1450 dubie
1125 1407 1344 1464 sponso,
1377 1393 1516 1462 pacti
1545 1392 1628 1446 cui
1657 1405 1787 1466 cura
1815 1389 2050 1459 pudoris,

1673 347 1947 404 AURELll
1985 343 2352 405 PRUDE‘NTII
2389 344 2712 403 CARMINA.‘

3735 325 3846 395 9n

2431 460 2634 524 Edidit,
2663 459 3086 529 Emmanuelque
3117 471 3292 514 meum
3325 471 3413 512 me
3436 470 3662 514 cernere
3693 455 3830 512 fecit.

2257 556 2362 614 605
2435 558 2600 612 Estne
2622 557 2762 611 Deus
2785 553 2892 625 jam
2913 563 3098 610 noster
3119 552 3312 608 homo?
3340 560 3603 616 versatur,
3627 559 3680 605 et
3703 557 3838 604 astat

2435 649 2750 715 Nobiscum,
2801 659 3102 716 nomenque
3130 643 3340 716 probat,
3391 656 3714 710 versumque
3741 655 3832 724 vel-

3593 733 3772 804 [Iustis

2442 835 2739 890 Obscurum
2769 832 2946 888 saeclis
2975 829 3228 902 praesenti
3255 829 3520 884 illuminat
3545 833 3660 882 ore.

2442 928 2606 982 Estne
2629 927 2792 997 Deus,
2825 926 2978 995 cujus
3006 939 3172 979 cunas
3203 929 3490 978 veneratus
3523 921 3681 975 Eous.

2439 1019 2706 1075 Lancibus
2737 1020 2938 1075 auratis
2966 1015 3164 1088 regalia
3195 1015 3394 1070 fercula
3427 1013 3650 1083 supplex

2245 1113 2372 1168 σϐ10
2445 1111 2679 1180 Virginis
2702 1111 2766 1166 ad
2799 1113 3062 1182 gremium
3087 1107 3273 1179 pannis
3299 1105 3591 1176 puerilibus
3622 1103 3820 1184 oll‘ert?_

2429 1204 2562 1271 Quis
2593 1211 2700 1258 tam
2723 1213 3006 1274 pennatus,
3025 1201 3320 1270 rapidoque
3337 1197 3642 1253 simillimus
3663 1204 3846 1251 anstro

2440 1297 2668 1353 Nuntius
2693 1313 2901 1353 aurorae
2931 1297 3181 1367 populos,
3215 1305 3374 1365 atque
3407 1293 3592 1348 ultima
3623 1292 3806 1346 Bactra

2439 1390 2602 1462 457
2624 1389 2829 1460 Attigit,
2857 1390 3096 1445 illuxisse
3119 1387 3261 1443 diem
3289 1386 3611 1442 lactantibus
3637 1385 3804 1451 horis,

1889 1507 2176 1564 GLOSSAS
2217 1506 2559 1563 VETERES.

648 1608 772 1662 596.
809 1607 1150 1668 Percensere,
1182 1604 1508 1672 irwestigare.
1545 1603 1581 1654 Ι.

647 1677 774 1733 598.
804 1679 898 1744 lte,
932 1693 962 1730 ο
989 1676 1190 1743 perﬁdi,
1224 1675 1264 1728 1.

649 1749 770 1806 605.
797 1748 964 1812 Pacti,
983 1757 1158 1816 pactas
1176 1745 1389 1816 dicimus
1407 1761 1618 1814 sponsas
1635 1743 1822 1812 [uadere
1838 1749 2089 1810 ﬁrmatus,
2111 1743 2150 1796 Ι.

651 1820 772 1874 608.
801 1817 962 1881 Eous,
984 1815 1270 1878 Orientalis,
1303 1815 1344 1868 1.
1873 1861 1876 1864 ,

649 1889 773 1944 009.
796 1887 1080 1954 Lancibus,
1124 1886 1292 1939 lances
1328 1887 1553 1940 scutalia:
1588 1895 1734 1946 sunt:
1787 1887 1901 1938 inde
1932 1885 2154 1938 bilances

529 1967 536 1972 ’
579 1965 817 2018 dicuntur
844 1960 1067 2024 trutinw,
1100 1973 1156 2011 eo
1175 1957 1310 2026 quod
1339 1958 1390 2010 in
1417 1959 1626 2011 modum
1653 1959 1876 2010 scutellw
1915 1965 2030 2009 sunt
2077 1957 2155 2022 fa-

2267 1609 2379 1656 ctae.
2410 1630 2478 1641 —-
2500 1599 2750 1666 Fercula,
2783 1599 2937 1668 dona,
2965 1599 3068 1653 lso.

2337 1671 2460 1726 611.
2505 1671 2796 1738 Pennatus,
2828 1671 2992 1734 velox,
3023 1670 3063 1722 1.

2333 1743 2458 1798 612.
2487 1742 2708 1812 Aurorae
2739 1741 3000 1812 orientalis
3030 1741 3208 1812 partis,
3245 1739 3424 1810 pepuli
3443 1740 3748 1812 Orientales,
3775 1771 3846 1783 —-

2263 1815 2482 1886 Bactra,
2501 1811 2806 1886 regiojuxta
2835 1811 3063 1886 Indiam,
3097 1811 3138 1886 I.

2333 1885 2458 1940 615.
2501 1881 2866 1948 Lactantihus,
2902 1883 3022 1952 quia
3047 1885 3100 1936 in
3129 1881 3222 1937 illa
3261 1883 3388 1937 hora
3427 1893 3642 1955 puerum
3683 1884 3848 1939 lacta-

2261 1957 2350 2022 sit,
2381 1955 2419 2010 1.

941 2111 948 2120 .
1921 2068 2477 2128 COMMENTARIUS.

650 2172 776 2226 595.
820 2169 878 2222 lu
918 2167 1134 2224 Cellarii
1183 2165 1356 2220 indice
1384 2165 1526 2232 duae,
1579 2175 1635 2218 ut
1673 2175 1794 2219 ante
1826 2165 1960 2230 dixi,
1993 2173 2158 2218 meta-
2191 2165 2239 2224 B
2338 2161 2568 2232 612.7lix
2599 2161 2820 2230 Virgilio
2849 2160 2940 2232 lib.
2969 2176 3082 2226 vnt,
3128 2175 3268 2232 vers.
3301 2159 3428 2228 687,
3477 2171 3630 2232 atque
3669 2163 3846 2218 ultima

579 2245 760 2312 phorte
789 2239 1056 2312 indecorae
1084 2236 1458 2312 Prudentia’nac
1488 2237 1852 2312 designantur.
1887 2236 1964 2312 De
1976 2238 2156 2312 prima

579 2307 700 2368 vide
727 2327 867 2364 vers.
895 2311 964 2362 9'5
991 2309 1182 2373 Apoth.
1233 2307 1356 2360 Haec
1381 2317 1464 2362 est
1491 2309 1658 2360 altera
1689 2323 1919 2362 evomere
1949 2307 2154 2373 librum,

579 2399 700 2452 qua:
727 2379 924 2452 Wilkio
951 2379 1108 2434 etiam
1138 2377 1442 2452 duriuscula
1486 2379 1720 2452 videtur,
1773 2379 1892 2446 quia
1937 2393 2053 2444 qutn
2083 2377 2158 2432 la-

581 2447 704 2508 cere
734 2451 961 2520 aliquem
993 2464 1190 2517 {egrum
1224 2447 1420 2512 solent,
1457 2449 1499 2500 si
1533 2457 1776 2520 possunt,
1815 2459 2152 2520 evomuntur.

580 2517 838 2578 Fortasse
857 2522 956 2573 huc
977 2520 1210 2587 respexit
1227 2531 1374 2587 poeta
1405 2537 1416 2572 :
1447 2535 1566 2571 nam
1593 2521 1704 2586 ipse
1731 2517 1890 2570 Isaias
1908 2519 2158 2572 condem-

579 2595 726 2650 navit
764 2608 842 2656 se,
893 2591 1032 2660 quod
1083 2599 1207 2643 ante
1249 2599 1486 2642 tacuerat
1525 2603 1644 2660 cap:
1677 2605 1752 2654 γι,
1782 2605 1920 2642 vers.
1952 2590 1984 2644 5
2023 2607 2034 2640 :
2069 2589 2157 2642 νιυ

581 2665 728 2728 mihi,
763 2665 880 2730 quia
910 2659 1063 2714 tacui.
1099 2660 1242 2714 Idem
1272 2660 1494 2716 verbum
1523 2661 1590 2714 de
1621 2659 1728 2713 Dco
1757 2662 1822 2712 ad
1850 2661 2154 2730 episcopum

577 2735 878 2790 Laodiciam
913 2731 1166 2802 Incipiam
1193 2743 1238 2783 te
1285 2747 1504 2784 evomere
1545 2745 1607 2784 ex
1653 2747 1738 2784 ore
1777 2747 1908 2794 meo,
1952 2731 2159 2798 Apoca-

579 2806 716 2875 lyps.
751 2803 926 2875 tt,_‘l6.

649 2875 770 2930 596.
801 2873 914 2928 Gis.
950 2873 976 2926 1
1009 2871 1121 2936 ed.,
1151 2871 1400 2926 resolvere
1421 2871 1614 2936 sulcos,
1639 2873 1795 2926 male.

650 2946 772 3002 599.
804 2943 934 2996 Mar.
963 2958 992 2994 a
1019 2942 1193 3010 prisca
1221 2957 1400 3003 manu,
1436 2943 1712 3009 lacrymis;
1755 2959 1780 2994 τι
1811 2944 2030 3006 recenti,
2082 2945 2158 2997 la-

579 3032 836 3084 crymmts.
873 3009 1201 3084 Describitur
1241 3011 1342 3064 hoc
1375 3013 1491 3084 loco
1517 3014 1787 3084 veneratio
1815 3029 1914 3080 qua
1949 3023 2156 3068 veteres

579 3082 867 3139 Christiani
913 3096 1095 3136 sacros
1143 3082 1310 3152 libros
1357 3082 1712 3146 excipiebant,
1743 3099 1877 3152 quos
1906 3085 2153 3138 submissi

579 3155 870 3208 adorabunt
910 3163 964 3206 et
1004 3151 1403 3205 osculabantur.
1455 3152 1543 3204 Pia
1593 3151 1779 3206 isthwc
1824 3155 2155 3208 consuetudo

579 3226 720 3292 apud
747 3223 1034 3276 catholicos
1061 3223 1168 3290 jam
1217 3222 1422 3290 pridem
1453 3223 1684 3289 refrixit,
1733 3227 1972 3292 quamvis
2019 3226 2156 3280 inter

579 3295 924 3350 caeremonias
946 3294 1330 3347 ecclesiasticas
1353 3293 1650 3364 clarissima
1679 3295 1898 3364 vestigia
1919 3305 2150 3350 exstent.

555 3366 990 3434 «ﬂaminicam
1032 3365 1172 3417 inter
1220 3377 1347 3417 suos
1387 3363 1686 3418 instaurare
1742 3363 2148 3420 allalioruruut:

577 3451 684 3490 non
715 3435 894 3502 male,2
929 3435 1026 3506 nisi
1073 3434 1218 3487 malo
1263 3436 1442 3486 animo
1489 3436 1539 3488 id
1582 3447 1817 3503 agerent.
1861 3439 2002 3490 'Nant
2031 3439 2155 3506 quia

579 3507 718 3574 apud
768 3505 1062 3559 catholicos
1127 3507 1460 3558 intermissus
1509 3515 1588 3558 est
1637 3505 2016 3575 aliquantulum
2051 3505 2153 3562 hic

579 3592 710 3648 usus
730 3577 1042 3648 venerandi,
1088 3575 1424 3648 adorandiiet
1462 3575 1736 3648 osculandi
1786 3580 2148 3648 SacruBiblia,

578 3647 777 3701 idcirco
806 3647 881 3700 illi
911 3647 1026 3719 hcce
1041 3647 1400 3719 venerationis
1432 3647 1580 3716 signa
1603 3657 1821 3719 externa
1855 3653 2050 3719 passim
2077 3647 2155 3704 in?-

579 3721 908 3784 culcant,.et
953 3717 1110 3770 simul
1157 3717 1448 3770 catholicos
1497 3718 1744 3786 irrident,
1801 3717 1940 3786 (ιω-»(1
1973 3737 2154 3776 sacras

578 3789 830 3861 reliquias
859 3787 1188 3861 simili_cultu
1221 3796 1630 3861 prosequantur.
1665 3789 1773 3841 Nec
1807 3791 1992 3844 dubito
2028 3793 2156 3861 quin

579 3860 690 3925 pari
725 3857 950 3918 ratione,
1002 3857 1044 3908 si
1073 3867 1305 3910 veterem
1352 3857 1492 3910 illam
1541 3861 1982 3914 consuetudinem
2017 3857 2156 3916 inter

579 3927 868 3980 catholicos
913 3926 1092 3994 vigere
1135 3927 1550 3996 observassent,
1615 3931 2050 3996 superstitionem
2103 3941 2156 3987 et

578 3997 1096 4072 idololatriam__e_sse
1132 3995 1412 4072 dixissent,
1464 3997 1602 4068 quod
1654 3995 1797 4072 nunc
1842 4002 1940 4070 ipsi
1969 4012 2150 4072 agunt,

577 4068 698 4138 quia
729 4083 758 4120 a
779 4068 1051 4121 catholicis
1083 4069 1510 4134 praetermissum
1531 4077 1734 4138 putant.
1761 4068 1972 4138 Colére,
2001 4068 2156 4127 vene-

575 4141 704 4200 rari,
733 4139 958 4192 adorare
985 4152 1136 4190 saera
1169 4138 1333 4191 Biblia
1362 4153 1483 4192 cum
1515 4141 1655 4203 (lieo,
1689 4157 1808 4194 cum
1857 4143 1949 4196 SS.
1987 4143 2155 4197 Patri-

497 4205 501 4208 ’
533 4231 542 4240 ·
575 4209 677 4264 bus
707 4211 924 4277 loquor;
975 4225 1085 4262 rem
1119 4209 1356 4280 intelligo
1399 4211 1567 4280 ipsam
1597 4227 1752 4277 quam
1795 4213 2030 4268 heretici
2061 4215 2154 4268 (ab-

576 4290 813 4354 servaut,
840 4281 1042 4354 scilicet
1067 4277 1298 4354 osculari
1325 4291 1375 4354 et
1399 4277 1590 4354 similia
1615 4285 1972 4339 venerationis
2003 4287 2153 4354 signa

576 4351 847 4404 exhibere.
885 4351 956 4402 De
991 4353 1089 4404 hoc
1116 4352 1282 4404 veteri
1331 4353 1433 4402 ritu
1478 4352 1598 4404 vide
1627 4353 1948 4408 Cardinalem
1986 4351 2149 4410 Bona.

575 4420 668 4474 lib.
696 4437 710 4472 ι
743 4421 870 4472 iter.
903 4422 1104 4486 liturg.,
1127 4435 1244 4487 cap.
1274 4421 1362 4474 ‘25.
1387 4435 1535 4474 unm.
1565 4423 1648 4476 10.
2138 4413 2146 4422 ’

649 4491 771 4545 600.
803 4490 1088 4558 Lacryn'ias
1117 4505 1226 4558 prae
1246 4491 1439 4559 gaudio
1475 4495 1670 4560 Saepius
1701 4495 1922 4550 efﬂuere
1969 4505 2150 4551 notum

575 4570 678 4620 est,
723 4569 776 4612 et
802 4561 986 4632 multis
1010 4560 1272 4632 escmplis
1301 4575 1364 4613 ex
1411 4577 1560 4615 sacra
1589 4573 1640 4616 et
1672 4567 1892 4632 profana
1931 4567 2152 4622 historia

576 4631 886 4696 comprobat
917 4628 1168 4681 Wilkins.

647 4696 773 4779 602.
807 4699 1110 4780 Versiculos
1134 4697 1296 4780 lania:
1325 4709 1414 4780 est
1449 4701 1514 4752 M
1545 4717 1826 4780 cap._vtt_:
1857 4707 1984 4758 Ecce
2011 4709 2150 4780 virgo

576 4771 843 4834 concipiet,
875 4770 940 4822 de
963 4783 1068 4837 quo
1097 4770 1244 4837 plura
1274 4767 1336 4821 ad
1367 4769 1550 4839 hymu.
1581 4767 1732 4825 liath.
1769 4776 1819 4834 7,
1861 4793 1997 4831 vers.
2027 4767 2146 4832 19⁸3.

575 4839 796 4894 Veteres
819 4855 1024 4910 quoque
1066 4839 1229 4892 libros
1258 4847 1438 4894 sacros
1470 4843 1520 4894 iu
1551 4843 1728 4910 plures
1767 4846 1946 4900 titulos
1976 4855 2029 4900 et
2065 4865 2152 4902 ca-

2180 3539 2227 3602 C

2265 2248 2433 2285 secum
2459 2231 2645 2284 Bactra
2671 2233 2822 2285 vehit.
2849 2231 3036 2285 Bactra
3070 2230 3220 2300 urbs,
3261 2233 3410 2301 regio
3437 2230 3550 2286 aut
3575 2235 3846 2301 provincia

2263 2305 2342 2356 sic
2393 2303 2764 2374 cognominata
2821 2303 2874 2356 in
2933 2303 3152 2374 regione
3207 2303 3464 2374 Scythiae.
3523 2305 3848 2374 interpretes

2263 2375 2410 2427 aiunt
2440 2377 2615 2428 vocari
2649 2373 2834 2427 ultima
2873 2373 3062 2430 Bactra
3089 2389 3120 2426 a
3151 2373 3390 2444 Virgilio,
3409 2375 3532 2444 quia
3564 2376 3846 2442 imperium

2263 2445 2334 2498 Μ.
2371 2445 2584 2500 Antonii
2619 2446 2754 2500 ultra
2785 2459 2892 2500 non
2919 2445 3328 2500 ostendebatur.
3364 2446 3688 2500 Prudentius
3723 2447 3846 2502 Vir-

2261 2515 2376 2588 gilii
2405 2517 2680 2586 epitheton
2711 2517 2955 2588 arripuit,
2985 2521 3040 2570 et
3067 2515 3249 2588 ultima
3283 2519 3471 2588 Bactra
3511 2517 3666 2584 dixit,
3723 2519 3846 2588 quis

2263 2587 2547 2654 imperium
2575 2588 2876 2642 Romanum
2909 2586 2990 2642 his
3020 2587 3214 2642 ﬁnibus
3241 2587 3638 2642 continebatur.

2334 2657 2458 2712 615.
2493 2657 2660 2712 Valde
2703 2659 2803 2712 hoc
2833 2658 2954 2712 loco
2985 2667 3194 2713 veteres
3223 2659 3342 2713 libri
3369 2659 3513 2713 inter
3539 2673 3614 2712 se'
3641 2659 3846 2715 discre-

2261 2739 2410 2796 pant.
2446 2729 2716 2783 Gisclinus
2745 2744 2774 2782 e
2811 2731 2921 2784 suis
2971 2743 3129 2796 mss.,
3177 2744 3312 2784 unus
3350 2729 3760 2794 Torrentianus,
3797 2742 3846 2786 et

2263 2813 2360 2868 pro
2387 2800 2598 2853 diversa
2631 2800 2914 2868 scriptura.
2949 2800 3102 2864 Rot.,
3141 2809 3193 2854 et
3223 2801 3348 2865 0x.,
3386 2801 3720 2866 lactantibus,
3749 2803 3848 2856 ad-

2263 2867 2374 2922 dito
2422 2870 2618 2938 duplici
2672 2867 3147 2936 interpretamento
3183 2871 3236 2926 in
3267 2873 3404 2926 0x.:
3441 2871 3844 2938 ιῠοτΑΝτιΒυς,

2261 2940 2382 3004 quia
2426 2958 2458 2992 a
2491 2941 2750 2994 nativitale
2781 2939 2978 2994 Christi
3029 2943 3168 2998 hora:
3212 2943 3316 2996 diei
3352 2960 3468 2996 cum
3515 2943 3654 2996 horis
3691 2946 3847 2998 noctis

2261 3011 2635 3078 quodammodo
2690 3012 2990 3076 luctantur,
3043 3013 3324 3067 volentibus
3375 3030 3600 3067 crescere
3647 3015 3844 3069 delius.

2265 3079 2656 3153 Lacranrtnos,
2687 3083 2808 3151 quia
2835 3082 3064 3136 Christus
3088 3085 3390 3139 laetabatur.
3415 3085 3684 3138 Gisclinus
3715 3101 3848 3153 prato

2263 3151 2365 3223 fert.
2391 3151 2702 3205 lactantibus
2723 3153 2883 3220 horis,
2913 3154 3060 3220 quasi
3095 3153 3240 3208 horto
3266 3169 3372 3223 prae
3401 3151 3848 3210 incrcdiliili‘stu-

2261 3220 2354 3274 dio
2374 3223 2586 3276 videndi
2619 3224 2864 3277 Mos-siam
2893 3239 3012 3280 sese
3039 3235 3220 3279 mutuo
3245 3220 3564 3294 przevertere
3585 3241 3846 3282 conaren-

2263 3299 2367 3355 tur,
2391 3297 2532 3366 utin
2565 3297 2780 3366 hymmo
2810 3295 3116 3364 Epiphania:
3147 3297 3304 3350 simili
3343 3299 3526 3351 auxesi
3561 3315 3573 3349 :
3613 3297 3752 3363 Quid
3773 3309 3846 3353 est

2261 3365 2398 3438 quod
2453 3365 2650 3418 arcturi:
2695 3366 2942 3418 circulum
2997 3366 3095 3438 Sol
3143 3370 3260 3438 jam
3305 3385 3570 3422 recurrens
3625 3369 3847 3423 deserit?

2261 3433 2562 3508 Christusne
2604 3438 2752 3489 terris
2782 3439 3036 3508 nascitur,
3065 3433 3162 3504 Qui
3189 3439 3318 3492 lucis
3359 3449 3511 3508 auget
3555 3441 3846 3494 tramitem!

2263 3503 2512 3580 Heinsius
2545 3507 2642 3561 hos
2667 3507 2902 3580 eosdem
2927 3503 3109 3580 versus
3152 3503 3522 3576 considerans,
3555 3511 3842 3580 aliquando

2263 3579 2636 3646 suspicabatur
2685 3577 2975 3631 laxantibus
3022 3579 3182 3644 horis,
3230 3581 3368 3634 diem
3411 3577 3690 3635 videlicei:
3717 3583 3842 3646 quia

2263 3657 2472 3702 arcium
2519 3649 3078 3710 circulum,nascente
3117 3649 3327 3704 Christo
3364 3651 3443 3705 sol
3475 3651 3686 3705 deserit.
3729 3649 3840 3706 Sed

2263 3729 2447 3789 postea
2475 3719 2690 3788 agnovit
2733 3735 2912 3772 verum
2944 3736 3062 3775 esse
3091 3721 3395 3776 Iactantibus
3437 3723 3597 3789 horis,
3631 3721 3731 3776 hoc
3757 3733 3844 3778 est

2264 3787 2587 3864 foventibUS,
2619 3792 2852 3864 etigua‘si
2873 3791 3246 3846 nutrientibus.
3283 3793 3372 3849 Sic
3401 3787 3598 3864 hymno
3621 3793 3679 3848 S.
3711 3793 3844 3848 Lau-

2263 3860 2446 3934 rentii,
2465 3875 2601 3934 vers.
2624 3861 2748 3934 572,
2784 3861 3007 3916 lactante
3037 3864 3328 3934 complexus
3355 3860 3470 3917 sinit
3491 3879 3512 3916 :
3530 3865 3622 3934 vel
3649 3865 3842 3919 lacten-

2265 3929 2398 4004 tibus
2425 3933 2581 4004 horis,
2622 3933 2832 4004 hocest
2880 3948 3065 3987 recens
3112 3929 3273 3998 natis,
3321 3943 3376 3987 ut
3406 3933 3544 4004 apud
3576 3936 3844 3990 Alcimum

2265 4002 2480 4076 Avitum
2513 4003 2604 4056 lib.
2632 4017 2707 4066 ιν,
2733 4001 2924 4076 lacteus
2946 4005 3080 4058 orbis
3103 4019 3198 4076 pro
3221 4019 3408 4076 recens
3440 4001 3620 4061 natus.
3657 4007 3770 4061 Vat.
3803 4005 3845 4074 ρ

2264 4083 2314 4126 et
2341 4073 2543 4127 Bonon.
2577 4089 2696 4128 cum
2732 4074 2865 4127 Aldo
2907 4073 3083 4143 legunt
3106 4073 3430 4130 lactantibus
3453 4077 3592 4140 oris;
3625 4079 3675 4130 in
3711 4073 3845 4132 hanc

2265 4145 2548 4198 lectionem
2569 4145 2802 4216 inclinat
2833 4143 2996 4211 Gall.,
3044 4157 3098 4200 et
3124 4145 3356 4216 explicat
3384 4147 3586 4202 extimis
3620 4148 3846 4202 Orientis

2263 4216 2462 4289 plagis,
2485 4231 2656 4289 neque
2695 4215 2971 4289 Mariettus
3016 4215 3496 4289 lectioncmullam
3528 4219 3842 4289 discrepan-

2265 4295 2371 4338 tem
2401 4285 2676 4358 adnotavit
2699 4305 2710 4338 :
2730 4287 2878 4358 quod
2904 4287 3075 4358 etiam,
3090 4287 3287 4342 habent
3313 4288 3519 4352 Noms.,
3545 4299 3603 4343 et
3625 4305 3652 4342 a
3677 4285 3842 4358 prima

2263 4370 2424 4426 manu
2461 4355 2580 4410 llot.
2625 4367 2677 4411 et
2720 4355 2976 4410 Oxouius.
3011 4357 3268 4414 Weitzius
3295 4375 3415 4412 cum
3445 4359 3630 4426 Egm.,
3664 4355 3842 4414 (atau-

2265 4375 2424 4408 munu
2461 4375 2580 4410 not.
2625 4375 2677 4411 et
2720 4375 2976 4410 UXOIttus.
3019 4375 3268 4414 wettztus
3295 4375 3415 4412 cum
3445 4375 3488 4412 Ε
3531 4375 3630 4426 m.,
3664 4375 3842 4414 (tutan-

2265 4425 2399 4498 t_ibus
2422 4427 2590 4492 horis;
2615 4427 2751 4480 idem
2769 4426 3025 4482 Weilzius
3047 4429 3397 4498 allegatAld.,
3419 4375 3602 4494 Fagrq
3623 4429 3842 4497 Widm.,

2265 4495 2430 4570 Boug.
2460 4513 2575 4570 pro,
2611 4499 2934 4570 lactantibus,
2969 4501 3061 4570 sed
3105 4495 3207 4554 non
3239 4495 3512 4570 distinguit
3541 4517 3607 4554 an
3647 4519 3690 4556 οε
3709 4503 3750 4556 is
3777 4495 3840 4555 an

2265 4569 2422 4642 horis.
2457 4569 2734 4642 deiricius
2760 4569 2972 4637 quidem
2999 4569 3157 4642 habet
3193 4571 3351 4624 horis.
3385 4569 3838 4642 Aputlilleinsium

2263 4636 2408 4698 Put.,
2436 4651 2492 4710 et
2516 4639 2747 4707 Thuan.,
2779 4636 3101 4710 lactantibus,
3130 4641 3290 4706 horis,
3337 4636 3472 4697 unus
3499 4641 3736 4710 Weilzii,
3765 4645 3840 4696 lu-

2261 4707 2518 4761 ctantibus
2563 4711 2720 4762 horis.
2756 4710 2948 4764 Verum
2995 4712 3043 4764 in
3085 4709 3317 4766 Weitzio
3364 4713 3566 4766 nullum
3601 4707 3840 4770 codicem

2263 4777 2417 4850 hujus
2450 4779 2694 4834 lectionis
2721 4783 2954 4850 reperio,
2979 4781 3072 4838 sed
3091 4785 3258 4837 solam
3283 4783 3571 4838 editionem
3596 4783 3837 4840 Giselini.

2263 4849 2454 4903 Exstat
2500 4865 2624 4904 vero
2669 4849 2980 4906 lactantibus
3032 4856 3084 4906 in
3136 4853 3287 4908 Alex.
3343 4863 3396 4908 et
3447 4855 3577 4910 Urb.
3627 4855 3841 4910 Tcolius

573 4911 738 4990 pitula
793 4909 1485 4994 distinguebant.‘Evangcl
1513 4909 1596 4965 uin
1635 4915 1865 4994 Matthaei
1919 4919 2146 4994 divisum
2176 4919 2232 4979 D
2261 4923 2478 4994 prmia-rt
2518 4923 2824 4994 lactantibus
2871 4923 3012 4978 horis
3043 4939 3163 4978 eum
3211 4909 3474 4994 quatuor,
3517 4909 3576 4980 ut
3609 4909 3716 4990 ait,
3759 4909 3842 4980 vel

574 4994 686 5035 erat
717 4983 766 5034 in
799 4983 977 5033 titulos
1007 4995 1190 5045 vatu,
1221 4983 1272 5033 iu
1293 4984 1520 5050 capitula
1547 4999 1730 5038 eccm.
1765 4987 1894 5041 Vide
1929 4989 2144 5045 Suidam

501 5075 506 5080 -
572 5053 671 5104 sub
719 5050 1020 5104 nominibus
1051 5051 1354 5106 Matthtcict
1385 5054 1560 5107 Marci.

642 5123 764 5176 605.
795 5127 847 5174 In
885 5123 1084 5198 Vat.__A
1131 5122 1224 5198 hic
1251 5122 1366 5198 dum
1393 5139 1568 5198 voces,
1601 5124 1736 5180 Deus
1765 5129 1896 5198 jam,
1943 5134 2144 5188 recenti

574 5209 730 5247 tnanu
760 5201 882 5244 sunt
908 5191 1122 5256 additae,
1149 5193 1414 5259 prioribus
1443 5196 1667 5249 abrasis.

643 5263 744 5317 006
791 5262 1100 5316 Emmanuel
1128 5264 1262 5316 idem
1285 5275 1364 5318 est
1387 5280 1445 5317 ac
1473 5267 1731 5320 uoltiscum
1761 5269 1915 5324 Deus.
1947 5271 2144 5326 Versus

570 5335 774 5386 vetustis
818 5335 1054 5386 obscurus
1083 5333 1246 5388 uectis
1293 5345 1376 5389 est
1409 5338 1704 5392 versiculus
1755 5342 1841 5394 ille
1887 5341 2036 5398 lsaite
2075 5343 2142 5399 de

569 5419 674 5471 quur
707 5419 844 5457 vels.
872 5404 995 5456 002.

642 5473 764 5545 607.
795 5473 996 5545 _\_’eitz.,
1027 5475 1154 5528 ore?
1184 5474 1538 5545 interrogans.

639 5543 762 5606 608,
795 5543 913 5597 Vat.
945 5547 1012 5609 A,
1062 5555 1346 5613 veneratur,
1392 5543 1486 5600 sed
1517 5551 1716 5603 recenti
1749 5565 1908 5606 manu
1941 5554 2138 5610 factum

564 5623 852 5685 ueneratus,
879 5615 1022 5684 quod
1053 5629 1240 5670 sensus
1269 5619 1517 5685 postulat.

636 5685 756 5764 bid.
793 5683 1292 5764 Mar.,_virgiueum,'
1341 5691 1404 5740 ad
1433 5704 1580 5764 oratu
1602 5691 1914 5764 recentiori
1947 5709 2128 5764 manu,

562 5757 792 5824 virginis.
837 5755 911 5808 De
963 5756 1058 5806 hac
1109 5771 1376 5823 magorum
1431 5761 1649 5832 historia
1699 5773 1748 5816 et
1785 5764 1932 5816 stella
1971 5755 2132 5832 quain

564 5837 686 5878 tuos
705 5835 856 5879 vocat
886 5835 1160 5884 pennatam
1183 5833 1463 5897 uuutium.,
1478 5830 1660 5886 confer
1681 5833 1866 5902 hymn.
1885 5835 1952 5888 12
1973 5830 2130 5891 Cath.

2259 4993 2494 5061 quinque
2545 4991 2934 5066 vaticanistin
2987 4991 3366 5062 quorum'uno
3415 4991 3482 5050 ab
3533 4997 3840 5066 interpretis

2260 5077 2419 5114 manu
2445 5071 2520 5114 est
2541 5079 2554 5114 :
2576 5065 2794 5126 Quando
2815 5063 3047 5119 Christus
3063 5066 3377 5133 luctabatur,
3402 5075 3455 5122 et
3473 5067 3664 5122 eadem
3681 5063 3838 5120 manu

2258 5133 2324 5185 ad
2379 5135 2667 5201 marginem
2711 5153 2736 5188 ε⁴
2771 5135 2996 5201 Quidam
3044 5137 3194 5190 codd.
3247 5139 3434 5191 habent
3481 5150 3838 5194 LUCTANTIBUS

2257 5218 2430 5268 nonis,
2462 5207 2579 5270 quia
2605 5207 2868 5260 nativitate
2887 5205 3076 5260 Christi
3096 5207 3237 5261 hora:
3251 5209 3353 5260 diei
3382 5225 3494 5263 cum
3521 5211 3664 5263 horis
3683 5209 3840 5262 noctis

2255 5275 2628 5348 quodammodo
2670 5276 2948 5330 luctantur.
2987 5277 3237 5348 lntelligit
3267 5277 3482 5334 Tcolius
3515 5281 3676 5335 horas
3719 5280 3838 5348 qui-

2253 5347 2354 5420 bus
2379 5347 2620 5420 (Itiristus
2658 5349 2726 5401 ab
2755 5349 2918 5401 ubere
2963 5351 3150 5403 matris
3176 5347 3463 5419 pendebat.
3501 5352 3628 5406 Mihi
3663 5347 3837 5420 placet

2253 5414 2578 5492 iactantibus,
2607 5421 2699 5492 sed
2734 5433 2798 5472 eo
2839 5431 2998 5492 sensu
3031 5414 3193 5488 queui
3217 5421 3446 5488 explicui
3479 5423 3546 5478 ad
3587 5414 3771 5492 hytnn.
3805 5420 3840 5492 8

2250 5487 2436 5558 Cath.,
2473 5499 2614 5542 vers.
2643 5491 2728 5558 19,
2764 5489 2974 5543 εοειὶοθῑ
3015 5487 3372 5558 allicieutibus,
3405 5493 3518 5547 sive
3549 5487 3838 5546 altéctanti-

2255 5557 2368 5610 bus.
2395 5559 2566 5610 Aliter
2594 5561 2722 5613 satis
2749 5561 2974 5614 obscura
3006 5561 3212 5616 videtur
3235 5557 3580 5617 litec'locutio
3609 5561 3838 5616 illuxisse

2253 5629 2386 5680 diem
2436 5629 2736 5683 lactantibus
2762 5629 2920 5698 horis,
2953 5642 3046 5684 aut
3087 5633 3316 5688 illuxisse
3357 5633 3494 5687 diem
3525 5632 3837 5688 lactantibus

2251 5698 2408 5750 horis.
2443 5699 2648 5754 Clarior
2669 5709 2749 5754 est
2777 5700 3096 5768 Weitziana,
3129 5703 3362 5759 illuxisse
3387 5705 3524 5760 diem
3549 5703 3837 5758 (celantibus

2251 5771 2424 5834 horis;
2455 5779 2544 5821 aut
2583 5773 2625 5824 si
2665 5787 2728 5825 ex
2761 5773 2939 5825 multis
2979 5787 3108 5828 mss.
3155 5788 3428 5830 sumamus
3461 5778 3588 5840 oris,
3624 5774 3720 5830 hoc
3749 5779 3842 5828 est

2249 5843 2422 5908 terris,
2450 5841 2681 5896 illuxisse
2709 5843 2842 5896 diem
2862 5843 3154 5900 lcetants'bsts
3183 5847 3310 5904 oris.
