4092 6344
332 356 433 413 9T5

327 555 431 612 615
506 556 744 613 Vidimus
770 558 939 629 hunc,
968 563 1147 633 aiuntf,
1174 579 1396 633 puerum
1428 580 1521 635 per
1547 568 1720 625 sidera
1745 571 1892 641 ferri,

510 650 571 702 Et
607 666 767 719 super
792 653 1037 721 antiquos
1064 656 1333 725 signorum
1364 658 1644 716 ardescere
1675 671 1891 719 tractus.

506 742 727 811 Diriguit
754 745 1020 813 trepidans
1046 747 1293 803 Chaldaeo
1322 750 1371 803 in
1402 753 1599 807 vertice
1625 769 1822 822 pernox

503 833 835 902 ASIrologus,
860 836 1089 892 cessisse
1116 854 1363 907 anguem,
1388 840 1582 911 fugisse
1609 844 1837 912 leonem,

501 924 663 997 553
700 928 1039 984 Contraxisse
1081 931 1246 999 pedes
1277 932 1457 987 lateris
1490 950 1679 991 maneo
1710 939 1893 994 ordine

1512 1027 1815 1101 [Cancrum,

501 1109 764 1166 Cornibus
791 1113 1031 1168 infractis
1057 1115 1315 1170 domitum
1346 1119 1550 1187 mugire
1579 1121 1887 1191 juvencum,

500 1201 656 1254 Sidus
682 1210 733 1255 et
759 1202 1032 1257 llireinum
1064 1205 1254 1260 laceris
1283 1223 1612 1264 marcescere
1639 1212 1797 1266 villis.

501 1292 718 1347 Labitur
738 1294 857 1347 hinc
876 1294 1060 1363 pulsus
1078 1312 1207 1364 puer
1228 1284 1482 1368 llydrius:
1506 1301 1625 1355 inde
1644 1302 1888 1371 Sagittae:

472 1388 745 1442 'Palantes
772 1390 1012 1457 geminos
1039 1390 1157 1457 fuga
1185 1400 1429 1457 separat:
1472 1394 1709 1459 improha
1735 1395 1892 1465 Virgo

503 1478 681 1531 Prodit
708 1487 971 1531 amatores
1001 1480 1189 1534 tacitos
1214 1481 1267 1533 in
1298 1479 1501 1536 fornice
1531 1484 1733 1537 mundi.

502 1570 707 1640 Quique
730 1572 817 1624 alii
846 1572 1109 1627 horrificis
1134 1574 1367 1641 pendent
1396 1577 1444 1628 in
1471 1578 1700 1632 nubibus
1722 1580 1889 1648 ignes,

496 1661 657 1734 459
686 1663 985 1718 Luciferum
1027 1666 1249 1721 timuere
1287 1683 1521 1722 novum:
1569 1678 1684 1724 rota
1726 1671 1894 1747 lurida

1677 1759 1825 1833 [solis

325 1109 430 1165 620

276 1542 428 1628 7625

998 420 1001 421 ν
1702 366 1740 418 Α
1750 365 2133 425 l’OTllEOSlS.

455 528 465 538 .
502 465 614 533 Qua
643 474 788 522 tener
810 467 1031 541 innupto
1054 470 1309 542 penderet
1339 473 1405 527 ab
1432 474 1591 531 ubere
1611 476 1892 536 Christus?
1918 487 1969 545 Α

3460 376 3563 438 971»

2171 486 2366 553 Hreret,
2392 496 2445 543 et
2465 490 2726 545 excidium
2751 496 2911 549 sentit
2932 496 3040 564 jam
3065 497 3279 568 jamque
3303 496 3559 569 futurum,

2179 580 2354 650 Seque
2379 582 2463 636 die
2488 584 2665 637 medio
2690 586 2972 641 velandum
3004 591 3231 659 tegmine
3258 592 3470 662 glauco,

2179 672 2634 743 Splendoremque
2665 677 2767 745 poli
2797 678 3087 747 periturum
3116 690 3273 737 nocte
3299 681 3509 751 diurna,

2181 762 2320 817 Orbe
2348 767 2637 833 repentinis
2664 778 2821 836 caput
2847 771 3146 827 obnubente
3171 777 3425 832 tenebris.

2181 853 2331 909 Hunc
2357 870 2454 925 ego
2481 873 2583 911 non
2613 861 2876 915 cumulem
2907 865 3261 937 myrrhaeque,
3292 878 3345 923 et
3372 868 3567 936 thuris,

3273 959 3359 1011 iet
3383 959 3495 1011 auri

3273 990 3278 995 -
3340 965 3359 1009 t
3383 972 3411 1011 a
3483 959 3495 971 '

2179 1036 2519 1093 Muneribus?
2560 1039 2681 1095 Scio
2709 1058 2863 1110 quem
2892 1043 3130 1111 videam,
3159 956 3565 1117 qum[:on:rie-

3226 1136 3494 1207 [pendam.

2177 1218 2327 1273 Hunc
2350 1235 2447 1289 ego
2469 1236 2572 1274 non
2596 1236 2837 1288 venerer,
2862 1225 2951 1294 qui
2973 1228 3109 1281 coelo
3130 1229 3294 1293 visus,
3319 1230 3569 1301 humique

2176 1310 2429 1366 Inventus
2457 1328 2547 1367 rex
2567 1354 2580 1377 ,
2610 1324 2767 1384 atque
2795 1315 2931 1370 Deus
2961 1317 3265 1374 moderatur
3291 1330 3571 1391 utrumque

2000 1401 2102 1457 655
2174 1401 2385 1456 Naturm
2407 1406 2698 1472 specimen,
2716 1408 3026 1475 tumuloque
3049 1410 3251 1464 inferna
3276 1412 3572 1482 refringens

2178 1493 2382 1564 Regna,
2412 1506 2753 1563 resurgentes
2780 1512 2958 1550 secum
2983 1499 3132 1567 jubet
3158 1501 3235 1555 ire
3263 1503 3537 1571 sepultos?

2178 1584 2387 1639 Caelum
2410 1585 2632 1652 habitat,
2661 1590 2815 1642 terris
2840 1589 3142 1657 intervenit,
3173 1594 3350 1647 abdita
3375 1598 3572 1665 rumpit

2176 1674 2429 1729 Tartara:
2462 1690 2586 1731 vera
2613 1676 2767 1755 fides,
2798 1678 2938 1733 Deus
2965 1690 3064 1745 cst,
3093 1684 3183 1749 qui
3212 1692 3351 1738 totus
3379 1686 3572 1755 ubique

3377 1774 3498 1844 [est.

2003 760 2109 817 6‘50

1631 1850 1916 1907 GLOSS/E
1959 1850 2291 1908 VETERES.

394 1940 517 2011 617.
562 1937 791 2011 Pernox,
819 1946 974 1993 totam
1002 1949 1197 1994 noctem
1227 1940 1463 2011 vigilans,
1492 1941 1589 1995 lso.

394 2010 518 2065 619.
558 2010 761 2072 Maneo,
794 2025 964 2073 curvo,
992 2012 1121 2064 Mar.
1148 2041 1215 2050 —
1249 2010 1449 2073 Maneo,
1481 2022 1762 2079 contracto,
1797 2014 1887 2067 de-

320 2083 539 2145 bilitato,
586 2079 840 2153 mutilata,
888 2081 963 2153 rel
1005 2083 1287 2137 imminuto.
1326 2112 1394 2124 ——
1432 2082 1724 2148 Cancrum,
1771 2085 1891 2153 quia

321 2167 506 2207 cancro
536 2152 587 2203 in
617 2150 771 2203 latere
796 2151 1136 2220 depinguntur
1160 2153 1329 2220 pedes,
1357 2155 1393 2205 1.

396 2223 516 2277 621.
562 2221 866 2284 llircinum,
910 2219 1295 2292 Capricornttm.
1338 2222 1680 2290 Capricornus
1718 2223 1893 2279 Grazce

320 2296 508 2348 dicitur
534 2307 802 2362 cegoceros.
821 2318 890 2328 —
912 2290 1143 2357 Lucoris,
1169 2293 1420 2347 laceratis.
1447 2323 1515 2334 —-—
1538 2295 1883 2360 Marcescere,

320 2364 633 2424 decrescere,
657 2362 695 2414 l.

394 2433 518 2488 622.
560 2433 694 2485 Puer
726 2432 1360 2503 llydriussfjanimedes,
1408 2437 1671 2503 aquarius.
1712 2433 1889 2487 Graece

322 2504 510 2557 dicitur
536 2502 873 2571 hydrochaos.
898 2532 965 2542 —
990 2502 1227 2571 Sagitta),
1258 2502 1583 2571 Sagittarius,
1611 2504 1646 2557 Ι.

394 2574 518 2630 625.
560 2572 826 2637 Palantes,
854 2572 1118 2641 fugientes,
1143 2572 1487 2641 di/Iugientes,
1511 2574 1550 2627 1.

396 2644 519 2698 624.
562 2644 841 2696 Amatores
872 2645 1079 2705 tacitos,
1112 2645 1263 2713 idest
1290 2642 1479 2695 Elicem
1508 2656 1553 2696 et
1576 2642 1891 2713 Cynosuram

320 2716 447 2768 dicit
485 2715 805 2767 meretrices:
844 2725 887 2765 et
923 2714 1121 2782 pellices
1162 2712 1381 2765 lunonis
1422 2724 1540 2767 sunt
1572 2712 1629 2767 in
1654 2715 1801 2781 polo,
1848 2725 1893 2766 et

319 2800 581 2852 nunquam
612 2794 890 2849 vertuntur,
930 2785 1057 2835 sicut
1096 2784 1198 2836 alia
1227 2784 1432 2846 sidera;
1476 2795 1519 2837 et
1564 2787 1674 2837 ideo
1718 2785 1893 2836 tacitos

320 2858 470 2909 dicit.
504 2852 703 2907 Fornia:
729 2855 905 2905 mundi
934 2854 1119 2905 dicitur
1147 2855 1311 2923 polus,
1345 2855 1463 2923 quia
1490 2855 1556 2907 ibt
1584 2855 1792 2907 vertitur
1812 2871 1894 2907 or-

320 2925 421 2992 bis,
444 2932 491 2979 et
517 2935 781 2977 curvatura
805 2925 914 2976 coeli
936 2924 1105 2990 fomia:
1129 2922 1405 2976 dicituré—
1431 2922 1656 2980 Fornice
1684 2924 1890 2991 mundi,

322 2998 379 3049 in
410 2997 717 3049 converitatc
744 2994 875 3058 caeli,
904 2995 978 3046 vel
1008 2997 1333 3057 rotunditate,
1362 2995 1404 3049 Ι.

396 3067 520 3121 625.
565 3066 735 3131 Ignes,
760 3065 949 3125 sidera,
980 3064 1017 3116 l.

396 3136 519 3191 626.
562 3135 773 3199 Lurida,
808 3133 1023 3205 pallida,
1054 3133 1309 3205 obscura:
1350 3136 1571 3205 pallidus
1598 3137 1735 3189 color
1767 3137 1892 3189 luri-

325 3211 422 3263 dus
451 3208 657 3273 dicitur,
690 3216 733 3257 et
760 3204 1046 3273 plumbeus,
1072 3203 1173 3259 lso.

1925 1950 1968 2007 Β
2010 1945 2191 2023 “627.
2245 1945 2707 2023 li:eret,__dubitat.
2750 1976 2818 2023 ‘—
2860 1948 3171 2014 Excidinm,
3225 1956 3277 2007 in
3330 1959 3566 2023 passione

2000 2016 2188 2070 Christi
2238 2018 2317 2070 die
2356 2018 2539 2084 medio,
2590 2018 2793 2085 quando
2842 2030 3039 2073 mortuo
3093 2016 3570 2082 Domino-tenebra:

1998 2088 2351 2160 factmsunta
2385 2088 2466 2160 die
2492 2090 2659 2141 medio
2684 2105 2842 2159 usque
2870 2092 2936 2143 ad
2966 2093 3139 2145 horam
3170 2111 3374 2160 nonam,
3407 2098 3446 2151 Ι.

2070 2158 2193 2280 628'.
2226 2158 2538 2224 Velandum,
2591 2158 2763 2213 sentit.
2800 2190 2867 2199 —
2909 2160 3128 2229 Glauco,
3180 2158 3410 2234 obscuro,
3458 2170 3569 2239 pal-

2076 2245 2123 2280 ο.
2189 2252 2229 2280 ,η
2617 2266 2627 2273 .

1999 2229 2123 2289 lido,
2163 2229 2200 2281 1.
2226 2252 2229 2255 π
2617 2266 2627 2273 υ

2068 2299 2192 2352 650.
2226 2299 2387 2364 Orbe,
2422 2298 2543 2351 solis
2565 2300 2777 2366 circulo,
2813 2302 2927 2354 Vat.
2963 2306 3024 2355 Α.

2070 2370 2193 2444 651.
2224 2370 2520 2427 Cumulem.
2558 2371 2820 2444 honorent.
2845 2401 2913 2411 —
2947 2373 3275 2444 .llyrrhrrque
3312 2385 3364 2431 et
3403 2378 3570 2436 thuris

1999 2450 2052 2494 et
2083 2441 2217 2501 auri,
2250 2456 2435 2512 aurum
2466 2440 2758 2512 regem,_vel
2792 2440 3041 2512 fulgorem
3073 2440 3337 2509 sapientia:
3376 2449 3571 2503 intelli-

1998 2512 2193 2580 gimus;
2228 2509 2361 2576 llius,
2410 2509 2919 2587 quando‘Domitmin
2965 2513 3247 2577 credimus;
3288 2520 3569 2587 myrrham,

1997 2581 2330 2649 sepulturam,
2368 2582 2443 2633 vel
2466 2580 2667 2647 quando
2697 2596 2896 2634 carnem
2932 2593 3157 2636 nostram
3194 2580 3569 2643 vitiis'mortil'iQ

1998 2665 2189 2713 camus,
2222 2657 2269 2702 et
2300 2649 2583 2714 offerimus,
2616 2650 2653 2701 1.

2067 2720 2188 2774 65:3.
2223 2719 2552 2787 Rependam,
2585 2720 2882 2783 retribuam,
2917 2723 2951 2775 Ι.

2220 2789 2388 2870 Caelo,
2422 2806 2508 2859 per
2530 2789 2749 2843 stellam.
2783 2820 2852 2829 —
2876 2792 3154 2861 llumique,
3190 2812 3277 2863 per
3307 2813 3569 2870 magorum

2000 2859 2327 2921 oblationem,
2362 2861 2399 2913 Ι.

2068 2930 2191 2983 654.
2225 2929 2493 2994 iuventus,
2526 2931 2717 2997 aditus,
2746 2933 2823 2984 vel
2852 2933 3097 2997 visitatus,
3127 2935 3167 2988 l.

2068 3001 2194 3079 655.
2231 3001 2536 3079 Specimen,
2574 3001 3022 3079 pulchritudinem.
3045 3034 3118 3079 _-—
3144 3004 3377 3073 lnt'erna,
3409 3010 3563 3079 infc.

1996 3073 2155 3124 nalia.
2189 3099 2257 3110 —-
2288 3071 2625 3139 llet'ringens,
2658 3073 3014 3142 confringens,
3045 3074 3080 3127 l.

2067 3143 2192 3195 657.
2225 3142 2530 3207 Intervenit,
2556 3141 2856 3208 intplet.'—-
2885 3143 3095 3211 Abdita,
3129 3150 3346 3217 occulta,
3380 3148 3416 3203 l.

1674 3297 2047 3357 COMMENTA
2060 3297 2231 3351 RIUS.

396 3417 519 3471 614.
554 3417 732 3483 Prag.,
768 3412 1007 3481 pendebat
1035 3427 1126 3478 pro
1156 3414 1413 3482 penderet.

398 3489 520 3542 613.
553 3486 665 3540 Non
699 3499 827 3554 puer
857 3483 1030 3535 sidere
1073 3483 1357 3554 ferebatur,
1408 3492 1458 3536 ut
1494 3498 1759 3539 nonnemo
1790 3485 1887 3537 hoc

326 3573 483 3612 versu
528 3552 744 3610 iudicari
794 3552 1143 3617 existimavit,
1178 3555 1271 3608 sed
1300 3560 1413 3621 ejus
1442 3563 1589 3607 ortus
1621 3570 1713 3623 per
1746 3554 1889 3609 sidus

326 3630 685 3683 nuntiabatur.
710 3625 904 3677 Confer
935 3628 1185 3694 hymnum
1213 3626 1274 3678 1‘2
1301 3624 1478 3687 Cath.,
1506 3640 1646 3681 vers.
1680 3626 1769 3683 28.

397 3701 519 3753 616.
556 3696 797 3750 Mcuduni
832 3696 880 3747 in
916 3694 1127 3747 Ilcinsio
1156 3697 1398 3762 sigorunt.

402 3770 520 3819 M7.
549 3764 727 3833 Magos
744 3764 1009 3818 Chtlldtl‘os
1034 3776 1205 3818 vocat.
1233 3767 1359 3821 Vide
1384 3769 1485 3827 loc.
1511 3776 1601 3828 cit.
1634 3787 1770 3828 vers.
1796 3773 1885 3828 ‘25.

398 3839 521 3891 6l8.
560 3833 971 3909 Miris_l_:iud_ibus
1001 3835 1305 3909 ηοξ-γονέως
1338 3846 1596 3897 extollunt
1628 3848 1887 3909 interpre-

328 3918 446 3961 tes:
482 3922 641 3957 lllllllll
692 3904 981 3981 Giselinttttt
1024 3905 1277 3981 adducant
1308 3926 1317 3957 :
1353 3910 1497 3966 .Viltil
1542 3916 1637 3967 hac
1691 3904 1890 3981 fictione

329 3977 606 4035 liberalius,
656 3976 781 4053 nihil
810 3972 1045 4053 vividius,
1066 3975 1195 4025 nihil
1219 3978 1543 4053 ingeniosius,
1591 3972 1889 4053 praesertim,

329 4048 371 4097 si
397 4046 619 4115 ejusdem
650 4045 805 4096 stella:
827 4040 1003 4092 laudes
1031 4058 1184 4115 supra
1207 4040 1573 4113 eltﬂqantissinie
1591 4040 1892 4106 'decantatas

329 4111 428 4166 lmt?
469 4116 711 4176 adducas,
764 4122 828 4185 et‘
868 4126 980 4161 cum
1016 4111 1163 4185 ΔΙιὶεεε
1190 4111 1471 4185 compares
1513 4137 1529 4173 :
1577 4123 1889 4185 incredibile,

272 4244 275 4247 ἰ
328 4196 517 4254 quanta
560 4186 744 4253 ingenii
784 4181 875 4257 vis,
910 4189 957 4234 et
980 4182 1228 4257 elegantia
1250 4181 1515 4257 utrobique
1542 4192 1773 4246 elucebit.
1816 4181 1890 4245 De

327 4253 499 4308 SlClllS
529 4272 659 4325 quas
694 4253 951 4317 nominat,
994 4255 1214 4308 consule
1245 4253 1399 4311 Manil
1435 4253 1538 4313 ’lih.
1575 4279 1609 4327 l,
1638 4274 1690 4317 et
1715 4272 1885 4316 astro-

327 4327 493 4379 logos.

384 4368 519 4450 0M9.
553 4397 603 4450 ln
632 4397 745 4451 Vat.
779 4400 844 4465 A,
899 4416 959 4453 ea:
1002 4400 1205 4462 laceris,
1260 4410 1401 4454 recte
1450 4401 1644 4455 factum
1691 4381 1891 4456 riicenti

328 4483 483 4546 manu
518 4469 709 4546 lateris.
749 4471 889 4546 Virg.
924 4472 1014 4546 lib.
1048 4486 1064 4523 ι
1094 4469 1750 4546 Ceorgic.,_ipsetibijant
1778 4473 1893 4525 bra-

327 4537 440 4610 chia
463 4538 711 4591 contrahit
739 4543 923 4594 ardens
950 4542 1213 4610 Scorpius.
1241 4537 1565 4598 'l’rudentius
1596 4537 1661 4599 de
1689 4544 1892 4597 Cancro

327 4609 577 4669 loquitur.

398 4678 518 4731 6:“.
556 4680 651 4733 Alii
691 4680 995 4748 Hirquinum
1027 4682 1282 4735 Scribant.

396 4750 519 4801 62:2.
555 4749 689 4813 Gis.,
720 4752 941 4819 Sagitta.
969 4752 1107 4805 νεα.
1136 4752 1277 4813 edd.,
1317 4753 1550 4817 Sagittte,
1578 4766 1739 4819 recte,
1770 4771 1886 4809 nam

325 4818 528 4893 signum
559 4830 639 4872 est
670 4818 1000 4893 Sagittarius.
1038 4822 1486 4893 lleinsiusiedidit
1530 4825 1749 4893 Sagitta,
1796 4827 1887 4879 sed

327 4889 377 4940 in
407 4893 543 4965 notis
577 4896 775 4965 monuit
814 4891 1513 4965 scriptosliabereSagittte,
1538 4889 1641 4946 non
1668 4897 1887 4965 Sagitta,

323 4960 571 5031 etsirhoc
623 4960 1172 5031 tnalehatiCauchius.
1222 4960 1395 5013 Nostri
1447 4979 1657 5031 quoque
1708 4960 1887 5027 codd,

327 5028 558 5095 Sagitta}.
592 5032 804 5089 Cham.,
837 5030 993 5092 Cell.,
1034 5029 1181 5081 'l‘eol.
1214 5045 1331 5083 cum
1376 5028 1585 5085 lleiusii'
1614 5042 1756 5087 textu
1796 5036 1890 5088 Sa-

322 5100 470 5167 gitta,
502 5100 588 5167 qui
620 5101 843 5153 fortasse
876 5100 1071 5151 lleinsii
1105 5114 1280 5153 nolam
1315 5119 1414 5154 non
1448 5104 1814 5157 observarunt.

558 5168 671 5242 vat.
702 5174 765 5232 A,
797 5171 1039 5242 palentes,
1071 5169 1290 5242 fortasse
1323 5174 1564 5239 pallentes
1590 5189 1708 5227 cum
1736 5176 1887 5242 Egm.

324 5249 375 5290 et
409 5239 516 5293 Pal.
555 5241 655 5292 Alii
692 5242 878 5293 melius
906 5240 1152 5309 palantes.
1183 5240 1235 5292 lu
1270 5243 1455 5295 eodem
1485 5243 1598 5296 Vat.
1637 5249 1697 5306 Α,
1731 5239 1887 5309 male,

325 5318 525 5370 reparat
573 5326 665 5378 pro
712 5306 931 5377 separat.
978 5306 1182 5363 Gemini
1226 5309 1415 5365 fratres
1458 5324 1579 5365 sunt
1612 5316 1798 5367 (ᾅδειον
1839 5306 1890 5368 et

332 5380 537 5433 I‘ullux.
574 5383 626 5433 In
658 5382 889 5435 editione
920 5379 1190 5433 Parmensi
1230 5384 1480 5438 mendum
1526 5393 1650 5447 puto
1690 5395 1891 5449 reparat

324 5464 422 5569 Bon
454 5466 507 5503 ra
540 5467 751 5505 sensum
784 5462 836 5506 et
868 5458 1120 5517 metrum,
1168 5455 1266 5508 [ιἱεί
1298 5455 1471 5521 aliqua
1506 5453 1719 5507 licentia
1750 5456 1895 5508 adbi-

364 5530 532 5569 eatur.

364 5530 532 5573 eatur.

395 5589 528 5667 62i._
552 5592 657 5644 Cur
688 5593 864 5659 Virgo,
902 5598 1109 5667 Signum
1135 5596 1373 5658 caeleste,
1408 5595 1638 5667 improba
1668 5594 1894 5667 dicatur,

325 5665 379 5711 et
406 5663 530 5728 quid
578 5668 644 5715 sit
689 5666 899 5731 prodere
926 5663 1176 5720 amatores
1205 5667 1381 5719 tacitos
1400 5666 1449 5715 in
1482 5665 1672 5732 fornice
1699 5665 1897 5727 mundi,

329 5744 432 5781 non
468 5733 619 5785 video
653 5750 679 5783 a
714 5738 1015 5791 recentibus-
1038 5736 1548 5792 commentatortbus
1568 5737 1698 5789 satis
1720 5734 1900 5802 expla-

328 5811 533 5854 natum.
556 5803 946 5862 Chamillardus
975 5810 1112 5863 unde
1138 5809 1513 5871 interpretatur
1540 5822 1555 5859 :
1581 5806 1712 5861 falsa
1741 5804 1901 5868 Virqo

1818 3454 1827 3459 -
1994 3412 2178 3486 deserit
2220 3413 2272 3486 in
2321 3411 2443 3461 caelo
2485 3424 2606 3486 suos
2644 3425 2833 3486 procos
2863 3411 3061 3486 tacitos.
3096 3412 3171 3486 Ac
3204 3405 3416 3471 ividetur
3442 3431 3563 3486 qui-

1994 3483 2114 3536 dein
2145 3481 2355 3557 prodere
2386 3478 2751 3557 accipiendum
2782 3495 2842 3557 ea
2873 3482 3258 3557 signiﬁcatione
3296 3501 3398 3554 qua
3429 3478 3565 3557 apud

1994 3548 2399 3626 Virgiliumulib.
2433 3566 2465 3602 ll
2498 3548 2622 3626 Ain.
2646 3566 2657 3600 :
2684 3548 2793 3602 Nec
2812 3554 2926 3621 jam
2961 3553 3254 3623 conjugium
3281 3548 3565 3626 antiquum,

1993 3623 2127 3692 quod
2152 3621 2537 3695 proditlit,_oro.
2574 3621 2856 3695 Amatores
2886 3636 3013 3695 ergo
3040 3621 3193 3676 erunt
3225 3626 3340 3679 aliae
3371 3621 3564 3695 siellte,

1994 3690 2112 3762 qum
2144 3694 2323 3764 tacitae
2346 3691 2520 3744 solent
2549 3690 2833 3764 appellari;
2875 3690 3049 3745 fornix
3092 3695 3272 3748 mundi
3303 3712 3398 3764 pro
3430 3690 3566 3751 cmlo

1993 3760 2138 3817 recte
2166 3765 2265 3816 hoc
2299 3763 2437 3825 loco,
2473 3760 2802 3835 namfornix
2839 3770 2919 3835 est
2944 3777 3078 3831 opus
3107 3760 3561 3835 concameratum,

1994 3842 2047 3889 et
2076 3835 2248 3887 fornix
2300 3836 2457 3886 etiam
2485 3833 2904 3905 dicebatur,.ubi
2958 3835 3253 3901 prostitutae
3303 3833 3567 3905 pudicitiae

1995 3906 2250 3959 mulieres
2279 3912 2452 3967 erant,
2505 3918 2567 3955 ex
2614 3917 2719 3972 quo
2749 3903 3017 3971 fornicari,
3050 3915 3101 3958 et
3132 3903 3423 3974 fornicarim
3450 3924 3565 3961 mu-

1994 3975 2143 4028 lieres
2172 3977 2222 4027 in
2247 3974 2727 4046 ecclesiasticarum
2753 3982 3029 4046 auctorum
3061 3978 3417 4031 voluminibus
3448 3993 3569 4046 pas~

1995 4048 2094 4097 sim
2126 4044 2378 4097 occurrit.
2408 4043 2668 4095 Meursius
2700 4045 2752 4095 in
2781 4043 2980 4096 Critieo
3009 4046 3227 4098 Arnobii
3262 4055 3378 4113 pag.
3416 4043 3469 4112 2‘,
3514 4060 3572 4102 ut

1998 4114 2187 4182 probet
2226 4114 2468 4183 mundum
2499 4127 2615 4183 pro
2656 4112 2781 4183 caelo
2824 4126 2965 4179 saepe
3013 4115 3206 4183 accipi,
3246 4112 3347 4167 hos
3384 4132 3571 4171 versus

1995 4183 2232 4246 adducit,
2266 4183 2357 4235 sed
2401 4182 2530 4252 nihil
2574 4182 2713 4234 aliud
2752 4183 3144 4236 animadvertit.
3184 4184 3361 4252 Itaque
3392 4189 3567 4241 scien-

1995 4254 2119 4307 dum
2152 4269 2217 4307 ex
2247 4252 2441 4306 Manilii
2474 4250 2565 4305 lib.
2614 4267 2645 4303 ll
2698 4261 2751 4305 ct
2792 4252 3013 4305 aliorum
3045 4250 3432 4321 astrologbrum
3471 4259 3567 4311 do-

1995 4324 2187 4383 ctrina,
2230 4326 2377 4389 signa
2406 4337 2525 4375 sese
2553 4321 2652 4374 alia
2681 4337 2893 4387 amare,
2916 4323 3017 4377 alia
3050 4338 3152 4377 non
3184 4338 3383 4377 amaro.
3418 4328 3567 4381 Tau-

1996 4410 2085 4448 rus
2107 4404 2161 4447 et
2184 4398 2492 4448 Arcitenens
2520 4401 2696 4445 amant
2722 4392 3010 4455 Virginem,
3035 4410 3151 4463 qua:
3175 4394 3375 4449 nullum
3398 4408 3564 4451 amat.

1998 4465 2076 4518 llli
2117 4480 2245 4533 ergo
2286 4472 2408 4516 sunt
2438 4472 2722 4525 amatores,
2754 4479 2883 4531 quos
2917 4466 3120 4532 fugiens
3154 4464 3313 4533 Virgo
3340 4466 3561 4532 deserit,

1995 4537 2243 4607 improba,
2269 4534 2497 4607 fortasse,
2537 4534 2673 4607 dicta
2707 4533 2773 4585 ob
2805 4533 2988 4587 effecta
3020 4551 3122 4587 non
3156 4542 3319 4603 proba
3348 4553 3465 4607 qua}
3498 4540 3563 4592 ab

1996 4603 2278 4673 astrol0gis
2312 4605 2382 4657 illi
2416 4603 2805 4669 adjudicantur.

2067 4677 2190 4731 6'35.
2225 4676 2339 4729 Aldi
2372 4675 2558 4729 menda
2592 4675 2811 4742 quinque
2841 4689 2935 4738 pro
2961 4676 3159 4743 quique.

2072 4747 2193 4800 6:27.
2228 4748 2282 4800 In
2317 4745 2429 4797 Vat.
2462 4744 2505 4797 A
2536 4744 2865 4797 desideratur
2894 4752 2957 4797 ct.
3003 4745 3144 4808 Ald.,
3178 4747 3349 4799 sensit.
3383 4746 3568 4803 Melius

1918 4789 1972 4849 Ι)
1995 4789 2166 4871 seruit.

2065 4890 2186 4939 628.
2224 4887 2407 4949 Aldus,
2444 4885 2561 4936 i’ut.
2595 4900 2621 4935 a
2657 4898 2814 4935 manu
2863 4885 3052 4951 prima,
3103 4887 3390 4952 uelandam,
3457 4905 3560 4943 non

1995 4957 2131 5008 male
2163 4955 2228 5009 de
2259 4968 2371 5010 rota
2402 4954 2546 5005 Solis.
2583 4954 2705 5016 Alii,
2738 4953 3037 5019 velandum,
3070 4956 3273 5009 scilicet
3303 4959 3492 5011 solem.

2066 5024 2188 5077 629.
2222 5026 2357 5091 PaL,
2413 5027 2656 5089 perituro,
2697 5023 2945 5077 videlicet
2976 5026 3115 5079 orbe.
3148 5026 3353 5095 Reliqui
3395 5028 3565 5094 aptius

1993 5098 2274 5166 periturum
2286 5135 2295 5145 .

2072 5164 2196 5220 654.
2226 5164 2343 5217 Vat.
2378 5164 2438 5226 B,
2464 5173 2731 5217 conventus
2762 5180 2857 5232 pio
2887 5168 3132 5219 inventus.
3164 5165 3338 5233 l’rag.,
3375 5175 3570 5220 utram-

1998 5252 2110 5306 que,
2144 5246 2196 5287 et
2221 5248 2376 5288 versu
2408 5248 2544 5301 scq.,
2577 5236 2811 5302 speciem.
2848 5237 2970 5299 Alii,
3002 5247 3265 5302 utrumque
3293 5238 3571 5304 specimen,

2001 5307 2188 5365 Aldus,
2224 5306 2377 5367 male,
2408 5313 2675 5371 utrumque
2703 5307 2935 5374 speciem.

2072 5375 2196 5430 655.
2231 5376 2390 5428 Fabr.
2418 5375 2661 5443 regimen.
2713 5375 2794 5427 lso
2844 5375 3049 5428 videtur
3095 5374 3286 5443 legisse
3330 5376 3568 5443 speciem.

2010 5448 2136 5502 Vide
2167 5461 2305 5499 vers.
2340 5460 2456 5513 sup.
2494 5447 2545 5497 in
2574 5455 2855 5512 utrumque.

2074 5518 2196 5572 656.
2231 5510 2424 5571 Confer
2452 5525 2564 5569 not.
2587 5515 2649 5567 ad
2684 5510 2865 5583 hymn.
2899 5513 2931 5567 9
2954 5510 3284 5579 Cathemer.,
3333 5529 3475 5571 vers.
3504 5516 3573 5571 95

2000 5604 2150 5649 8801.

2062 5604 2193 5713 ί668.
2229 5660 2286 5713 S.
2312 5656 2639 5727 Augustinus
2668 5655 2760 5727 lib.
2795 5669 2905 5706 xxtt
2938 5652 3003 5708 de
3026 5652 3139 5707 Civ.
3172 5654 3287 5721 Dei,
3314 5671 3431 5724 cap.
3462 5657 3531 5713 99
3556 5698 3570 5711 .

2007 5728 2125 5782 Non
2152 5732 2283 5782 enim
2304 5724 2421 5797 quia
2443 5727 2654 5778 dicimus
2683 5724 2843 5797 Deum
2866 5740 2970 5778 esse
2988 5735 3049 5797 Aet
3068 5727 3131 5797 fin
3153 5727 3276 5779 caelo
3299 5736 3343 5779 et
3366 5728 3417 5779 in
3440 5737 3577 5781 terra

2006 5802 2137 5869 (ipse
2161 5794 2343 5869 quippe
2370 5800 2440 5851 ait
2484 5812 2571 5865 per
2609 5796 2908 5861 prophetam
2932 5811 2950 5847 :
2971 5794 3164 5849 (Icelum
3200 5805 3244 5849 et
3274 5806 3457 5851 terram
3484 5814 3577 5859 eoa
