4092 6344
1672 312 1934 369 AUltELII
1977 308 2338 367 PRUDENTII
2374 305 2692 363 CARMINA.

3727 300 3829 353 976

756 434 998 506 Nunquid
1034 449 1168 503 vana
1208 433 1350 487 viros
1389 440 1478 486 aut
1519 445 1698 497 tuens,
1740 440 1827 485 aut
1864 430 2041 497 lingua
2067 428 2150 485 fe—
2180 433 2234 492 Α
2260 426 2364 483 660
2437 424 2521 482 Sit
2550 423 2649 479 nisi
2677 419 3012 490 ctelipotens,
3041 416 3347 485 aquilonum
3376 412 3623 506 conditor
3652 412 3833 506 idem?

581 318 685 372 975

1885 519 2079 593 [fellit?

580 619 685 679 640
758 618 917 691 460
955 617 1199 687 Nunquid
1229 615 1461 672 fortuitis
1488 614 1795 671 frustrantia
1823 613 1960 670 dona
1987 612 2147 668 dede-

1278 728 1283 731 ι
1938 703 2082 776 [runt

753 805 998 870 Casibus,
1024 812 1114 860 aut
1138 817 1281 859 caeco
1306 811 1485 857 votum
1513 799 1615 855 sub
1640 799 1843 853 honore
1872 795 2151 853 dicarunt?

757 904 883 965 Qua:
914 914 1070 967 porro
1098 911 1279 963 causa,
1307 904 1397 949 aut
1423 895 1561 949 ratio
1588 892 1903 948 submittere
1931 891 2064 946 colla

757 991 896 1044 Ante
924 989 1085 1059 pedes
1111 988 1312 1052 Mariae,
1342 986 1595 1057 puerique
1623 982 1914 1051 crepundia
1944 982 2121 1050 parvi,

756 1081 812 1138 Si
842 1091 1041 1136 tintum
1069 1079 1310 1135 mortalis
1336 1088 1470 1144 erat,
1502 1090 1601 1131 nec
1627 1090 1832 1130 surnma
1860 1082 2096 1145 potestas

760 1173 1012 1244 Iinplebat
1043 1182 1255 1229 teneros
1284 1170 1477 1226 divinis
1505 1167 1714 1223 ﬂatibus
1742 1165 1927 1222 artus?

756 1264 858 1322 Srd
894 1265 1001 1334 jam
1033 1263 1158 1319 tolle
1188 1276 1399 1332 magos,
1445 1260 1596 1323 thus,
1640 1272 1858 1325 aurum,
1905 1254 2147 1328 myrrhea

1896 1348 2079 1423 [ἀοηθν

757 1442 884 1513 Qua:
913 1458 1092 1499 verum
1123 1441 1353 1497 docuere
1378 1438 1581 1496 Deum:
1619 1439 1895 1509 prmsepia,
1924 1452 2148 1509 pannos,

754 1534 931 1589 Matris
961 1533 1235 1587 adoratum
1263 1529 1545 1601 gremium,
1577 1526 1689 1584 face
1715 1526 1907 1583 sideris
1934 1527 2146 1583 ardens.

755 1626 871 1696 Ipsa
900 1626 1064 1681 Deum
1096 1624 1259 1679 virtus
1288 1623 1543 1677 factorum
1563 1661 1577 1687 ,
1607 1630 1654 1677 et
1686 1620 1815 1675 mira
1845 1620 2143 1690 loquantur.

760 1717 976 1772 Insanos
1001 1714 1156 1768 video
1183 1713 1360 1767 subito
1388 1713 1666 1767 mitescere
1695 1722 1904 1776 ventos,

579 1178 683 1233 645

579 1716 683 1770 650

752 1810 883 1863 Cum
909 1808 1089 1875 iubeat
1115 1806 1358 1861 Christus
1382 1824 1392 1857 :
1426 1805 1581 1859 video
1609 1804 1861 1858 luctantia
1889 1806 2094 1873 magnis
2178 1811 2225 1870 Β

754 1899 989 1968 Ᾱῐίμιοιτι
1022 1898 1317 1952 turbinibus
1346 1898 1629 1965 tranquillo
1659 1911 1923 1951 marmore
1951 1894 2093 1949 tendi

755 1989 981 2058 Imperio
1005 1987 1231 2051 Christi;
1265 1987 1438 2053 video,
1471 1987 1709 2042 calcatus
1736 1988 1981 2040 eumdem

752 2080 882 2135 Cum
911 2081 1107 2149 patitur
1131 2094 1340 2148 gurges,
1372 2089 1572 2148 tergum
1597 2078 1858 2132 solidante
1886 2078 2109 2147 liquore.

755 2175 874 2245 Ipse
900 2188 1057 2243 super
1084 2172 1271 2226 ﬂuidas
1302 2173 1496 2240 plantis
1525 2173 1812 2225 nitentibus
1840 2172 2007 2225 undas

752 2266 1026 2330 Ambulat,
1057 2280 1118 2318 ac
1147 2279 1329 2333 presso
1361 2252 1534 2316 tirmat
1565 2264 1783 2332 vestigia
1813 2266 1995 2317 lluctu.

754 2360 1000 2427 Increpat
1026 2358 1139 2426 ipse
1168 2366 1341 2420 notos,
1373 2366 1425 2410 rt
1453 2357 1663 2409 ﬂatibus
1690 2360 1796 2409 otia
1828 2356 2063 2411 mandat.

753 2453 881 2518 Quis
905 2452 1086 2520 iubeat
1113 2451 1265 2505 saevis
1296 2450 1631 2519 aquilonibus
1658 2465 1668 2499 :
1702 2448 1795 2511 Ite,
1826 2449 1979 2502 silete

752 2544 1068 2602 Carceribus
1094 2543 1305 2609 vestris,
1336 2543 1618 2613 amploque
1647 2544 1890 2597 lacessito
1922 2550 2104 2610 ponto,

579 2175 685 2232 655

2431 517 2589 590 561
2614 511 2905 585 Ninguidus
2928 508 3163 580 agnoscit
3185 506 3395 569 boreas,
3419 512 3577 575 atque
3595 502 3830 561 imbrifer

3561 596 3578 668 [
3607 611 3765 651 eurus

2429 699 2736 755 Nimborum
2779 695 3083 760 Dominum,
3128 698 3614 761 tempestatumque
3656 699 3832 758 poten-

3597 782 3619 854 [
3640 791 3764 845 tem,

2430 880 2781 953 Escitamque
2824 881 3054 937 hiemem
3086 884 3308 933 verrunt
3345 874 3554 930 ridente
3584 889 3794 929 sereno.

2432 975 2561 1040 Quis
2583 974 2753 1045 pelagi
2777 968 3208 1040 calcaritaquas?
3237 968 3353 1040 quis
3383 984 3477 1038 per
3499 967 3629 1022 vada
3654 969 3826 1038 glauca

2434 1062 2717 1121 Gressibns
2746 1065 3019 1135 impressis
3048 1063 3329 1133 spatiatus,
3366 1061 3575 1116 triverit
3604 1061 3761 1115 udum

2432 1155 2545 1212 Noti
2581 1154 2891 1221 submersus
2940 1156 3076 1219 iter,
3127 1152 3238 1209 sola
3282 1150 3561 1223 pendulus,
3609 1162 3661 1207 et
3706 1152 3829 1222 pede

3564 1245 3581 1317 [
3600 1247 3760 1306 sicco.

2431 1338 2715 1412 Equorete
2741 1340 2842 1395 nisi
2870 1338 3038 1395 factor
3068 1339 3251 1410 aquae?
3279 1337 3369 1410 qui
3401 1338 3621 1408 spiritus
3650 1338 3793 1403 oliui,
3854 1328 3859 1333 ’

2429 1430 2533 1487 Ore
2560 1429 2873 1501 superfusus
2904 1430 3096 1500 patrio,
3131 1427 3387 1484 volitabat
3418 1428 3469 1483 in
3501 1426 3660 1483 undis

2429 1520 2671 1576 Nondum
2700 1520 2943 1577 discretis
2966 1560 2980 1587 ,
3016 1534 3114 1575 nec
3142 1528 3290 1575 certo
3324 1518 3505 1575 littore
3533 1518 3761 1575 clausis?

2430 1613 2693 1672 Sustinuit
2710 1628 2951 1684 gressum
2976 1612 3183 1667 Domini
3205 1611 3433 1667 famulus
3454 1610 3644 1681 liquor,
3670 1625 3728 1666 ac
3750 1626 3821 1679 se,

2430 1706 2717 1761 Mobilitate
2747 1720 2935 1761 carens
2955 1746 2969 1771 ,
3008 1704 3208 1759 solidos
3239 1704 3557 1759 substrinxit
3588 1706 3652 1759 ad
3686 1721 3822 1761 usus.

2432 1800 2565 1868 Quid
2589 1800 2799 1855 diversa
2825 1800 2916 1853 Dei
2944 1813 3234 1853 memorem
3256 1798 3389 1853 facta
3408 1799 3602 1868 inclyta
3619 1799 3825 1864 Christi,

2431 1893 2603 1947 Altius
2634 1894 2873 1961 inspecta
2895 1908 3051 1961 quem
3080 1893 3357 1961 majeState
3382 1900 3626 1962 negator,

2429 1983 2590 2056 5.62
2624 1984 2770 2039 Haud
2800 1983 3049 2039 dubitans
3080 1983 3348 2038 hominem
3376 2027 3389 2051 ,
3417 1993 3529 2038 tute
3560 1984 3672 2053 ipse
3697 1982 3827 2037 lae-

3339 2075 3356 2147 [
3381 2074 3509 2129 bere
3536 2072 3762 2128 numen?"

2443 2171 2613 2225 Illevit
2646 2185 2815 2226 caecos
2844 2168 3050 2235 oculos,
3074 2178 3127 2224 et
3149 2168 3346 2223 lumina
3372 2168 3498 2222 limo

2434 2264 2703 2331 Reddidit,
2736 2264 3034 2319 humectatn
3062 2278 3215 2318 sacro
3239 2262 3544 2330 sputamine
3576 2270 3763 2315 terram

2431 2355 2781 2410 Conlrectans
2810 2354 3008 2423 digitis.
3043 2354 3264 2407 Lnteuut
3292 2350 3627 2405 medicamen
3656 2361 3830 2420 operta

2435 2445 2545 2500 Nux
2573 2446 2791 2500 habuit:
2828 2445 3075 2500 tenebras
3103 2444 3331 2498 obducta
3352 2443 3511 2515 uligo
3543 2443 3760 2498 removit
3786 2461 3798 2493 :

2440 2539 2663 2608 Insuper
2692 2539 2944 2605 ostendit,
2982 2552 3213 2607 quonam
3246 2537 3417 2605 caligo
3453 2537 3667 2592 lavacro

2255 1062 2359 1121 665

2252 1612 2356 1671 670

2264 2170 2368 2226 675

1826 2692 1841 2711 κ
1870 2630 2153 2687 ccossaa
2196 2629 2531 2686 versuras.

644 2734 766 2789 6'59.
795 2732 1012 2800 Lingua,
1040 2730 1229 2783 orietur
1258 2727 1405 2800 stella
1425 2743 1486 2779 ex
1511 2725 1687 2800 Iacob.
1722 2726 1785 2800 I._,
1817 2725 1931 2778 Vat.
1970 2729 2031 2778 A.

644 2805 768 2859 640.
794 2795 1143 2864 Frustrantia,
1174 2801 1345 2867 aliqua
1366 2798 1733 2869 significatione
1754 2798 2020 2869 frustrata,
2041 2795 2095 2869 AI.

646 2877 770 2929 645.
801 2872 1122 2939 Crepundia,
1156 2868 1370 2939 puerilia
1398 2866 1554 2939 dona,
1586 2867 1661 2939 vel
1701 2866 2010 2939 crepitacula
2032 2867 2146 2939 ideo

576 2946 730 3008 dicta,
774 2944 893 3010 quia
910 2937 1203 3008 infantibus
1244 2937 1557 3010 rogitantibus
1589 2938 1801 2989 tinnitus
1846 2937 1964 2989 wris
2004 2937 2144 3010 adie-

577 3006 725 3068 batur
745 3006 886 3081 (sic),
916 3006 1005 3063 aut
1029 3011 1197 3081 sonitu
1224 3008 1317 3061 illo
1346 3006 1730 3081 oblecta_rentur,
1762 3018 2076 3071 ornamenta,
2103 3008 2143 3062 Ι.

649 3077 771 3138 615.
808 3077 1030 3145 Divinis,
1062 3080 1257 3148 Spiritu
1289 3088 1491 3137 sancto,
1528 3077 1564 3128 Ι.

648 3155 774 3208 648.
800 3147 1235 3218 Grcmintn,quia
1256 3150 1400 3201 illum
1429 3147 1709 3200 continebat
1736 3147 1786 3199 in
1819 3149 2029 3217 gremio,
2061 3166 2148 3217 per

575 3241 725 3295 quem
742 3223 881 3295 sidus
900 3222 1142 3291 fulgebat,
1168 3219 1215 3295 AI,
1234 3221 1448 3295 _Mar_.—
1467 3218 1620 3276 Fate.
1643 3218 1832 3271 lumine
1858 3218 2069 3281 Christi,
2104 3220 2143 3291 l.

648 3296 768 3349 650.
803 3289 1038 3354 Insanos,
1075 3291 1323 3351 turbidos,
1356 3289 1457 3341 lso.

646 3365 770 3418 65L
801 3364 1097 3425 Luctantia,
1132 3361 1494 3424 concertantia,
1522 3362 1556 3413 I.

646 3435 770 3489 652.
806 3435 1089 3494 Marmore,
1122 3432 1355 3499 planitie,
1381 3429 1689 3496 aequalitate,
1726 3431 1761 3482 I.

642 3505 766 3560 657.
795 3506 934 3569 Otia,
964 3504 1399 3570 tranquillitatem,
1435 3502 1474 3555 I.

646 3576 771 3631 659.
805 3575 1096 3633 Facessite.
1132 3574 1393 3640 quiescite,
1424 3574 1497 3627 rel
1527 3573 1755 3641 deﬁcite;
1789 3572 2051 3638 discedite,
2075 3573 2150 3627 vel

572 3648 809 3710 recedite,
836 3647 1043 3709 lassate,
1074 3644 1113 3697 I.

2323 2722 2447 2778 665.
2495 2722 2763 2785 Excitam,
2795 2734 3115 2776 commotam.
3138 2720 3471 2784 —Verrunt,
3508 2723 3738 2774 trahunt.
3772 2747 3827 2765 -ι

2252 2793 2480 2849 Ridente
2509 2804 2719 2856 sereno,
2752 2793 3319 2862 gaudente'serenitate,
3352 2790 3388 2862 lg.

2322 2866 2449 2919 665.
2490 2860 2781 2933 Spatiatus',
2832 2865 3125 2926 immoraris,
3156 2864 3229 2933 rel
3270 2860 3574 2928 ambulans;
3616 2864 3827 2933 spatium

2251 2952 2498 2990 emensus.
2523 2932 2591 2975 έ-
2617 2935 2811 2997 Udurn,
2840 2933 3128 2996 humidum,
3158 2932 3196 2986 l.

2323 3006 2450 3061 666.
2486 3005 2773 3068 Pendulus,
2806 3022 3103 3073 suspensus,
3138 3005 3238 3061 Iso.

2324 3077 2470 3200 663.l
2506 3076 2812 3139 Volitabat,
2862 3078 3071 3143 spiritus
3130 3075 3333 3130 Domini
3396 3078 3642 3147 ferebatur
3694 3090 3826 3146 super

2324 3164 2428 3200 uas.
2482 3184 2493 3197 .

2251 3164 2493 3217 aquas,|.

2323 3218 2448 3273 669.
2484 3218 2760 3282 Discretis,
2791 3216 3061 3285 separatis,
3097 3217 3135 3271 I.

2325 3288 2449 3343 675.
2483 3289 2745 3355 Inspecta,
2777 3298 3059 3357 perspecta,
3087 3288 3125 3341 I.

2321 3359 2447 3415 675.
2481 3358 2669 3418 Illcvit,
2703 3361 2870 3422 unxit,
2903 3359 2942 3413 Ι.

2324 3430 2448 3484 676.
2482 3430 2811 3495 IIumectam,
2843 3429 3201 3490 humectatam,
3236 3427 3275 3483 I.

2327 3500 2449 3553 677.
2482 3499 2851 3563 Contrectans,
2881 3501 3117 3569 palpans.
3142 3514 3220 3541 '--
3238 3501 3457 3569 Uperta,
3489 3499 3756 3569 occulta,L

2330 3572 2452 3625 678.
2497 3571 2757 3632 Obducta,
2791 3584 3047 3640 cooperta.
3083 3601 3153 3612 —
3182 3570 3357 3637 Uligo,
3388 3571 3588 3637 humor,
3618 3572 3651 3624 I.

2328 3642 2451 3695 679.
2492 3640 2693 3709 Caligo,
2729 3641 2913 3705 lutum,
2945 3642 2995 3694 in
3024 3642 3380 3696 emundatione
3409 3643 3585 3709 Silow,
3615 3644 3649 3695 Ι.

1925 3732 2481 3793 COMMENTARIUS.

570 3808 809 3880 impleo),
828 3808 992 3880 aliam
1021 3816 1216 3880 partem
1245 3806 1431 3880 dicturi
1457 3823 1627 3880 sumus
1648 3823 1765 3880 eum
1804 3808 1854 3858 in
1895 3805 2019 3859 caelo
2050 3808 2141 3859 Ιια⁴

571 3875 703 3945 bere,
738 3875 785 3931 et
822 3878 877 3929 in
904 3875 1038 3930 terra
1063 3876 1247 3939 aliaat;
1276 3875 1366 3927 sed
1382 3886 1522 3945 totus
1558 3877 1615 3945 in
1640 3875 1763 3928 caelo
1792 3885 1881 3941 est,
1929 3885 2059 3929 totus
2090 3878 2142 3930 in

572 3944 729 4013 terra,
776 3964 875 4000 non
917 3947 1125 4001 alternis
1155 3944 1484 4013 temporibus,
1530 3944 1616 3998 sed
1661 3956 1926 4015 utrumque
1963 3947 2138 4008 simul,

570 4024 707 4089 quod
740 4018 882 4072 nulla
908 4029 1093 4071 natura
1124 4015 1404 4085 corporalis
1435 4024 1616 4089 potest.
1654 4016 1929 4085 Expositio
1962 4016 2140 4070 Wilkii

571 4088 706 4146 ultra
734 4090 872 4143 [tunc
903 4102 1112 4143 versum
1146 4102 1248 4139 non
1279 4088 1631 4154 progreditur.

639 4162 763 4216 640.
798 4159 983 4213 Vat.'B
1013 4167 1066 4211 et
1096 4156 1223 4209 Mar.
1254 4172 1280 4208 a
1315 4157 1487 4224 prisca
1519 4174 1698 4220 ntanu,
1732 4160 1965 4225 (ornatu.

642 4233 767 4287 649.
804 4231 980 4299 Egm.,
1011 4239 1066 4281 et
1086 4227 1227 4299 PaL,
1252 4226 1525 4294 facturum.
1554 4228 1627 4282 De
1651 4229 1919 4283 miraculis
1942 4228 2141 4282 Christi

572 4304 693 4357 vide
724 4298 975 4371 hymnum
1010 4300 1041 4351 9
1072 4298 1226 4371 Cath.

638 4368 774 4427 650.
798 4372 851 4424 In
880 4368 1197 4437 quibusdam
1246 4368 1412 4435 vulg,
1446 4379 1737 4433 mutcscerc,
1772 4368 1910 4423 haud
1941 4368 2140 4437 inepte.

568 4444 703 4499 Infra
737 4456 876 4495 vers.
910 4440 1035 4501 658,
1069 4440 1155 4501 ite,
1188 4437 1331 4490 silete
1356 4441 1659 4492 carceribus.

2248 3805 2525 3875 Itepttgnat
2552 3819 2700 3858 mens
2726 3815 2917 3874 poette,
2949 3814 3004 3860 et
3029 3806 3170 3875 quod
3199 3805 3366 3867 addit,
3398 3805 3499 3859 Ore
3538 3811 3826 3874 superfusi“

2248 3878 2435 3945 patrio.
2482 3874 2534 3929 Id
2568 3877 2712 3929 enim
2759 3875 2894 3930 Filio
2922 3874 3190 3931 convenit.
3240 3876 3293 3930 In
3337 3878 3490 3947 Egm.
3542 3892 3571 3929 a
3605 3878 3829 3933 secunda

2249 3962 2428 4008 manu,
2458 3948 2539 3999 cui
2574 3947 2804 4016 spiritus,
2841 3962 2945 4000 non
2975 3956 3141 4001 recte.

2316 4017 2437 4070 668.
2472 4016 2656 4080 Fabr.,
2692 4032 2992 4085 perperam,
3023 4019 3251 4071 volitabit
3280 4020 3332 4072 in
3363 4020 3535 4072 undis.

2318 4088 2442 4141 669.
2478 4087 2531 4141 l'l
2565 4088 2677 4140 Vat.
2712 4088 2751 4141 Β
2779 4098 2894 4140 erat
2928 4088 3094 4152 aliud,
3127 4090 3219 4144 sed
3255 4090 3449 4143 factum
3477 4100 3613 4145 certo
3635 4092 3832 4147 recenti

2249 4174 2430 4210 tnanu.
2466 4158 2518 4211 lu
2551 4157 2692 4221 Itot.,
2728 4166 2781 4209 et
2803 4173 2907 4211 uno
2930 4159 3109 4222 'forr.,
3133 4171 3268 4213 certo
3296 4159 3474 4215 limite.

2319 4230 2444 4283 670.
2480 4229 2653 4291 Siclt.,
2689 4229 2845 4291 male,
2878 4246 2974 4281 axe
3003 4244 3097 4297 pro
3126 4248 3183 4282 ac
3212 4248 3283 4284 se.

2318 4301 2443 4354 67l.
2482 4301 2597 4352 Vat.
2636 4306 2697 4360 Α,
2728 4299 2994 4353 obstrinxit
3024 4302 3091 4351 ad
3123 4317 3262 4353 usus.

2321 4368 2444 4425 673.
2487 4371 2776 4433 Giselinus,
2805 4371 3047 4438 quamvis
3082 4372 3130 4423 itt
3160 4386 3286 4424 mss.
3313 4382 3366 4426 et
3393 4374 3457 4426 ed
3483 4377 3513 4424 I.
3547 4374 3709 4427 aliter
3740 4375 3830 4425 hos

2248 4455 2434 4495 versus
2485 4452 2534 4494 et
2581 4441 2808 4505 scriptus
2860 4452 2912 4493 ct
2956 4440 3321 4507 interpunctos
3353 4445 3603 4507 vidisset,
3646 4460 3742 4498 eos
3772 4444 3829 4497 ad

639 4514 765 4567 656.
802 4513 989 4576 Ilong,
1022 4510 1139 4560 Vat.
1178 4508 1234 4569 lt,
1268 4507 1391 4560 Mar.
1423 4526 1447 4559 :i
1485 4512 1649 4576 prima
1682 4526 1860 4573 manu,
1883 4520 1951 4563 et.
1977 4510 2141 4564 Aldus
2170 4490 2224 4550 Ῑ)
2249 4511 2391 4565 hunc
2414 4512 2625 4564 modum
2654 4490 2911 4572 correxit,
2934 4520 2990 4564 nt
3018 4490 3205 4564 sensus
3229 4490 3562 4568 conttnt—tdibi-
3589 4490 3829 4573 eritis—tur,

569 4592 623 4634 et
666 4580 823 4633 Fabr.
855 4580 991 4644 apud
1025 4577 1332 4641 Weitzinm,
1368 4586 1451 4641 et;
1498 4580 1626 4633 mihi
1658 4580 1845 4646 Aldus,
1878 4590 1931 4635 et
1960 4580 2145 4634 Fabri—

569 4652 685 4705 cius
716 4664 832 4702 curn
867 4648 1003 4702 aliis.
1037 4664 1115 4700 ac.

640 4720 763 4773 658.
798 4718 922 4779 Alii,
954 4718 1116 4780 silete,
1148 4716 1450 4782 carceribus,
1482 4728 1584 4772 etc.

640 4790 762 4843 66:2.
815 4789 957 4857 Virg.
989 4788 1081 4841 lib.
1116 4804 1129 4840 r
1156 4787 1397 4848 Ᾱῐιιείἀ..
1430 4802 1571 4844 vers.
1603 4788 1670 4844 84
1705 4807 1716 4842 :
1748 4788 2147 4858 Nimborumque

568 4863 721 4933 facis,
744 4868 1188 4933 tempestatumque
1220 4868 1485 4928 potentem.
1624 4932 1627 4933 ν
1942 4930 1977 4933 __
2138 4918 2143 4919 γ

638 4932 760 4987 665.
804 4929 949 4991 Rtt.,
976 4930 1161 4981 ridenti
1191 4945 1207 4981 :
1242 4939 1466 4982 metrum
1496 4932 1656 4997 exigit
1688 4933 1899 4985 ridente.
1942 4930 2147 4985 Verrere

566 5019 733 5067 mare,
765 5001 982 5062 cmlum,
1008 4998 1185 5071 nubila
1211 5003 1344 5065 apud
1377 4999 1702 5065 Lucretium,
1730 5002 2030 5071 Virgilium,
2062 5002 2101 5057 C
2124 5032 2145 5045 -

568 5088 835 5131 cciouem.
870 5080 922 5124 et
952 5069 1183 5137 Optimos
1208 5084 1447 5138 quosque
1479 5072 1785 5141 scriptores.

637 5146 763 5196 66L
809 5143 947 5201 I’al.,
978 5141 1196 5192 calcaret
1225 5154 1321 5206 pro
1348 5141 1575 5195 calcarit.

637 5215 762 5267 666.
808 5213 933 5266 Sola
958 5226 1053 5278 pro
1076 5210 1272 5282 inlimis
1298 5210 1486 5282 pedum
1516 5212 1707 5279 plantis
1734 5232 1744 5266 ;
1774 5214 1913 5282 quod
1943 5229 2044 5266 non
2070 5213 2147 5265 in.

567 5285 835 5337 tellexi~se
883 5280 1183 5334 Fabricium
1212 5281 1284 5331 ait
1328 5280 1572 5334 Barthius
1603 5284 1692 5335 Iih.
1740 5280 1857 5338 xiv.
1889 5286 2142 5347 Adrers.,
2181 5300 2189 5317 π

566 5369 683 5420 tap.
718 5354 801 5405 12.
839 5352 1065 5405 Fabricii
1102 5352 1469 5417 interpretatio
1501 5361 1602 5411 est,
1634 5353 1821 5408 habens
1864 5357 1954 5405 sub
1981 5372 2033 5406 se
2061 5372 2145 5405 so-

567 5427 669 5475 lum
694 5424 988 5491 pendulum.
1019 5421 1181 5475 Recte
1203 5421 1505 5494 eaploditnr
1524 5438 1551 5474 a
1579 5424 1815 5477 Barthto.
1840 5425 1969 5479 Vide
1991 5427 2145 5494 hym-

566 5489 700 5617 t‘tpgr
723 5496 755 5547 5
785 5494 963 5553 Catlt.,
995 5507 1135 5547 vers.
1170 5489 1290 5557 1‘29,
1323 5502 1376 5546 et
1398 5491 1651 5562 hymnum
1676 5494 1731 5547 S.
1768 5497 1963 5563 Agnes,
2002 5489 2140 5550 v'ers.

639 5634 762 5687 667.
813 5631 1045 5686 Verbum
1096 5634 1304 5699 spiritus
1349 5632 1562 5695 dicitur,
1610 5643 1665 5686 ttt
1711 5644 1861 5687 antea
1912 5638 2138 5689 adverti.

566 5702 680 5758 Non
711 5703 971 5756 assentior
998 5704 1232 5765 Petavin,
1277 5706 1363 5771 qui
1399 5705 1488 5757 Iih.
1522 5721 1534 5756 ι
1564 5705 1629 5758 de
1668 5705 1890 5769 Opilicin
1916 5722 2005 5757 sex
2032 5708 2141 5760 ilic-

575 5788 712 5840 ruut,
746 5790 863 5843 cap.
896 5774 950 5843 5,
983 5774 1325 5830 Prudentium
1356 5776 1575 5845 exponit
1602 5776 1668 5833 de
1702 5777 1903 5847 Spiritu
1934 5788 2138 5835 Sancto.

2251 4582 2531 4648 plaudente
2563 4581 2795 4635 Heinsio.
2823 4581 2988 4635 Aldus
3020 4583 3088 4634 ita
3122 4583 3277 4636 habet
3304 4602 3315 4634 :
3346 4586 3479 4648 Quid
3508 4587 3709 4638 diversa
3747 4584 3830 4636 Dei

2248 4668 2517 4705 memorem
2553 4654 2687 4721 facta
2732 4653 2920 4724 inclyta
2965 4651 3199 4705 Christi?
3245 4655 3408 4706 Altius
3452 4656 3682 4724 inspecta
3726 4670 3830 4724 qua!

2248 4726 2513 4792 majestate
2539 4720 2804 4794 negantur.
2841 4720 2999 4774 Haud
3028 4724 3263 4794 dubitans
3294 4720 3545 4779 hominem
3588 4736 3696 4778 tute
3733 4720 3831 4794 ipse

2248 4794 2465 4861 fatebere
2506 4810 2710 4845 numen.
2768 4792 3017 4846 Veterum
3069 4793 3321 4847 librorum
3372 4796 3700 4848 incredibilis
3756 4792 3831 4849 est

2248 4864 2624 4931 discrepantia.
2678 4865 2820 4927 I’ut.,
2871 4862 3084 4926 Noms.,
3139 4863 3253 4916 Vat.
3290 4866 3350 4928 Β,
3384 4866 3528 4929 Rat.,
3557 4865 3762 4919 Widm.
3806 4882 3830 4917 a

2252 4936 2416 5002 prima
2451 4950 2629 4998 manu,
2646 4949 2757 5001 qua:
2774 4936 3032 5003 majestate
3046 4944 3271 5003 negator.
3293 4936 3426 4989 Aldo
3451 4938 3690 4990 Oxonius
3707 4952 3830 4989 con-

2248 5016 2422 5059 sonat.
2476 5007 2630 5068 Mar.,
2660 5021 2771 5072 quia
2801 5022 2829 5055 α
2856 5006 3123 5074 majestate
3149 5015 3375 5074 negator.
3427 5007 3607 5075 Prag.,
3644 5010 3831 5075 Bong.,

2252 5092 2347 5143 qua
2400 5078 2658 5144 majestate
2686 5084 2910 5142 negator.
2969 5075 3022 5130 In
3076 5077 3342 5130 nonnullis
3384 5076 3717 5142 llein~iartis,
3747 5077 3829 5143 qui

2249 5148 2511 5218 majestate
2525 5153 2755 5215 negatur.
2778 5146 2831 5198 Iit
2850 5145 3179 5206 Cauchiano,
3200 5147 3284 5213 qui
3311 5151 3576 5218 majestate
3601 5158 3826 5218 negator.

2249 5216 2426 5281 AIex.,
2457 5233 2604 5285 quem
2634 5220 2897 5285 majestate
2944 5227 3172 5283 negator,
3206 5233 3365 5283 supra
3388 5216 3642 5286 'negatur.
3678 5217 3832 5281 Urb.,

2286 5304 2361 5339 ua!
2386 5292 2643 5357 majestate
2676 5297 2899 5356 negator.
2940 5287 3053 5340 Vat.
3081 5288 3147 5352 ρ,
3178 5303 3291 5356 qua
3310 5290 3577 5357 majestate
3598 5299 3831 5359 negatur.

2293 5374 2476 5420 nnon.,
2509 5373 2655 5427 quem
2688 5360 2951 5427 majestate
2978 5366 3235 5425 negatum.

2317 5430 2441 5482 675.
2480 5430 2529 5482 In
2563 5428 2674 5479 Gts.
2722 5428 2892 5500 I_cd..
2926 5430 3094 5500 circis,
3120 5428 3261 5500 quod
3313 5428 3532 5483 Heinsio
3562 5430 3833 5500 placebat.

2248 5498 2353 5551 Sed
2371 5502 2585 5551 obstant
2608 5498 2953 5561 membranae,
2976 5499 3026 5551 in
3040 5498 3831 5568 quibusconstanterestscrip-

2248 5580 2354 5621 tttm
2387 5586 2543 5622 caecos
2573 5569 2763 5620 oculos.

2316 5642 2435 5693 679.
2483 5640 2599 5695 Vat.
2652 5641 2711 5698 Α,
2743 5640 3018 5712 quoniam,
3052 5654 3182 5712 ﬁnon
3227 5640 3381 5709 bene,
3436 5657 3531 5711 pro
3583 5659 3826 5712 quonam.

2248 5711 2378 5766 Vide
2413 5712 2758 5765 Dittochmutu
2793 5719 2911 5765 tetr.
2948 5711 3016 5765 55
3044 5708 3249 5765 Piscina
3280 5708 3440 5767 Silbe.
