4092 6344
507 351 612 414 9.79

508 465 617 523 710
685 465 911 537 Oppida,
941 475 1230 535 mercatus,
1261 477 1314 524 et
1341 469 1718 538 conciliabula,
1749 479 1802 523 et
1823 470 1983 522 urbes

685 559 1039 630 Respuerant,
1073 559 1218 632 largo
1243 562 1480 617 contenti
1501 561 1752 632 dogmate
1776 561 1943 617 vesci.

687 651 847 706 Multa
879 651 1052 706 virum
1083 661 1254 709 strato
1292 653 1501 709 fervent
1525 653 1775 709 convivia
1803 653 1950 708 feno.

685 742 950 801 Centenos
973 745 1128 801 simul
1152 747 1426 804 accubitus
1447 746 1617 804 iniere
1645 748 1879 813 sodales,

687 837 865 912 Seque
893 854 987 908 per
1005 839 1312 896 innumeras
1331 841 1614 896 infundunt
1629 840 1840 912 agmina
1856 854 2092 907 mensas,

689 932 967 987 Pisciculis
994 933 1125 1002 (jam
1158 933 1318 988 crede
1337 932 1529 1003 Deum)
1554 932 1845 988 saturanda
1862 932 2092 997 duobus,

691 1023 966 1093 Et,paucis
995 1034 1271 1080 crescente
1303 1025 1423 1080 cibo
1456 1040 1551 1092 per
1585 1025 1844 1095 fragmina
1874 1023 2088 1079 crustis.

687 1117 932 1173 Ambcsis
961 1118 1190 1189 dapibus
1213 1119 1524 1174 cumulatim
1553 1129 1768 1190 aggesta
1795 1119 2096 1174 redundant

683 1217 844 1289 565
876 1215 1122 1283 Fercula,
1157 1218 1237 1272 bis
1266 1231 1426 1274 senos
1448 1218 1707 1272 micarum
1737 1217 1970 1274 molibus
1996 1218 2093 1271 im-

1851 1309 2023 1382 {plent

689 1401 817 1458 Post
836 1415 1050 1458 coenam
1079 1400 1365 1470 cophinos,
1397 1402 1596 1456 crudus
1622 1402 1845 1456 conviva
1876 1403 2095 1459 resudat

475 1513 483 1521 '
513 1491 619 1553 720
688 1494 1006 1566 Congeriem
1026 1493 1251 1560 ventris,
1273 1495 1439 1564 gemit
1462 1503 1517 1550 et
1537 1495 1637 1550 sub
1664 1496 1806 1550 fasce
1828 1497 2090 1553 minister.

687 1587 818 1654 Quis
840 1586 1113 1642 cumulare
1141 1595 1314 1657 potest
1340 1587 1524 1654 epulas
1548 1585 1601 1642 in
1623 1588 1842 1657 grandia
1871 1589 2095 1658 parvas?

686 1681 840 1751 Quis,
871 1681 973 1737 nisi
1008 1681 1097 1754 qui
1128 1695 1346 1751 corpus,
1389 1690 1726 1753 pastumque,
1769 1692 1824 1743 et
1851 1684 2093 1751 corporis

1785 1775 2019 1848 [omnem

689 1868 943 1925 Condens‘
969 1884 1036 1926 ex
1068 1869 1236 1925 nihilo
1265 1869 1408 1924 nulla
1433 1869 1701 1925 existente
1725 1870 1928 1926 creavit

691 1961 944 2015 Mundam
978 1961 1241 2016 materia?
1268 1960 1384 2016 Non
1424 1962 1562 2017 sicut
1601 1962 1841 2033 sculptor
1863 1964 1930 2019 ab
1969 1965 2092 2019 aeris

515 2048 616 2109 725
688 2052 852 2126 466
879 2053 1095 2110 Rudere
1123 2055 1399 2111 decoctam
1422 2057 1725 2112 consuescit
1754 2056 1933 2112 vivere
1956 2073 2095 2113 mas-

1860 2149 2019 2220 [sam.

511 930 616 988 715

1638 351 1911 406 AURELH
1955 347 2320 407 PRUDENTII
2350 346 2678 404 ‘CARMINA.

2117 471 2174 529 Α

2131 1887 2179 1948 Β

3673 364 3780 421 980

2372 468 2476 523 Sed
2499 469 2644 522 Deus
2665 464 3004 534 omnipotens
3023 463 3209 522 orbem
3237 464 3352 522 sine
3373 468 3579 522 semine
3601 471 3771 528 tinxit.

2376 558 2458 618 Nil
2485 567 2602 616 erat
2627 573 2806 627 omne,
2829 555 2971 628 quod
3001 567 3120 613 est:
3151 555 3225 612 nil
3275 557 3350 623 id,
3379 559 3693 628 procedere,
3723 571 3775 616 et

3189 645 3206 656 ’
3543 653 3701 724 [esse

2375 748 2548 818 Atque
2583 761 2778 803 novum
2821 744 2968 810 ﬁeri,
3015 759 3136 800 mox
3179 753 3233 801 et
3274 747 3632 816 grandescere
3668 747 3777 816 jus-

3445 836 3583 909 [sum
3605 849 3706 892 est.

2381 934 2609 989 Parvum
2650 933 2719 990 de
2757 931 2924 988 nihilo
2965 932 3195 1001 primum
3227 931 3324 988 fuit
3351 949 3363 986 :
3393 932 3576 988 addita
3617 949 3778 1003 parvo

2199 1025 2298 1082 750
2373 1026 2705 1084 Incrementa
2730 1024 2902 1080 modis
2926 1036 3192 1081 auxerunt
3211 1025 3389 1080 omnia
3422 1025 3614 1090 plenis.

2375 1118 2516 1189 Ergo
2561 1132 2679 1188 ego,
2713 1132 2836 1173 cum
2867 1117 3087 1185 ,videam
3130 1117 3377 1173 manibus
3418 1118 3496 1173 sic
3536 1133 3776 1174 crescere

2561 1271 2564 1274 .
3489 1210 3690 1282 [Christ

2376 1307 2543 1362 Parva
2600 1305 2852 1361 alimenta
2897 1304 3197 1372 hominum,
3245 1319 3465 1375 possum
3513 1305 3772 1376 dubitare,

3394 1399 3511 1472 [per
3540 1401 3708 1470 ipsum

2371 1491 2606 1562 Exiguas
2635 1505 2815 1548 rerum
2844 1492 3078 1562 species,
3110 1491 3484 1563 elementaque
3507 1494 3686 1548 mundi

2376 1589 2455 1644 Ex
2499 1587 2668 1644 nihilo
2715 1587 2947 1658 primum
2997 1586 3230 1651 modica,
3287 1595 3342 1642 et
3389 1601 3512 1643 mox
3561 1586 3773 1656 grandia

3489 1678 3504 1749 Ι
3511 1679 3705 1734 sensim

2198 1775 2304 1831 755
2377 1772 2723 1841 Crevisse,ex
2741 1772 2964 1829 modicis
2985 1785 3106 1842 qua:
3117 1756 3485 1826 consummata
3506 1770 3775 1825 videmus?

2381 1868 2458 1924 Ac
2484 1881 2552 1921 ne
2597 1875 2715 1936 post
2752 1865 3025 1920 hominum
3071 1872 3256 1933 pastus
3281 1863 3480 1918 calcata
3523 1862 3775 1931 perirent,

2377 1965 2521 2020 Neve
2547 1964 2728 2019 relicta
2749 1961 2907 2031 lupis,
2937 1971 3028 2014 aut
3051 1959 3318 2028 vulpibus,
3346 1958 3616 2026 exiguisve

2382 2057 2620 2111 Muribus
2651 2057 2701 2109 in
2749 2054 2981 2124 praedam
3012 2053 3156 2107 nullo
3187 2051 3407 2107 custode
3426 2052 3708 2121 jacercnt:

2382 2151 2470 2205 Bis
2499 2165 2592 2206 sex
2621 2149 2869 2220 appositi,
2900 2147 3212 2203 cumulatim
3243 2147 3332 2217 qui
3355 2146 3494 2201 bona
3513 2145 3710 2200 Christi

1805 2285 2092 2345 GLOSSA'I
2133 2289 2472 2347 VETERES.

582 2430 706 2487 710.
739 2425 1134 2494 Conciliabula,
1166 2424 1254 2479 ubi
1281 2426 1500 2480 concilia
1528 2425 1831 2496 agebantur,
1869 2427 1984 2480 Vat.
2024 2429 2084 2481 A.

517 2505 600 2560 ubi
626 2501 842 2554 concilia
875 2499 1276 2560 celebrabantur,
1310 2498 1348 2551 l.

584 2573 710 2628 712.
759 2571 966 2633 Virum,
998 2571 1244 2625 virorum.
1281 2567 1322 2623 l.

585 2645 710 2697 717.
753 2642 1000 2704 Aagesta,
1033 2640 1309 2698 cumulata,
1339 2638 1379 2692 l.

585 2715 711 2769 718.
745 2713 995 2767 Micarum
1028 2710 1279 2770 molibus,
1316 2711 1637 2779 fragmentis,
1669 2711 1707 2764 1.

587 2786 709 2840 719.
741 2784 968 2838 Crudus.
1007 2783 1204 2847 plenus.
1240 2792 1405 2848 satur,
1440 2783 1742 2851 indigestus,
1773 2783 2016 2845 rusticus,
2055 2783 2096 2836 1.

587 2857 707 2916 720.
743 2855 1081 2919 Congeriem,
1114 2854 1417 2915 satietatem,
1446 2852 1564 2906 Vat.
1598 2853 1661 2906 Α.
1691 2883 1759 2892 -
1779 2852 2096 2918 Congeriem

517 2929 736 2991 Ventris,
767 2927 1108 2979 saturitatem.
1140 2952 1208 2962 —
1231 2923 1340 2977 Sub
1373 2924 1534 2988 fasce,
1562 2924 1914 2991 cophinorum,
1948 2923 1987 2976 l.

584 3000 709 3056 721.
747 2995 1000 3058 Grandia,
1030 2996 1082 3046 in
1112 3003 1219 3046 tam
1238 2993 1563 3062 multiplicia,
1591 2994 1632 3048 l.

586 3067 710 3128 723.
743 3067 1038 3131 Existentc,
1067 3075 1318 3128 manente,
1348 3063 1386 3117 1.

2277 2425 2399 2481 725.
2433 2425 2670 2488 Rudere,
2705 2425 2843 2477 mina
2865 2443 2895 2478 a
2927 2434 3080 2492 terra,
3112 2423 3200 2477 ubi
3225 2439 3293 2476 (es
3322 2422 3540 2489 tollitur,
3567 2420 3608 2475 Ι.

2273 2498 2396 2552 726.
2431 2497 2668 2560 Semine,
2694 2497 2925 2560 materia,
2961 2495 2998 2549 l.

2277 2568 2398 2622 727.
2437 2567 2754 2628 Procedere,
2779 2568 2914 2620 unde
2946 2568 3289 2632 processisset.
3324 2565 3364 2618 1.

2275 2640 2400 2694 728.
2429 2639 2545 2693 Mox
2571 2648 2624 2693 et
2653 2639 3026 2707 grandescere,
3059 2655 3162 2690 non
3191 2651 3289 2701 quo
3313 2635 3488 2707 omnia
3513 2653 3629 2704 qua!
3652 2635 3784 2690 Deus

2205 2713 2408 2771 crearit,
2445 2706 2680 2782 perfecta}
2711 2711 2911 2776 pietatis
2942 2727 3041 2762 non
3069 2709 3279 2778 fuissent
3309 2706 3458 2777 (sic),
3487 2708 3574 2761 sed
3603 2712 3784 2777 poetice

2207 2784 2353 2842 dicit,
2388 2783 2427 2835 Ι.

2228 2914 2231 2917 ,
2275 2856 2398 2908 733’.
2433 2854 2836 2914 Consummata,
2872 2851 3114 2921 perfecta.
3147 2849 3184 2903 I.

2275 2923 2396 2978 736.
2429 2925 2663 2987 Calcata,
2699 2925 3006 2992 fragmenta,
3045 2921 3160 2976 Vat.
3191 2921 3255 2976 Α.

2272 2996 2399 3052 759.
2434 2989 2914 3062 Appositi,scilicet
2942 3004 3056 3048 sunt
3085 2993 3275 3056 corbes,
3300 2992 3355 3046 id
3375 3002 3448 3048 est
3477 2990 3722 3061 apostoli,
3747 2989 3783 3045 l.

2215 3066 2293 3124 De
2325 3067 2568 3136 apostolis
2599 3068 2692 3120 hoc
2718 3067 2965 3136 iutellige,
2997 3065 3114 3119 Vat.
3145 3065 3209 3120 A.

1865 3198 2421 3258 COMMENTARIUS.

589 3315 712 3370 710.
753 3311 1111 3370 Conciliabula
1149 3320 1274 3366 sunt
1298 3310 1450 3380 pagi,
1485 3311 1634 3373 sive,
1680 3321 1733 3364 ut
1780 3312 1866 3364 alii
1911 3313 2093 3374 aiunt,

519 3385 867 3442 conciliabula
907 3393 1060 3446 sunt,
1093 3381 1158 3435 ad
1202 3398 1321 3449 quae
1349 3382 1531 3436 rustici
1573 3383 1782 3434 emendi
1829 3391 1922 3435 a-‘t
1967 3400 2098 3437 ven-

519 3459 677 3514 dendi
722 3470 882 3510 causa
933 3457 982 3508 in
1023 3454 1153 3507 vicis
1184 3465 1237 3508 et
1286 3454 1427 3519 agris
1459 3453 1806 3506 conveniunt.
1867 3455 2022 3508 Ales.
2065 3470 2093 3507 a

518 3529 751 3585 secunda
784 3542 972 3589 manu,
996 3535 1046 3579 et
1078 3525 1233 3587 Urb.,
1265 3532 1531 3577 mercatos.
1791 3591 1796 3594 π

591 3600 712 3654 718.
744 3598 798 3650 1η
830 3598 948 3650 Rat.
985 3596 1080 3649 fuit
1114 3597 1371 3656 mollibus,
1417 3595 1574 3656 ntale,
1601 3611 1693 3664 p“o
1722 3595 1972 3651 molibus:
2001 3599 2099 3651 nisi

519 3672 676 3733 velis,
711 3669 886 3722 mollia
920 3670 1167 3720 micarum
1198 3667 1299 3720 dici
1344 3681 1441 3734 pro
1476 3667 1620 3717 micis
1655 3667 1908 3731 mollibus,
1961 3670 2101 3731 quod

520 3758 628 3796 non
655 3749 736 3794 est
763 3739 1075 3794 absurdum.
1104 3747 1157 3790 et
1185 3740 1320 3790 favet
1347 3737 1542 3795 glossa.
1574 3736 1786 3796 Cbaml,
1831 3741 2102 3805 mollibus;

522 3813 616 3868 sed
650 3813 699 3863 in
719 3808 1186 3872 interpretatione.
1217 3807 1542 3858 multitudine
1566 3807 1990 3874 fragmen/orum.

591 3882 713 3935 719.
750 3881 804 3931 In
838 3880 967 3932 Mar.
1003 3892 1032 3929 a
1061 3878 1226 3944 prima
1260 3890 1436 3938 manu,
1474 3892 1672 3935 cmnas;
1711 3877 1760 3928 in
1789 3878 1888 3932 Vat
1947 3884 1982 3932 A
2020 3897 2105 3936 re.

520 3951 662 4007 centi
694 3965 849 4002 manu
877 3949 1073 4002 factum
1101 3963 1314 4012 caenam,
1345 3947 1547 3999 abrasis
1586 3947 1853 4013 prioribus
1888 3951 2099 4006 litteris.

522 4023 624 4079 Alii
652 4037 866 4076 cautam.

592 4093 718 4148 720.
747 4093 926 4158 Prag.,
960 4090 1210 4151 ministra,
1242 4100 1345 4141 non
1375 4088 1529 4144 bene.
1974 4125 1977 4128 .
2057 4135 2059 4138 ,

593 4163 717 4217 721.
749 4161 1010 4216 Cauchius
1034 4158 1352 4224 conjiciebat
1386 4161 1436 4211 in
1470 4165 1687 4228 prandia
1720 4181 1899 4230 paruas
1925 4179 2021 4230 pro
2052 4167 2102 4219 in

524 4235 742 4303 grandia
766 4250 946 4301 parcas
966 4249 983 4284 :
1011 4232 1151 4300 quod
1184 4245 1355 4297 neque
1373 4231 1608 4297 Heinsio,
1635 4251 1803 4306 neque
1835 4236 1959 4288 mihi
1987 4253 2107 4304 pru-

523 4307 703 4363 batur.

595 4376 721 4430 722.
753 4375 908 4430 Man.
945 4373 1161 4437 Weitz.,
1213 4388 1393 4434 omne;
1432 4375 1541 4438 alii,
1591 4394 1805 4431 omnem.
1859 4377 2106 4431 Heinsius

524 4449 826 4516 SIISpicatur
857 4454 1056 4514 pastum
1086 4461 1282 4511 quoque
1322 4447 1552 4516 corporis
1582 4464 1811 4511 omnem;
1842 4449 1920 4499 vel
1955 4449 2108 4501 intel-

524 4514 862 4586 ligi—omnem
896 4517 1186 4586 materiam,
1210 4514 1349 4581 quod
1390 4516 1704 4570 vocabulum
1749 4519 2009 4584 sequitur.
2051 4519 2105 4572 Si

526 4585 904 4641 m’utatioesset
932 4585 1478 4655 invelivnda,'mallem
1512 4587 1656 4651 Quis,
1684 4589 1784 4641 nisi
1803 4591 2106 4655 φήσω-ρης,

526 4666 579 4713 et
626 4665 827 4727 pastum
873 4654 1100 4727 corporis
1135 4670 1330 4727 omnem
1361 4651 1593 4727 Condcns
1630 4675 1692 4711 ex
1743 4660 1918 4714 nihilo.
1968 4651 2110 4712 nulla

529 4723 771 4781 existente
792 4725 974 4778 crearit
1003 4723 1254 4777 Mundam
1279 4726 1529 4778 materia?
1549 4725 1601 4780 In
1629 4729 1951 4781 carminibus
1979 4729 2108 4782 Pru-

529 4797 695 4854 dentii
727 4811 868 4859 smne
895 4809 1104 4848 errores
1145 4796 1213 4848 ali
1256 4795 1334 4848 his
1384 4795 1581 4849 inducti
1625 4807 1767 4860 sunt,
1802 4799 1888 4866 qui
1939 4809 2110 4866 poetae

2206 3315 2431 3375 sepultos
2475 3324 2532 3368 ut
2567 3317 2734 3368 redire
2779 3317 3102 3375 insuesceret,
3145 3310 3282 3380 quod
3337 3313 3482 3378 prius
3529 3313 3788 3368 Alcimum

2209 3386 2420 3440 Avitum
2454 3388 2718 3453 cogitasse
2759 3387 2831 3438 ait
2893 3385 3162 3440 lleinsius.
3203 3382 3396 3435 oblitus
3446 3382 3787 3437 Prudentium

2206 3461 2558 3524 antiquiorem
2600 3473 2720 3511 esse
2763 3459 2937 3516 Avito,
2981 3456 3080 3508 nisi
3111 3454 3278 3506 voluit
3323 3453 3568 3506 Heinsius
3611 3456 3785 3507 dieere

2133 3524 2180 3586 C
2217 3529 2474 3582 Alcimum
2512 3529 2776 3582 Prudentii
2813 3529 2949 3581 hunc
2973 3527 3145 3578 locum
3179 3524 3342 3577 fuisse
3370 3524 3652 3578 imitatum.
3684 3525 3785 3576 Sed

2206 3602 2510 3654 inoncmlum
2560 3602 2679 3661 (ait)
2722 3601 2861 3657 prius
2900 3599 3152 3650 Alcimum
3213 3597 3409 3648 Auitum
3457 3595 3584 3648 libro
3624 3597 3781 3663 primo

2207 3684 2487 3743 poematum
2537 3672 2643 3722 Itfl’t?
2695 3669 2962 3722 Prudentii
2997 3671 3258 3743 cogitasse,
3306 3683 3596 3743 quanquam
3634 3683 3781 3743 scn‘srt

2208 3737 2441 3796 nonnihil
2497 3757 2735 3800 nlvrnso,
2787 3743 2892 3806 agit
2945 3741 3077 3792 cnim
3128 3739 3190 3791 de
3231 3739 3485 3790 creatione
3534 3737 3785 3806 hominis:

2209 3814 2336 3866 Inde
2380 3813 2462 3864 ulti
2515 3814 2744 3877 perfectis
2798 3805 3078 3863 consuescit
3135 3812 3292 3862 vicere
3341 3809 3575 3860 membris
3629 3805 3785 3860 Totus

2207 3886 2375 3937 homo.
2413 3885 2629 3936 l‘onitnr
2657 3884 2814 3934 rudus
2845 3883 2959 3934 rcris
3005 3898 3100 3942 pro
3129 3896 3234 3933 rere
3263 3880 3497 3931 nondum
3541 3889 3782 3933 excocto.

2209 3958 2297 4009 Sic
2330 3955 2525 4024 hymno
2557 3957 2608 4004 ἓ.
2645 3953 2911 4006 Laurentii
2944 3968 3085 4005 vers.
3122 3953 3221 4004 189
3254 3952 3500 4024 :__Aurum
3540 3950 3677 4016 quod
3703 3967 3786 4000 ar-

2209 4021 2380 4080 dcntcr
2421 4027 2529 4077 sitis
2565 4024 2739 4091 E/I'osa
2772 4025 2982 4092 gignunt
3026 4024 3230 4076 rudera.
3273 4021 3405 4074 Hinc
3451 4031 3596 4092 porta
3630 4031 3785 4072 (erata

2210 4098 2408 4151 Roma‘
2435 4097 2746 4148 raudusculo
2779 4095 2916 4147 dicta
2949 4104 3050 4155 est,
3095 4095 3214 4158 quia
3268 4094 3427 4143 rudus
3466 4091 3547 4142 vel
3594 4093 3787 4144 raudus

2212 4170 2424 4231 proprie
2453 4178 2532 4219 est
2559 4168 2697 4218 ruris.
2735 4166 2850 4218 .lam
2884 4165 3041 4216 vivere
3070 4165 3133 4216 de
3161 4163 3348 4216 statutis
3388 4161 3589 4214 all‘abre
3638 4162 3787 4214 factis

2209 4240 2334 4299 dici,
2373 4257 2398 4287 ιι
2428 4238 2548 4291 ullis
2587 4237 2847 4303 exemplis
2883 4237 3162 4288 conlirmat
3208 4233 3478 4295 lleinsius,
3526 4241 3580 4284 et
3630 4247 3786 4285 nemo

2209 4319 2291 4362 est
2320 4310 2406 4376 qui
2440 4317 2650 4362 revocet
2682 4309 2731 4360 in
2764 4307 3002 4359 dubium.
3068 4305 3168 4376 Pro
3197 4305 3358 4357 virere
3389 4304 3564 4376 legunt
3597 4304 3787 4369 ﬁngere

2211 4374 2395 4438 Weii.,
2432 4379 2562 4433 Mar.
2591 4396 2616 4430 a
2649 4378 2844 4431 recenti
2887 4393 3067 4440 manu,
3101 4375 3222 4428 Rat.
3277 4374 3694 4434 vetustissimus,
3734 4383 3785 4427 et

2212 4451 2424 4518 quid"!!!
2456 4451 2570 4504 sine
2612 4450 2714 4501 ulla
2750 4449 2899 4500 litura
2922 4488 2934 4508 ,
2973 4448 3089 4498 V‘at.
3122 4448 3182 4511 ρ.
3216 4443 3607 4518 Clmmillnrtlus
3637 4459 3784 4498 more

2212 4516 2308 4576 suo
2352 4521 2624 4575 llcinsium
2676 4521 2783 4571 fere
2822 4518 3095 4582 exscribit,
3145 4517 3282 4586 quod
3328 4516 3628 4568 mirandum
3679 4530 3782 4567 non

2213 4603 2293 4646 cst
2319 4611 2328 4644 :
2358 4608 2475 4644 nam
2507 4593 2556 4644 in
2591 4589 2900 4658 prarfationc
2943 4591 3132 4641 fatetur
3174 4601 3231 4640 se
3255 4587 3464 4658 illeittsii
3501 4586 3778 4658 lectiones,

2212 4673 2464 4727 quantum
2508 4665 2557 4714 in
2595 4656 2659 4713 se
2690 4671 2807 4712 errt.
2853 4667 3180 4712 secuturum.
3225 4657 3440 4710 'l‘eolius
3471 4657 3545 4709 ait
3585 4656 3783 4709 lleiusii

2213 4733 2490 4786 lectionem
2521 4748 2581 4784 ev
2634 4731 3062 4784 membranarum
3105 4729 3203 4781 title
3242 4729 3394 4781 unice
3427 4741 3607 4778 veram
3639 4742 3780 4787 esse,

2213 4815 2265 4858 ct
2293 4805 2511 4868 gloriam
2530 4804 2644 4867 ejus
2673 4801 2914 4855 lectionis
2941 4802 3198 4854 restituta:
3229 4809 3388 4850 totam
3417 4797 3615 4868 Heinsii
3641 4811 3779 4849 csse.

528 4867 970 4952 consuetudinem
997 4866 1327 4948 ignorarunt,
1360 4869 1596 4950 ct-mnctri
1621 4870 1878 4951 rationem
1911 4869 2106 4926 habere
2139 4891 2187 4952 ι)
2212 4866 2312 4927 Sed
2350 4866 2669 4927 monerulam
2713 4873 2894 4940 plures
2941 4872 3152 4924 codices
3186 4871 3408 4952 \ariarc:
3437 4878 3489 4948 ut
3525 4867 3779 4952 vidimus,

527 4941 793 5000 volentes,
823 4953 992 5005 neque
1029 4938 1157 4988 satis
1202 4938 1331 4989 artis
1364 4939 1583 5003 porticm
1627 4939 1878 5003 scientes,
1925 4957 2103 4995 veram

529 5011 817 5082 lectionem
849 5018 1218 5082 corruperunt.
1259 5007 1315 5061 Si
1348 5010 1550 5076 legatur
1587 5026 1789 5073 corpus,
1825 5023 1868 5062 et
1905 5023 2105 5082 pastum

529 5081 715 5135 ultima
761 5081 811 5131 in
858 5093 1039 5146 corpus
1085 5080 1556 5149 ratione_caasur:e
1595 5080 1922 5147 producitur,
1964 5084 2104 5149 quol

531 5150 820 5206 Prudentia
848 5159 929 5203 est
978 5149 1254 5202 familiare.
1283 5147 1438 5214 Cell.,
1471 5159 1523 5203 et
1552 5152 1706 5206 Teol.‘
1751 5152 1947 5206 lieinsii
1979 5147 2106 5207 con-

525 5224 786 5293 jecturam
804 5219 978 5293 secuti
1001 5230 1142 5273 sunt.

599 5291 721 5348 724.
752 5291 1154 5362 (iisetinnswcum
1179 5289 1545 5344 Daventriensi
1573 5293 1659 5349 ed.
1695 5293 1816 5362 legit
1844 5311 1944 5346 non
1971 5294 2098 5346 sicut

526 5364 755 5432 sculptor
785 5362 844 5413 ab
872 5378 969 5414 tere
999 5361 1241 5423 Crudum,
1273 5369 1319 5414 ct
1353 5363 1666 5414 inexcoctam
1702 5361 1979 5418 consuescit
2007 5365 2103 5429 ﬁn-

527 5451 642 5508 gere
657 5433 1023 5508 mgssam_:_qui
1053 5433 1254 5508 putavit
1288 5433 1462 5508 minus
1485 5433 1618 5489 bene
1647 5434 1755 5508 dic_i
1773 5437 1933 5489 rudus
1964 5437 2101 5489 teris.

529 5502 676 5574 :Ald.,
702 5503 844 5566 Put.,
869 5503 1102 5574 'l‘lm_an.,
1149 5503 1346 5565 Oxon.,
1389 5502 1535 5570 Rot.,
1573 5514 1680 5557 tres
1715 5505 1890 5566 Torr..
1926 5507 2102 5574 Egm.,

526 5573 671 5642 PaL,
696 5575 828 5628 Mar.
859 5588 886 5625 a
920 5572 1086 5641 prima
1121 5588 1302 5637 manu,
1332 5573 1567 5628 Vaticani
1591 5575 1799 5642 Optimi,
1833 5593 1931 5629 non
1973 5572 2102 5632 sicut

529 5647 754 5715 sculptor
795 5645 1008 5715 aliajris
1049 5644 1247 5698 Radere
1303 5645 1558 5698 decoctam
1611 5649 1891 5699 consuescit
1954 5649 2114 5701 rivcrc

531 5713 771 5769 massam.
805 5713 1022 5768 Scilicet
1052 5717 1328 5768 consuescit
1377 5732 1469 5782 pro
1499 5717 1828 5785 consuefacit,
1866 5725 1921 5769 ut
1959 5717 2049 5769 lib.
2096 5736 2112 5772 1

531 5795 714 5838 contra
759 5787 933 5854 S‘ym.,
978 5799 1119 5856 vers.
1155 5786 1279 5847 5.11,
1315 5789 1556 5840 assuescit
1598 5804 1782 5854 supero
1829 5787 2020 5856 pollere
2058 5789 2110 5840 in

533 5856 721 5911 stecula
742 5873 916 5922 regno,
943 5865 997 5910 et
1026 5855 1222 5922 hymno
1252 5856 1283 5911 9
1311 5856 1463 5912 Catii.
1493 5857 1644 5912 Omni
1671 5855 1981 5924 hora,vers.
2016 5858 2103 5921 95,

2211 4954 2264 4998 et
2287 4945 2394 5014 jam
2427 4955 2550 4998 ante
2583 4939 2854 4996 llt°lnSlllm
2880 4943 2930 4995 in
2962 4941 3097 4994 Aldo
3127 4950 3178 4994 et
3205 4941 3324 4993 aliis
3345 4939 3503 5014 editis
3527 4939 3632 5014 legi
3659 4953 3781 5014 con-

2211 5009 2395 5070 suescit
2423 5018 2618 5068 virere:
2650 5028 2819 5081 neque
2865 5015 2933 5066 ita
2967 5022 3164 5065 certam
3196 5025 3316 5063 csse
3360 5009 3562 5081 Heinsii
3601 5009 3784 5081 lectio-

2212 5101 2355 5145 nem,
2398 5096 2455 5139 ut
2494 5086 2594 5138 alia
2644 5078 2892 5138 sustineri
2934 5100 3039 5136 non
3081 5083 3266 5150 possit,
3321 5095 3442 5134 nam
3473 5080 3677 5150 fingere
3721 5078 3785 5130 de

2213 5158 2480 5222 sculptorc
2508 5171 2610 5209 non
2635 5154 2864 5209 absurde
2893 5149 3104 5217 dicitur,
3136 5167 3304 5220 neque
3345 5151 3474 5222 satis
3506 5150 3628 5202 lmic
3668 5149 3783 5200 l~co

2212 5221 2454 5295 congruit
2498 5227 2714 5280 laudare
2755 5224 2995 5292 peritiam
3044 5223 3288 5295 artificis.
3318 5221 3449 5295 Quia
3493 5235 3690 5295 corpus
3720 5234 3783 5295 cx

2212 5289 2431 5352 materia
2465 5299 2724 5352 existente
2754 5289 2944 5350 factum
2974 5304 3075 5354 est.
3105 5309 3246 5362 sche
3277 5291 3596 5348 Prudentius
3625 5289 3786 5362 verbo

2214 5369 2408 5439 ﬁngere
2436 5371 2602 5422 utitur
2632 5368 2695 5420 ad
2726 5367 2840 5433 ejus
2875 5360 3242 5439 formationem
3277 5362 3667 5439 explicandum.
3716 5360 3784 5410 Ita

2213 5435 2356 5493 nunc
2410 5441 2599 5508 ﬁngere
2644 5455 2864 5491 massam
2918 5453 3022 5490 non
3075 5435 3316 5490 dedecet.
3351 5435 3477 5508 Almo
3522 5443 3787 5485 nonnemo

2215 5505 2730 5563 existimat'omnino
2761 5508 3145 5576 prmferendum
3184 5521 3304 5560 esse
3330 5505 3521 5576 ﬁngere
3548 5517 3785 5556 massam.

2215 5580 2270 5635 in
2296 5581 2470 5642 glossa
2497 5582 2633 5632 mina
2659 5575 2957 5645 pro’fodina
2983 5593 3080 5630 vox
3112 5585 3193 5631 cst
3217 5576 3372 5630 medii
3401 5575 3520 5628 xvi.

2286 5651 2409 5704 751.
2434 5651 2614 5714 Prag.,
2645 5651 2772 5704 Mar.
2800 5666 2824 5701 τι
2861 5651 3027 5718 prima
3057 5664 3237 5707 manu,
3261 5663 3356 5718 age
3381 5661 3476 5714 pro
3499 5661 3606 5714 ego.

2285 5723 2409 5775 752.
2437 5721 2491 5774 lu
2523 5721 2649 5774 Mar.
2684 5720 2781 5775 fuit
2806 5720 3068 5781 elementa,
3103 5719 3258 5770 male.

2285 5792 2406 5848 7'56.
2437 5791 2551 5846 Vat.
2588 5793 2650 5858 Α,
2685 5793 2746 5844 At
2785 5807 2874 5857 nc;
2897 5789 3074 5846 cancri
3131 5804 3192 5841 ac
3221 5803 3304 5842 nc.
