4092 6344
271 336 371 398 985

1405 542 1635 613 [ternum
1668 552 1772 597 est.

445 637 566 692 Iltec
590 636 805 704 similis,
835 636 984 693 velut
1012 636 1221 702 umbra,
1257 636 1347 691 Dei
1380 646 1482 691 est.
1507 636 1594 692 Sic
1626 638 1739 706 ipse
1767 637 1847 691 lo-

1602 732 1778 804 [cutus

444 827 636 880 Factor
652 835 877 894 utroque
916 824 1185 881 hominem
1216 826 1478 881 meditans
1518 826 1586 882 de
1634 827 1850 896 figmine

1517 918 1780 989 [junctum

442 1010 731 1066 .Edificare
761 1012 844 1065 sui
884 1010 1152 1075 similem;
1179 1010 1274 1066 sed
1304 1027 1411 1065 non
1436 1010 1595 1066 habet
1637 1011 1848 1080 umbra,

447 1105 597 1173 Quod
624 1119 820 1174 corpus
842 1103 1099 1171 solidum,
1123 1104 1276 1173 cujus
1307 1104 1529 1158 imitatio
1562 1105 1612 1158 in
1663 1103 1851 1159 umbra

1632 1196 1734 1268 [est
1767 1214 1778 1247 :

447 1294 621 1360 Atque
646 1288 791 1343 aliud
814 1303 997 1344 verum
1024 1297 1127 1356 est,
1159 1288 1298 1342 aliud
1324 1288 1588 1342 simulatio
1611 1289 1743 1344 veri.

449 1382 543 1435 Est
574 1381 792 1445 similis,
834 1380 1007 1434 saeclis
1033 1380 1174 1450 quod
1201 1395 1304 1432 non
1334 1380 1664 1434 consumitur
1702 1379 1851 1444 ullis;

449 1478 599 1545 Quod
619 1478 855 1548 sapiens,
874 1475 1109 1546 iustique
1133 1491 1323 1545 capax,
1357 1475 1646 1545 reginaque
1674 1489 1853 1528 rerum

453 1570 719 1639 Imperat:
751 1567 1042 1633 antevidet,
1094 1567 1396 1637 perpendit,
1459 1575 1743 1635 praecavet,
1777 1566 1855 1620 in-

1624 1659 1747 1730 [stat
1766 1676 1779 1722 ;

271 1760 380 1819 805
454 1757 769 1819 Verborum,
786 1768 1099 1822 morumque
1112 1752 1311 1821 Opifex,
1334 1752 1697 1820 instructaque
1712 1751 1855 1805 mille

452 1846 689 1911 Artibus,
718 1854 770 1899 et
801 1844 994 1898 coelum
1024 1858 1184 1897 sensu
1224 1858 1541 1913 percurrere
1569 1842 1747 1896 docta.

432 1939 593 2010 472
611 1938 701 1991 llis
713 1935 943 1989 animam
959 1934 1191 1989 similem
1206 1933 1306 1987 sibi
1320 1934 1564 1987 conditor
1578 1932 1850 2003 effigiavit,

451 2030 654 2085 Caetera
704 2027 1051 2092 dissimilem;
1083 2026 1276 2096 quippe
1299 2026 1435 2080 hanc
1466 2026 1854 2094 comprendere

1320 2116 1647 2189 [promptum
1676 2126 1780 2183 est,

262 1103 372 1163 (00

1689 333 2127 392 APOTIIEOSIS.

442 449 549 505 Nec
578 449 769 508 factus.
802 450 897 505 sed
929 456 1106 515 natus,
1142 449 1324 514 habet,
1354 449 1707 521 quodcunque
1751 465 1845 520 pa-
1874 457 1924 514 Α

1908 1120 1913 1125 ‘
1956 1106 2061 1160 815

3425 342 3533 402 986

2110 451 2291 519 Quam
2341 452 2548 519 modus,
2582 461 2636 508 et
2677 452 2885 523 species
2924 454 3284 521 determinat;
3316 467 3367 510 at
3398 462 3535 514 ileus

3228 547 3462 619 Ungulis,

1952 640 2055 695 810
2129 643 2299 711 Atque
2322 639 2638 710 superfusus
2679 649 2824 695 trans
2848 642 3049 707 omnia,
3075 641 3149 695 nil
3190 640 3347 695 habet
3377 642 3426 693 in
3480 657 3539 697 se

2131 733 2465 799 Extremum,
2499 746 2551 786 ut
2584 732 2756 787 claudi
2782 732 2977 797 valeat,
3011 748 3241 787 sensuve
3272 735 3463 788 teut-r'.

2130 825 2500 894 Incomprensa
2531 834 2710 880 manet
2742 825 2934 891 virtus,
2966 825 3050 879 cui
3073 824 3211 878 linea
3241 824 3370 877 defit

2131 916 2347 984 Ultima,
2381 932 2539 987 quam
2563 919 2793 987 spatium
2824 932 2930 973 non
2955 916 3316 971 mensurabile
3349 917 3535 971 tendit.

2128 1012 2269 1081 Ergo
2285 1011 2516 1066 animam
2535 1012 2749 1076 factam,
2768 1020 3025 1082 magnoet
3040 1011 3240 1066 factore
3254 1010 3537 1078 minorem,

2134 1104 2494 1173 Majoremqne
2514 1104 2659 1169 aliis,
2679 1113 2838 1173 atque
2854 1103 3102 1158 omnibus
3118 1103 3538 1172 imperitantem,

2133 1196 2448 1266 Corruptela
2482 1195 2653 1266 putris
2682 1204 2991 1250 nascentem
3021 1195 3233 1250 turbida
3258 1194 3436 1248 carnis

2133 1290 2403 1358 Concipit,
2435 1303 2497 1342 ac
2531 1286 2792 1341 membris
2828 1286 3133 1341 tabentibus
3156 1285 3473 1341 interfusam

2138 1379 2424 1447 Participat
2451 1378 2516 1433 de
2546 1378 2673 1432 lance
2698 1393 2829 1442 sua;
2866 1376 2923 1431 fit
2954 1377 3117 1431 mista
3138 1376 3333 1431 deinde

2134 1468 2395 1524 Peccandi
2430 1479 2616 1522 natura
2644 1468 2753 1522 luto
2782 1483 2901 1523 cum
2926 1467 3164 1538 simplice
3193 1468 3342 1522 flatu.

2136 1563 2240 1619 Sed
2271 1563 2497 1617 fortasse
2511 1562 2766 1627 animam,
2786 1560 2997 1615 Domini
3017 1560 3137 1631 quia
3169 1560 3318 1615 fluxit
3338 1560 3404 1615 ab
3429 1575 3545 1629 ore,

2137 1654 2528 1725 Compositam,
2563 1654 2865 1722 factamque
2893 1667 3086 1723 neges;
3112 1652 3261 1708 velut
3306 1652 3419 1721 ipsa
3450 1651 3547 1706 Dei

3304 1744 3474 1817 [pars,

2136 1839 2294 1913 473
2312 1838 2466 1907 Quod
2493 1837 2638 1893 dictu
2665 1836 2840 1893 scelus
2861 1845 2963 1905 est,
2995 1844 3159 1892 tetras
3186 1835 3360 1891 trahat
3383 1835 3547 1890 obli'a

3233 1929 3471 2002 [culpas,

2140 2028 2204 2083 Et
2222 2043 2433 2098 pessum
2449 2028 2699 2081 damnata
2715 2040 2898 2092 ruens;
2914 2024 3076 2082 chaos
3094 2025 3260 2080 intret
3273 2034 3541 2093 opertum.

2138 2121 2219 2179 Sit
2250 2138 2335 2177 res
2366 2121 2453 2175 illa
2488 2121 2599 2185 Dei,
2627 2135 2734 2175 non
2776 2120 2954 2175 abnuo
2990 2134 3151 2191 :pars
3185 2106 3362 2173 tamen
3390 2116 3479 2172 illa

1959 1562 2062 1620 8Ξο

1564 2206 1847 2266 GLOSSZE
1889 2209 2221 2268 VETERES.

348 2309 470 2364 797.
498 2306 620 2360 lltec
651 2304 863 2365 similis,
896 2304 1065 2356 anima
1098 2304 1226 2369 Deo,
1256 2302 1358 2356 lso.

348 2382 476 2434 798.
497 2378 755 2445 Utroque,
779 2376 947 2427 anima
966 2382 1013 2427 et
1032 2389 1256 2444 corpore.
1280 2404 1345 2412 —
1363 2373 1622 2442 Figtuine,
1650 2376 1861 2445 ﬁgmen-

276 2463 352 2507 to.
386 2452 424 2505 I.

336 2493 478 2576 ’7'99.
509 2519 723 2581 Umbra,
756 2518 928 2569 anima
972 2524 1211 2586 perpetua
1251 2523 1340 2579 est,
1376 2516 1502 2567 sicut
1555 2514 1722 2581 Deus;
1773 2516 1861 2568 sed

279 2596 408 2649 sicut
436 2594 615 2646 umbra
642 2590 794 2642 distat
817 2605 847 2640 a
878 2602 1107 2653 corpore,
1141 2586 1215 2638 ita
1244 2587 1414 2639 animo
1432 2586 1591 2639 distat
1619 2602 1649 2637 a
1684 2602 1863 2657 perpe-

280 2666 462 2719 tuitate
493 2661 608 2723 Dci,
641 2661 681 2714 l.

352 2735 477 2790 800.
509 2733 712 2799 Corpus
735 2727 985 2790 solidum,
1016 2728 1286 2799 majestas,
1322 2726 1357 2779 Ι.

354 2806 479 2859 802.
509 2804 598 2856 Est
620 2802 831 2863 similis,
851 2801 1022 2853 anima
1048 2799 1229 2851 similis
1262 2798 1366 2851 Deo
1393 2799 1443 2851 in
1467 2798 1579 2859 Itoc,
1612 2799 1647 2852 Ι.

354 2876 477 2930 alii.
508 2872 813 2943 l’erpendit,
848 2872 1083 2931 a'stimut,
1121 2868 1382 2925 discernit.
1409 2898 1474 2909 —-
1509 2871 1651 2936 Infit,
1697 2870 1864 2940 loqui-

283 2958 385 3011 tstr,
415 2947 453 3000 I.
1398 2972 1403 2977 -

354 3019 479 3071 805.
505 3014 711 3081 ()pilex,
736 3013 939 3083 artifex,
977 3012 1014 3064 I.

356 3089 480 3141 807.
515 3087 624 3149 llis,
660 3081 850 3153 officiis,
886 3081 1462 3153 prtcdictisrebttstlso.

357 3158 480 3213 808.
514 3151 736 3219 Cic-tera,
758 3171 846 3221 per
866 3162 1047 3206 caetera
1070 3152 1312 3221 officia-—
1334 3151 1667 3221 Promptum,
1692 3153 1863 3221 facile,

286 3230 605 3296 manifestum
639 3236 731 3294 est,
782 3226 819 3278 Ι.

360 3292 481 3354 809.
518 3292 725 3357 Modus,
777 3311 1011 3349 mensura
1076 3294 1275 3356 ultima,
1337 3292 1491 3346 littca.
1524 3323 1593 3332 ——
1623 3293 1865 3362 Species,

1968 2306 2170 2359 divisio.
2203 2337 2273 2346 —
2303 2306 2650 2370 Determtitat,
2679 2306 2815 2375 finit,
2838 2305 2879 2359 I.

2042 2378 2166 2431 810.
2193 2376 2538 2446 Superfusus,
2573 2378 2836 2441 dilatatus,
2865 2377 2904 2430 Ι.

2041 2448 2101 2500 81
2122 2448 2164 2499 1.
2199 2443 2532 2513 Extremum,
2565 2447 2906 2510 terininabile,
2941 2445 3187 2513 finiabile,
3221 2443 3262 2498 Ι.

2041 2518 2166 2571 812.
2216 2518 2621 2587 Incom'prensa,
2656 2516 3197 2587 incomprehensibilis.
3253 2545 3319 2556 —
3359 2517 3527 2571 Lutea

1978 2590 2245 2643 terminus.
2271 2620 2337 2632 ——-
2377 2584 2533 2651 Delii,
2566 2590 2721 2652 deest,
2746 2588 2784 2641 l.

2042 2658 2166 2714 815.
2201 2660 2352 2724 Aliis,
2386 2660 2652 2723 creaturis,
2677 2660 2779 2712 lso.

2044 2730 2170 2783 817.
2205 2730 2550 2797 'l'abentilius,
2594 2730 3013 2799 putrescentibus,
3051 2728 3092 2782 I.

2042 2800 2166 2854 818.
2194 2800 2502 2864 I’arti‘eipat,
2544 2810 2732 2871 partem
2765 2803 2886 2871 facit
2926 2800 3127 2857 habere.
3165 2830 3233 2841 —
3282 2798 3459 2867 Ftnce,
3488 2800 3553 2855 de

1976 2883 2178 2941 peccato
2205 2873 2451 2939 corporis,
2488 2872 2525 2924 1.

2045 2944 2170 2997 819.
2195 2941 2410 3009 Natura,
2436 2941 2647 2995 scilicet.

2044 3013 2166 3067 82⁵2..
2203 3014 2399 3077 Uliltta,
2428 3014 2769 3079 circumdata,
2801 3014 2835 3066 I.

2211 3085 2430 3138 Pessum
2482 3085 2779 3151 perditione,
2834 3086 2985 3139 male.
3019 3084 3303 3151 ——C|taos,
3353 3080 3557 3153 voragi-

2044 3171 2109 3205 m.
2163 3196 2174 3205 .
3220 3188 3236 3203 ε

1976 3169 2109 3214 nem,
2138 3169 2174 3206 I.

2048 3224 2175 3278 8‘2l.
2209 3224 2324 3277 Non
2350 3225 2547 3289 abnuo,
2582 3242 2683 3279 non
2706 3242 2852 3295 nego,
2886 3227 2925 3278 l.

1608 3385 2175 3443 COMMENTARIUS.

360 3487 483 3539 798.
517 3485 656 3549 Put.,
682 3482 930 3553 junctint;
964 3480 1072 3543 alii,
1096 3481 1350 3553 junctum.

360 3558 482 3611 800.
536 3550 741 3608 Tllllﬂll.
797 3562 850 3607 et
894 3553 1006 3605 Gis.
1038 3550 1337 3613 simulatio;
1393 3551 1597 3611 cmteri,
1630 3551 1867 3605 imitatio.

291 3629 557 3684 Giselinus
611 3626 833 3694 putavit,
871 3633 1041 3676 metro
1092 3630 1146 3675 et
1176 3621 1355 3694 sensui
1379 3635 1678 3691 repugnare
1707 3623 1875 3674 imita-

292 3702 390 3761 tio;
425 3692 622 3750 falsutn
643 3707 945 3761 utrumque.
980 3694 1210 3745 Czesurm
1247 3692 1451 3744 ratione
1480 3707 1621 3759 saepe
1654 3694 1871 3746 brevem

292 3768 613 3825 Prudentius
668 3766 932 3833 producit.
1005 3763 1260 3816 Umbram
1310 3774 1484 3817 autem
1542 3764 1876 3817 imitationem

295 3839 581 3911 quamdam
607 3850 724 3888 esse
752 3834 1142 3911 corporisquis
1160 3837 1351 3911 neget?

365 3909 486 3961 801.
524 3906 651 3958 Mar.
676 3920 689 3965 ',
717 3913 787 3960 at.
822 3904 1017 3956 recenti
1050 3918 1204 3954 manu
1232 3905 1426 3955 factum
1454 3912 1635 3971 atque:
1670 3904 1879 3959 Tertul-

297 3980 470 4031 lianus
531 3976 623 4028 lib.
667 3990 700 4028 Il
730 3985 911 4025 contra
943 3972 1287 4038 Marcionem,
1319 3988 1437 4038 cap.
1468 3975 1526 4035 9,
1558 3975 1703 4026 Sicut
1745 3977 1879 4027 enim

293 4030 484 4117 imago,
510 4062 625 4117 cum
653 4060 822 4117 omnes
860 4043 1020 4094 lineas
1061 4030 1330 4117 exprimat,
1362 4030 1590 4117 veritatis
1635 4046 1679 4117 pi
1710 4054 1876 4117 tamen

293 4113 453 4184 caret,
483 4133 581 4168 non
608 4114 793 4167 habens
822 4123 1008 4165 malum
1027 4128 1044 4165 :
1064 4113 1133 4164 ita
1162 4121 1206 4164 et
1236 4114 1405 4184 anima
1426 4113 1595 4184 imago
1624 4114 1875 4184 Spiritus,

293 4182 457 4243 solani
483 4187 579 4239 vim
605 4188 716 4255 ejus
747 4184 1027 4254 exprimere
1046 4198 1147 4234 non
1178 4182 1354 4246 valuit,
1379 4183 1433 4234 id
1459 4193 1551 4248 est,
1585 4199 1686 4236 non
1714 4182 1880 4237 delin-

295 4257 485 4327 quendi
518 4258 828 4327 felicitatem.

366 4328 487 4382 80-2.
518 4323 657 4381 Bon.
682 4343 708 4379 a
743 4327 908 4393 prima
938 4340 1118 4389 manu,
1150 4332 1205 4378 et
1253 4323 1427 4388 Siclt.,
1458 4324 1599 4387 quia.
1645 4324 1875 4394 Reliqui,

297 4399 454 4471 quod,
472 4399 659 4471 eodem
674 4412 855 4450 sensu.
883 4396 1043 4471 Poeta
1062 4395 1370 4471 imaginem,
1394 4405 1449 4450 et
1476 4395 1882 4471 similitudinem

298 4466 391 4525 Dei
423 4470 679 4523 inanitnm
702 4477 897 4521 nostra:
922 4466 1326 4520 immortalitate
1352 4482 1420 4519 ex
1456 4476 1602 4534 parte
1631 4466 1879 4519 collocat.

300 4542 527 4596 Faustus
579 4538 841 4599 lteiensis,
878 4538 970 4591 lib.
1002 4553 1016 4590 ι
1046 4538 1112 4591 de
1143 4537 1259 4589 Lib.
1299 4539 1455 4599 Arb.,
1487 4552 1602 4604 cap.
1637 4540 1659 4590 1
1699 4555 1711 4590 :
1748 4537 1885 4602 Quid

299 4628 411 4666 vero
438 4613 580 4664 aliud
627 4610 1011 4679 intelligendum
1058 4618 1130 4660 est
1161 4609 1313 4660 etiam
1348 4609 1400 4661 in
1422 4608 1555 4676 ipsa,
1606 4624 1706 4676 qus
1738 4609 1886 4661 homo

298 4684 533 4736 conditus
580 4689 672 4739 est,
712 4679 802 4732 Dei
836 4681 1073 4747 imagine,
1123 4680 1221 4731 nisi
1264 4680 1594 4748 percnnitatis
1650 4680 1889 4748 insigne?

296 4752 450 4809 Adde
479 4752 763 4806 Maximum
798 4758 1083 4817 martyrem
1110 4758 1254 4801 cent.
1278 4750 1332 4807 5.
1358 4764 1476 4816 cap.
1508 4748 1602 4801 25.

370 4825 495 4877 803.
526 4823 639 4875 Vat.
666 4825 729 4883 Α,
757 4837 855 4886 quo
877 4819 1265 4886 ;tneliusqnod.
1290 4820 1481 4873 Sermo
1496 4829 1575 4872 est
1594 4819 1660 4873 de
1684 4821 1883 4875 anima.

1898 3483 1944 3546 C
1977 3480 2226 3535 Petavius
2257 3482 2349 3535 lib.
2384 3498 2458 3545 lll,
2492 3496 2609 3546 cap.
2656 3481 2711 3545 9,
2747 3490 2876 3533 tom.
2922 3480 2961 3543 I,
2988 3479 3151 3533 multa
3181 3475 3403 3537 inhanc
3435 3490 3563 3531 sen-

1982 3553 2196 3607 tentiam
2239 3568 2554 3620 congerens.
2590 3550 2655 3603 Et
2686 3553 3045 3619 pulcherrime,
3075 3549 3169 3614 ait,
3202 3547 3516 3601 Prudentius
3544 3563 3564 3602 .'

1986 3626 2051 3676 At
2098 3623 2231 3676 Deus
2258 3625 2452 3691 ingens,
2485 3625 2647 3689 Atque
2676 3627 2994 3693 superfusus.
3013 3690 3027 3693 _
3305 3680 3319 3690 _

2059 3694 2185 3749 815.
2237 3689 2487 3761 Vegetius
2515 3689 2974 3756 mensuraredisit,
2998 3689 3318 3747 Claudianus
3346 3689 3562 3745 Mamer.

1982 3774 2065 3821 tus
2092 3766 2445 3827 mensurabile,
2464 3767 2745 3820 Salvianus
2773 3763 3204 3817 immensurabile.

2055 3837 2181 3894 8l9.
2217 3836 2479 3891 Weitzius
2534 3836 2727 3905 allegat
2782 3837 2852 3890 M.
2909 3836 3065 3903 Berg.
3099 3848 3194 3903 pro
3229 3836 3478 3900 peccanti.
3510 3835 3563 3889 111

1981 3909 2210 3971 Cauch.,
2248 3909 2452 3963 Il0n0u.
2500 3917 2554 3960 et
2603 3908 2749 3969 Rnt.,
2794 3908 3052 3973 peccando
3089 3915 3272 3958 natura
3296 3906 3388 3959 luti
3414 3924 3430 3969 ;
3461 3916 3569 3959 tres

1983 3979 2134 4038 Tor.,
2164 3980 2419 4045 peccando
2443 3986 2626 4029 natura
2652 3977 2782 4031 luto.
2822 3976 3089 4030 Cauchius
3118 3977 3392 4030 contendit
3412 3979 3570 4030 casti-

1984 4048 2215 4115 gandum
2264 4048 2457 4115 peccati
2508 4058 2691 4099 natura
2720 4049 2837 4111 luti,
2880 4057 2937 4100 ut
2980 4048 3176 4115 peccati
3203 4046 3270 4097 sit
3316 4047 3571 4110 praeteriti

1992 4119 2247 4186 temporis
2293 4117 2650 4184 participium,
2705 4122 2909 4184 agentis
2964 4116 3113 4169 verbi
3159 4115 3568 4184 significatione.

1996 4187 2323 4241 Terentiano
2352 4188 2597 4255 exemplo
2624 4203 2688 4240 ex
2741 4188 2941 4257 llecyra
2961 4202 2973 4239 :
2994 4195 3200 4255 peccato
3226 4186 3350 4239 mihi
3379 4188 3572 4257 ignosci

1988 4274 2209 4325 (equum.
2251 4258 2390 4311 Idem
2420 4258 2685 4311 Cauchius
2714 4259 2871 4311 aliam
2897 4258 3285 4311 correctionem
3329 4257 3573 4325 indigitat

1986 4331 2239 4397 peccantis
2270 4341 2457 4380 natura
2486 4328 2596 4381 luti.
2616 4329 2796 4384 Lectio
2813 4329 3111 4382 communis
3135 4341 3238 4380 non
3262 4338 3343 4379 est
3372 4328 3573 4381 811111ρί-

1990 4400 2169 4462 tanda,
2208 4400 2363 4465 cujus
2394 4408 2571 4453 rectus
2594 4412 2667 4453 est
2697 4414 2908 4463 sensus,
2939 4400 2993 4468 fit
3024 4399 3181 4451 mixta
3230 4397 3413 4451 deinde
3444 4397 3573 4451 Pec-

1989 4470 2139 4522 candi
2170 4480 2356 4523 natura
2384 4470 2490 4522 luto
2522 4487 2635 4523 cum
2674 4471 2905 4537 simplice
2929 4472 3056 4538 flatu
3080 4484 3100 4523 :
3124 4468 3329 4523 scilicet
3357 4485 3420 4523 es
3450 4482 3574 4523 con-

1986 4540 2263 4608 junctione
2314 4541 2504 4594 anima:
2551 4550 2607 4595 et
2658 4543 2900 4610 corporis
2956 4540 3015 4593 lit
3065 4539 3320 4607 peccandi
3362 4550 3571 4602 natura.

1991 4612 2156 4665 mixta
2176 4628 2238 4665 ex
2268 4611 2377 4665 luto
2399 4620 2453 4664 et
2481 4612 2724 4678 simplice
2755 4612 2977 4680 Spiritu:
2999 4610 3048 4663 id
3102 4610 3243 4664 enim
3290 4619 3371 4664 est
3413 4612 3576 4665 mixta

1992 4682 2098 4736 luto
2145 4700 2258 4736 cum
2309 4683 2537 4753 simplice
2570 4686 2721 4752 ﬂatu.
2772 4683 2855 4737 Iso
2897 4682 3279 4751 interpretatur
3307 4696 3572 4749 SIIPIJCE,

1996 4754 2105 4807 sine
2133 4762 2362 4821 peccato,
2404 4755 2544 4821 quod
2572 4770 2673 4807 non
2710 4754 2901 4823 probo.

2064 4826 2192 4879 8‘22.
2228 4825 2311 4879 Iso
2340 4825 2496 4877 oblita
2524 4821 3072 4888 reddit—circumdata;
3102 4821 3287 4879 melius
3318 4822 3574 4877 maculata

371 4865 495 4948 sit:
522 4865 1378 4956 c751,";,.:I.;.}';;a"5.‘.;2;.;"ait:
1396 4865 1477 4941 ii;
1499 4865 1884 4944 ἰξὸῗέἷὲἑῆἦίἶὲ
1915 4865 1967 4924 Ι)
1992 4865 2274 4948 δυνιῆνῖὲηόἶ

302 4967 474 5022 Inde.
509 4964 659 5017 Lucr.
695 4960 819 5030 legit
867 4976 929 5013 ex
959 4969 1063 5013 vet.
1098 4961 1220 5012 eod.
1271 4959 1521 5012 nutet-idet
1571 4959 1876 5028 conjuncte,

297 5036 440 5107 quod
475 5034 661 5107 placet.

373 5097 499 5160 803'.
556 5102 811 5157 Weitz'us
866 5099 1066 5152 invenit
1112 5098 1164 5152 111
1217 5097 1441 5166 vulgatis
1473 5101 1653 5154 nescio
1683 5100 1878 5170 quibus

301 5192 572 5246 rerumque
599 5189 693 5243 ι)Γο
726 5186 1039 5246 morumque.

372 5239 498 5304 805.
534 5239 613 5299 De
638 5244 829 5297 mentis
860 5241 1142 5295 velocitate
1174 5239 1369 5309 passim
1395 5248 1666 5307 auctores,
1690 5251 1744 5297 et
1768 5244 1880 5312 plu-

302 5335 357 5374 l'tl
392 5330 580 5374 DOCIKE.

375 5334 643 5444 δβὸῗῇξῐξρ
664 5402 761 5439 vos
797 5384 962 5455 effigia
978 5381 1265 5452 explanata
1285 5390 1367 5436 est
1395 5381 1592 5454 hymno
1610 5384 1675 5438 10
1704 5384 1880 5451 Cath.,

306 5475 449 5512 vers.
474 5462 529 5514 4.

376 5532 499 5585 808.
536 5529 689 5597 Egm.
722 5538 772 5583 et
804 5526 943 5597 PaL,
993 5532 1273 5595 sumptum,
1304 5540 1410 5580 non
1444 5524 1599 5579 video
1627 5541 1733 5596 quo
1756 5540 1880 5583 sen-

311 5612 362 5657 tu
394 5617 488 5670 pro
519 5610 830 5671 promptum.
936 5596 945 5605 ’

378 5673 501 5727 800.
542 5673 716 5740 Prag.,
756 5688 812 5724 ac
844 5686 940 5735 pro
968 5680 1041 5724 at.

377 5744 502 5797 810.
530 5742 759 5797 Consule
800 5741 1132 5805 Wowerum,
1166 5740 1465 5807 Ouzelium,
1498 5741 1784 5796 Meursium
1815 5743 1881 5797 ad

315 5812 521 5869 llinucii
562 5814 743 5880 verba,
778 5828 896 5881 quae
926 5813 1152 5883 cxcripsi
1183 5814 1235 5867 in
1260 5822 1380 5868 nota
1412 5826 1554 5866 vers.
1600 5812 1632 5866 7
1680 5814 1876 5882 Apelli.

1978 4980 1987 4983 '
2066 4966 2191 5020 825.
2227 4966 2496 5020 Giselinus
2544 4965 2617 5018 ait
2675 4979 2732 5019 se
2784 4965 2897 5019 loco
2946 4966 3175 5019 movisse
3222 4964 3571 5018 adulterinam

1991 5034 2276 5090 dictionem
2327 5052 2600 5104 pressum;
2643 5036 2870 5090 fortasse
2920 5036 2990 5089 ita
3049 5047 3162 5090 erat
3212 5036 3261 5087 in
3306 5033 3576 5104 etlit.ADa-

1993 5116 2194 5170 ventr.,
2216 5102 2335 5160 nam
2368 5106 2489 5160 Ald.
2508 5106 2709 5160 diserte
2731 5106 2888 5160 habet
2910 5122 3130 5176 pessum.
3155 5105 3300 5159 Sicli.
3333 5102 3571 5176 1111³11111.

1997 5188 2119 5241 post
2152 5179 2338 5231 Aldqu
2392 5191 2496 5229 non
2548 5177 2843 5232 debuerunt
2872 5172 3032 5230 edere
3071 5191 3312 5245 pressum.
3375 5172 3573 5227 Contra

1904 5306 1907 5309 _
1987 5247 2271 5301 Gnosticos
2315 5256 2369 5300 ct
2418 5246 2762 5313 Manicliaaos,
2809 5248 2898 5316 qui
2945 5244 3173 5299 animam
3222 5244 3571 5297 substantiam

1993 5318 2083 5371 Dei
2137 5335 2253 5372 esse
2300 5319 2712 5382 asseverabant,
2773 5318 3009 5385 probavit
3056 5316 3311 5369 hactenus
3342 5316 3570 5385 annnam

1991 5404 2096 5441 non
2125 5404 2243 5443 esse
2279 5390 2460 5454 Deum,
2496 5389 2615 5456 quia
2638 5384 2889 5442 sordibus
2939 5388 3180 5455 θοι-110118
3223 5384 3573 5450 comprehen-

1992 5461 2156 5524 ditur,
2205 5460 2342 5528 quod
2387 5476 2414 5512 a
2460 5459 2568 5513 Deo
2615 5460 2843 5512 alienum
2893 5469 2993 5520 est,
3027 5470 3377 5525 prmterquam
3434 5456 3572 5522 quod

1992 5531 2185 5584 animas
2216 5532 2454 5583 collatum
2495 5540 2566 5583 est
2619 5531 2803 5591 subito,
2837 5538 2891 5580 ut
2928 5528 3065 5589 quod
3111 5544 3212 5579 non
3263 5534 3390 5588 erat,
3422 5536 3569 5587 esset,

1992 5602 2095 5657 hoc
2123 5611 2223 5666 est,
2257 5603 2430 5656 anima
2460 5601 2621 5668 cmpit
2647 5614 2765 5652 esse
2796 5600 2846 5652 in
2873 5597 3291 5666 tempore.Nunc
3321 5596 3572 5664 quoniam

1990 5674 2321 5743 respondere
2370 5680 2633 5743 poterant,
2685 5670 2925 5743 animam
2958 5670 3161 5743 saltem
3199 5682 3327 5743 esse
3370 5673 3572 5743 partem

1992 5736 2111 5809 Dei,
2140 5759 2234 5799 eos
2268 5736 2554 5797 hac-etiam
2582 5742 2631 5793 in
2665 5750 2812 5809 parte
2841 5739 3056 5803 refellit,
3090 5748 3144 5793 et
3172 5736 3466 5793 convincit.

2063 5815 2192 5869 8‘24.
2225 5816 2340 5871 Vat.
2378 5817 2441 5883 A,
2476 5813 2651 5882 ligio,
2691 5812 2742 5865 tit
2772 5828 2873 5879 res,
2901 5826 3007 5868 non
3039 5811 3108 5865 its
3130 5811 3286 5866 bene.
