4092 6344
595 295 692 354 887

599 414 698 472 3‘25
776 409 1192 480 Haudquaquam
1222 405 1445 462 dicenda
1493 404 1588 461 Dei
1620 413 1724 474 est,
1771 421 1891 476 quae
1931 413 2171 475 tempore
2197 410 2251 472 Δ

1867 497 2063 568 [ςωρίι
2092 514 2105 549 -.

772 595 880 650 Nec
910 593 1076 663 prior,
1107 598 1200 646 aut
1243 590 1441 654 senior,
1472 603 1630 658 quam
1677 603 1904 658 primum
1952 588 2173 658 plasma,

1707 679 1974 753 [putanda
2003 688 2104 735 est.

773 781 926 834 Tnnc
954 777 1151 833 etenim
1202 777 1390 830 factam
1435 774 1610 842 video,
1641 789 1761 828 cum
1808 773 1987 829 cordis
2016 773 2177 828 amici

779 869 994 924 Intravit
1021 883 1272 938 germana
1305 867 1540 934 domum,
1576 867 1794 936 limique
1841 866 2072 922 recentis

779 963 1015 1033 Hospita,
1041 972 1095 1017 et
1137 962 1246 1031 ipsa
1280 976 1467 1016 recens
1499 961 1734 1015 fraterna
1777 959 1914 1015 sedit
1955 960 2006 1013 in
2033 960 2174 1014 aula.

590 1043 703 1138 i850
775 1055 866 1108 llla
909 1054 1123 1124 quidem
1172 1053 1326 1106 ﬂatus
1382 1051 1589 1106 Domini
1646 1051 1888 1105 estzsed
1934 1050 2173 1120 spiritus,

1912 1143 1997 1214 [et
2025 1143 2105 1198 vis
2183 1199 2194 1209 ,

774 1240 890 1296 Non
933 1249 1014 1294 est
1059 1237 1212 1308 plena
1247 1236 1359 1302 Dei,
1394 1245 1540 1290 tanto
1571 1234 1935 1290 moderamine
1985 1235 2170 1302 missa,

777 1334 985 1399 Quanto
1019 1330 1153 1384 ﬂans
1184 1329 1350 1384 voluit
1376 1329 1537 1388 ﬂandi
1566 1343 1785 1384 servare
1815 1337 2072 1383 tenorem.

776 1427 870 1481 Est
917 1423 1240 1496 impossibile
1283 1431 1525 1490 spectare
1554 1421 1816 1492 profunda
1856 1420 2134 1476 Sabaoth:

777 1519 880 1574 Sed
911 1516 1180 1588 speculum
1227 1515 1454 1570 Deitatis
1490 1515 1664 1569 .bomo
1712 1524 1811 1570 est.
1845 1515 1902 1568 ln
1950 1529 2173 1584 corpore

1676 1620 1677 1623 ‘
1895 1605 1913 1678 [
1930 1606 2102 1661 discas

776 1701 938 1775 474
968 1702 1096 1757 Rem
1126 1716 1229 1756 non
1277 1681 1591 1770 corpoream
1639 1701 1830 1767 solers,
1884 1700 2174 1768 interprete

1843 1789 2104 1863 [Cbristo,

777 1886 880 1956 Qui
908 1886 1114 1941 Patrem
1139 1884 1411 1955 proprium
1441 1883 1652 1939 mortali
1688 1883 1740 1938 in
1781 1897 2004 1952 corpore
2033 1895 2179 1937 mon-

1914 1975 2098 2047 [strat.

783 2071 1052 2142 Perspice,
1085 2087 1240 2143 quam
1296 2055 1474 2127 varios
1518 2069 1799 2124 fundamus
1843 2069 1910 2124 ab
1956 2082 2050 2123 ore
2087 2081 2178 2123 va-

1893 2161 1911 2232 [
1929 2175 2105 2231 pores.

783 2253 1056 2322 Spiramus
1087 2255 1295 2324 quoties
1323 2255 1511 2310 animae
1541 2254 1820 2311 sufﬂabilis
1851 2269 2033 2309 auras.

584 1676 590 1684 ’
606 1703 708 1760 335

1711 288 1798 345 Αἰ]
1811 287 1985 343 RELII
2024 287 2389 346 PRUDENTII
2427 287 2745 347 CARMINA.

2207 1796 2256 1855 B

3743 297 3843 355 988

2450 405 2599 460 Nune
2625 406 2804 459 ﬂatum
2850 404 3080 474 tepidum
3111 392 3258 462 calor
3284 407 3564 464 exhalatus
3611 411 3820 466 annelat

2281 496 2385 554 840
2459 498 2720 552 Rorantes
2743 497 2964 553 nebulas
2985 498 3102 552 udis
3129 498 3197 554 de
3211 499 3455 555 lancibus
3487 501 3677 556 eﬂlans
3701 520 3713 556 :

2453 591 2586 646 Cum
2620 591 2767 657 libet,
2801 592 2852 645 in
2881 591 3110 660 gelidum
3155 592 3364 648 ﬂabrali
3405 593 3604 665 frigore
3636 605 3840 651 ventum

2456 683 2684 754 Spiritus
2712 683 2890 740 existit
2920 686 3112 748 tenuis,
3147 696 3200 738 et
3222 686 3399 740 sibilat
3426 702 3537 742 aer.

2454 775 2604 832 Adde
2632 784 2686 831 et
2726 759 3055 844 distinctum,
3085 793 3240 849 quem
3269 781 3470 836 musica
3510 781 3636 838 tibia
3667 781 3843 836 ﬂatum

2451 865 2697 938 Concipit
2729 876 2864 922 :-aut
2890 869 2977 923 ille
3007 876 3090 924 est
3125 884 3312 937 presso
3342 871 3701 926 modulamine
3731 889 3849 942 par-
3927 875 3930 878 ‘

3635 965 3778 1036 [ους.

2451 1049 2611 1124 475
2634 1052 2736 1106 Aut
2756 1051 3012 1108 tumidum
3029 1053 3176 1124 largo
3199 1054 3450 1112 Sublimat
3471 1055 3683 1110 ﬂamine
3698 1056 3848 1110 bom-

3258 1211 3270 1224 ι
3610 1146 3776 1219 [bum,

2450 1238 2556 1292 Aut
2582 1251 2771 1292 raucos
2801 1237 2994 1306 frangit
3017 1238 3283 1306 modulos,
3312 1248 3398 1294 aut
3456 1240 3574 1294 lene
3589 1251 3847 1307 susurrat,

2451 1327 2555 1382 Aut
2583 1328 2722 1382 exile
2751 1327 2964 1382 trahens
2991 1330 3194 1384 sonitus
3218 1329 3460 1398 producit
3486 1343 3688 1396 acutos,

2451 1419 2556 1474 Aut
2587 1434 2826 1485 murmur
2851 1423 3093 1474 tenerum
3116 1421 3331 1475 sublidit
3360 1435 3488 1475 voce
3510 1421 3731 1477 minuta.

2452 1510 2575 1564 Ηωο
2604 1526 2722 1565 cum
2754 1520 2804 1566 te
2826 1511 3008 1565 videas
3051 1511 3257 1566 mortali
3283 1511 3334 1564 in
3365 1528 3592 1584 corpore
3639 1528 3814 1583 posse,

2453 1601 2562 1662 Cur
2610 1617 2715 1656 non
2757 1602 3037 1657 [Eternum
3072 1603 3306 1670 potuisse
3347 1601 3623 1658 infundere
3644 1605 3846 1667 credas,

2453 1695 2672 1763 Qualem
2691 1698 2920 1752 animam
2949 1697 3156 1753 voluit?
3185 1699 3508 1770 prwscripiis
3545 1714 3701 1767 quam
3731 1700 3848 1766 quia

2687 1861 2702 1873 Ι
3524 1788 3782 1862 [condens

2448 1885 2678 1950 Efﬂavit,
2709 1884 2946 1954 fuditque
2976 1885 3167 1952 modis,
3197 1886 3264 1938 sit
3323 1885 3480 1948 facta,
3510 1897 3726 1938 necesse
3750 1892 3847 1936 est.

2458 1975 2696 2045 Denique
2726 1975 2886 2030 multa
2921 1977 3085 2046 sapit,
3113 1977 3206 2031 sed
3248 1991 3352 2030 non
3377 1975 3514 2044 sapit
3555 1975 3731 2028 omnia
3757 1990 3847 2027 no-

2275 1045 2382 1109 845

2275 1586 2380 1658 850

1891 2365 2172 2422 GLOSS/E
2209 2363 2543 2424 VETERES.

605 2526 610 2532 ν
677 2461 800 2515 896.
835 2461 1087 2526 Primum,
1123 2463 1307 2529 Adam,
1345 2461 1382 2514 1.

604 2549 608 2554 ‘
677 2532 798 2586 827.
825 2532 1015 2599 Amici,
1047 2533 1190 2597 Atltv,
1226 2532 1262 2584 Ι.

678 2604 799 2657 8'29.
835 2604 892 2657 In
915 2605 1055 2662 aula,
1087 2605 1390 2672 incorpore,
1417 2602 1452 2672 l.

676 2673 798 2727 850.
837 2674 945 2738 Vis,
979 2675 1165 2728 scilicet
1195 2675 1395 2736 animm,
1433 2671 1471 2724 l.
1569 2682 1571 2684 '

676 2745 796 2796 832.
833 2744 1010 2809 Flans,
1047 2745 1198 2796 Deus.
1239 2775 1301 2784 -—
1332 2741 1892 2807 Tenorcm,.orttinem,
1918 2741 1956 2794 l.

684 2814 806 2867 855.
835 2813 1088 2877 Sabaoth,
1126 2814 1258 2867 Deus
1287 2823 1612 2874 exemtuum,
1644 2812 1681 2863 Ι.

674 2883 798 2937 854.
825 2883 1018 2951 Homo,
1044 2886 1160 2953 quia
1192 2885 1324 2937 Deus
1347 2900 1448 2936 non
1476 2883 1716 2950 potuisset
1747 2883 1924 2949 videri,
1963 2883 2060 2936 nisi
2087 2897 2173 2950 per

611 2953 885 3006 hominem.
911 2985 977 2992 —
1011 2958 1212 3020 Discas,
1241 2955 1516 3023 intelligas,
1554 2953 1592 3006 l.

679 3024 802 3076 855.
834 3023 946 3078 Non
976 3040 1306 3093 corpoream,
1331 3025 1648 3076 divinam.—-
1662 3022 1861 3088 Solers,
1882 3039 2056 3091 sagax,
2084 3039 2170 3092 pe-

574 3103 578 3109 '
607 3094 756 3164 ritus,
784 3095 860 3148 vel
880 3095 1151 3157 studiosus,
1179 3095 1214 3148 Ι.
1244 3096 1465 3149 Solertia
1484 3095 1660 3164 peritia
1682 3094 1956 3147 multarum
1977 3093 2168 3146 artium

608 3162 810 3218 SOLLON
837 3181 995 3230 graece
1020 3168 1252 3229 multum,
1286 3165 1404 3220 Vat.
1431 3162 1494 3218 A.

674 3235 796 3290 857.
831 3235 1084 3305 Vapores,
1109 3237 1340 3305 spiritus,
1367 3235 1407 3290 1.

2881 2113 2892 2121 .
3641 2075 3786 2121 Istra:

2881 2113 2892 2121 .
3641 2063 3786 2134 [strue

2453 2162 2546 2217 Vis
2596 2164 2817 2229 animae,
2883 2169 3084 2217 certum
3134 2175 3320 2230 sapere
3349 2203 3362 2227 ,
3412 2175 3476 2215 ac
3521 2173 3846 2228 praenoscere

3592 2251 3780 2325 [iussa.

2353 2461 2475 2515 859.
2507 2461 2756 2526 Anhelat,
2783 2460 3090 2514 Anhelanter
3111 2459 3308 2523 emittit,
3342 2459 3383 2512 1.

2351 2531 2478 2586 840.
2515 2531 2664 2599 Udis,
2693 2532 2933 2593 humidis,
2965 2531 3002 2584 1.

2351 2601 2476 2656 8—H.
2510 2601 2638 2654 Cum
2673 2603 2820 2666 libet,
2860 2619 2971 2655 cum
3003 2601 3183 2668 placet,
3217 2599 3256 2652 I.

2349 2672 2472 2725 844.
2508 2673 2723 2738 Parcus,
2753 2689 2958 2740 parvus,
2992 2672 3303 2733 moderatus,
3336 2669 3374 2723 1.

2348 2741 2473 2798 845.
2531 2739 2758 2812 Largo,
2801 2743 3095 2796 abundanti.
3146 2775 3203 2783 -ο-
3257 2739 3540 2812 Sublimat,
3598 2741 3845 2812 elevat—-

2281 2811 2558 2877 Bombnm,
2588 2809 2803 2868 sonitum
2833 2831 3013 2876 cornu,
3035 2814 3108 2866 vel
3131 2813 3300 2876 tibite;
3326 2821 3369 2863 et
3408 2809 3607 2863 Ennius
3634 2811 3844 2863 sonitum

2277 2884 2460 2950 pedum
2483 2886 2710 2953 appellat
2728 2885 2983 2950 bombum,
3008 2884 3047 2937 1.

2346 2953 2469 3006 847.
2500 2955 2670 3018 Exile,
2725 2956 2992 3019 subtiliter,
3052 2954 3239 3008 scilicet
3280 2969 3605 3006 murmur.—
3628 2954 3842 3018 Acutos,

2274 3021 2395 3076 bene
2423 3036 2679 3091 sonantes,
2716 3025 2758 3082 Ι.

2347 3093 2467 3149 848.
2496 3096 2689 3150 Minuta
2715 3136 2729 3160 ,
2760 3094 2963 3163 gracili,
2991 3096 3029 3148 Ι.

2349 3164 2474 3220 850.
2515 3154 2816 3232 Aiternum,
2851 3154 3031 3232 οειὶνη,
3056 3167 3095 3230 1,
3133 3162 3334 3218 Vat.A.
3423 3205 3433 3216 .

2347 3234 2470 3290 851.
2507 3236 2774 3303 Condens,
2807 3253 3003 3300 creans,
3033 3236 3074 3290 l.
3115 3236 3125 3247 '

1917 3344 2465 3404 COMMENTARIUS.

570 3501 572 3503 -
674 3461 798 3515 8‘25.
831 3461 996 3516 Abest
1023 3476 1052 3514 a
1086 3461 1236 3528 Prag.
1260 3471 1352 3514 est.
1694 3497 1698 3502 -

670 3531 793 3586 826.
819 3531 964 3596 Ald.,
999 3533 1264 3599 putandest
1304 3545 1399 3598 pro
1438 3539 1665 3596 putanaa
1691 3546 1780 3580 est.

672 3601 796 3655 827.
826 3601 975 3669 ΑΙ(1.,
1001 3598 1163 3665 male,
1201 3602 1333 3655 uidet
1360 3602 1623 3654 concordis
1671 3598 1818 3651 amici
1841 3638 1853 3662 ,
1880 3612 1974 3664 pro
2003 3598 2166 3661 video,

599 3689 723 3793 eam;
743 3674 909 3753 cordis
949 3674 1120 3726 amici.
1171 3672 1346 3740 Prag.,
1379 3671 1640 3724 concordis
1666 3669 1834 3722 amici.
1882 3669 2025 3734 llat.,
2057 3685 2172 3721 cum

601 3758 688 3793 6οΥ
727 3759 769 3793 ιδ
785 3759 967 3793 amica.

601 3758 769 3794 εοιάιδ
785 3759 967 3798 amica.

673 3811 796 3865 8°28.
831 3813 1018 3865 Anima
1050 3821 1269 3866 vocatur
1301 3825 1550 3879 germana
1597 3809 1772 3881 carnis
1814 3809 1882 3861 ob
1915 3809 2169 3881 iunonem
2219 3879 2222 3881 _

599 3897 694 3934 seu
719 3881 982 3949 copulam,
1001 3881 1067 3934 de
1087 3897 1190 3950 qua
1208 3881 1260 3934 in
1283 3878 1480 3950 liymno
1501 3879 1881 3950 Exsequiarnm
1910 3879 1971 3930 l0
1989 3878 2166 3945 (latin,

601 3967 740 4006 vers.
771 3947 823 4015 6,
851 3960 904 4006 et
953 3947 1116 4019 prwl.’
1141 3947 1453 4020 llamartig.,
1487 3965 1626 4004 vers.
1661 3951 1750 4013 56,
1782 3947 1911 4004 Caro
1941 3951 1994 4001 in
2025 3965 2169 4003 soro-

598 4038 722 4082 rem.
744 4030 847 4075 θῑο.
2103 4056 2109 4061 ι

666 4094 790 4146 850.
823 4091 1208 4156 Tbeodoretus,
1259 4100 1475 4146 notante
1523 4088 1904 4152 Chamillal'do,
1943 4087 2167 4143 Nomine

598 4161 780 4216 Fletus
808 4179 908 4216 non
953 4163 1285 4231 intelligimus
1328 4173 1519 4232 partem
1566 4161 1789 4230 aliquam
1831 4163 2057 4232 assentire
2088 4162 2166 4232 dif

595 4233 727 4287 binae
769 4235 1046 4286 secundum
1093 4231 1335 4287 Cerdonis
1384 4242 1429 4284 et
1471 4232 1747 4284 Marcionis
1796 4231 2020 4295 rabiem,
2077 4231 2166 4283 sed

593 4304 776 4357 anima:
813 4313 1048 4364 naturam
1084 4319 1170 4370 per
1197 4304 1250 4356 id
1277 4304 1529 4366 denotari,
1556 4303 1691 4370 quod
1739 4301 1910 4352 anima
1943 4302 2164 4370 _spiritus

593 4374 658 4426 sit
679 4373 942 4426 rationalis
969 4383 1015 4426 et
1060 4367 1429 4427 intellectualis.
1466 4367 1635 4425 Locus
1675 4385 1845 4439 neque
1871 4385 1900 4421 a
1930 4367 2164 4423 Climnil-

597 4443 746 4495 lardo
773 4443 1054 4508 indicatur,
1087 4459 1260 4511 neque
1286 4443 1409 4496 mibi
1438 4442 1692 4509 quau-cuti
1723 4440 1986 4511 occurrit._
2130 4455 2137 4458 ·

665 4512 788 4564 832.
822 4513 1092 4565 lleinsiani
1141 4509 1344 4579 scripti,
1367 4523 1576 4580 quanto.
1613 4515 1684 4564 Ita
1721 4511 1835 4580 Vat.
1872 4511 1935 4570 Α,
1970 4509 2156 4580 Illinc”

595 4580 794 4634 Widm.
829 4596 1008 4647 supra,
1041 4582 1262 4650 l’ragen.
1295 4579 1392 4634 Alii
1424 4597 1541 4634 cum
1576 4583 1717 4647 Ald.,
1751 4579 1970 4644 \Veitz.,
2005 4579 2155 4644 Maia,

591 4661 857 4721 quantum.
889 4651 1026 4716 Gis.,
1058 4663 1269 4721 quanto.
1303 4651 1354 4721 lu
1379 4650 1576 4703 Widm.
1609 4665 1791 4718 supra,
1826 4657 2017 4721 tenore,

665 4721 787 4774 855.
809 4720 934 4774 'Vox
979 4717 1284 4787 impossibile
1313 4720 1548 4774 Latinior
1570 4729 1647 4775 est
1680 4717 1846 4788 quam
1893 4717 2161 4786 plerisque

592 4791 830 4846 videtur:
853 4808 969 4845 eam
993 4793 1348 4847 adhibuerunt
1369 4791 1722 4857 Quintilianus
1753 4789 1844 4843 lib.
1863 4801 2046 4856 v,cap.
2067 4790 2153 4855 15,

591 4862 845 4932 Apuleius
873 4873 926 4916 et
955 4864 1062 4916 alii.

659 4933 782 4987 855.
817 4931 935 4986 Aldi
969 4933 1216 4986 mendum
1246 4935 1430 4988 soleres
1455 4949 1551 4998 pro
1580 4933 1756 4986 solers.
1911 4935 1943 4998 7'
2137 4970 2148 4974 ..

658 5003 782 5058 856.
807 5001 1043 5072 Respicit
1089 5004 1152 5054 ad
1185 5004 1230 5055 id
1262 5005 1402 5071 quod
1430 4997 1562 5058 dixit
1587 5003 1851 5061 Christus,
1901 4997 2072 5072 Pater
2098 5003 2150 5052 in

589 5089 666 5126 me
686 5085 781 5137 est,
814 5084 867 5127 et
912 5069 1053 5142 quod
1097 5069 1325 5141 theologi
1358 5076 1524 5140 aiunt,
1557 5083 1609 5128 et
1636 5075 1686 5125 in
1717 5069 1958 5141 symbolo
1992 5069 2153 5123 Alba-

589 5146 810 5197 nasiano
837 5155 1008 5198 exstat
1039 5161 1052 5196 :
1088 5142 1232 5198 Sicut
1265 5146 1437 5196 anima
1476 5144 1745 5200 rationalis.
1768 5151 1812 5194 et
1862 5155 1980 5192 caro
2023 5155 2152 5192 unus

585 5224 656 5265 est
685 5213 855 5279 homo,
885 5216 954 5267 ita
1001 5214 1134 5268 Deus
1162 5224 1209 5266 et
1240 5215 1388 5266 homo
1419 5231 1544 5266 unus
1575 5226 1646 5265 est
1681 5211 1929 5265 Christus.

655 5284 779 5336 857.
807 5277 922 5338 Vat.
947 5287 1010 5343 A.
1042 5281 1654 5353 respice;alii,perspice;
1683 5283 1818 5352 apud
1847 5277 2150 5345 Weilzium,

587 5351 760 5421 Egm.,
783 5354 917 5418 PaL,
950 5353 1148 5408 Widm.
1188 5370 1368 5421 supra,
1394 5351 1600 5422 respice.

661 5424 783 5476 859.
834 5425 1218 5479 Chamillardus
1264 5426 1362 5478 hoc
1405 5426 1519 5478 loco
1570 5424 1806 5490 agnoscit
1857 5427 2152 5481 naturalem

585 5489 887 5564 rhythmum
922 5497 1063 5548 vocis
1093 5495 1562 5549 animataa.Verum
1593 5489 1658 5546 de
1689 5509 1747 5547 re
1774 5495 1972 5551 musica
2003 5498 2156 5564 paulo

583 5572 703 5640 post
729 5561 1074 5629 Prudentius;
1108 5579 1247 5619 nunc
1275 5575 1476 5640 tantum
1512 5565 1694 5640 [latum
1719 5565 1962 5634 tepidum,
1990 5561 2042 5622 et
2069 5584 2154 5640 ge-

582 5631 746 5705 lidum
767 5644 1166 5705 commemorat,
1199 5646 1252 5690 et
1278 5631 1564 5705 distinguit.
1768 5631 1773 5632 γ
1948 5631 1956 5634 ⁷
2019 5695 2024 5697 ,

650 5701 776 5775 8H.
801 5703 960 5775 Μαι-η
991 5705 1297 5775 ingelidum;
1324 5709 1410 5762 alii
1437 5701 1465 5768 ξ
1497 5709 1548 5760 in
1579 5706 1820 5775 gelidum.
1852 5705 2039 5763 Sermo
2067 5718 2150 5765 est

585 5769 650 5826 de
675 5773 872 5841 gelido,
897 5790 990 5830 seu
1018 5769 1207 5840 frigido
1250 5777 1394 5831 ﬂatu.
1421 5769 1660 5833 Gilanius
1705 5776 1817 5832 lnd.
1846 5776 2003 5834 Lucr.
2036 5781 2089 5850 in
2120 5796 2146 5833 ι

2193 3459 2245 3523 C
2280 3462 2492 3534 longum
2514 3479 2576 3519 es
2603 3473 2704 3518 vet.
2733 3464 2821 3518 lib.
2854 3465 2978 3533 legit
2999 3465 3238 3534 [labi-are,
3271 3475 3327 3518 et
3351 3463 3622 3519 concludit
3657 3482 3684 3519 e
3718 3481 3838 3522 esse

2276 3533 2539 3588 interdum
2570 3535 2782 3603 longum
2836 3535 2886 3588 in
2917 3533 3019 3603 line
3043 3535 3354 3588 dictionum.
3388 3534 3580 3589 Verum
3608 3552 3721 3589 cum
3745 3554 3838 3591 se-

2273 3613 2462 3667 quatur
2492 3616 2631 3660 mnta
2665 3602 2717 3660 ct
2742 3605 2958 3674 liquida,
2992 3602 3195 3674 frigore,
3219 3607 3314 3657 bac
3345 3607 3550 3669 ratione
3578 3606 3696 3658 illud
3722 3623 3753 3658 e
3785 3609 3837 3661 in

2271 3674 2489 3742 ﬂabrare
2515 3686 2692 3743 posset
2715 3675 3271 3744 prmiuci.Guldastns,
3297 3677 3347 3728 in
3371 3677 3511 3730 notis
3535 3677 3596 3729 ad
3625 3676 3839 3730 Colum-

2274 3745 2466 3815 banum
2499 3762 2617 3815 pag.
2646 3748 2765 3811 ΗΞ,
2790 3762 2820 3800 e
2855 3746 3062 3801 duobus
3101 3745 3256 3799 codd.
3308 3748 3588 3814 antiquiss.
3617 3747 3673 3800 S.
3699 3746 3839 3801 Galli

2272 3813 2398 3882 legit
2425 3813 2588 3869 etiarn
2626 3819 2862 3885 ﬂabrare.
2898 3818 2949 3870 1ι1
2981 3826 3191 3871 secutus
3228 3826 3308 3870 est
3333 3813 3614 3871 Weilzins.
3641 3817 3835 3871 Widm.

2269 3899 2298 3956 a
2325 3887 2486 3952 prima
2516 3900 2672 3941 manu
2697 3887 2930 3956 ﬂabrari.
2969 3888 3211 3953 Plerique
3233 3897 3428 3940 mss.et
3457 3887 3582 3942 edd.
3605 3889 3838 3954 ﬂabrali;

2271 3955 2540 4026 itanostri
2572 3965 2623 4009 et
2651 3955 2886 4023 potiores
2927 3959 3216 4011 lleinsiani.
3250 3959 3291 4009 Α
3317 3959 3443 4025 ﬂatu
3473 3967 3555 4012 est
3595 3961 3836 4026 ﬂabunii.

2269 4025 2550 4092 ﬂabellum,
2580 4028 2827 4097 ﬂabralis.
2851 4027 2966 4082 Vat.
2997 4027 3063 4094 Q,
3092 4028 3418 4096 Egm.,Pal..
3450 4025 3646 4095 fabrili,
3681 4031 3836 4083 Inale.

2340 4097 2466 4152 844.
2494 4100 2610 4151 Ald.
2674 4099 2790 4151 Vat.
2820 4097 2885 4164 Α,
2915 4099 2978 4165 Q,
3002 4100 3154 4164 Man,
3189 4098 3326 4161 Gis.,
3349 4097 3572 4162 Weitz.,
3603 4099 3836 4152 inadula-

2269 4168 2401 4236 mine
2426 4184 2445 4221 :
2471 4184 2574 4220 non
2597 4169 2860 4236 displicet,
2885 4170 3125 4236 quamvis
3154 4179 3330 4236 postea
3355 4169 3545 4222 iterum
3580 4171 3832 4223 modulos.

2269 4235 2323 4287 ln
2359 4241 2382 4284 ‘t
2404 4240 2588 4305 Imau.,
2605 4235 2966 4301 moderamine,
2994 4241 3092 4292 hoc
3114 4249 3195 4292 est
3216 4237 3604 4300 moderatione,
3623 4249 3680 4292 ut
3696 4256 3835 4294 vers.

2267 4307 2388 4359 85L
2419 4310 2570 4369 Prae.
2603 4321 2654 4362 et
2684 4309 2804 4362 Rat.
2856 4309 3127 4363 adhaerent
3157 4309 3429 4363 Thuaneo.
3464 4307 3519 4362 In
3552 4312 3838 4379 [δίκηρακτ

2266 4393 2383 4440 cus;
2432 4379 2481 4432 in
2515 4380 2692 4449 Frag,
2741 4390 2914 4445 partus
2945 4394 3038 4448 pro
3090 4395 3292 4449 parcus.
3327 4379 3399 4432 De
3453 4382 3550 4433 bac
3579 4381 3835 4434 varietate

2265 4464 2516 4502 Snnornm
2548 4448 2821 4503 Fabricius
2852 4451 2921 4502 ita
2967 4448 3219 4504 disserit:
3254 4449 3570 4502 Prudentius
3619 4453 3834 4502 musicos

2263 4535 2414 4571 sonos
2443 4523 2665 4571 nominat
2698 4535 2925 4582 raucum,
2950 4521 3132 4582 lenem,
3161 4521 3361 4581 exilem,
3387 4532 3635 4573 acutum:
3657 4522 3834 4589 quibus

2263 4590 2406 4640 (ldllil
2458 4605 2686 4656 parcum,
2725 4590 3011 4653 sublimem,
3055 4592 3323 4642 minutum.
3364 4589 3466 4641 Sed
3515 4605 3697 4656 parcus
3745 4592 3834 4644 sub

2264 4660 2383 4720 leni,
2408 4660 2633 4730 sublimis
2652 4660 2746 4712 sub
2769 4671 2936 4723 acuto,
2962 4662 3187 4713 minutus
3213 4660 3306 4713 sub
3327 4658 3448 4712 exili
3473 4662 3836 4730 comprehendi

2263 4738 2442 4794 poli-“sl.
2483 4729 2603 4782 llaec
2659 4730 2930 4784 Fabricius
2969 4733 3020 4783 in
3059 4730 3387 4797 Cornment.,
3421 4729 3597 4784 verbo
3636 4733 3834 4785 Musuzs

2262 4814 2639 4862 msrncnnxn,
2675 4812 2862 4854 notans
2889 4818 2917 4854 a
2950 4800 3235 4854 Prudentia
3273 4801 3499 4854 diversis
3543 4801 3678 4854 locis
3723 4803 3833 4853 haec

2263 4871 2550 4933 numerari,
2588 4871 2832 4938 fistulam,
2861 4873 3170 4936 sambucam,
3196 4871 3395 4933 chelim,
3429 4872 3614 4939 lyram,
3642 4871 3833 4931 tubam,

2265 4941 2455 5022 tibiam,
2484 4951 2798 5022 tympanum,
2824 4959 3038 5022 organa.
3068 4941 3310 5022 Musicos,
3345 4943 3432 5009 qui
3465 4956 3564 5022 suo
3596 4952 3834 5007 tempore

2263 5011 2518 5064 inelodias
2563 5012 2838 5065 ediderant
2886 5011 2936 5066 in
2990 5013 3358 5076 Prudentium,
3401 5020 3455 5062 et
3484 5012 3619 5064 alios
3653 5020 3835 5079 pot-tas

2263 5081 2395 5147 pios,
2423 5093 2663 5135 recenset
2685 5082 3007 5136 Lndnvicum
3054 5083 3332 5147 Senﬂium,
3367 5081 3648 5134 Martinuni
3683 5083 3835 5147 Agri-

2261 5151 2448 5214 colam,
2482 5151 2738 5204 Joannem
2765 5153 3025 5219 ansum,
3057 5153 3313 5205 Joannem
3347 5151 3692 5212 Reuscbium,
3725 5157 3834 5203 Lu-

2260 5233 2378 5276 cam
2434 5221 2758 5285 llordisium,
2810 5224 3177 5277 Sebastianum
3234 5221 3834 5283 Fursterum,Wollan—

2258 5305 2380 5358 gum
2425 5293 2686 5358 Figulum.
2722 5293 2853 5347 Vide
2903 5293 3161 5347 Isidoro")
3197 5293 3288 5346 lib.
3321 5307 3374 5344 ιιι
3406 5293 3606 5359 Etym.,
3649 5307 3768 5360 cap.
3806 5293 3836 5343 5

2255 5370 2307 5415 et
2332 5377 2479 5430 seqq.
2511 5363 2577 5415 de
2609 5363 2799 5416 Musica
2832 5373 2885 5416 et
2917 5366 3030 5430 ejus
3061 5362 3284 5416 triformi
3305 5361 3590 5415 divi~ione.

2329 5433 2454 5486 845.
2495 5432 2718 5485 \erbum
2749 5435 3018 5486 sublimare
3051 5434 3201 5486 Ennii
3253 5441 3304 5486 et
3331 5432 3566 5496 Catonis,
3609 5432 3753 5500 quod
3785 5434 3837 5486 in

2257 5501 2510 5556 obsoletis
2530 5502 2775 5566 habetur,
2824 5506 3149 5558 reduxerunt
3205 5503 3494 5567 Vitruvius,
3551 5503 3835 5570 Apulein~,

2255 5571 2486 5637 Solinus,
2549 5572 2868 5637 Lactantius,
2919 5575 3283 5634 Mamertinus.
3331 5572 3665 5638 Ammianus,
3725 5572 3834 5625 3.1m

2253 5642 2483 5697 crobius.

2322 5714 2444 5769 854.
2475 5714 2666 5770 Bober.
2693 5713 2862 5780 Prior,
2897 5730 3211 5783 pernoscere.
