4092 6344
259 381 361 440 995
485 380 494 388 ’
1648 375 2091 433 APOTIIEOSIS.

437 491 616 554 Solus,
641 497 696 547 et
713 498 968 561 exceptus
994 497 1320 547 tormentum
1347 489 1629 546 admittere
1660 489 1830 556 triste,
1858 493 1914 555 Α

438 583 600 656 479
613 581 894 638 Inviolatus
905 584 1032 652 agit,
1049 597 1144 639 nec
1157 583 1442 654 quidquam
1459 581 1829 638 sentitacerbi.

448 674 826 746 Essortemjdic
846 689 965 729 esse
976 675 1210 730 animam
1228 675 1426 739 crucis,
1443 682 1600 746 alque
1616 673 1836 739 doloris,

432 769 488 825 Si
511 768 682 838 culpa:
702 767 1015 837 immunem,
1034 783 1360 840 vacuamque
1376 783 1407 824 a
1426 768 1650 842 crimine
1666 766 1828 822 nosti.
1875 835 1883 849 ἡ

257 861 362 916 900
435 861 564 928 Quae
589 873 813 931 peccare
833 857 997 928 valet,
1025 859 1166 916 valet
1185 869 1238 916 et
1257 860 1614 917 succumbere
1636 873 1828 930 poenae.

443 951 559 1019 Ipsa
601 949 810 1022 quidem
848 951 1056 1006 sincera
1086 950 1212 1016 fuit,
1239 949 1365 1006 dum
1397 949 1646 1006 conditur
1678 948 1838 1014 olim,

438 1043 567 1112 Qum
594 1042 788 1100 collata
820 1041 1006 1098 rudem
1039 1041 1162 1099 fecit
1192 1041 1450 1099 viviscere
1478 1041 1697 1108 limum;

443 1137 512 1194 Ut
541 1145 663 1208 pote
692 1137 760 1192 de
782 1135 984 1205 liquido
1008 1145 1211 1192 natura:
1237 1135 1441 1192 semine
1469 1133 1669 1205 primos

444 1228 725 1301 Accipiens
758 1227 986 1295 habitus,
1018 1242 1320 1300 superoque
1347 1241 1601 1299 expressa
1629 1241 1843 1283 sereno.

262 1325 381 1388 905,
447 1323 550 1382 Sex
580 1338 700 1380 mox
721 1367 734 1394 ,
776 1333 832 1379 ut
861 1321 1081 1394 gravido
1107 1323 1254 1393 Iussa
1295 1329 1375 1377 est
1405 1319 1664 1378 innectier
1695 1333 1842 1386 arvo,

445 1416 714 1474 Suavibus
735 1414 1004 1472 illecebris
1026 1412 1249 1469 nimium
1277 1410 1516 1468 blandita
1542 1410 1772 1481 refrixit,

442 1509 624 1580 Deque
653 1506 945 1564 volutabris
970 1506 1262 1576 pretiosum
1296 1503 1488 1575 polluit
1517 1505 1692 1575 ignem
1712 1545 1725 1570 ,

450 1601 582 1656 Dum
599 1609 928 1670 transgressa
948 1597 1040 1654 Dei
1059 1599 1286 1668 positum
1305 1594 1381 1651 l'as
1397 1595 1638 1667 improba
1655 1594 1843 1651 calcat.

450 1692 571 1746 Ilmc
603 1691 773 1762 prima
810 1699 890 1746 est
914 1696 1102 1744 natura
1134 1687 1348 1754 animat,
1373 1687 1450 1742 sic
1472 1685 1684 1742 condita
1723 1684 1850 1741 sim-

1581 1777 1664 1834 lex
1685 1820 1697 1841 ,

1581 1779 1596 1831 l
1633 1793 1664 1831 ι
1685 1820 1697 1841 ,

265 1877 369 1935 910
445 1877 648 1934 Decidit
677 1877 730 1931 in
763 1875 947 1930 vitium
979 1889 1073 1944 per
1105 1870 1319 1928 sordida
1347 1779 1774 1926 itederbpcirnis.

3418 377 3522 436 994

2116 488 2248 544 Exin
2281 489 2442 546 tincta
2471 487 2612 544 malo
2643 490 2948 559 peccamine
2975 490 3230 561 principis
3259 491 3410 548 Adae.

2024 629 2034 637 .
2119 578 2491 652 Inl'ecitgenus
2510 580 2976 647 omnehominum,
2992 583 3130 652 quod
3148 584 3528 652 pullulatiude;

2119 671 2191 728 Et
2219 679 2362 728 tenet
2386 672 2650 743 ingenitas
2675 673 3219 730 animarum'iniantia
3248 677 3301 731 in
3328 687 3447 732 ortu

2123 764 2288 836 5.80
2317 766 2480 822 Primi
2521 767 2750 823 hominis
2793 768 3056 834 maculas,
3101 785 3199 825 nec
3241 772 3520 842 quisquam

2959 855 3218 931 [tiascitur
3247 860 3454 917 insons.

1947 945 2054 1004 9I5
2128 945 2393 1004 Vitandus
2416 957 2592 1005 tamen
2619 963 2770 1005 error
2793 949 2916 1017 erit,
2952 966 3017 1004 ne
3039 951 3258 1008 traduce
3283 956 3461 1007 cat-nis

2123 1040 2447 1101 Transiundi
2472 1042 2522 1096 in
2544 1041 2782 1098 sobolem
2809 1042 3061 1098 credatur
3083 1043 3205 1100 leas
3229 1044 3373 1100 anim
3391 1062 3423 1098 ιι
3441 1061 3528 1099 um

2127 1132 2417 1204 Sanguinis
2428 1131 2694 1204 exemplo;
2712 1133 2796 1190 cui
2811 1143 2951 1191 testia
2966 1137 3256 1206 propagine
3272 1151 3404 1192 vena
3423 1146 3526 1192 est.

2125 1223 2240 1280 Non
2271 1225 2476 1280 animas
2503 1223 2697 1280 anima:
2730 1225 2973 1293 pariunt;
3005 1224 3097 1282 sed
3131 1227 3247 1299 lege
3277 1227 3457 1282 latenti

2129 1313 2324 1372 Fundit
2347 1329 2480 1386 cpus
2501 1324 2687 1371 natura
2710 1330 2888 1384 suum,
2913 1330 3017 1388 quo
3037 1319 3254 1385 parvula
3279 1318 3533 1386 anhelent

1950 1401 2057 1462 9Ξο
2133 1403 2382 1475 Vaseula,
2406 1404 2690 1476 vitalisque
2716 1405 2856 1462 adsit
2886 1405 3117 1461 scintilla
3148 1408 3365 1462 coactis.

2129 1495 2261 1566 ρυω
2311 1497 2556 1569 quamvis
2613 1495 2786 1553 infusa
2845 1512 3040 1554 novum
3099 1508 3344 1570 penetret
3402 1512 3536 1556 nova

3231 1588 3466 1662 [semper

2129 1679 2291 1753 48],
2321 1680 2682 1752 Figmentum,
2711 1687 2862 1736 vetus
2889 1680 2979 1758 illa
3012 1689 3187 1736 tamen
3219 1679 3286 1737 de
3314 1681 3536 1753 crimine

3218 1770 3460 1843 [avorum

2132 1863 2354 1919 Ducitur
2388 1880 2403 1918 :
2435 1862 2584 1918 illuto
2613 1860 2864 1932 quoniam
2896 1871 3148 1930 concreta
3179 1873 3400 1918 veterno
3429 1869 3531 1918 est.

1565 1959 1849 2017 GLOSSJ‘J
1890 1956 2230 2014 VETERES.

335 2064 458 2119 896.
479 2065 768 2134 Exceptus,
793 2069 1149 2134 sequestratae,
1180 2067 1462 2134 separatus,

335 2135 459 2188 897.
485 2128 789 2200 Inviolatus,
814 2128 1010 2187 insons.
1035 2161 1105 2172 —
1123 2131 1264 2201 Agit,
1289 2129 1439 2196 valet,
1468 2128 1606 2194 vivit,
1635 2144 1849 2182 conver-

266 2214 433 2269 satur,
463 2206 500 2260 I.

334 2277 459 2331 898.
497 2279 772 2331 I'Ixsortetn
801 2315 815 2340 ,
863 2285 1140 2346 expertem.
1189 2303 1257 2313 —-
1285 2272 1474 2328 Crttcis
1499 2315 1512 2339 ,
1565 2270 1848 2340 passionis,

263 2348 520 2401 cruciatus
537 2389 551 2411 ,
586 2347 622 2400 l.

332 2419 456 2472 899.
488 2417 804 2485 Immunem,
837 2433 1090 2480 securam,
1121 2416 1448 2484 incapacem,
1475 2413 1513 2467 Ι.

334 2488 458 2542 902.
491 2488 714 2553 Collata,
743 2488 1034 2556 conjuncta,
1069 2503 1099 2538 a
1134 2485 1237 2538 Deo
1267 2494 1458 2538 creata.

334 2558 459 2613 905.
509 2558 574 2614 Ut
602 2569 744 2626 pote,
790 2555 962 2620 sicuti,
1003 2557 1170 2627 quasi.
1195 2586 1264 2594 —
1290 2555 1512 2626 Liquido
1532 2595 1547 2620 ,
1578 2569 1728 2624 puro.
1776 2581 1844 2592 —

262 2627 492 2694 Natum,
530 2630 830 2690 divinitatis,
867 2628 906 2681 Ι.

334 2699 460 2755 904.
495 2699 734 2762 Habitus,
768 2709 1001 2754 ornatus.
1031 2729 1100 2739 —
1131 2698 1464 2768 Superoque,
1495 2697 1558 2752 de
1598 2711 1842 2766 superno.

261 2797 331 2812 -—
359 2770 583 2836 Sereno,
620 2772 910 2830 serenitate,
947 2769 986 2822 l.

333 2841 457 2896 905.
483 2840 649 2906 Arvo,
685 2853 852 2903 terrae,
883 2839 922 2894 1.

335 2911 460 2968 906.
495 2911 782 2976 lllecebris,
815 2911 1262 2974 delectationibus,
1295 2909 1336 2963 I.

335 2984 457 3039 907.
493 2982 810 3050 Volutabris,
839 2981 1090 3036 sordibus.
1120 3011 1189 3022 —
1213 2981 1413 3050 Ignem,
1443 2978 1692 3047 animant,
1725 2977 1764 3029 I.

1876 2059 1923 2118 Β
2021 2050 2146 2104 911.
2181 2047 2337 2111 Exin,
2361 2047 2561 2100 deinde.
2590 2077 2658 2086 ——
2681 2047 2889 2113 Tincta,
2917 2047 3113 2118 polluta
3134 2057 3358 2118 peccato,
3395 2047 3432 2101 l.
3501 2036 3512 2046 ’

2025 2121 2149 2175 919.
2176 2119 2381 2182 Infecit,
2425 2119 2721 2181 maculavit,
2754 2118 2978 2181 violavit,
3013 2117 3051 2172 Ι.

2025 2193 2150 2246 915.
2183 2193 2334 2257 Urtu,
2371 2193 2419 2241 in
2451 2190 2729 2252 nativitate,
2769 2188 2805 2240 Ι.

2025 2263 2146 2316 915.
2175 2262 2438 2318 Traduce.
2465 2259 2868 2330 transmissionc,
2891 2259 3105 2330 origine,
3129 2260 3462 2326 traductione,
3490 2259 3530 2314 I.

2025 2334 2145 2386 9I6.
2178 2333 2336 2398 Fatis,
2379 2331 2540 2399 origo,
2570 2329 2686 2382 Vat.
2723 2332 2784 2382 A.

2022 2404 2147 2457 917.
2175 2402 2484 2469 Sanguinis,
2516 2401 2744 2454 seminis.
2777 2429 2844 2438 —-
2893 2401 3010 2462 (Tui,
3038 2401 3307 2470 sanguini,
3339 2401 3530 2469 generi.

1945 2503 2014 2515 —-—
2037 2473 2352 2544 Propagine,
2378 2472 2731 2544 generatione,_
2755 2472 3123 2535 procreatione,
3159 2471 3196 2526 I.

2016 2541 2158 2599 918(
2177 2541 2412 2604 Pariunt,
2448 2545 2680 2610 gignunt,
2717 2541 2752 2593 Ι.

2018 2617 2142 2670 919.
2170 2615 2384 2670 Natura
2419 2617 2634 2676 animm;
2682 2611 2836 2664 Deus.
2881 2641 2946 2650 —
2985 2611 3150 2665 Suum
3179 2656 3190 2674 ,
3242 2613 3526 2681 proprium.

1945 2717 2015 2728 —
2040 2688 2174 2750 Quo,
2213 2699 2382 2754 opere.
2413 2713 2481 2723 —
2509 2683 2793 2742 Atthelent,
2827 2683 3131 2754 desiderent,
3168 2683 3204 2735 I.

2023 2759 2149 2811 929.
2177 2752 2428 2814 vaseula,
2483 2769 2718 2822 corpora.
2751 2772 2817 2791 -ι-
2848 2752 3088 2815 (2oactis,
3129 2752 3360 2806 membris
3388 2794 3401 2818 ,
3433 2769 3522 2806 va-

1953 2828 2128 2892 sculis,
2159 2825 2456 2893 corporibus
2481 2823 2735 2890 solidutis,
2764 2823 2803 2875 I.

2025 2897 2148 2951 929..
2167 2896 2522 2964 Figmentntn,
2544 2909 2748 2962 corpus,
2765 2893 2882 2945 Vat.
2907 2893 2969 2964 Α.
2988 2923 3057 2930 -
3071 2893 3183 2960 Illa,
3201 2894 3474 2963 peccatrix,
3491 2893 3512 2948 I
3527 2919 3535 2946 ε,

2027 2968 2151 3023 925.
2180 2962 2433 3029 Velcrno,
2466 2975 2621 3035 peste,
2656 2975 2860 3036 peccato
2882 3004 2896 3029 ,
2931 2962 2972 3018 l.

1609 3063 2172 3125 COMMENTARIUS.

335 3171 458 3228 896.
492 3172 548 3226 In
604 3173 723 3227 Vat.
751 3172 795 3226 Α
824 3172 1107 3224 'correetor
1186 3166 1453 3232 antiquus,
1495 3173 1549 3219 et
1600 3161 1842 3231 ejusdem

173 3280 176 3284 -
265 3241 378 3298 fere
407 3245 528 3308 arvi,
551 3243 716 3298 erasis
748 3241 1033 3312 prioribus,
1059 3238 1236 3308 posuit
1285 3236 1513 3312 Spiritus
1551 3244 1597 3286 et
1612 3240 1841 3293 sanctus,

264 3322 322 3370 et
347 3330 502 3383 supra
516 3310 822 3368 charactere
847 3312 1202 3364 minutissima
1219 3310 1356 3361 solus
1375 3316 1420 3359 et
1446 3312 1702 3374 exceptus,
1722 3316 1842 3354 cum

265 3386 462 3456 glossa,
482 3395 766 3456 separatus.
804 3389 1163 3456 sequestratas.

338 3449 463 3512 897.
493 3449 610 3510 Vat.
637 3462 699 3521 Α,
731 3449 919 3515 sensit;
951 3452 1160 3513 melius,
1185 3449 1356 3501 sentit.

337 3525 464 3598 898.
500 3527 661 3598 Egm.
683 3516 711 3580 ξι
732 3540 891 3598 manu
925 3524 1115 3593 prima,
1147 3521 1281 3572 disce
1312 3531 1408 3585 pro
1427 3516 1530 3598 die.
1638 3584 1649 3596 ο
1776 3584 1787 3593 ,

337 3597 458 3652 899.
490 3584 688 3652 ΙιιυΑΙιῘ.
713 3597 864 3652 deest
883 3584 1058 3663 a'post
1079 3584 1405 3663 vacuamque.
1429 3584 1682 3663 Quamvis
1704 3584 1846 3663 enim

268 3676 486 3736 prapter
512 3668 645 3722 duas
672 3653 1032 3722 consonantes
1052 3653 1312 3736 dictionis
1327 3657 1602 3736 sequentis
1628 3653 1844 3722 produci

268 3728 450 3808 posset
475 3754 589 3808 que,
621 3747 796 3791 tamen
823 3752 953 3790 mss.
983 3735 1138 3788 codd.
1169 3731 1365 3785 habent
1391 3747 1421 3782 a
1447 3728 1674 3808 crimine.

338 3810 463 3864 909.
486 3797 659 3877 l'ra'g”
680 3807 776 3871 Qui
799 3822 1028 3876 peccare;
1042 3814 1219 3858 czetert
1242 3818 1376 3872 qua’,
1399 3800 1626 3862 scilicet,
1647 3797 1843 3866 anima,

269 3893 391 3933 nam
415 3878 656 3947 sequitur
676 3878 789 3947 ipsa
810 3890 967 3929 versu
996 3891 1110 3947 seq.

344 3947 470 4001 901.
495 3943 705 4000 ἰίθιιίιτ.
727 3946 814 3998 ed.
846 3947 901 4010 2,
938 3944 1192 3999 conditor.
1225 3943 1383 3995 male.

340 4016 464 4070 902.
483 4016 741 4077 Potiores,
759 4006 1020 4077 viviscere;
1036 4014 1145 4076 alii,
1161 4013 1425 4064 vivescere.
1444 4009 1645 4061 Rudem
1664 4006 1846 4060 limum

271 4085 423 4149 dicit,
457 4097 514 4140 ιιι
540 4101 699 4156 supra
730 4099 873 4139 vers.
905 4085 1030 4156 869,
1061 4084 1181 4136 rudi
1209 4097 1413 4134 munere
1445 4093 1540 4148 pro
1569 4092 1712 4130 novo.

339 4157 464 4213 903.
493 4153 648 4222 Ratf,‘
668 4164 876 4221 natura,
903 4154 1042 4209 male
1060 4193 1074 4218 ,
1105 4169 1200 4220 pro
1229 4160 1445 4205 natura’.

344 4229 464 4284 904.
498 4228 616 4282 Aldi
647 4243 798 4281 error
825 4237 909 4280 est
944 4240 1192 4295 superque
1212 4239 1469 4295 expressa.

341 4299 468 4355 907.
510 4299 792 4352 Volutabra
821 4308 943 4351 sunt
975 4287 1089 4350 loca
1109 4287 1355 4354 carnosa,
1383 4291 1470 4345 ubi
1497 4304 1623 4342 sues
1650 4297 1701 4341 et
1733 4287 1846 4354 apri

269 4370 594 4424 volutantur.
631 4370 807 4439 Ignem
843 4376 996 4422 vocat
1032 4366 1222 4420 animus
1259 4363 1537 4432 puritatem
1574 4367 1628 4413 et
1662 4357 1842 4428 splen-

273 4441 480 4506 dorem,
508 4452 563 4494 ttt
590 4455 732 4508 saepe
759 4439 909 4493 alias.

342 4500 478 4568 914.
500 4500 780 4566 Peccatum
797 4509 1075 4579 originale,
1107 4505 1245 4578 quod
1271 4502 1539 4573 Pelagiani
1562 4500 1846 4570 negabant,

272 4583 420 4639 clare
440 4583 667 4650 explicat
694 4591 747 4636 et
777 4581 987 4634 astruit.

347 4652 471 4709 915.
503 4644 724 4706 Notatur
750 4667 903 4706 error
938 4663 1122 4710 eorum
1165 4647 1250 4716 qtti
1283 4644 1850 4716 docebantpeccatnm

270 4723 529 4793 originale
559 4739 620 4778 ea
652 4725 855 4776 ratione
884 4718 1154 4793 itt_Adatni
1185 4714 1430 4793 posteros
1457 4715 1681 4793 traduci,
1711 4714 1850 4783 quod

269 4787 384 4851 non
402 4797 572 4848 solum
613 4807 840 4862 corpus,
871 4791 964 4845 sed
996 4792 1156 4844 etiam
1189 4791 1462 4862 animatex
1483 4787 1704 4862 Adamn
1733 4801 1853 4862 pro-

1954 3157 2008 3211 In
2038 3155 2281 3210 versibus
2310 3153 2566 3207 editionis
2599 3151 2903 3205 lleiusianae
2935 3151 3140 3205 nullum
3171 3150 3418 3204 mendum
3452 3160 3534 3219 ty-

1952 3226 2334 3294 pographicum
2377 3222 2728 3294 deprehendo
2766 3239 2780 3294 _:
2827 3221 2878 3274 in
2925 3224 3064 3294 notis
3096 3237 3220 3274 vero
3263 3235 3417 3294 error
3460 3234 3535 3280 est

1954 3291 2170 3359 corpora
2201 3310 2296 3361 pro
2323 3293 2532 3346 vascula
2553 3333 2567 3352 ,
2601 3295 2690 3355 qui
2718 3291 2776 3344 ad
2823 3307 2933 3344 retn
2963 3291 3029 3343 de
3060 3306 3160 3358 qua
3193 3292 3398 3358 agimtts
3435 3307 3536 3351 non

1950 3368 2202 3435 pertinet.
2240 3364 2308 3435 Et
2335 3363 2724 3435 lleiusiusipse
2759 3363 2815 3435 in
2835 3363 2938 3413 line
2962 3368 3100 3435 nota;
3123 3361 3219 3435 ait,
3243 3363 3296 3435 _i_u
3321 3361 3531 3435 Tltuan.

1876 3463 1922 3527 Ο
1951 3431 2049 3562 'pro
2072 3436 2272 3488 vascula
2301 3433 2400 3500 legi
2427 3433 2646 3494 vincula,
2681 3431 2817 3510 quod
2851 3441 2995 3510 recte
3021 3431 3096 3483 illi
3121 3431 3380 3496 distdicet.
3413 3432 3528 3485 .Iatn

1975 3507 2157 3562 Ieinaii
2192 3519 2306 3558 mos
2340 3504 2390 3556 itt
2427 3504 2565 3554 notis
2609 3501 2938 3562 explicandis
2980 3509 3092 3562 est,
3142 3511 3197 3552 ιιι
3249 3500 3528 3556 let-tionem

1979 3507 2157 3562 Ieinsii
2192 3519 2306 3558 mos
2340 3504 2390 3556 itt
2427 3504 2565 3554 notis
2609 3501 2938 3570 explicandis
2980 3509 3092 3563 est,
3142 3511 3197 3552 ιιι
3249 3500 3533 3556 let-tionem

1953 3593 2110 3648 quam
2137 3577 2187 3628 in
2226 3574 2462 3628 (iisclino
2494 3573 2687 3648 reperit
2709 3612 2722 3633 ,
2757 3573 2984 3648 primum
3017 3582 3210 3648 ponat,
3261 3584 3369 3648 tum
3417 3587 3537 3627 eam

1954 3641 2044 3703 aut
2073 3648 2310 3713 rejieiat,
2345 3654 2436 3697 aut
2482 3641 2752 3696 defendat.
2806 3642 2932 3713 Ilocy
2963 3642 3121 3709 igitur
3159 3641 3274 3713 loco
3301 3641 3379 3694 sic
3407 3642 3482 3694 ait
3526 3659 3538 3696 :

1952 3720 2068 3784 Quo
2095 3711 2330 3770 rlnvcta
2363 3729 2660 3775 ANIIELENT,
2684 3714 2753 3764 :ic
2773 3711 3154 3784 nostriomnes;
3177 3721 3226 3784 ut
3255 3712 3305 3764 in
3340 3714 3538 3766 duobus

1956 3783 2260 3846 Weitzianis
2283 3827 2296 3851 ,
2350 3800 2484 3848 quon
2515 3799 2814 3846 aunt-ium,
2843 3783 2994 3851 idque
3025 3783 3301 3851 marginem
3350 3785 3534 3836 editio-

1951 3877 2075 3915 num
2130 3856 2492 3912 numiullarum
2546 3854 2814 3923 occupavit
2875 3869 2892 3906 :
2947 3853 3138 3922 probe,
3190 3853 3263 3905 sic
3309 3869 3463 3924 supra
3519 3869 3538 3908 :

1963 3931 2131 3984 Variis
2177 3929 2321 3984 Siloa
2366 3927 2589 3996 refundit
2624 3926 2900 3996 Momentis
2932 3924 3140 3984 latices,
3185 3939 3274 3996 nec
3322 3927 3535 3996 [luctum

1952 4017 2148 4070 semper
2176 3999 2402 4070 anhelat.
2422 3993 2960 4070 'etc._(;hamillardus
3005 3996 3214 4070 legit__et
3247 3993 3528 4061 legendum

1953 4073 2025 4125 ait
2059 4064 2198 4138 quod
2240 4067 2506 4130 anhelent,
2555 4066 2712 4138 idque
2745 4066 3048 4138 marginem
3082 4064 3378 4138 editionum
3411 4081 3540 4118 non-

1956 4131 2218 4194 nullarum
2242 4140 2608 4204 occupavisse.
2629 4131 2960 4188 'Teolius'a'it
2983 4131 3264 4187 Weitzittm
3298 4134 3532 4189 voluisse

1953 4226 2056 4272 ouo
2107 4223 2383 4264 ANIIEIJJNT
2411 4249 2425 4270 ,
2481 4205 2556 4258 uti
2605 4205 2755 4258 etiam
2796 4206 2978 4257 habent
3025 4204 3088 4256 ed
3114 4204 3271 4255 tiones
3317 4205 3534 4272 aliquot.

1954 4280 2212 4336 Weitzius
2244 4283 2311 4333 ita
2353 4289 2497 4332 certe
2530 4275 2734 4340 edidit,
2769 4275 2906 4343 quod
2947 4275 3106 4328 etiam
3137 4285 3319 4326 exsmt
3345 4274 3395 4326 itt
3429 4275 3540 4342 ple-

1958 4353 2140 4422 risque
2168 4350 2436 4422 veteribus
2465 4346 2792 4422 editionibtts
2815 4385 2828 4407 ,
2860 4345 2954 4398 sed
2985 4344 3118 4422 duos
3145 4343 3360 4397 codices
3397 4345 3537 4422 indi-

1956 4414 2114 4485 cavit,
2149 4422 2235 4474 ubi
2265 4421 2454 4488 legitur
2476 4417 2612 4488 quod
2641 4414 2898 4488 anhelent,
2922 4425 2980 4488 et
2993 4414 3047 4488 id
3073 4415 3540 4488 reveraessmbat

1957 4483 2388 4546 ante-Ileittsium
2421 4483 2740 4556 in'margine
2783 4485 3159 4556 nonnullarum
3217 4483 3535 4539 editionum.

1956 4565 2219 4618 Caeterum
2243 4577 2426 4616 verum
2458 4555 2670 4627 quidem
2699 4567 2801 4622 est,
2831 4555 3075 4608 anhelare
3105 4571 3224 4608 cum
3248 4557 3535 4610 occosandi

1958 4650 2083 4689 casu
2126 4632 2349 4702 reperiri
2401 4626 2538 4702 apud
2601 4628 2942 4683 Prudentium
2986 4637 3037 4680 et
3083 4627 3246 4702 alios;
3294 4626 3386 4680 sed
3427 4642 3533 4682 non

1957 4721 2108 4775 teque
2137 4697 2339 4760 certmn
2362 4744 2374 4765 ,
2408 4697 2507 4775 hoc
2529 4701 2884 4775 locopoetatn
2915 4697 3196 4775 accusandi
3225 4712 3405 4775 casum
3440 4712 3532 4751 vo-

1959 4767 2142 4841 luisse,
2171 4791 2292 4830 nam
2321 4774 2559 4840 sequitur
2581 4790 2592 4822 :
2617 4770 2883 4838 vitalisque
2905 4769 3036 4820 adsit
3068 4767 3294 4821 scintilla
3325 4770 3534 4834 coactis,

270 4845 754 4935 pagarcnﬁturdQu'a
789 4845 840 4916 iii
862 4859 1244 4935 controversia
1268 4858 1421 4935 valde
1463 4855 1652 4935 dubius
1694 4845 1851 4934 hiesit
1883 4845 1932 4904 D
1957 4847 2161 4935 sciliget
2179 4863 2289 4935 [nuo
2322 4845 2476 4935 adsit;

269 4926 706 5006 ἓῘΑιιςιιειίηιιέ,
737 4933 876 5003 quod
905 4931 1124 5006 dillicile
1147 4929 1245 5006 ipsi
1272 4928 1644 5006 videretur,_ut
1674 4926 1848 5005 anima

270 5008 327 5060 in
356 4994 581 5074 corpore
611 4994 859 5073 tanquam
888 5002 956 5074 in
989 5017 1114 5054 vase
1151 4994 1446 5074 vitiaretur,
1481 4995 1582 5047 nisi
1629 4994 1741 5061 ipsa
1777 4994 1853 5074 vi-_-

270 5077 408 5130 tiosa
439 5063 502 5130 ex
553 5063 754 5129 Adam'o
799 5073 1120 5127 traheretur.
1157 5068 1305 5123 Nunc
1333 5075 1539 5121 certum
1585 5073 1669 5118 est
1716 5063 1852 5132 apud

271 5163 462 5202 mnncs
489 5148 801 5210 catholicus,
835 5145 1040 5197 animas
1068 5156 1170 5193 non
1195 5137 1488 5210 transfundi
1519 5149 1581 5188 ex
1613 5134 1849 5210 Adamo,

277 5228 555 5284 peccatum
589 5231 714 5272 vero
737 5206 993 5282 originale
1037 5211 1116 5284 vel
1149 5227 1213 5264 ex
1244 5224 1307 5263 et
1356 5209 1524 5261 solum
1576 5206 1854 5272 contrahi,

273 5282 414 5354 Quod
451 5290 695 5342 homines
727 5302 790 5341 ex
823 5285 1028 5338 semine
1064 5282 1188 5336 Adae
1238 5285 1509 5348 prOpagatt
1545 5285 1852 5339 nascuntur,

274 5357 327 5411 in
360 5375 463 5424 quo
487 5369 733 5425 tanquam
768 5357 819 5410 in
843 5355 1016 5423 capite
1047 5366 1231 5425 omnes
1267 5355 1641 5425 pecctverunt.

351 5416 474 5483 919.
506 5416 676 5492 Sinin,
710 5428 823 5482 Gis.
849 5429 880 5480 .-I
911 5416 1046 5478 'edit.
1076 5423 1140 5476 ad
1171 5416 1352 5484 orant,
1381 5418 1503 5472 Vat.
1534 5417 1602 5482 Q,
1645 5416 1851 5492 IIeins._,

274 5498 414 5557 CeI..
439 5501 616 5563 'I‘eol.,
644 5487 826 5553 Chatti.
843 5539 855 5558 ,
877 5496 1012 5557 PaL,
1035 5495 1198 5557 Bong.
1221 5508 1262 5543 τις
1283 5491 1449 5556 prima
1491 5505 1668 5563 manu,
1692 5487 1851 5555 quod.

276 5569 550 5623 Heinsitni
583 5559 788 5630 otnnes,
824 5570 1052 5634 itemque.
1078 5563 1244 5617 nostri
1275 5577 1404 5634 mss.
1436 5574 1495 5634 et
1515 5559 1664 5622 editi,
1691 5567 1854 5612 etiam

277 5640 460 5705 Alex.,
491 5656 543 5695 et
589 5639 742 5701 Urh.,
769 5655 888 5705 quo.
917 5631 1134 5690 Teolttts
1173 5631 1590 5686 Chatnillartlttm
1615 5639 1853 5705 acettsat,

278 5712 418 5780 quod
448 5699 834 5780 typograpltico
885 5709 1051 5780 licius
1069 5720 1184 5757 ante
1232 5705 1482 5758 editionis
1525 5699 1856 5780 tuendo-“de-

279 5769 620 5848 c'eptus'tithil
646 5769 728 5832 hic
758 5778 965 5834 vide:it.
1015 5778 1342 5848 Contrayego
1373 5783 1498 5848 puto
1539 5769 1856 5824 Chamillan

280 5843 405 5914 dum
430 5854 630 5926 optime
658 5849 854 5908 vidisse
881 5848 1023 5919 quod
1055 5848 1106 5906 in
1138 5846 1363 5903 IIeiusm
1383 5843 1640 5915 scriptum
1657 5849 1858 5897 exstat.

2028 4915 2150 4971 922.
2179 4916 2251 4982 De
2283 4929 2409 4967 voce
2449 4913 2742 4982 figmentum
2775 4908 2921 4978 plura
2955 4908 3217 4982 Cellarins
3245 4909 3295 4963 in
3331 4908 3530 4982 Latini-

1960 4995 2066 5041 tate
2121 4981 2363 5039 restituta
2403 4979 2597 5035 sa-culu
2624 4995 2774 5033 teneo
2817 4995 2880 5032 ex
2919 4981 3143 5048 Apuleio
3167 5021 3181 5044 ,
3218 4979 3534 5044 Ammiano,

1957 5056 2246 5126 Cypriano,
2301 5051 2667 5126 Aulo-Gellio,
2697 5050 3006 5126 AMacrobio,
3064 5051 3291 5103 Minucio
3337 5049 3533 5114 Felice,

1961 5121 2256 5188 Lactantio,
2291 5124 2646 5186 'I‘ertulliano,
2693 5121 2981 5186 Spartiano
3015 5140 3027 5174 :
3061 5134 3162 5186 qua
3187 5135 3316 5172 voce
3357 5133 3451 5187 pro
3476 5134 3535 5173 re

1962 5197 2098 5251 facta
2138 5207 2193 5252 et
2222 5205 2396 5248 creata
2437 5195 2706 5263 eleganter
2757 5207 2909 5244 ttsmn
2948 5191 3536 5263 Ρτιιάριιιἰυιιι-ιιιςιιιιιι.

1960 5268 2169 5334 Allegat
2192 5267 2349 5318 etiam
2380 5258 2647 5329 antiquius
2677 5263 3044 5334 te-timomum
3063 5260 3276 5334 Asconii
3299 5258 3534 5334 I'ediani.

2034 5329 2156 5393 995.
2185 5337 2329 5401 Altl.,
2360 5335 2499 5400 l-'ttl.,
2525 5335 2721 5397 leutt.,
2746 5335 2916 5390 Alex”
2946 5331 3151 5383 dicitur.
3173 5329 3270 5382 Vat
3290 5329 3535 5401 ablat,

1961 5410 2080 5464 Iiat.
2108 5424 2136 5461 a
2168 5399 2333 5474 prima
2364 5421 2542 5467 manu,
2581 5404 2732 5461 Urh..
2769 5401 2982 5474 \Vettzﬂ
3014 5403 3236 5452 ducitur.
3288 5399 3537 5474 Heinsius

1963 5469 2260 5549 suspicatur
2291 5477 2503 5549 diditur.
2531 5475 2768 5549 Gil'anins
2794 5472 2902 5524 Ittd.
2931 5472 3145 5523 Lucret.
3171 5486 3293 5549 pag.
3317 5469 3539 5549 {556,0}!

1965 5540 2223 5605 incisione
2255 5564 2346 5601 seu
2378 5547 2550 5600 inciso
2580 5545 2824 5611 loquens,
2859 5557 2920 5593 ex
2946 5550 3051 5592 vet.
3084 5541 3204 5594 cod.
3239 5542 3364 5606 legit
3404 5540 3540 5611 dici-

1961 5633 2041 5674 tur
2069 5621 2246 5683 illata,
2290 5619 2427 5686 quod
2487 5610 2840 5668 rectissimum
2884 5611 3261 5686 |ttttat..__Mar.,
3292 5612 3346 5663 in
3393 5610 3538 5673 loco;

1961 5693 2109 5753 Rat.,
2143 5695 2192 5743 in
2219 5682 2322 5742 loto
2355 5703 2450 5756 pro
2486 5688 2536 5738 in
2571 5687 2698 5747 lu'o,
2732 5695 2783 5734 ut
2811 5683 3041 5756 explicat
3072 5682 3372 5756 Martcttns.
3416 5694 3536 5732 nam

1962 5779 2018 5819 sv
2043 5779 2123 5831 pe
2151 5778 2180 5814 ο
2212 5753 2369 5813 habet
2419 5774 2511 5831 pro
2545 5773 2592 5808 u.
2629 5757 2801 5831 ligni”
2839 5754 3008 5804 il.'n.'o.
3067 5756 3081 5802 ι
3112 5755 3194 5831 rb.
3223 5762 3276 5831 et
3305 5753 3456 5831 Alea.
3510 5765 3539 5803 a

1963 5822 2134 5907 prima
2167 5847 2349 5896 manu,
2382 5822 2433 5883 in
2466 5829 2589 5881 luto
2652 5827 2816 5879 Metro
2839 5833 3098 5896 repugnat
3145 5826 3197 5876 in
3223 5823 3330 5878 tuto
3385 5822 3542 5884 Alex,
