4092 6344
780 476 904 531 lnde
927 476 1154 532 secunda
1187 476 1320 531 redit
1344 477 1637 547 generatio,
1661 488 1713 532 et
1736 479 1859 533 inde
1887 478 2095 533 lavatur
2191 485 2247 542 Α

599 567 703 622 925
774 569 983 623 Natura:
1010 568 1245 632 illuvies,
1270 568 1564 639 iterumque
1593 572 1922 626 renaseimur
1952 572 2095 626 intus

776 662 999 727 Perfusi,
1048 670 1104 716 ut
1153 671 1383 718 veterem
1435 663 1726 733 splendens
1775 666 1951 720 anima
2004 675 2165 721 exuat

1876 757 2091 827 [Adam.

769 847 917 915 Quae,
946 849 1067 918 quia
1091 839 1365 904 materiam
1392 851 1593 918 peccati
1617 865 1679 904 ex
1716 851 1896 905 fomite
1922 853 2096 904 carnis

766 937 1078 995 Consociata
1110 940 1290 1006 trahit,
1325 955 1530 996 necnon
1559 941 1717 996 simul
1747 942 1859 1011 ipsa
1883 941 2051 996 sodali

775 1033 864 1088 Est
893 1034 1214 1090 incentivum
1244 1035 1588 1104 peceaminis,
1623 1033 1859 1102 implicat
1887 1033 2070 1088 ambas

772 1127 974 1183 Vindex
1000 1143 1152 1198 poena
1184 1143 1334 1192 reas,
1386 1136 1670 1197 peccantes
1697 1136 1874 1182 mente
1905 1127 2006 1180 sub
2034 1141 2161 1192 una,

774 1221 1140 1290 Peccandique
1174 1229 1375 1273 cremat
1411 1220 1584 1274 socias
1612 1218 1934 1273 cruciatibus
1975 1219 2161 1286 :rqttis.

769 1310 930 1384 482
1000 1312 1092 1365 His
1161 1311 1409 1366 crucibus
1479 1310 1724 1364 Christus
1778 1324 1874 1363 nos
1925 1309 2164 1374 liberat,

1749 1401 2095 1472 (incorrupta:

771 1496 970 1557 Matris,
998 1503 1051 1549 et
1077 1493 1286 1548 innocui
1318 1501 1553 1561 gestator
1585 1492 1850 1559 corporis.
1880 1491 2027 1546 Unus

769 1586 1016 1640 Naturam
1049 1599 1221 1654 poena:
1259 1585 1587 1652 expositam,
1636 1583 1732 1637 sed
1785 1597 1888 1636 non
1923 1582 2166 1636 vitiorum

775 1676 1024 1732 Naturam
1061 1673 1353 1744 expositam
1409 1673 1740 1727 contactibus
1779 1673 1926 1726 indui
1969 1673 2111 1726 lesus
2152 1689 2166 1726 :

775 1773 944 1838 Atque
971 1767 1090 1821 ideo
1117 1781 1286 1834 poma:
1315 1764 1387 1818 nil
1425 1765 1605 1820 debuit
1639 1781 1651 1816 :
1679 1765 2025 1819 intemeratus
2046 1806 2060 1830 ,

597 1126 701 1183 950

600 1676 703 1733 953

1701 362 1972 420 AURELII
2013 359 2376 438 PRUDENTII
2413 361 2743 418 CABMINA.

3738 369 3842 425 996
3865 378 3871 383 '

2446 478 2582 546 Quid
2615 476 2814 533 Christi
2849 477 2903 532 ln
2934 478 3190 534 membris
3226 481 3429 550 peccati
3459 495 3600 536 steva
3629 485 3840 542 satelles

2448 569 2609 625 Pinna
2653 568 2867 640 ageret?
2894 570 3018 625 ouid
3057 583 3199 626 mors
3225 571 3456 628 hominis
3485 573 3601 629 sine
3621 577 3840 633 crimine

3537 668 3773 738 inesset?

2448 754 2706 808 Nimirum
2733 756 2901 809 cassis
2924 754 3223 820 conatibus,
3253 763 3307 810 et
3337 755 3451 810 sine
3475 757 3660 810 nervis

2449 847 2784 913 concideret,
2819 846 3016 902 sterilis
3043 848 3241 917 peccati
3270 846 3456 904 fomite
3475 849 3642 905 nullo.

2453 939 2593 992 Mors
2621 939 2778 992 alitur
2806 939 2961 1007 culpa
2994 955 3008 990 :
3039 939 3247 1008 culpam
3272 939 3363 1008 qui
3393 955 3497 994 non
3523 941 3709 1009 habet,
3732 942 3842 1013 ipso

2448 1029 2638 1083 Pastus
2664 1029 2870 1084 defectu
2903 1040 3128 1084 mortem
3156 1031 3422 1085 consumit
3445 1032 3680 1088 inanem.
3813 1021 3816 1026 ’

2451 1121 2542 1175 Sic
2591 1107 2832 1177 mors'in
2881 1122 3088 1177 Domini
3125 1132 3439 1193 consumpta
3488 1133 3570 1178 cst
3623 1139 3840 1195 corpore

3517 1213 3735 1287 [Christi

2445 1307 2536 1361 Sic
2555 1307 2730 1374 periit,
2755 1307 2967 1360 solitum
2991 1304 3114 1360 dum
3138 1320 3242 1361 non
3267 1307 3428 1363 habet
3445 1309 3590 1363 arida
3617 1301 3836 1377 pastum.

2447 1398 2670 1465 Suspice
2701 1407 3026 1467 quapropter
3049 1398 3220 1452 solum
3259 1398 3580 1468 inculpabile
3611 1415 3834 1466 numen,

2445 1487 2606 1559 5.83
2632 1488 2890 1543 Virtutem
2917 1488 3107 1556 Patris,
3139 1499 3190 1544 et
3217 1487 3503 1556 Christi,et
3523 1489 3632 1560 jam
3660 1490 3835 1546 desine

3557 1581 3771 1651 [nostrai

2445 1671 2702 1728 Invidiam
2741 1672 2977 1728 conﬂare
3011 1673 3236 1738 animas,
3274 1673 3415 1742 quod
3444 1673 3516 1728 sit
3559 1673 3720 1738 Deus,
3757 1684 3837 1728 aut

3612 1766 3770 1836 [quod

2272 569 2378 624 940

2271 1121 2377 1176 915

776 1861 982 1916 Fraude
1006 1873 1215 1922 carens,
1239 1859 1381 1911 omni
1405 1858 1680 1925 culparum
1705 1857 1984 1926 aspergine
2013 1856 2168 1911 liber.
2203 1863 2244 1921 Β
2276 1856 2382 1914 950
2455 1857 2633 1913 Portio
2662 1873 2829 1928 parva
2860 1857 2977 1926 Dei,
3003 1872 3126 1914 cum
3152 1858 3366 1914 Christo
3390 1857 3667 1914 abscidere
3693 1859 3838 1926 quid-

778 1952 912 2019 Quid
946 1959 1282 2021 peccatorum
1315 1949 1555 2020 prosapia
1587 1963 1810 2017 corpore
1842 1949 1892 2001 in
1925 1948 2016 2002 illo
2036 1989 2050 2013 ,

3573 1948 3772 2021 (quam,

1876 2038 2158 2093 (lLUSSrE
2199 2037 2532 2094 VETERES.

660 2137 783 2192 924.
809 2136 954 2198 Inde,
983 2137 1042 2188 de
1064 2135 1377 2197 baptismate.
1408 2162 1476 2173 —
1499 2129 1802 2195 Genera'tio,
1836 2131 2096 2196 baptismi,
2125 2130 2162 2184 l.

661 2208 783 2262 925.
821 2208 1053 2270 llluvies,
1078 2206 1417 2269 inununditia,
1451 2203 1696 2272 pollutio,
1731 2201 1950 2265 macula,
1990 2201 2025 2252 Ι.

662 2277 787 2331 9‘26.
822 2277 1046 2339 Perlusi,
1075 2292 1219 2327 sacro
1245 2275 1466 2335 lavacro,
1508 2273 1544 2324 l.

663 2349 786 2402 9‘27.
815 2347 1106 2408 Materiam,
1136 2346 1464 2406 occasionem,-
1499 2344 1536 2395 1.

662 2418 784 2472 928.
817 2415 1018 2479 Sodali,
1052 2416 1271 2486 corpori,
1301 2415 1460 2486 carni,
1493 2413 1532 2466 l.

660 2487 783 2544 929.
818 2481 1177 2552 Incentivuni,
1223 2481 1529 2539 incendium.
1563 2512 1626 2523 -—
1653 2481 1880 2547 Atnhas,
1933 2491 2164 2548 naturas,

593 2559 773 2612 animm
793 2567 837 2610 et
867 2558 1108 2626 corporis,
1145 2557 1182 2611 I.

660 2630 782 2683 950.
811 2624 987 2682 Mente
1017 2627 1116 2682 sub
1145 2643 1268 2690 una,
1301 2625 1388 2677 sub
1421 2641 1523 2677 una
1553 2625 1830 2689 voluntate,
1862 2624 1900 2677 I.

661 2699 786 2754 959..
813 2697 1089 2768 Crucibus,
1113 2701 1294 2768 pinnis,
1329 2695 1367 2748 1.

661 2769 784 2824 955.
811 2767 952 2821 Innot
973 2768 1056 2833 ui,
1079 2763 1198 2836 quia
1219 2767 1356 2820 solus
1388 2767 1472 2819 ille
1500 2767 1607 2818 sine
1639 2775 1839 2830 peccato
1864 2765 1981 2836 fuit,
2015 2763 2056 2816 Ι.

659 2838 784 2894 95L
814 2835 1138 2908 Expositant,
1171 2838 1566 2905 manifestatum,
1603 2836 1884 2908 liberatam,

658 2910 780 2964 955.
817 2906 1116 2977 Expositam
1146 2947 1161 2972 ,
1213 2908 1410 2969 datam,
1456 2916 1745 2974 expertem,
1783 2906 1855 2958 ve‘l
1895 2907 2164 2974 jactatam.

2274 2161 2344 2175 -ι
2367 2129 2728 2194 Contactibus,
2755 2130 3148 2200 pollutionibus,
3204 2170 3218 2185 .

2346 2202 2468 2272 950.
2505 2202 2872 2272 intemeratus,
2898 2202 3178 2272 integertl.

2347 2269 2470 2325 958.
2504 2272 2773 2340 Prosapia,
2798 2269 3078 2342 generatio,
3113 2271 3152 2325 1.

2343 2343 2466 2397 959.
2502 2342 2751 2404 Satelles,
2779 2359 2986 2408 sequax,
3021 2343 3058 2396 l.

2329 2412 2468 2536 si“.
2497 2411 2699 2535 fassis,
2723 2414 2912 2478 vacuis,
2940 2412 3193 2467 inanibus.
3224 2441 3294 2452 —
3313 2411 3532 2480 Nervis,
3555 2415 3664 2468 sine
3700 2415 3835 2484 forti—

2368 2499 2464 2536 ine.
2528 2523 2541 2534 .

2273 2484 2464 2543 tudine,
2500 2484 2541 2535 Ι.

2346 2552 2468 2607 942.
2492 2552 2831 2616 Concideret,
2855 2554 3073 2608 caderet.
3091 2584 3160 2594 —
3182 2551 3413 2621 Sterilis,
3436 2554 3627 2622 inanis,
3656 2556 3834 2610 scilicet

2271 2623 2366 2677 illa
2397 2640 2550 2676 mors.
2583 2651 2653 2663 -
2684 2623 2904 2685 Fomite,
2939 2626 3278 2690 nutrimento,
3307 2627 3348 2680 1.
3751 2661 3760 2671 .

2339 2695 2463 2748 944.
2495 2694 2684 2747 Pastus
2705 2734 2720 2754 ,
2749 2697 2963 2764 genitus,
2995 2694 3034 2748 1.

2339 2765 2461 2818 946.
2500 2766 2680 2830 Arida,
2705 2780 2839 2818 mors
2859 2805 2873 2827 ,
2907 2765 2944 2818 Ι.
2969 2795 3037 2806 ——
3066 2766 3302 2832 Pastum,
3332 2775 3613 2834 peccatum,
3641 2767 3764 2821 Mar.

2341 2834 2464 2909 94?.
2495 2834 2738 2909 Suscipe,
2770 2835 2987 2909 honora.
3015 2867 3083 2876 —
3107 2837 3449 2909 Inculpabile,
3478 2838 3589 2892 sine
3613 2836 3829 2909 culpaJ.

2341 2905 2462 2961 949.
2508 2905 3130 2978 lnvidiam,injustitiam.
3166 2907 3208 2962 Ι.

1939 3011 2493 3069 COMMENTARIUS.

594 3149 619 3189 tt
648 3131 875 3188 ‘sccunda
895 3147 1050 3186 manu
1077 3131 1241 3186 illoto.
1265 3131 1321 3185 In
1349 3131 1462 3184 Vat.
1493 3130 1531 3184 Β
1557 3138 1689 3194 erat,
1717 3131 1918 3184 ducitur
1947 3131 1999 3183 in
2027 3132 2152 3197 luto,
2191 3133 2234 3195 C
2269 3130 2468 3186 sciolus
2503 3144 2597 3198 pro
2630 3129 2775 3183 Iesus
2808 3131 2979 3197 posuit
3010 3131 3138 3199 ipse.

593 3204 687 3260 sed
732 3203 924 3257 factum
974 3204 1162 3256 dicitur
1201 3205 1252 3256 in
1281 3201 1405 3264 luto,
1443 3205 1491 3255 in
1520 3201 1642 3255 Vat.
1687 3201 1752 3266 Ο.
1803 3201 1968 3265 illuto,
2015 3203 2152 3268 quod

595 3278 822 3339 retineo,
847 3291 872 3326 a
904 3275 1068 3327 verbo
1109 3273 1255 3337 iltuo,
1289 3289 1316 3325 a
1347 3288 1450 3341 quo
1478 3274 1635 3324 etiam
1668 3282 1748 3325 est
1777 3272 1973 3324 illuvie;
2006 3275 2160 3338 paulo

593 3355 744 3416 post,
797 3346 1036 3416 quamvis
1069 3347 1390 3416 recentiores
1439 3344 1622 3416 malint
1651 3343 1814 3416 illato.
1871 3344 1967 3416 Pro
2015 3343 2161 3395 illuto

595 3412 835 3469 nonnulli
867 3416 1104 3468 scribunt
1152 3416 1333 3467 inluta.
1369 3414 1422 3467 In
1453 3413 1687 3466 Arnobio
1718 3413 1810 3465 lib.
1852 3427 1866 3464 ι
1905 3412 2163 3466 adversus

592 3495 778 3554 gentes
809 3487 1019 3554 legitur,
1053 3485 1151 3551 Qui
1179 3501 1268 3554 per
1296 3485 1566 3538 altissimos
1588 3485 1810 3552 gurgites
1836 3486 2008 3550 pedem
2029 3483 2160 3552 fere-

596 3557 676 3609 bat
701 3556 934 3608 inlutuni.

666 3627 786 3679 991.
824 3627 1152 3692 Pelagianos,
1189 3634 1438 3692 negantes
1463 3633 1732 3689 peccatum
1763 3623 2034 3690 originale,
2069 3638 2158 3676 re-

595 3695 725 3749 fellit
753 3713 813 3749 ex
840 3697 1119 3765 bapti~mn,
1147 3711 1251 3764 quo
1278 3699 1625 3758 renascimur,
1656 3699 1836 3761 utique
1853 3695 2041 3746 mortui
2067 3708 2162 3761 per

595 3777 900 3833 peccatum_
954 3768 1088 3830 quod
1147 3783 1210 3817 et
1260 3766 1446 3816 Mami
1498 3765 1720 3817 crimine
1773 3765 2158 3819 contraximus.

595 3836 728 3887 Vide
758 3837 810 3888 S.
849 3837 1198 3903 Augustinum
1230 3845 1282 3886 et
1313 3835 1605 3899 theologos.

665 3905 786 3958 927.
824 3905 1011 3957 Fontes
1041 3907 1238 3972 peccati
1267 3903 1321 3955 in
1345 3918 1504 3956 carne
1530 3915 1630 3966 est,
1659 3912 1710 3954 et
1734 3904 1783 3955 in
1814 3917 1972 3954 carne
1997 3905 2156 3956 etiam

594 3985 712 4044 post
741 3975 1068 4040 baptismatis
1119 3975 1390 4026 lustralem
1423 3975 1616 4026 undam
1672 3977 1929 4026 remanet.
1979 3973 2160 4027 Nihilo

593 4055 766 4099 tamen
800 4047 974 4098 minus
1019 4044 1190 4096 anima
1233 4046 1342 4112 ipsa
1374 4045 1591 4110 peccat,
1633 4046 1876 4110 quamvis
1903 4060 1930 4096 a
1963 4058 2160 4096 concu-

593 4116 863 4182 piscentia:
906 4116 1168 4168 illecebris
1214 4116 1276 4168 ad
1309 4125 1580 4182 peccatum
1620 4115 1860 4166 trahatur
1901 4115 2064 4180 :quia
2107 4123 2160 4168 et

595 4186 762 4239 libere
809 4196 994 4252 peccat
1021 4228 1034 4246 ,
1076 4195 1129 4239 et
1159 4201 1296 4256 szepe
1327 4185 1770 4253 concupiscentia:
1797 4185 1900 4256 vim
1931 4184 2072 4236 acuit.
2109 4193 2162 4237 et

593 4257 852 4308 accendit.
885 4257 1016 4310 llinc
1051 4271 1206 4324 paena
1234 4255 1443 4323 Corpori
1477 4266 1528 4308 et
1559 4256 1748 4307 anima:
1787 4255 2055 4322 sapienter
2077 4262 2161 4308 est

594 4329 897 4380 constituta.

663 4398 785 4450 928.
819 4397 871 4449 lu
897 4395 1075 4464 Prag.,
1113 4395 1317 4458 sodale;
1347 4398 1396 4448 in
1425 4396 1564 4457 liztt.,
1597 4395 1806 4447 sodalis.

663 4467 786 4520 929.
823 4467 876 4519 In
909 4467 1177 4519 nonnullis
1218 4467 1366 4527 edd.,
1398 4466 1638 4530 impleat;
1667 4471 1872 4524 corrige
1903 4464 2148 4534 implicat.

595 4533 910 4588 Incentivum
948 4536 1261 4600 adici-tivum
1313 4537 1567 4588 Varronis
1611 4548 1721 4599 est,
1763 4533 2150 4588 substantivum

595 4607 822 4659 auctoris
875 4607 1172 4673 panegyrici
1200 4605 1552 4658 Constantino
1599 4605 1761 4668 dicti,
1812 4606 2152 4674 Hieronymi,

595 4676 916 4744 Symmachi,
951 4675 1234 4726 Aminiani.

664 4747 787 4799 951.
814 4747 1054 4797 Animam
1087 4747 1203 4811 igne
1230 4745 1460 4812 torqueri
1487 4785 1502 4806 ,
1539 4743 1777 4810 quamvis
1802 4742 1870 4796 sit
1907 4742 2156 4810 spiritua-

596 4817 682 4880 lis,
727 4816 914 4867 ducent
945 4817 1042 4868 SS.
1072 4815 1252 4868 Patres
1278 4825 1328 4868 et
1362 4815 1614 4882 theologi,
1647 4828 1945 4880 quanquam
1973 4815 2154 4868 nescio

594 4902 688 4938 cur
720 4886 829 4937 haec
859 4885 1185 4938 consuetudo
1211 4886 1447 4946 invaluit,
1483 4896 1534 4940 ut
1565 4885 1843 4951 theologus
1871 4899 1898 4934 a
1922 4886 2018 4938 SS.
2059 4884 2156 4938 Pa-

599 4958 763 5009 tribtts
787 4955 1149 5007 disc-eruamus
1171 4995 1184 5017 ,
1216 4972 1314 5009 nec
1343 4956 1706 5024 theologorum
1749 4955 1958 5008 nomine
2001 4955 2155 5023 vulgo

593 5026 692 5080 SS.
724 5027 903 5079 Patres
933 5027 1448 5092 comprehendamus
1482 5043 1494 5078 :
1530 5041 1647 5078 nam
1697 5025 1748 5076 hi
1798 5025 2024 5077 maxime
2048 5027 2155 5079 veri

594 5105 718 5150 sunt
749 5097 999 5164 theologi.
1027 5095 1153 5159 Sed,
1185 5103 1241 5146 ιιι
1269 5097 1495 5160 aiebam,
1527 5097 1878 5162 qumstionem
1917 5095 1983 5147 de
2039 5095 2157 5162 igne

591 5182 698 5235 quo
728 5167 917 5218 animai
957 5165 1259 5218 cruciantur
1316 5168 1524 5231 utrique
1552 5168 1752 5233 agitant
1776 5207 1789 5229 ,
1825 5175 1877 5217 et
1916 5166 2156 5219 nonnihil

588 5251 616 5289 a
643 5237 794 5290 nobis
820 5252 878 5288 ea
911 5235 976 5289 de
1007 5251 1062 5288 rc
1091 5235 1286 5289 dictum
1321 5245 1401 5288 est
1431 5237 1479 5288 iu
1512 5238 1710 5304 proleg.
1745 5251 1889 5288 num.
1919 5235 2039 5288 167.

659 5309 781 5360 952.
806 5307 858 5358 lu
889 5306 1002 5359 Vat.
1029 5306 1070 5357 A
1095 5316 1236 5359 recte
1257 5306 1448 5359 factum
1473 5307 1702 5358 crucibus
1730 5322 1791 5359 cx
1822 5305 2152 5373 cruciatibus,

589 5394 706 5445 quin
730 5389 807 5430 est
831 5377 1028 5445 glossa.
1062 5375 1189 5428 Nam
1223 5391 1420 5428 crucem
1445 5417 1460 5441 ,
1494 5385 1547 5428 et
1577 5377 1708 5445 affigi
1740 5379 1874 5428 cruci
1906 5391 2002 5443 pro
2042 5392 2157 5429 cru-

587 5450 722 5500 ciatu
774 5457 826 5500 et
856 5447 1068 5499 cruciari
1095 5447 1296 5513 accipi,
1333 5447 1506 5500 dicam
1542 5447 1606 5499 ad
1642 5450 1893 5517 hymnum
1923 5445 2157 5517 S.Lau-

587 5519 764 5577 rentii.
796 5533 933 5575 vers.
981 5517 1068 5569 21.
1099 5518 1302 5577 Heins..
1331 5517 1518 5570 Cbam.
1556 5516 1806 5571 mendum
1844 5533 1933 5570 nos
1981 5516 2154 5573 librat.

656 5588 778 5640 955.
803 5586 1038 5640 {Manius
1065 5603 1129 5640 ex
1156 5589 1314 5642 veteri
1339 5587 1523 5642 codice
1544 5597 1769 5657 gestatur
1795 5603 1890 5656 pro
1911 5597 2154 5657 gestator.

586 5658 700 5712 Non
729 5672 942 5724 sequor.

655 5727 776 5779 9553.
812 5727 988 5791 Prag.,
1033 5728 1313 5795 expositam
1343 5728 1679 5781 contractibus
1700 5771 1712 5790 ,
1775 5739 1826 5782 ut
1860 5743 1996 5782 vers.
2025 5729 2152 5784 989.

585 5799 774 5851 Melius
802 5797 1115 5850 contactibus
1166 5813 1268 5862 pro
1309 5799 1646 5864 contagione.
1695 5801 1747 5853 In
1799 5802 1917 5853 ttat.
1965 5814 2156 5854 rec-ns

2337 3201 2461 3255 958.
2493 3200 2650 3253 Adest
2673 3200 2755 3254 hic
2777 3216 2962 3255 versus
2985 3202 3036 3255 in
3062 3201 3212 3266 Man,
3248 3199 3364 3254 Vat.
3385 3200 3450 3268 Q,
3479 3199 3660 3271 Prag.,
3693 3201 3830 3270 Rat.,

2267 3271 2555 3343 etquidem
2586 3272 2701 3343 si_ne
2744 3271 2914 3343 litura
2949 3281 2998 3326 et
3031 3271 3217 3326 eadem
3246 3285 3404 3324 mamt
3428 3311 3450 3343 ,
3488 3272 3540 3326 in
3570 3273 3831 3343 plerisque

2267 3341 2500 3407 Weitzii,
2533 3342 2584 3394 in
2614 3340 2850 3394 Giselino
2879 3351 2931 3395 et
2960 3343 3097 3396 aliis.
3132 3343 3314 3396 Abest.
3357 3356 3387 3394 a
3430 3342 3528 3396 Put
3557 3340 3582 3408 ,⁷
3603 3340 3828 3407 Thuan.,

2263 3412 2463 3476 Oxou.,
2496 3412 2622 3466 Tor.
2653 3411 2879 3477 duobus,
2912 3411 3058 3477 Ald.,
3083 3411 3220 3476 PaL,
3247 3411 3402 3473 Urb..
3428 3414 3581 3468 Ales.

2335 3484 2458 3536 959.
2501 3482 2679 3548 Ales,
2711 3482 2954 3552 quidquid
2983 3483 3035 3535 in
3068 3481 3318 3547 membris,
3345 3481 3568 3538 fortasse
3593 3485 3825 3552 quidquid

2269 3562 2312 3608 et
2343 3554 2394 3605 in
2421 3553 2675 3606 membris.

2334 3623 2457 3678 940.
2491 3623 2707 3686 Weitz.,
2736 3621 2874 3686 Gis.,
2921 3622 3085 3684 Gal|.,
3118 3623 3396 3687 Tornies.‘,
3426 3622 3570 3685 Rau,
3619 3625 3824 3676 homini.

2265 3693 2508 3761 Plerique
2520 3692 2928 3762 etvetuﬁstiores,
2945 3693 3182 3754 hominis,
3201 3691 3338 3762 quod
3357 3694 3513 3762 longe
3532 3695 3712 3747 melius
3725 3704 3799 3745 est
3812 3734 3824 3744 .

2335 3764 2459 3818 942.
2494 3763 2666 3829 Egm.,
2702 3761 2847 3827 Put.,
2874 3774 2929 3818 et
2955 3763 3089 3826 PaL,
3123 3761 3435 3817 conciderent
3457 3761 3672 3828 steriles,
3697 3765 3828 3832 quod

2266 3848 2369 3888 non
2399 3833 2651 3902 intelligo.
2693 3832 2820 3898 Alii,
2871 3834 3188 3898 concideret,
3216 3835 3399 3886 sterilis
3421 3837 3613 3902 peccati
3661 3835 3828 3902 fotiiite

2265 3902 2428 3967 nullo,
2463 3903 2560 3957 hoc
2586 3914 2666 3957 est
2694 3918 2872 3973 mors,
2902 3919 3020 3973 qua:
3045 3904 3156 3972 ipsa
3203 3903 3391 3957 sterilis
3421 3906 3615 3958 dicitur
3649 3923 3660 3956 :
3715 3919 3828 3958 nam

2266 3975 2504 4042 sequitur
2531 3989 2665 4028 mors
2695 3972 2854 4026 alitur
2883 3972 3054 4041 culpa.

2336 4046 2458 4098 945.
2490 4043 2559 4100 Ut
2583 4059 2739 4112 supra
2765 4043 2960 4114 hymno
2984 4044 3385 4113 Exsequiarum,
3418 4059 3556 4098 vers.
3587 4045 3649 4098 17
3671 4053 3723 4097 et
3747 4045 3828 4104 l8.

2264 4114 2464 4237 (eeo/ere
2489 4123 2734 4177 mortem,
2769 4115 2840 4169 ita
2872 4130 3010 4170 nunc
3037 4127 3246 4168 mortem
3279 4116 3508 4168 consumi
3537 4117 3589 4168 in
3630 4131 3831 4186 corpore

2325 4195 2471 4237 tt‘tslt.

2310 4185 2471 4238 liristi.

2336 4255 2459 4309 947.
2492 4255 2609 4308 Vat.
2641 4256 2682 4310 Δ
2713 4262 2767 4309 et
2796 4254 2855 4321 Β,
2883 4256 3098 4324 suscipe.
3124 4255 3277 4315 Man.
3299 4256 3444 4321 Ald.,
3471 4254 3694 4318 Weits.,
3723 4254 3829 4308 Gis.

2262 4333 2319 4448 3t
2345 4326 2579 4394 plerique
2601 4326 2816 4395 suspice,
2851 4325 2988 4394 quod
3015 4327 3188 4380 sensoi
3236 4329 3402 4394 magis
3432 4334 3727 4394 congruere
3758 4328 3830 4378 vi-

2300 4407 2438 4448 etur.

2300 4407 2438 4450 etur.

2334 4467 2456 4521 948.
2482 4465 2603 4520 Put.
2630 4481 2724 4534 pro
2749 4467 2980 4518 virtutem
3008 4466 3165 4520 habet
3192 4477 3447 4520 naturam.
3482 4467 3681 4519 Contra
3699 4471 3831 4518 stant

2180 4507 2232 4566 Ῑ)
2260 4533 2436 4598 Alere,
2468 4536 2602 4590 Urb.
2631 4507 2686 4588 iit
2712 4535 2798 4588 alii
2826 4537 2992 4590 nOSll‘i
3025 4553 3143 4590 cum
3176 4536 3293 4591 Vat.
3327 4543 3367 4600 ρ
3391 4546 3445 4590 et
3467 4536 3645 4590 editis.

2331 4606 2456 4659 950.
2485 4605 2756 4659 lleinsiani
2780 4621 2964 4660 omnes
2983 4608 3317 4673 vetustiores,
3337 4606 3465 4669 GiL,
3483 4607 3635 4660 Ales.
3651 4647 3663 4667 ,
3683 4607 3826 4670 Urb.,

2259 4675 2377 4729 Vat.
2408 4677 2472 4742 ρ.
2507 4675 2653 4739 Rat.,
2684 4674 2900 4741 Weitz.,
2931 4676 3204 4735 abscidere.
3231 4676 3354 4739 Alii,
3387 4675 3710 4730 abscindere.
3747 4679 3828 4729 Ni-

2258 4744 2330 4799 hil
2375 4747 2550 4799 minu~°
2600 4747 2977 4816 cogitaveram,
3021 4763 3177 4816 quam
3211 4755 3267 4799 ut
3300 4749 3398 4800 hoc
3426 4747 3543 4800 loco
3572 4747 3639 4799 dc
3666 4749 3825 4806 cultu,

2256 4825 2310 4885 et
2361 4818 2493 4870 testo
2516 4815 2614 4871 SS.
2649 4814 2839 4869 (Iordis
2864 4814 3051 4880 .lesus,
3071 4818 3209 4885 quod
3263 4817 3468 4885 publica
3518 4821 3830 4868 auctoritate

2258 4884 2437 4940 Roma:
2491 4887 2888 4954 iunumerisque
2917 4888 3037 4940 aliis
3066 4884 3116 4940 in
3149 4884 3465 4940 diwcesibus
3513 4888 3828 4947 celebratur,

2257 4958 2413 5010 Verba
2449 4958 2572 5010 mihi
2608 4966 2787 5011 essent
2825 4957 3085 5022 iacienda,
3122 4958 3417 5024 praesertim
3444 4972 3565 5010 cum
3591 4957 3700 5024 jam
3728 4957 3828 5023 pri-

2258 5027 2374 5082 dem
2406 5042 2562 5079 cztusa
2591 5027 2733 5079 finita
2768 5028 2857 5078 sit.
2892 5027 2994 5079 Sed
3046 5029 3262 5080 omnino
3318 5037 3495 5078 tacere
3542 5042 3649 5080 non
3690 5029 3826 5088 licet,

2262 5097 2688 5164 quandoquidem
2713 5111 2898 5149 recens
2923 5096 3187 5162 interpres
3215 5097 3352 5149 male
3377 5097 3720 5150 Prudentium
3753 5097 3828 5147 in-

2261 5167 2488 5231 tellexit,
2543 5166 2778 5234 subjecta
2811 5166 2908 5218 hac
2961 5176 3084 5220 nota
3115 5168 3292 5220 verbis
3319 5167 3442 5226 illis,
3470 5182 3573 5219 cur
3611 5178 3828 5219 cuntsro

2259 5253 2543 5290 susurnam:
2590 5251 2849 5298 QUIDQUMI
2887 5235 3072 5300 τηατ,
3122 5237 3313 5306 inquit,
3345 5236 3512 5299 velim,
3568 5238 3828 5289 attendant

2259 5309 2490 5359 nonnulli
2548 5323 2608 5360 ea:
2664 5307 2918 5359 ltodicrnis
2959 5306 3063 5361 SS.
3096 5305 3277 5360 Cordis
3298 5306 3422 5358 Jesu
3450 5306 3746 5370 cultoribus,
3775 5319 3832 5356 ne

2258 5377 2379 5428 dum
2406 5377 2694 5430 viridiorem
2718 5379 2764 5428 in
2795 5393 2844 5428 se
2871 5378 2992 5445 ipsis
3018 5387 3064 5428 et
3089 5378 3138 5428 in
3167 5378 3281 5428 aliis
3304 5392 3424 5445 erga
3454 5375 3714 5430 Christum
3742 5374 3832 5427 Je-

2259 5463 2371 5498 sum
2398 5447 2633 5512 allectum
2659 5448 2877 5500 excitare
2915 5446 3141 5508 student,
3169 5462 3352 5512 corpus
3401 5451 3531 5515 ejus,
3563 5456 3606 5498 et
3635 5459 3836 5499 carnem

2260 5516 2557 5579 dividentes,
2584 5529 2624 5569 et
2652 5519 2701 5569 in
2731 5518 2894 5584 frusta
2925 5527 3169 5578 secantes,
3204 5516 3460 5583 oculisque
3485 5517 3830 5580 subjicientes,

2258 5588 2456 5640 violata:
2483 5588 2700 5658 unitatis
2720 5598 2764 5638 et
2795 5589 3194 5658 integritatisrei
3213 5599 3539 5658 peraguntur.
3569 5587 3680 5655 Ego
3711 5596 3835 5639 vero

2261 5659 2491 5710 maxime
2521 5656 2738 5710 attendo
2781 5667 2834 5709 et
2879 5657 3054 5721 video,
3101 5656 3443 5710 Prudentium
3500 5668 3833 5725 nequaquam

2261 5741 2420 5796 agere
2445 5728 2512 5780 de
2534 5727 2728 5780 Christi
2760 5742 3004 5793 corpore,
3055 5727 3149 5780 sed
3173 5727 3360 5780 Christi
3391 5727 3608 5796 nomine
3645 5725 3835 5781 intelli-

2259 5795 2389 5866 gere
2444 5796 2701 5861 Verbum,
2749 5805 2803 5850 et
2852 5796 3209 5865 divinitatem,
3241 5804 3301 5851 tit
3323 5812 3466 5854 vers.
3493 5795 3562 5853 29
3585 5797 3785 5873 Apoth.
3816 5808 3838 5849 :
