4092 6344
262 458 356 525 997

429 570 495 624 Ει
522 566 764 620 resecare
798 564 903 619 Deo
926 572 1148 633 partem,
1175 562 1255 617 vel
1284 575 1502 630 carpere
1529 568 1728 614 tantum

430 660 635 716 Numen
658 673 763 712 non
790 658 969 722 liceat,
987 657 1196 723 plenum
1222 654 1319 709 sibi
1342 669 1573 722 semper,
1590 662 1644 708 et
1668 654 1718 707 in
1743 668 1819 707 se.

501 753 594 806 ESt
610 764 783 819 operte
799 750 1024 818 pretium
1044 747 1283 802 nebulosi
1306 746 1564 815 dogmatis
1584 748 1826 799 umbram

432 843 594 915 484
628 842 884 906 Prodere,
930 856 1088 911 quam
1138 850 1321 894 tenues
1362 838 1523 892 atomi
1572 850 1828 906 compage

820 950 823 953 ·
1535 930 1758 1003 [minuta

441 1028 723 1082 Instituunt
751 1043 761 1075 :
792 1024 884 1079 sed
918 1038 1063 1079 cassa
1094 1023 1255 1091 cadit,
1288 1031 1549 1093 ventoque
1586 1022 1827 1092 liquescit

439 1114 723 1187 Assimilis,
751 1120 900 1173 ﬂuxu
932 1133 1030 1172 nec
1061 1134 1117 1172 se
1147 1125 1410 1173 sustentat
1438 1116 1604 1171 inani.

442 1216 653 1270 Acrium
686 1212 1006 1267 Manichmus
1029 1212 1103 1265 ait
1128 1214 1242 1266 sine
1264 1226 1488 1279 corpore
1510 1224 1636 1264 vero

442 1306 792 1362 Pervolitasse
843 1305 1026 1366 Deum,
1079 1302 1300 1355 nzmdax
1352 1303 1697 1370 phantasma,
1744 1314 1829 1353 ca-

1516 1396 1761 1465 [vamque

442 1490 692 1559 Corporis
718 1487 1067 1556 elﬁgiem,.nil
1098 1487 1482 1541 contrectabile
1523 1486 1828 1540 habentem.

443 1584 517 1637 Ac
547 1581 769 1649 primum
802 1590 1000 1648 specta,
1033 1594 1096 1631 an
1128 1579 1313 1631 deceat
1356 1579 1639 1647 quidquam
1670 1579 1831 1632 simu-

440 1673 723 1741 Assignare
748 1671 878 1733 Deo,
902 1671 1053 1738 cujus
1078 1685 1220 1725 mera
1250 1672 1414 1737 gloria
1443 1670 1562 1723 falsi
1644 1670 1830 1742 [latum

446 1766 525 1820 Nil
558 1765 747 1832 recipit
772 1782 781 1814 :
809 1762 1061 1817 membris
1083 1762 1168 1815 hic
1194 1777 1251 1815 se
1281 1762 1556 1815 lallacibus
1579 1770 1764 1830 aptans

445 1857 689 1924 Fingeret
712 1869 827 1908 esse
856 1853 1121 1907 hominem
1146 1862 1369 1908 ventosa
1396 1852 1651 1908 subdolus
1685 1854 1833 1907 arte?

442 1948 685 2003 Mentitus
714 1946 889 2009 toties,
914 1961 1031 1999 cum
1056 1946 1277 2012 diceret,
1314 1945 1627 1999 inveteratis

265 1029 363 1084 955

265 1582 370 1640 960

1640 446 2082 505 APO'I'HEOSIS.

1866 1935 1919 1998 B

3392 400 3517 501 996³

1840 565 1893 626 Α
1918 563 2021 617 965
2096 562 2170 615 Do
2200 563 2404 616 veniam
2438 561 2659 625 morbis,
2702 561 2859 616 simul
2888 567 2942 616 et
2969 570 3181 631 peccata
3214 554 3452 616 remitto.

2108 652 2267 724 485
2298 653 2459 708 Filius
2502 661 2583 707 est
2631 651 2882 716 hominis,
2927 660 3127 722 pestem
3170 650 3260 723 qui
3300 652 3497 721 pellere

3208 742 3426 816 [carnis,
3514 798 3521 805 ,

2106 841 2171 893 Et
2192 839 2451 893 scelerum
2482 853 2649 893 nexus
2680 840 2888 904 laxare,
2914 853 2975 893 ac
3004 838 3213 894 solvere
3238 838 3423 908 possit.
3512 828 3515 835 ’

2104 929 2273 999 Surge
2295 928 2500 997 valens,
2525 944 2681 1001 surge
2708 933 2999 1001 innocuus,
3024 931 3132 1001 jam
3160 931 3289 986 tolle
3312 930 3496 999 graba-

3272 1025 3427 1097 [tum,

2108 1116 2273 1171 Filius
2299 1116 2401 1171 hoc
2432 1116 2662 1173 hominis
2687 1118 2866 1187 iubeo.
2899 1117 3167 1186 Dignusnc
3198 1116 3428 1181 videtur,

1932 1208 2037 1265 970
2112 1208 2212 1275 Qui
2246 1208 2391 1263 testis
2416 1209 2516 1263 sibi
2543 1210 2632 1275 sit,
2666 1224 2852 1278 seque,
2885 1224 2945 1262 ac
2988 1223 3080 1262 sua
3107 1222 3299 1263 carnea
3326 1207 3504 1262 norit?

2108 1300 2266 1367 Quid,
2289 1315 2407 1354 cum
2438 1300 2747 1369 discipulos,
2780 1298 3007 1352 hominis
3033 1299 3157 1366 quid
3183 1298 3344 1353 Filius
3364 1307 3508 1354 esset

2109 1392 2389 1457 Passurus,
2425 1392 2530 1447 ﬁdo
2558 1394 2667 1461 jam
2702 1393 2953 1461 praescius
2980 1406 3073 1447 ore
3106 1392 3386 1445 monebat?
3502 1430 3517 1439 .

2114 1484 2301 1538 Nonne
2330 1484 2612 1549 fatebatur,
2644 1499 2700 1538 se
2742 1497 2860 1537 cum
2895 1484 3089 1535 virtute
3119 1490 3338 1551 paterna
3453 1472 3459 1477 ’
3499 1473 3510 1479 ’

2114 1574 2244 1630 Esse
2282 1574 2547 1629 hominem
2582 1576 2794 1629 verum?
2825 1572 2962 1643 quod
2996 1573 3039 1625 si
3070 1587 3176 1626 non
3222 1570 3405 1633 credo.
3437 1571 3511 1626 ie-

3262 1663 3437 1735 [fellit.

1938 1760 2044 1815 975
2118 1760 2174 1815 Si
2206 1771 2390 1815 natura
2427 1759 2515 1813 Dei
2547 1774 2664 1827 quae
2692 1758 2779 1822 sit,
2810 1754 3119 1821 Manichaee,
3144 1753 3404 1833 requiris:

2114 1853 2281 1905 Omne
2312 1850 2449 1919 quod
2480 1858 2580 1915 est,
2617 1864 2798 1905 verum
2830 1856 2947 1913 est;
2981 1862 3099 1900 nam
3147 1846 3189 1899 si
3223 1844 3511 1899 mendosus

2644 1932 2647 1935 ⁷
3145 1937 3272 2010 [agit
3293 1938 3441 2007 quid,

1560 2034 1841 2091 GLOSS/E
1878 2030 2213 2089 VETERES.

336 2129 465 2186 955.
506 2130 692 2197 Operm
724 2131 973 2197 pretium,
1009 2143 1203 2180 necesse
1230 2143 1301 2179 vet
1332 2142 1630 2196 congruum,
1668 2126 1707 2178 Ι.
1738 2130 1755 2150 ⁸

334 2202 461 2257 954.
506 2200 752 2261 Prodere,
786 2200 1027 2266 detegere.
1058 2228 1126 2236 —
1156 2197 1356 2257 Atomi,
1390 2199 1563 2248 dicunt
1595 2198 1838 2259 Itmretici,

262 2272 402 2343 quod
427 2271 734 2343 omniaqure
762 2277 897 2343 sunt,
943 2284 1004 2321 ex
1040 2269 1131 2320 illa
1174 2267 1416 2319 inanitate
1440 2268 1675 2343 formata
1725 2276 1838 2343 sunt

262 2337 379 2412 qua:
406 2350 511 2393 erat
541 2341 609 2392 ibi
642 2340 724 2391 ubi
750 2339 1117 2412 tngrloqestaer,
1144 2346 1187 2389 et
1208 2354 1267 2389 ex
1294 2337 1476 2388 atomis
1500 2346 1711 2412 quatuor
1738 2338 1837 2390 ele-

262 2407 439 2467 menta
485 2412 722 2480 formata.
787 2408 851 2461 Et
898 2408 1018 2480 inde
1061 2422 1208 2459 omne
1259 2423 1449 2480 corpus
1498 2407 1837 2480 phantasma,

262 2477 757 2546 PitAtNtt,'appareo;
804 2479 918 2531 inde
965 2477 1321 2548 phantasmata
1377 2478 1522 2542 falsa:
1576 2478 1839 2548 imagines,

263 2569 380 2623 qua:
410 2552 691 2623 hominibus
710 2546 983 2623 apparent.
1011 2576 1081 2588 —
1111 2546 1328 2615 Minuta,
1357 2547 1554 2616 gracili,
1591 2547 1627 2600 Ι.

338 2622 465 2677 955.
498 2621 656 2675 Cassa
689 2621 905 2685 inutilis,
932 2617 972 2671 Ι.

2021 2123 2343 2202 ξρςκξθξεηξ,
2377 2138 2527 2202 pura.
2552 2152 2621 2202 -τ
2652 2119 2812 2185 Falsi,
2843 2120 3105 2190 falsitatis,
3135 2120 3175 2175 l.

2020 2194 2139 2248 962.
2174 2193 2441 2253 Membris.
2474 2210 2560 2255 an,
2589 2193 2625 2245 l.

2018 2264 2139 2318 965.
2180 2266 2423 2326 Ventosa,
2458 2264 2620 2325 inani,
2648 2262 2767 2315 Vat.
2802 2263 2862 2315 Β.

2016 2335 2140 2388 964.
2184 2334 2514 2396 lnvetcratis,
2550 2334 2600 2404 in
2628 2336 2772 2384 reteri
2794 2332 2995 2385 homine
3021 2334 3294 2404 conceptis,
3329 2333 3367 2387 1.

2021 2405 2399 2468 970..(Iarnea,
2430 2403 2672 2463 membra,
2702 2404 2739 2455 Ι.

2018 2475 2143 2528 972.
2177 2474 2325 2538 Fido,
2356 2476 2537 2526 veraci.
2568 2504 2639 2512 —
2668 2473 2931 2544 Mpuebat,
2964 2474 3319 2544 interrogabat,
3360 2475 3397 2527 Ι.

2019 2544 2142 2599 97³5.
2178 2544 2420 2608 Paterna,
2448 2560 2687 2614 superna,
2719 2542 2757 2597 I.

1622 2703 2174 2761 COMMENTARIUS.

270 2805 389 2858 Hoc
424 2803 546 2855 vidit
579 2803 809 2871 princeps
837 2800 1065 2871 generosi
1095 2798 1295 2871 seminis
1329 2798 1539 2871 Abram,
1585 2795 1705 2847 Jam
1732 2806 1837 2850 tum

264 2876 467 2941 dignati
508 2867 663 2927 terras
695 2867 1129 2941 incisereﬂhristi
1157 2868 1213 2941 _H
1221 2885 1363 2929 ospes
1396 2869 1564 2929 homo,
1603 2875 1657 2920 et
1693 2881 1836 2934 saepe

263 2938 423 3000 alias.
469 2944 659 2997 Probat
700 2951 873 2994 autem
922 2938 1237 2992 Prudentius
1287 2941 1512 2991 animam
1555 2952 1656 2989 non
1719 2952 1836 2991 esse

266 3017 517 3086 portione
542 3032 576 3086 ιλ
621 3013 733 3077 Dei,
779 3026 887 3063 cum
920 3008 1117 3086 Christo
1146 3005 1404 3060 abscidere
1432 3008 1723 3086 quidquam,
1771 3006 1836 3059 Et

265 3076 500 3140 resecare
541 3083 646 3135 Deo
697 3076 909 3151 partem,
941 3079 1015 3133 t'el
1044 3093 1247 3151 carpere
1270 3087 1469 3151 tantum
1502 3076 1705 3128 Numen
1736 3092 1836 3129 non

266 3159 444 3211 liceat.
468 3149 725 3207 l‘lieeitim
750 3161 865 3205 erat
885 3149 1234 3219 quorumdam
1269 3149 1638 3219 lucreticornm
1663 3161 1833 3209 error,

267 3230 505 3281 animam
534 3239 656 3277 esse
678 3216 1241 3289 partetn'substantice
1281 3216 1394 3283 Dei,
1437 3216 1526 3289 qui
1570 3231 1835 3289 nunquam

268 3297 608 3353 somniarunt
656 3286 944 3375 allii-“mare.
969 3289 1193 3375 animam
1225 3300 1344 3375 esse
1386 3286 1693 3375 particulam
1728 3300 1840 3340 cor-
1867 3312 1912 3375 ρ

268 3370 422 3437 poris
442 3375 531 3418 aut
552 3364 726 3417 carnis
756 3360 968 3414 Christi.
1009 3359 1170 3426 Igitur
1193 3367 1281 3409 aut
1306 3356 1573 3437 Prudentii
1607 3366 1838 3436 mentem

270 3426 466 3494 recens
497 3438 756 3499 interpres
790 3447 893 3485 non
917 3438 997 3483 est
1026 3438 1325 3499 assecutus,
1344 3435 1435 3499 aut
1466 3436 1571 3480 tota
1604 3426 1717 3499 ejus
1748 3441 1834 3499 a_r_-

270 3507 605 3579 gumentatio
637 3495 738 3557 huc
773 3502 999 3579 denique
1036 3498 1225 3552 recidit
1256 3516 1267 3551 :
1302 3495 1840 3579 Prudentiusmaitndi-

274 3566 460 3632 Vinum
492 3584 731 3629 naturam
761 3566 986 3627 resecari
1011 3585 1113 3623 non
1132 3583 1315 3637 posse;
1346 3583 1471 3637 ergo
1492 3569 1577 3637 qui
1601 3566 1842 3621 SS.Cor-

275 3651 332 3703 di
356 3649 477 3701 Jcsn
508 3647 705 3698 cultum
734 3642 1005 3704 exhibent,
1037 3649 1089 3693 et
1115 3640 1231 3707 ejus
1278 3639 1535 3705 imagines
1576 3638 1757 3705 quales
1787 3637 1838 3690 in

276 3718 519 3775 ecclesiis
535 3716 766 3769 ﬁdelium
786 3710 1111 3767 venerationi
1128 3719 1477 3779 exponuntur,
1498 3710 1838 3776 autpingnnt,

278 3800 373 3845 aut
398 3788 539 3856 pingi
568 3785 770 3856 iubent,
794 3794 881 3856 ant
911 3784 981 3835 ita
1012 3782 1177 3856 pictas
1206 3781 1447 3844 adorant,
1475 3779 1843 3856 corpustjhri-

280 3860 349 3914 sti
381 3850 435 3909 et
468 3850 681 3908 carnem
709 3853 967 3914 dividunt,
1000 3860 1053 3904 et
1082 3851 1129 3901 in
1158 3851 1319 3903 frusta
1349 3860 1530 3903 secant
1570 3850 1842 3919 oculisque

282 3925 591 3993 subjiciunt,
649 3922 898 3993 adeoque
935 3919 1154 3993 violatte
1198 3922 1413 3993 unitatis
1450 3929 1501 3972 et
1530 3922 1843 3993 integritatis

282 3996 360 4048 rei
383 3988 560 4059 boy-agi
592 3988 829 4059 possunt.
860 3988 1045 4050 Nemo,
1073 3988 1280 4059 opinor,
1314 3988 1435 4040 huic
1472 3990 1839 4059 con~ecutioni

284 4057 637 4123 favebit,_nisi
664 4060 710 4114 si
738 4059 889 4112 mala:
910 4072 1083 4111 causa:
1109 4057 1256 4123 pejus
1284 4058 1632 4125 patrocinium
1668 4062 1714 4109 in
1746 4059 1842 4112 alio

283 4148 393 4202 quo
419 4133 674 4185 advocato
706 4139 974 4202 quaeratur
1006 4144 1018 4180 :
1046 4142 1165 4179 nam
1205 4126 1479 4202 theologus
1527 4137 1838 4202 praeceptor,

284 4198 378 4271 qui
402 4218 495 4256 sua
523 4202 695 4255 studia
722 4214 840 4271 cum
868 4198 1136 4271 Advocato
1164 4198 1465 4271 coniungit,
1500 4198 1716 4271 minime
1749 4214 1844 4271 po-

284 4266 385 4329 tuit
416 4273 726 4341 discipulum
756 4269 953 4341 docere
998 4269 1130 4341 hanc
1156 4266 1411 4341 arguendi
1432 4268 1708 4341 rationein.
1748 4266 1845 4341 Ve-_

288 4358 407 4399 rum
434 4337 723 4405 htec'satis,
756 4340 896 4410 quod
918 4338 1106 4392 attinet
1132 4337 1196 4410 ad
1230 4338 1567 4410 Prudentium
1603 4338 1743 4410 ;a_lia
1778 4338 1847 4407 (si

283 4419 416 4469 tanti
470 4416 549 4467 est
604 4408 940 4479 semisopitus
988 4408 1313 4479 quaestiones
1358 4409 1616 4475 excitare)
1648 4408 1847 4479 dabunt

284 4485 538 4539 Tetamus
564 4493 617 4536 et
645 4477 992 4549 Marqnczius,
1022 4477 1521 4549 quibus'adjungerc
1550 4479 1678 4532 libet
1703 4478 1845 4533 Moz-

283 4555 426 4609 zinm
467 4555 518 4608 in
552 4567 715 4620 opere
757 4548 861 4620 quo
900 4550 997 4605 SS.
1041 4549 1226 4603 Cordis
1251 4548 1374 4602 .Iesu
1405 4550 1600 4601 cultum
1630 4558 1846 4603 strenue

284 4624 576 4677 vindicavit
599 4623 696 4675 sub
726 4622 971 4689 auspiciis
1000 4620 1316 4673 ﬁdelissima)
1344 4622 1538 4687 regina:
1568 4620 1847 4675 Lusitania:

1945 2806 2058 2848 rent
2086 2796 2254 2861 facile.
2311 2795 2418 2851 Sed
2459 2794 2698 2849 Gil‘anins
2727 2794 2841 2862 ipse
2883 2795 3097 2863 agnovit
3128 2794 3381 2849 Lucilium
3413 2796 3503 2854 lib.

1926 2868 2088 2919 ‘xxvn
2119 2866 2216 2919 bac
2245 2880 2374 2920 voce
2396 2880 2548 2919 usum
2575 2866 2764 2919 fuisse:
2788 2863 2965 2928 Idola,
2993 2875 3143 2934 atque
3164 2876 3359 2920 atomos
3390 2866 3495 2935 Epi

1944 2938 2279 3007 curiivincere
2308 2938 2476 2990 volim.
2510 2934 2839 3007 Gru'cissans,
2873 2936 3041 3007 inquit
3064 2936 3326 3007 liii-anius.
3362 2938 3416 2990 id
3439 2934 3493 3007 fe

1944 3007 2011 3058 cit
2042 3006 2270 3059 Lucilius
2294 3023 2311 3059 :
2342 3008 2491 3075 quasi
2518 3022 2643 3059 vero
2666 3021 2767 3060 vox
2827 3006 3007 3059 Latina
3032 3006 3101 3059 sit
3128 3016 3345 3062 atonms.
3377 3006 3493 3063 Pico

1945 3084 2090 3130 terco
2122 3079 2435 3141 Ausonium,
2471 3078 2825 3145 Apollinai'etn
2850 3076 3145 3141 Sidonium,
3176 3078 3435 3145 aliosque,
3465 3081 3512 3134 in

1944 3160 2165 3213 quorum
2190 3148 2514 3200 carminibus
2534 3147 2583 3199 id
2609 3163 2798 3201 nomen
2825 3148 3096 3200 inseritur.
3122 3147 3366 3200 Nonnulli
3397 3164 3514 3216 pro-

1943 3217 2106 3269 sodiae
2136 3218 2427 3283 scriptores
2473 3234 2505 3268 a
2542 3217 2593 3269 in
2623 3225 2820 3269 atomus
2871 3217 3085 3284 longum
3116 3216 3348 3270 ittdiCant
3379 3235 3392 3271 :
3420 3220 3511 3275 alii

1945 3300 2047 3338 non
2092 3287 2259 3338 solum
2314 3286 2473 3340 breve
2528 3288 2887 3351 pronuntiant,
2928 3286 3019 3339 sed
3070 3301 3247 3339 veram
3281 3290 3515 3355 regulam

1946 3355 2174 3419 tradunt,
2200 3359 2247 3409 in
2262 3356 2569 3426 compositis
2582 3355 2782 3409 Griecis
2800 3356 3228 3426 prmposi'tionem
3248 3374 3277 3407 a
3296 3358 3507 3426 corripi,

1943 3436 1998 3478 ut
2050 3427 2101 3479 in
2146 3430 2338 3485 atheos,
2386 3425 2618 3495 apathos.
2669 3427 2859 3478 Putant
2886 3428 3043 3494 aliqui
3084 3425 3293 3479 Judazos
3336 3425 3509 3480 dictos

1941 3498 2152 3563 apellus,
2188 3498 2336 3565 quasi
2359 3499 2475 3550 sine
2498 3496 2653 3565 pelle,
2687 3506 2741 3548 et
2776 3496 3121 3565 nihilominus
3148 3506 3290 3549 recte
3314 3498 3507 3564 corripi

1942 3568 2162 3633 primam
2206 3563 2272 3619 ab
2314 3567 2551 3628 Horatio,
2581 3563 2765 3619 Credat
2803 3564 3019 3619 Iudaeus
3068 3567 3257 3634 opella.
3309 3563 3513 3633 Oppor-

1942 3637 2120 3690 tunius
2160 3637 2296 3689 idem
2341 3635 2580 3690 Giianius
2632 3636 2881 3690 observat
2914 3647 3121 3689 atomos
3164 3654 3193 3689 e
3243 3640 3503 3692 sententia

1946 3706 2342 3773 Epicurmorutn
2391 3722 2509 3762 esse
2557 3708 2723 3774 prima
2756 3723 2930 3760 rerum
2961 3722 3204 3775 corpora,
3230 3722 3348 3775 qua:
3382 3724 3513 3761 nun-

1943 3792 2099 3846 quam
2126 3780 2233 3831 siut
2255 3779 2387 3844 visa,
2411 3788 2532 3832 sunt
2555 3787 2753 3842 tamen,
2781 3784 2834 3832 et
2856 3777 3021 3830 instar
3042 3776 3515 3835 minutissimorom

1945 3848 2381 3916 pulvisculorum,
2413 3850 2462 3903 in
2486 3848 2597 3903 sole
2621 3851 2940 3914 vagantium,
2975 3848 3025 3901 in
3052 3847 3192 3901 inani
3220 3849 3510 3916 jactantur,

1946 3933 2049 3973 non
2086 3935 2211 3972 vero
2242 3931 2363 3973 sunt
2395 3930 2634 3973 ramenta
2669 3919 2754 3972 illa
2776 3936 2891 3987 qua:
2923 3922 2973 3972 in
2998 3919 3109 3974 sole
3132 3918 3375 3973 Volitaut.

2016 3989 2140 4042 956.
2164 3989 2291 4042 Mar.
2324 4006 2354 4042 a
2387 3992 2554 4056 prima
2588 4004 2769 4053 manu,
2790 4000 2841 4041 at
2873 3990 3075 4052 similis,
3110 3990 3264 4042 male.

2016 4058 2137 4111 958.
2170 4057 2355 4110 Cavam
2374 4074 2468 4126 pro
2492 4058 2657 4125 inani,
2678 4058 2915 4127 pulchre.
2937 4059 3186 4113 Paulinus
3212 4058 3390 4126 Epith.
3419 4058 3513 4115 Ju-

1947 4127 2113 4199 lian”,
2139 4145 2259 4199 cara
2290 4129 2473 4199 mundi
2490 4130 2673 4199 gloria.

2024 4198 2146 4250 960.
2200 4198 2374 4265 Prag,
2407 4198 2474 4250 ad
2496 4198 2738 4267 primum.
2771 4198 2909 4267 Lege
2939 4214 3017 4251 ac.

2018 4268 2140 4321 765.
2173 4267 2290 4321 Vat.
2315 4270 2382 4332 Λ,
2412 4265 2599 4337 ﬁxerit,
2615 4270 2772 4335 male,
2794 4265 2889 4338 pro
2908 4267 3136 4339 ﬁngeret.
3169 4265 3356 4336 Aldus,
3371 4284 3514 4325 nien-

1949 4336 2099 4401 dose,
2135 4350 2300 4392 ventos
2322 4354 2381 4390 ac
2404 4354 2499 4407 pro
2521 4348 2745 4392 ventosa.

2020 4408 2141 4461 964.
2179 4409 2295 4463 Itat.
2315 4423 2342 4460 a
2365 4408 2596 4464 secunda
2624 4424 2805 4475 manu,
2846 4410 3155 4464 inveteratis.
3188 4409 3369 4481 Prag.,
3393 4411 3515 4465 dum

1950 4493 2045 4547 pro
2075 4495 2206 4531 cum.

2021 4548 2143 4603 965.
2179 4548 2395 4605 Peccata
2426 4553 2673 4605 remittere
2699 4551 2907 4620 phrasis
2932 4551 3290 4607 ecclesiastica
3305 4567 3369 4607 ex
3395 4552 3517 4609 vul-

1950 4630 2068 4687 gata
2098 4623 2341 4676 versione
2360 4621 2674 4688 Bibliot'um,
2700 4633 2754 4678 et
2776 4622 3015 4693 analogia
3038 4621 3313 4689 similium,
3344 4625 3517 4691 remit-

282 4694 650 4759 Marim,cujns
678 4693 1017 4759 pientissima:
1037 4689 1245 4743 femina:
1274 4690 1325 4742 in
1358 4692 1609 4743 hoccnltu
1632 4706 1844 4757 protno-
1877 4689 1926 4748 D
1955 4701 2056 4744 tere
2086 4708 2301 4759 pinnam,
2328 4704 2430 4748 etc.

284 4764 463 4817 vendo
493 4764 764 4831 pietatem,
793 4761 1101 4831 clarissimis
1130 4762 1486 4831 monumentis
1518 4770 1762 4813 testatam
1794 4770 1849 4815 et

282 4829 845 4904 praestantiSsimorum
882 4829 1141 4883 artiﬁcum
1171 4830 1410 4882 manibus
1456 4831 1846 4899 consignatant,

262 4901 428 4967 ,itulla
459 4904 653 4957 delebit
678 4901 897 4955 oblivio.
1822 4958 1825 4963 ν

360 4973 484 5027 955.
516 4976 651 5027 Ante
682 4974 820 5024 hunc
848 4985 1060 5024 versum
1094 4970 1276 5022 titulus
1304 4980 1386 5023 est
1417 4969 1665 5021 Adversus
1692 4972 1855 5039 phan-

281 5046 598 5105 tasmoticos,
620 5043 706 5111 qui
739 5040 993 5093 Christum
1020 5050 1203 5108 negant
1234 5056 1407 5111 verum,
1430 5040 1855 5111 hontinisicorpus

280 5114 540 5165 habuisse.
590 5108 662 5167 ita
696 5112 809 5164 Vat.
864 5112 923 5174 Β,
954 5111 1106 5173 Man,
1143 5111 1285 5175 Hat.,
1316 5109 1461 5175 Ald.,
1486 5108 1597 5163 Gis.
1654 5110 1673 5161 1
1703 5108 1852 5175 εὼί..

281 5183 545 5237 Weitzius
565 5194 617 5235 et
647 5182 755 5234 alii.
784 5182 835 5233 ln
868 5184 1015 5233 Alex.
1045 5190 1097 5233 et
1131 5181 1243 5233 Vat.
1273 5184 1308 5231 A
1336 5181 1485 5234 deest
1511 5180 1745 5234 hominis.
1794 5182 1848 5235 In

284 5253 443 5317 Urb.,
475 5253 696 5321 Explicit
727 5250 1020 5321 Apotheosis
1042 5253 1282 5321 adversus
1310 5266 1478 5302 omnes
1510 5252 1740 5321 hwreses,
1775 5253 1854 5303 in-

285 5326 413 5387 cipit
444 5320 679 5376 adversus
720 5320 1045 5374 Manichwos.
1081 5320 1185 5373 Alii
1231 5321 1560 5388 simpliciter,
1598 5320 1847 5374 Adversus

288 5393 754 5455 Phantasmaticos,
772 5392 912 5460 quod
942 5392 1162 5459 margini
1184 5390 1501 5446 Giselinus?
1525 5391 1651 5443 edit.
1685 5406 1851 5460 appo-

285 5466 416 5518 suit.
452 5464 525 5518 De
543 5464 950 5517 Manichmorum
973 5463 1159 5515 haeresi
1182 5460 1344 5514 multa
1375 5460 1631 5521 historici,
1664 5470 1717 5515 et
1736 5476 1856 5529 pas-

287 5535 390 5589 sim
438 5536 492 5589 S.
520 5538 841 5602 Augustinus
882 5534 933 5585 in
975 5532 1124 5602 libris
1165 5532 1418 5584 adversus
1445 5530 1680 5585 eosdem.
1714 5532 1854 5586 Inter

290 5606 422 5656 alios
453 5605 589 5657 hunc
610 5600 855 5658 errorem
895 5600 1269 5668 defendebant,
1296 5615 1454 5671 quem
1481 5616 1621 5655 nunc
1652 5602 1853 5656 descri—

291 5675 367 5727 bit
385 5685 435 5727 ct
456 5676 644 5728 evertit
673 5674 1008 5727 Prudentius.

362 5746 484 5797 954.
509 5744 747 5799 Gifauins
771 5746 822 5795 in
854 5744 1030 5797 Indice
1054 5742 1289 5806 anret.,
1326 5742 1486 5797 verbo
1515 5743 1709 5808 Arout,
1760 5742 1858 5797 mi-

291 5825 458 5876 ratur,
484 5824 588 5867 tam
623 5813 856 5865 studiose
883 5814 1077 5868 vita~se
1103 5814 1273 5866 Titum
1315 5814 1610 5866 Lucretium
1644 5821 1743 5865 hoc
1774 5815 1847 5866 uti

292 5884 555 5939 vocabulo
578 5902 591 5937 :
614 5883 797 5949 Credo,
826 5882 920 5949 ait,
964 5885 1083 5950 quia
1110 5900 1278 5937 versus
1308 5885 1439 5942 leues
1468 5900 1567 5935 nou
1618 5884 1851 5937 admitte-

2026 4762 2149 4816 966.
2183 4762 2336 4831 Saepe
2369 4765 2419 4817 in
2456 4763 2741 4831 Evangelio
2761 4762 3001 4817 Christus
3030 4763 3168 4830 ﬁlius
3191 4763 3408 4817 hominis
3434 4764 3515 4819 di-

1955 4831 2111 4886 citur.
2167 4832 2296 4896 Cur,
2348 4834 2516 4901 inquit
2562 4834 2900 4899 Prudentius,
2935 4834 3036 4888 nisi
3082 4842 3138 4887 ut
3188 4848 3309 4889 eum
3340 4850 3519 4891 verum
3606 4842 3615 4856 ‘

1958 4918 2077 4956 esse
2109 4902 2372 4955 hominem
2399 4904 2783 4970 intelligamus?

2029 4971 2150 5025 967.
2176 4972 2319 5036 Ald.,
2346 4972 2478 5035 Gis.,
2509 4973 2662 5037 Man,
2694 4983 2738 5026 et
2766 4975 2975 5029 solvere.
3154 5010 3175 5037 ν

2032 5040 2157 5095 968.
2188 5041 2320 5110 Vide
2350 5043 2533 5096 Matth.
2567 5058 2682 5110 cap.
2711 5059 2783 5097 lx.

2033 5111 2155 5165 97L
2184 5109 2234 5164 In
2260 5110 2375 5165 Vat.
2410 5114 2452 5166 A
2483 5112 2594 5166 haec
2624 5109 2783 5167 voces
2811 5114 3029 5167 hominis
3067 5113 3188 5181 quid
3214 5112 3352 5181 filius
3400 5125 3519 5167 esset

1958 5181 2149 5253 addita:
2196 5190 2318 5234 sunt
2366 5185 2563 5236 recenti
2616 5200 2795 5253 manu,
2868 5184 3131 5253 prioribus
3175 5183 3404 5237 abrasis.
3466 5187 3521 5241 In

1961 5251 2189 5319 Thuan.,
2247 5252 2379 5319 quod
2430 5254 2588 5321 filius.
2642 5252 2694 5306 Id
2726 5251 2940 5308 Heinsio
2972 5253 3232 5320 placebat,
3262 5254 3520 5321 quiajam

1960 5324 2229 5390 praecessit
2278 5323 2419 5389 quid.
2458 5324 2657 5387 Nostri,
2708 5327 2883 5386 Alex.,
2932 5323 3082 5388 Urb.,
3128 5322 3243 5376 Vat.
3279 5324 3322 5388 Ω
3354 5334 3407 5377 et
3433 5324 3522 5381 alii

1959 5392 2079 5460 quid
2105 5391 2327 5456 habent;
2358 5409 2453 5446 nec
2482 5396 2671 5447 mutari
2697 5409 2910 5449 necessu
2932 5404 3033 5447 est.

2030 5461 2151 5515 975.
2184 5462 2354 5527 Sich.,
2389 5464 2582 5518 Widm.
2611 5478 2790 5530 supra,
2822 5465 2987 5532 Bong.
3018 5462 3085 5516 ad
3112 5479 3259 5518 oram
3285 5479 3522 5532 superna.

1961 5533 2063 5588 Alii
2096 5532 2304 5596 melius,
2344 5545 2575 5602 paterna.
2603 5532 2728 5587 Ald.
2766 5545 2819 5588 et
2855 5535 3118 5601 'l‘ornats.,
3164 5535 3325 5601 male,
3356 5550 3523 5589 secum

1965 5619 2061 5671 pro
2090 5619 2142 5655 se
2164 5620 2296 5656 cum.

2182 5673 2373 5731 Weitz.
2406 5674 2587 5729 etGis.
2618 5673 3101 5745 distinguuntquod
3126 5676 3169 5731 si
3196 5692 3330 5748 non;
3351 5675 3527 5743 credo,

1967 5743 2165 5814 fefellit.
2791 5743 2800 5744 ί
2975 5743 2983 5745 ’
3198 5743 3204 5748 ’

2041 5815 2162 5869 975.
2192 5816 2333 5879 Pnt.,
2358 5814 2658 5883 Manichwc,
2690 5816 2929 5882 requires.
3452 5858 3459 5868 .

2036 5884 2159 5963 976.
2188 5886 2381 5952 Scripti
2410 5894 2463 5940 et
2490 5884 2618 5939 editi
2644 5888 2767 5955 agit.
2802 5887 2966 5942 Aldus
2994 5892 3088 5954 ait,
3126 5887 3266 5958 quod
3296 5905 3403 5946 non
3426 5891 3531 5944 ili!-
