4092 6344
1713 361 1985 419 Αυηίέιιι
2026 360 2387 419 PRUDENTII
2428 363 2750 419 CARMINA.

3724 362 3850 419 1000

774 478 882 536 Nec
910 478 1048 535 Deus
1075 489 1189 544 est;
1215 476 1463 533 mendum
1490 476 1701 532 divinus
1728 493 1830 533 non
1858 478 2001 549 capit
2020 492 2168 546 usus,
2205 478 2255 541 Α
2279 478 2384 537 990
2458 480 2799 547 Multimodis,
2831 478 3205 548 hominemque
3228 477 3458 534 hominis
3485 477 3556 535 de
3581 487 3756 533 morte
3778 478 3852 533 lc-

774 572 973 643 Objicis
998 581 1201 627 aeterno
1236 569 1477 637 Domino,
1513 570 1651 642 quod
1704 570 1939 626 lubricus
1978 572 2043 625 ad
2077 586 2175 626 nos

775 664 1337 733 Venerit,assimulans
1360 663 1526 729 aliud,
1550 679 1704 735 quam
1736 680 1894 720 verus
1916 665 2169 720 habebat.

772 756 1129 823 Obmutesce,
1180 752 1368 812 furor:
1403 755 1633 827 linguam
1659 795 1675 823 ,
1720 757 1869 812 canis
1908 754 2169 826 improbe,

1896 848 2103 921 [morde

773 942 889 1013 Ipse
918 950 1084 1009 tuam,
1124 942 1302 1000 lacero
1325 956 1647 1000 consumens
1671 943 1831 998 verba
1865 944 2063 1013 palato.

772 1033 1010 1090 Latranti
1041 1032 1252 1090 obsistit
1282 1032 1573 1100 Mattheus,
1608 1034 1913 1104 rab'emque
1946 1033 2171 1089 refellit:

775 1124 939 1200 m
973 1124 1074 1196 Qui
1106 1133 1255 1184 notat
1298 1140 1454 1185 omne
1491 1140 1658 1198 genus
1701 1125 1929 1183 carnalis
1971 1126 2171 1196 ειὶιιρίς,

1829 1216 1913 1291 [ad
1942 1231 2106 1289 usque

771 1307 1099 1379 Corporeum
1125 1308 1418 1377 Christum,
1451 1324 1544 1381 per
1569 1323 1661 1366 sex
1690 1320 1910 1381 septena
1937 1310 2174 1367 virorum

776 1398 1002 1459 Nomina
1027 1402 1378 1469 descendens,
1410 1410 1464 1461 et
1490 1418 1679 1460 venam
1707 1403 1983 1475 sanguinis
2012 1404 2106 1460 alti

775 1492 852 1551 Ex
877 1494 1043 1550 atavis
1065 1494 1223 1566 longo
1255 1502 1439 1551 texens
1465 1509 1559 1565 per
1589 1503 1870 1571 stemmata
1903 1496 2011 1552 tilo.

774 1588 1043 1659 Septimus
1071 1587 1421 1644 hebdomade
1446 1588 1595 1643 venit
1620 1588 1981 1660 superaddere
2008 1598 2175 1645 sexue

776 1679 925 1737 Hunc
953 1695 1235 1738 numerum
1266 1680 1545 1736 Christus:
1574 1680 1841 1751 placidum
1888 1682 1977 1749 qui
2006 1682 2176 1736 conti.

1764 1774 2099 1845 [cit'annum,

773 1863 974 1922 Cuncta
1006 1864 1367 1921 remittentem
1395 1864 1752 1921 contractibus
1783 1865 2070 1935 illaqueata

596 757 701 816 980

598 1398 706 1460 985

2211 1862 2260 1922 B

3525 570 3780 643 [vantem.

2458 665 2797 736 Imperfectus
2826 666 2967 721 enim
3001 666 3158 720 limus
3185 663 3424 719 mortalis
3451 671 3757 719 erattunc:

2430 757 2612 831 ,48⁷
2648 758 2739 815 Vir
2766 758 2909 813 solus
2942 756 3207 828 perfectus
3236 756 3421 822 adest,
3447 758 3620 827 'atque
3656 749 3857 827 ίηιρεεῖ.

3547 847 3580 920 έ[
3596 846 3743 903 [esus
3774 864 3785 901 :

2456 942 2555 999 Cui
2580 943 2705 998 nihil
2745 959 2809 999 ex
2842 950 3047 1014 septem
3078 942 3313 1011 septenis
3340 939 3537 1005 defuit,
3560 953 3625 995 ex
3650 954 3757 1009 quo

2464 1034 2749 1092 Perliceret
2780 1036 3001 1092 mortale
3024 1050 3192 1106 genus
3222 1034 3415 1089 virtute
3447 1033 3691 1104 perenni.

2316 1125 2421 1185 995
2466 1127 2561 1183 Hic
2593 1122 2687 1183 ille
2712 1137 2811 1197 est,
2835 1127 2986 1183 nobis
3007 1129 3095 1197 qui
3120 1122 3344 1197 septiina
3368 1124 3585 1180 sabbata
3610 1122 3853 1194 complet,

2458 1219 2527 1277 Ut
2556 1234 2680 1285 caro
2708 1230 2887 1278 nostra
2918 1220 3028 1277 Deo
3052 1219 3263 1277 tandem
3285 1221 3485 1276 sociata
3512 1218 3787 1290 quiescat,

2456 1309 2625 1379 Quam
2658 1311 2736 1367 bis
2765 1319 2913 1367 terna
2938 1311 3089 1366 malis
3112 1311 3374 1366 vexabant
3402 1309 3623 1365 sabbata
3652 1308 3822 1362 noxis.

2460 1401 2749 1460 Cui-ramus
2780 1403 2918 1457 notis
2944 1400 3195 1473 gradibus
3214 1442 3227 1466 ,
3260 1412 3553 1471 regumque
3577 1410 3856 1469 sequamur

2457 1493 2773 1565 Progeniem
2826 1492 3141 1548 :Christum
3187 1492 3427 1547 invenies
3470 1489 3539 1545 de
3572 1501 3735 1543 carne
3774 1500 3858 1556 pa-

3545 1578 3788 1651 [rentum

2284 1678 2424 1735 1000
2470 1676 2758 1733 Efﬂuxisse
2788 1676 3094 1740 hominum;
3126 1675 3213 1743 qui
3245 1674 3315 1728 sit
3342 1672 3408 1728 de
3437 1673 3645 1727 semine
3669 1670 3853 1737 David,

2460 1770 2639 1840 Stirpe
2666 1769 2925 1823 recensita
2967 1766 3327 1821 numerandus
3356 1764 3627 1834 sanguinis
3672 1763 3855 1815 hzeres.

2464 1860 2623 1928 Quid,
2650 1874 2769 1915 cum
2789 1859 3155 1929 sanctiloquus
3181 1857 3421 1913 revoluto
3439 1856 3678 1927 germine
3698 1854 3858 1910 Lucas

1886 1976 2172 2033 GLOSSAEI
2212 1974 2555 2031 VETERES.

669 2071 793 2128 977.
817 2070 1086 2133 Mendunt.
1124 2071 1313 2140 falsum
1359 2071 1438 2123 hic
1466 2086 1556 2135 pro
1587 2070 1868 2122 méndacio.
1902 2068 2007 2124 Sed
2042 2086 2183 2124 ruen-

602 2144 719 2200 darn
752 2143 801 2196 in
835 2145 1080 2213 scriptura
1082 2159 1109 2211 ;
1140 2142 1274 2194 unde
1300 2141 1568 2196 emendare
1596 2141 1827 2203 dicimus,
1856 2141 2090 2194 mendam
2118 2144 2182 2195 de

602 2213 732 2269 libro
755 2212 951 2275 tollere,
983 2214 1023 2264 I.

679 2283 804 2337 978.
840 2282 1120 2347 Lubricus,
1148 2297 1377 2348 serpens,
1403 2279 1611 2334 Vat.'A.

674 2352 799 2407 980.
834 2351 1023 2418 Furor,
1050 2351 1271 2416 insania,
1304 2350 1345 2406 1.

673 2424 797 2477 981.
834 2422 1054 2487 Laeero,
1087 2422 1329 2487 lacerato,
1358 2421 1399 2474 1.

672 2492 796 2547 982.
823 2492 1082 2559 Latranti,
1120 2492 1229 2555 tibi,
1262 2492 1301 2546 I.

670 2565 795 2619 983.
830 2565 1003 2629 Notat,
1040 2563 1236 2627 scribit,
1271 2562 1309 2615 I.

676 2632 925 2705 9781i.§ex
949 2644 1294 2701 septena,sex
1316 2642 1523 2705 septem,
1549 2634 1891 2705 quadraginta
1919 2646 1965 2692 et
1990 2636 2114 2701 duo,
2142 2634 2175 2688 1.

676 2702 800 2758 985.
830 2702 1051 2769 Venam,
1087 2705 1337 2767 ordinem,
1363 2702 1401 2758 I.

672 2774 800 2831 980.
829 2773 1141 2837 Stemmata,
1168 2775 1537 2843 generationes,
1562 2776 1639 2829 vel
1667 2776 1907 2833 circulos.
1932 2806 2001 2818 -—
2039 2776 2177 2843 Filo,

610 2846 852 2928 positione
872 2860 888 2910 ;
918 2843 1061 2913 ﬁlum
1080 2843 1306 2913 appellat
1328 2846 1683 2915 genealogiam
1705 2848 1871 2915 ipsam
1901 2847 2181 2902 hebdoma-

610 2915 803 3042 ‘mtitgii.
833 2983 957 3053 Qui,
988 2998 1246 3037 numerus.
1276 3011 1339 3025 —-
1372 2986 1607 3053 Annum»
1631 2987 1921 3057 Ιηθίίίεαηδ
1955 2989 1994 3043 1⁸

2362 2067 2486 2125 989.
2515 2064 2912 2128 Contractibus,
2941 2062 3271 2132 peccatis_.i-
3295 2061 3599 2132 “laqueata,
3635 2060 3856 2127 dempta,

2290 2156 2403 2209 qua:
2442 2138 2674 2191 diabolus
2716 2130 3097 2203 illaqueaiterat,
3138 2130 3367 2185 Christus
3403 2130 3601 2182 vniens
3648 2132 3856 2182 remisit.

2289 2211 2395 2265 l'o.

2296 2240 2487 2360 :990.
2524 2277 2929 2360 l'lomiuetutue,
2964 2289 3155 2327 omnem
3183 2273 3469 2345 Ehominem.
3504 2301 3573 2311 —
3602 2270 3856 2333 Hominis,

2289 2349 2480 2405 Christi
2539 2349 2579 2402 1.

2358 2390 2717 2481 991.’1.ἱιῐιιιε,
2771 2418 2993 2469 humana
3043 2432 3178 2479 caro,
3227 2415 3347 2481 quia
3398 2412 3627 2469 nondum
3656 2412 3861 2479 septima

2292 2491 2612 2544 hebdomuda
2634 2491 2885 2557 completa
2917 2496 3025 2540 erat
3056 2487 3105 2537 in
3136 2486 3357 2539 Christo.
3391 2514 3459 2524 —
3488 2482 3748 2547 Mortalis,
3779 2497 3858 2551 per

2291 2578 2447 2633 pecca
2471 2577 2577 2633 um,
2606 2562 2643 2613 l.

2363 2635 2486 2687 995.
2530 2626 2768 2698 Septem,
2794 2630 2845 2681 in
2874 2629 3088 2697 s:=ptima
3109 2627 3296 2696 requie.
3325 2626 3363 2680 I.

2364 2703 2487 2758 995.
2532 2693 2781 2761 Sabbata,
2808 2693 3184 2767 requiem,quia
3209 2700 3413 2749 sabba'o
3427 2693 3861 2762 Christusreqrtie-

2293 2775 2447 2896 vitbin
2491 2772 2759 2895 lsepulcro;
2794 2786 2880 2841 per
2908 2772 3041 2838 quod
3074 2768 3305 2837 perennis
3332 2768 3525 2836 requies
3580 2767 3770 2819 tradita
3797 2773 3861 2818 est

2293 2860 2353 2896 no
2391 2861 2454 2896 ts.
2516 2882 2528 2893 .

2290 2860 2454 2897 110018.
2492 2860 2528 2895 1.

2362 2885 2487 2967 097.
2532 2912 2728 2979 Quam,
2762 2927 2981 2965 carnem.
3007 2939 3075 2949 --
3101 2910 3186 2962 Bis
3215 2920 3385 2975 tertia,
3418 2926 3524 2975 sex,
3549 2909 3588 2962 l.

2362 2984 2520 3037 1001.
2566 2985 2868 3046 lleceusila,
2902 2993 3193 3046 numerata,
3223 2980 3264 3035 1.

1995 3096 2481 3156 COMMENTARIU
2492 3097 2547 3154 S.

614 3217 779 3291 plieet
808 3232 827 3291 :_
844 3230 964 3270 nam
994 3213 1059 3269 de
1097 3212 1581 3283 mendacioagitur,
1598 3222 1651 3269 et
1684 3215 1838 3283 paulo
1876 3224 2002 3271 ante
2034 3216 2186 3272 Non—
2214 3220 2260 3283 C
2294 3229 2572 3291 numerum
2601 3214 2881 3291 mysticum
2912 3210 3170 3275 assumit,
3205 3218 3261 3263 ut
3291 3209 3439 3264 locus
3468 3184 3543 3262 sit
3564 3206 3862 3278 allegorica

618 3287 680 3345 ire
708 3287 974 3346 fatebatur.
1015 3296 1121 3340 exe.
1302 3340 1303 3343 η

728 3359 815 3413 78.
850 3357 903 3410 In
932 3356 1088 3423 Mar.,
1121 3355 1275 3408 obicis
1306 3369 1424 3409 cum
1467 3356 1625 3410 unico
1655 3357 1691 3409 i.
1717 3357 1789 3410 Ita
1823 3355 1919 3411 fuit
1949 3358 1999 3411 in
2034 3357 2190 3421 Aldo,

621 3429 712 3500 qui
745 3437 927 3498 postea
957 3427 1182 3500 mutavit
1212 3426 1262 3478 in
1291 3426 1487 3500 objicis.
1522 3427 1632 3500 Hoc
1662 3428 1779 3500 loco
1799 3427 2030 3500 lubricus
2054 3429 2192 3500 valet

622 3496 991 3570 phantasticus,
1015 3504 1078 3570 ut
1109 3496 1251 3550 illico
1277 3496 1586 3570 explicatur.
1603 3497 1704 3551 Pro
1735 3498 1926 3570 fallaci.
1945 3497 2195 3567 Virgilius

632 3567 725 3625 lib.
750 3586 800 3623 XI
832 3587 843 3619 :
878 3567 1229 3635 Nequidquam
1256 3567 1447 3636 patrias
1475 3570 1673 3621 tentasti
1720 3569 1938 3621 lubricus
1966 3579 2119 3622 artes.

695 3641 819 3695 980.
853 3638 1001 3697 Ald..
1039 3637 1154 3689 \'at.
1187 3637 1252 3701 A,
1281 3636 1571 3691 obmnlisre.
1598 3637 1765 3692 Aldus
1795 3641 2040 3693 secundis
2055 3640 2197 3695 curis

624 3710 931 3766 reidrmavit
949 3708 1247 3761 obmutesce.

699 3780 823 3834 982.
848 3779 1031 3832 Audax
1048 3787 1315 3830 corrector
1332 3778 1383 3829 in
1415 3777 1540 3831 Rat.
1568 3778 1693 3832 fecit
1710 3777 1967 3833 Mattheus
1990 3778 2197 3832 latranti

630 3851 813 3912 obstat,
844 3849 1058 3917 putabat
1078 3846 1453 3917 scribidebere
1481 3847 1776 3913 Mattlueus,
1807 3860 1862 3902 ut
1893 3864 2077 3903 revera
2114 3859 2197 3904 est

632 3920 689 3975 in
712 3914 865 3983 Aldo,
891 3915 1101 3981 Cham.,
1132 3914 1336 3982 Teolio,
1365 3917 1458 3971 sed
1490 3926 1672 3983 contra
1706 3927 1959 3973 metrum.
1986 3920 2090 3973 Alii
2111 3935 2197 3972 cr-

630 4004 699 4060 go
726 3980 993 4043 cuthat.
1013 3987 1089 4060 Δρ,
1123 3980 1357 4060 horrenti
1384 3980 1577 4060 οὺεῆίὲι
1608 3987 1886 4055 Matt/reus,
1917 3989 2202 4059 rabiemque

629 4056 855 4131 refellit,
886 4066 943 4111 ut
995 4056 1336 4131 dissyllabum
1376 4060 1442 4111 sit
1491 4057 1928 4131 blattlieus._ltiai‘.
1964 4075 1992 4112 a
2033 4056 2201 4127 prima

630 4128 812 4195 manu,
844 4130 1004 4195 Bong.
1030 4142 1058 4180 a
1085 4128 1251 4195 prima
1276 4143 1451 4194 manu,
1484 4129 1628 4184 Sich.
1658 4139 1710 4183 et
1729 4129 1953 4194 Widm.,
1978 4133 2199 4183 obsistet.

630 4200 761 4256 Mar.
786 4216 815 4253 a
839 4200 1005 4267 pritna
1021 4208 1197 4261 manu,
1218 4199 1435 4267 refellat.
1462 4199 1730 4254 Giseliuus
1748 4200 1874 4254 edit.
1898 4201 1933 4252 9.
1949 4201 2011 4255 ad
2030 4216 2199 4266 oram,

629 4270 865 4325 Latranti
891 4270 1081 4321 obsistit
1108 4267 1397 4331 Malthreus,
1424 4280 1469 4323 et
1499 4287 1587 4323 ora
1603 4272 1811 4338 refellit,
1830 4272 2007 4324 invitis
2041 4272 2199 4324 codd.

631 4356 763 4411 mss.
796 4341 849 4394 In
900 4340 1320 4411 llamartigvcrs.
1373 4340 1476 4393 101
1508 4341 1753 4393 similiter
1802 4341 2081 4411 legendum
2120 4351 2203 4395 est

631 4410 956 4476 Chananeus,
980 4426 1083 4462 non
1111 4408 1451 4471 Chananwus,
1475 4422 1529 4463 ut
1562 4426 1773 4465 carmen
1800 4408 2023 4465 ro'ustet.

701 4484 826 4537 986.
855 4481 1031 4548 Prag.,
1063 4480 1197 4536 stilo.
1234 4489 1288 4534 et
1316 4494 1471 4549 supra
1503 4481 1701 4550 glossa,
1735 4483 1789 4533 id
1816 4496 1909 4545 est,
1946 4484 2051 4547 ﬁlo.
2087 4482 2198 4536 Hoc

630 4566 815 4606 verum
838 4561 950 4610 est;
984 4564 1104 4601 naut
1133 4565 1346 4602 carmen
1395 4567 1497 4605 nou
1533 4553 1726 4618 patitur
1755 4552 1889 4605 stilo.
1937 4554 2007 4607 De
2035 4560 2199 4606 stent-

630 4630 772 4676 mate
795 4620 911 4673 vide
942 4623 1190 4688 hymnum
1213 4621 1241 4670 7
1271 4620 1447 4680 Cath.,
1482 4636 1617 4674 vers.
1652 4624 1740 4674 81.

700 4693 825 4746 937.
850 4687 1019 4752 Sich.,
1054 4687 1240 4741 Weitz.
1274 4697 1325 4742 et
1371 4691 1533 4742 nostri
1562 4734 1574 4757 ,
1625 4690 1968 4744 hebdomadw.
2001 4692 2187 4754 Aldus,

632 4763 898 4818 Giselinus
947 4769 999 4813 et
1043 4760 1170 4823 alii,
1203 4758 1544 4827 hebdomadi,
1573 4761 1713 4828 quod
1742 4762 1877 4829 apud
1910 4761 2191 4816 Weitzium

633 4832 791 4885 habet
823 4832 989 4885 I‘alztt.
1034 4830 1352 4884 Prudentius
1398 4845 1495 4884 sex
1545 4840 1760 4898 septena
1809 4833 2043 4885 virorum
2097 4848 2192 4885 no-

631 4906 738 4956 min
758 4921 792 4964 i,
823 4918 941 4968 qui:
971 4903 1242 4954 Matthmus
1275 4906 1540 4967 numerat,
1575 4903 1953 4970 interpetatur
1982 4918 2073 4957 sex
2104 4904 2197 4956 he-

630 4973 918 5026 btiotnadas
947 4986 1008 5023 ex
1028 4982 1247 5037 septeni,
1264 4973 1453 5040 quibus
1471 4987 1641 5025 anuus
1666 4973 1866 5039 jubilzei
1883 4974 2191 5027 constabat:

626 5042 868 5097 Christus
901 5041 1110 5094 additus
1141 5042 1414 5107 septimam
1451 5044 1837 5096 hebdomadam
1883 5044 2189 5111 complevit.

627 5114 856 5167 Matth-ri
887 5110 1047 5165 verba
1073 5120 1197 5183 sunt
1227 5124 1343 5176 cap.
1375 5129 1409 5175 I,
1449 5115 1547 5183 177:
1579 5112 1760 5166 Omnes
1790 5115 1958 5183 itaque
1988 5110 2195 5181 genera-

628 5185 787 5237 tiones
824 5185 882 5233 ab
926 5180 1181 5253 Abraham
1210 5196 1363 5253 usque
1404 5183 1470 5233 ad
1506 5182 1671 5234 David
1697 5180 2040 5248 genera—tiones
2066 5202 2197 5253 qua-

628 5255 903 5306 tuordccint
924 5268 941 5305 :
960 5260 1004 5305 et
1033 5252 1097 5302 ad
1126 5251 1285 5303 David
1312 5266 1468 5322 usque
1490 5253 1553 5303 ad
1576 5251 2200 5322 transmigrationem'Ba-

628 5322 823 5394 bylonis
848 5321 1598 5394 generatioues_quatuordecint
1614 5333 1689 5375 :et
1704 5341 1735 5374 a
1759 5321 2203 5392 transmigratione

627 5389 898 5462 Babylonis
922 5407 1076 5461 usque
1094 5392 1160 5442 ad
1173 5389 1427 5443 Christum
1443 5394 1785 5461 generationes
1800 5389 2199 5462 quatuordecim.

631 5463 723 5516 llic
749 5473 871 5515 sunt
924 5479 1013 5517 sex
1046 5470 1281 5530 septena:
1308 5466 1699 5530 generationes,
1726 5480 1817 5518 seu
1847 5480 1942 5517 snt
1978 5462 2196 5532 septena

630 5533 845 5585 nomina
894 5534 1146 5586 virorum.
1201 5532 1308 5586 Sed
1356 5531 1645 5585 notandum
1676 5542 1875 5600 tamen,
1908 5552 1935 5587 a
1967 5531 2196 5590 S.'Mat-

630 5605 769 5657 tirno
798 5604 965 5656 solum
995 5602 1259 5657 reccnseri
1288 5602 1355 5655 ab
1388 5603 1687 5655 Abrahamo
1728 5603 1791 5655 ad
1823 5604 2103 5658 Christum
2132 5607 2198 5659 40

628 5674 803 5735 viros;
844 5674 955 5744 sive
982 5673 1239 5744 exciderit
1282 5671 1455 5744 aliqua
1497 5674 1788 5742 generatio,
1826 5684 1880 5727 ut
1904 5675 2065 5744 aliqui
2101 5693 2194 5742 pu-

629 5753 826 5810 taruut,
859 5743 971 5797 sive
996 5741 1132 5796 idem
1165 5745 1324 5797 homo
1350 5742 1431 5796 bis
1459 5754 1761 5808 censeatur,
1796 5741 2042 5813 tauquam
2074 5747 2197 5801 linis

628 5814 785 5872 unius
825 5813 1228 5884 generationis,
1270 5819 1325 5870 et
1366 5813 1681 5887 principium
1729 5814 1971 5875 alterius.
2033 5816 2201 5877 Poeta

2299 3285 2747 3349 interpretationi.
3528 3304 3539 3313 -

2369 3356 2491 3412 988.
2521 3357 2767 3425 Plerique
2812 3368 2965 3417 niss.,
3021 3352 3297 3425 placidum.
3325 3350 3443 3425 Vat.
3547 3391 3567 3425 ,
3600 3350 3862 3425 placiturus.

2298 3428 2514 3483 Teolius
2542 3443 2606 3481 ex
2637 3420 2742 3479 uno
2768 3425 2887 3479 Vat.
2922 3425 3153 3491 glossam
3196 3422 3373 3485 adiicit
3421 3438 3434 3474 :
3476 3420 3755 3491 Jubilreum
3776 3466 3792 3489 ,
3818 3422 3867 3472 in

2298 3516 2397 3571 quo
2427 3498 2797 3571 per_Christum
2823 3488 2993 3571 omnia
3020 3503 3220 3561 peccata
3243 3493 3585 3571 dimittuntur.
3611 3488 3869 3571 Ciselinus

2300 3561 2466 3633 notat,
2494 3568 2941 3639 Chrysostomuin
2966 3562 3473 3639 interpretationem
3495 3561 3862 3639 Prudentiatia:

2300 3630 2587 3693 assimilem
2610 3630 2685 3690 'ad
2716 3634 2943 3690 Matthaei
2993 3630 3165 3687 locum
3195 3635 3289 3687 cit.
3322 3632 3603 3686 attulisse:
3637 3646 3759 3684 nam
3788 3630 3865 3683 al-

2300 3710 2531 3779 legorice
2577 3721 2824 3763 numeros
2872 3706 3199 3779 septenarios
3247 3704 3409 3779 trahit
3572 3716 3666 3755 sex
3716 3702 3865 3766 dies,

2300 3772 2493 3849 quibus
2519 3785 2838 3849 creatusest
2865 3776 3031 3838 orbis,
3063 3788 3197 3849 quos
3226 3773 3457 3849 appellat
3489 3772 3606 3825 dies
3627 3786 3863 3849 Operum,

2301 3844 2501 3904 laboris
2528 3858 2582 3903 et
2611 3847 2941 3902 miseriarum
2962 3887 2976 3911 ,
3005 3859 3032 3897 a
3060 3845 3253 3913 quibus
3281 3844 3521 3897 Christus
3550 3858 3648 3895 nos
3680 3844 3861 3913 liberat

2303 3929 2358 3975 et
2400 3919 2646 3974 exsolvit.
2699 3916 2868 3973 Judci
2907 3910 3256 3971 celebrabant
3279 3914 3418 3968 diem
3449 3914 3760 3980 septimum,
3787 3910 3868 3980 qui

2304 3990 2580 4045 sabbatum
2620 3999 2755 4052 erat,
2785 4002 2980 4041 annum
3026 3988 3332 4053 septimum,
3362 3985 3449 4053 qui
3483 3998 3657 4036 anuus
3684 3983 3868 4036 sabba-

2304 4062 2439 4115 tieus
2468 4061 2761 4121 dicebatur,
2812 4067 2866 4112 et
2891 4071 3087 4111 annum
3127 4055 3352 4122 jubilrei,
3396 4055 3510 4107 sive
3540 4054 3868 4106 remissionis

2305 4130 2636 4186 hebdomade
2685 4132 2905 4198 septima
2934 4126 3450 4198 annorttni,_sc_ilieet
3471 4138 3624 4198 anno
3652 4124 3868 4198 quadra-

2306 4202 2509 4268 gesimo
2540 4215 2679 4254 nono
2708 4194 2888 4253 niensc
2919 4196 3329 4268 septimo.Vide
3359 4194 3525 4268 Levii.
3560 4209 3686 4268 xxv.
3728 4194 3868 4268 Putat

2305 4263 2571 4325 nonnemo
2597 4281 2807 4340 poetam
2832 4263 3100 4336 respicere
3122 4266 3184 4319 ad
3214 4281 3407 4340 annum
3436 4264 3706 4340 placidum
3727 4263 3861 4340 Isaiae

2308 4357 2413 4404 ut,
2446 4343 2500 4395 9..
2537 4334 2610 4393 lta'
2637 4358 2666 4407 q
2694 4340 2847 4393 iidem
2878 4334 3105 4401 censeo;
3148 4337 3240 4390 sed
3271 4338 3337 4407 ab
3356 4337 3481 4407 ipso
3515 4335 3649 4407 Isaia
3678 4334 3868 4407 intlicaj

2307 4421 2391 4465 tur
2443 4426 2613 4464 annus
2649 4404 2929 4478 jubilmus,
2978 4409 3065 4478 qui
3107 4418 3261 4477 typus
3292 4405 3390 4460 fuit
3419 4405 3544 4458 anni
3588 4404 3869 4458 Christiani

2308 4497 2403 4535 seu
2434 4484 2688 4548 temporis
2708 4481 3019 4547 evangelici.

2382 4553 2504 4606 99'2.
2548 4542 2665 4604 Rat.
2700 4551 2814 4604 sine
2842 4542 3017 4612 litura,
3056 4550 3141 4602 ille
3166 4561 3262 4614 pro
3288 4545 3452 4599 Iesus.
3491 4546 3767 4599 Marietlus
3811 4542 3868 4595 ad

2226 4634 2275 4691 ι)
2304 4637 2446 4675 vers.
2479 4622 2615 4675 1058
2642 4632 2855 4674 veretur
2881 4621 3105 4688 ineptias
3135 4618 3367 4691 recentis
3394 4617 3718 4671 correctoris
3737 4655 3750 4677 ,
3783 4614 3863 4683 qui

2302 4708 2364 4746 ex
2399 4691 2506 4746 lllC
2531 4691 2680 4745 facile
2704 4692 2901 4760 protuit
2931 4691 3111 4744 facere
3136 4689 3243 4741 ille.

2370 4762 2492 4817 9:)5.
2538 4756 2815 4817 Sabbatum
2876 4763 3064 4829 accipit
3103 4774 3196 4826 pro
3251 4758 3604 4813 hebdomada.
3655 4756 3861 4809 Perstat

2300 4832 2441 4887 enim
2472 4835 2522 4887 in
2555 4832 2738 4887 eadem
2764 4832 3013 4895 allegoria
3042 4830 3108 4884 de
3135 4829 3466 4883 hebdomada
3497 4838 3648 4883 sexta
3676 4836 3730 4880 et
3750 4840 3865 4893 sep-

2306 4904 2455 4971 tima,
2486 4919 2645 4973 quam
2672 4902 2919 4956 Christus
2947 4902 3249 4973 complevit.

2375 4969 2516 5028 998.—
2548 4976 2699 5042 l‘rag.
2730 5017 2744 5038 ,
2779 4975 2935 5025 noctis
2965 4969 3246 5040 pro'notis.
3282 4969 3425 5037 Ald.,
3462 4980 3655 5037 tergum
3687 4980 3781 5037 pro
3805 4981 3872 5016 rc-

2307 5061 2427 5113 gum
2452 5061 2469 5097 :
2493 5045 2805 5098 mendosum
2842 5053 3140 5110 utrumque.

2379 5114 2503 5169 999.
2550 5115 2666 5168 Put.
2686 5154 2700 5177 ,
2725 5124 2778 5167 et
2809 5113 2960 5181 Egtn.
2988 5127 3018 5166 a
3037 5108 3273 5166 Secunda
3302 5125 3462 5163 manu
3484 5152 3499 5176 ,
3530 5109 3706 5163 minus
3728 5108 3874 5167 bene,

2308 5187 2371 5239 de
2392 5187 2542 5237 corde
2570 5200 2664 5253 pro
2686 5184 2748 5239 de
2771 5200 2939 5237 carne.

2381 5256 2537 5312 1000.
2571 5248 2699 5308 11³1.
2730 5296 2743 5317 ,
2775 5255 2946 5308 Oxon.
2976 5293 2991 5315 ,
3034 5253 3155 5306 Ret.
3188 5292 3201 5315 ,
3229 5250 3385 5304 Turr.
3420 5251 3525 5303 duo
3550 5290 3563 5312 ,
3596 5248 3874 5301 hominem;

2313 5340 2418 5407 non
2474 5327 2646 5407 placet
2677 5325 2916 5407 li_einsi_o.
2946 5324 3143 5407 Melius
3180 5331 3328 5403 certe
3354 5330 3439 5402 est
3465 5320 3726 5407 hominum
3767 5332 3879 5369 cum

2309 5392 2543 5465 optimis.
2576 5397 2627 5449 In
2671 5397 2819 5449 Alex.
2855 5392 3030 5450 tamen
3053 5393 3311 5465 homines,
3345 5392 3432 5460 qui
3456 5402 3539 5444 est
3568 5404 3742 5442 error.

2385 5466 2539 5521 1001.
2583 5466 2829 5519 Nonnulli
2850 5475 3057 5519 veteres
3086 5463 3325 5517 scribunt
3352 5456 3627 5521 recenseta,
3662 5468 3718 5511 ut
3744 5456 3879 5508 Vati.

2313 5537 2355 5590 Β
2387 5577 2400 5599 ,
2432 5538 2475 5601 ρ
2499 5578 2512 5599 ,
2547 5536 2669 5590 Mar.
2703 5577 2716 5599 ,
2764 5536 2881 5590 Rat.
2933 5537 3004 5589 Ita
3034 5536 3192 5589 etiam
3228 5532 3394 5586 Aldus
3418 5531 3709 5583 excuderet
3738 5545 3752 5579 :
3792 5525 3881 5579 sed

2312 5606 2616 5661 emendavit
2665 5608 2933 5660 recensita.
2987 5606 3040 5659 In
3087 5604 3202 5658 Vat.
3236 5602 3311 5668 ρ,
3358 5601 3732 5663 numerandos;
3773 5610 3881 5649 corv

2318 5687 2490 5744 rupte.

2380 5739 2537 5802 1002.
2582 5748 2758 5818 Prag..
2790 5748 2943 5807 u‘ale.
2970 5746 3137 5817 quod;
3176 5747 3291 5813 lege
3316 5744 3475 5818 quid.
3504 5742 3627 5797 Ald.
3660 5780 3675 5800 .
3705 5739 3877 5807 Egon,

2308 5816 2517 5887 Nonis,
2542 5813 2805 5876 vocabulo
2827 5813 3025 5875 Graeco
3053 5818 3262 5879 Latino,
3294 5813 3606 5885 sanailogus
3648 5826 3748 5886 pro
3775 5824 3866 5866 seu
