4092 6344
279 202 415 261 1005

1666 202 2108 264 APOTHEOSIS.

3406 222 3541 278 1006

452 318 743 389 Desperare
760 319 949 391 juhes?
978 320 1211 387 veniam,
1241 320 1433 391 quibus
1462 319 1556 374 ille
1582 320 1792 376 revenit
1880 324 2099 391 Α1075
2138 325 2303 384 Debet
2346 326 2492 385 enim
2539 341 2685 387 mors
2723 330 2861 387 victa
2900 329 3080 400 ﬁdem,
3129 346 3195 388 ne
3240 332 3427 391 fraude
3456 348 3545 391 se-

277 412 413 473 1065
449 413 666 469 Calcata
693 412 761 470 de
783 422 978 479 morte,
999 414 1134 479 viis;
1162 413 1301 485 quod
1323 411 1609 479 credimus,
1629 412 1729 469 hoc
1748 422 1849 470 est.

448 506 609 579 5,92
649 506 714 564 Et
761 516 903 563 totus
942 508 1149 564 veniam
1188 526 1201 563 :
1233 523 1333 565 nec
1359 508 1500 565 enim
1538 509 1733 576 minor,
1761 515 1854 563 aut

1418 605 1596 677 [alius,
1621 619 1781 676 quam

447 696 599 753 Nunc
636 710 786 764 sum,
831 698 1121 756 restituar:
1156 698 1330 761 vultus
1352 742 1367 767 ,
1406 698 1589 769 vigor,
1622 708 1677 754 et
1704 697 1853 755 color

1593 792 1777 864 [idem,

445 887 543 952 Qui
562 887 719 951 modo
732 888 880 956 vivit,
904 890 1033 955 erit;
1058 903 1156 945 nec
1168 903 1253 944 me
1267 888 1350 944 vel
1373 889 1552 957 dente,
1573 890 1655 943 vel
1676 904 1852 960 ungue

448 976 770 1035 Fraudatum
796 989 1034 1037 revomet
1056 980 1303 1051 patefacti
1325 982 1465 1037 fossa
1493 981 1739 1052 sepulcri.

273 1070 410 1126 1070
448 1072 547 1138 Qui
575 1074 747 1144 jubet,
775 1083 832 1131 ut
864 1075 1100 1145 redeam,
1144 1089 1251 1131 non
1278 1074 1467 1131 reddet
1494 1074 1669 1131 debile
1696 1074 1851 1144 quid-

1557 1166 1738 1239 [quam
1764 1184 1778 1221 :

442 1256 574 1313 Nam
603 1258 650 1313 si
680 1257 925 1314 debilitas
953 1258 1113 1329 redit,
1144 1259 1459 1315 instauratio
1489 1272 1595 1313 non
1622 1267 1725 1314 est.

444 1350 596 1417 Quod
622 1366 778 1408 casus
823 1352 1019 1423 rapuit,
1058 1352 1201 1422 quod
1237 1352 1481 1419 morbus,
1512 1350 1655 1422 quod
1696 1350 1853 1406 dolor

1554 1444 1773 1517 [hausit,

441 1536 591 1604 Quod
619 1539 885 1593 truncavit
906 1538 1042 1595 edax
1064 1539 1271 1595 senium
1297 1537 1586 1609 populante
1604 1546 1849 1605 veterno,

3283 426 3473 499 [pulcri

2100 542 2103 545 λ
2140 514 2348 573 Reddat
2371 524 2579 574 curtum
2609 516 2805 589 aliquid
2831 534 2845 584 ;
2873 521 3117 589 quamvis
3137 518 3247 589 jam
3276 527 3425 574 curta
3452 536 3545 577 vo-

3323 612 3475 687 [rarit

2134 706 2391 776 Corpora,
2420 707 2665 773 debilitas
2692 714 2889 776 tamen,
2917 716 2971 764 et
3000 707 3251 763 violentia
3274 708 3447 763 morbi

2140 798 2322 855 Virtus
2347 802 2535 865 mortis
2563 810 2710 867 erat;
2742 800 2951 866 reddet,
2982 802 3121 871 quod
3150 800 3505 871 particulatim

2137 890 2431 947 Sorbuerat
2457 906 2775 963 quocunque
2804 893 2985 960 modo,
3007 908 3075 949 ne
3102 901 3345 949 mortuus
3366 893 3542 948 omnis

1959 980 2097 1043 1080
2135 984 2250 1041 Non
2278 984 2484 1049 redeat,
2507 987 2551 1040 si
2580 986 2705 1056 quid
2729 986 2885 1055 pleno
2909 985 2977 1041 de
3005 1000 3229 1057 corpore
3256 985 3415 1041 desit.

2132 1076 2319 1134 Pellite
2358 1076 2521 1132 corde
2546 1088 2770 1145 metum,
2802 1093 2921 1136 mea
2958 1079 3220 1147 membra,
3259 1087 3313 1133 et
3342 1077 3543 1133 credita

3241 1167 3475 1237 [vosmet

2129 1263 2265 1319 Cum
2288 1261 2506 1318 Christo
2542 1261 2783 1317 reditura
2807 1260 2956 1327 Deo;
2989 1275 3112 1316 nam
3143 1276 3241 1316 vos
3263 1262 3403 1330 gerit
3430 1259 3540 1328 ille,

2136 1352 2296 1425 ‘93
2327 1352 2395 1409 Et
2419 1366 2603 1410 secum
2634 1361 2853 1410 revocat
2880 1370 2896 1407 :
2927 1352 3144 1408 morbos
3175 1350 3344 1406 ridete
3369 1349 3541 1405 mina-

3322 1442 3435 1516 [ces
3458 1461 3473 1508 ;

2136 1537 2369 1593 lnﬂictos
2396 1550 2554 1594 casus
2582 1539 2945 1605 contemnite;
2971 1544 3108 1593 tetra
3136 1537 3383 1605 sepulcra

444 1628 614 1687 Omne
648 1634 937 1689 revertenti
971 1644 1215 1704 reparata
1246 1634 1303 1687 in
1334 1632 1570 1689 membra
1599 1631 1813 1689 redibit.
1883 1622 1932 1685 Β
1961 1629 2100 1686 1085
2138 1630 2424 1701 Despuite;
2446 1643 2741 1703 exsurgens
2759 1644 2867 1701 quo
2889 1628 3136 1686 Christus
3157 1628 3537 1698 provocat,ite.

1570 1823 1863 1885 CLOSSsﬁ
1902 1824 2242 1884 VETERES.

332 2030 492 2086 1061.
527 2030 767 2093 Veniam,
788 2044 1073 2100 resurgam,
1103 2028 1143 2083 1.

334 2102 497 2157 1072.
530 2101 732 2165 Hausit,
767 2102 1096 2171 consumpsit,
1125 2101 1167 2155 1.

333 2172 493 2227 1075.
526 2172 690 2240 Edax,
716 2171 1369 2238 consumens.—Velerno,
1396 2174 1595 2239 morbo,
1628 2174 1670 2229 l.

332 2242 489 2298 1075.
524 2242 692 2309 Victa,
739 2258 770 2295 a
809 2240 1029 2297 Christo.
1054 2273 1122 2283 —
1144 2241 1372 2309 Fraude,
1415 2260 1478 2300 ne
1515 2245 1714 2313 {aretur
1741 2245 1843 2300 aii-

2217 2104 2462 2168 Curtum,
2488 2104 2669 2168 debile,
2693 2103 2798 2159 leo.

2026 2174 2187 2230 1085.
2216 2174 2472 2241 Minaces,
2501 2175 2621 2244 quia
2649 2176 2812 2229 solent
2832 2181 3043 2229 mortem
3070 2174 3275 2241 minari,
3308 2172 3412 2230 lso.

1608 2441 2173 2501 COMMENTARIUS.

333 2639 496 2696 1066.
527 2638 773 2695 Ostendit
801 2646 980 2709 poeta,
1011 2639 1460 2695 resurrectionem
1492 2639 1669 2695 carnis
1699 2640 1839 2695 futu-

146 2718 153 2724 '
254 2727 380 2770 ram
417 2712 469 2764 in
502 2712 686 2781 eodem
715 2712 931 2765 omnino
959 2724 1182 2779 corpore
1204 2753 1217 2775 ,
1254 2710 1321 2781 in
1349 2726 1454 2781 quo
1494 2709 1656 2765 homo
1684 2710 1835 2765 vixit.

252 2781 331 2840 Ut
369 2783 509 2836 cnim
550 2780 778 2835 traditur
817 2783 868 2835 in
910 2782 1133 2836 concilio
1171 2780 1431 2837 Toletano
1462 2798 1568 2847 xvr,
1598 2781 1843 2836 Christus

252 2852 495 2927 ejusdem
519 2854 707 2927 carnis,
736 2868 834 2924 qua
858 2854 1182 2927 occubuerat,
1212 2853 1419 2927 ueritate
1438 2862 1842 2927 resumptasur-

250 2923 432 2989 rexit,
460 2923 760 2992 exemplum
785 2924 937 2978 nobis
966 2936 1056 2976 sua
1082 2924 1474 2979 resurrectione
1504 2923 1837 2993 impendens,

1951 2642 2151 2709 proleg.
2194 2636 2824 2710 Spiegeiius_Commcnt.
2870 2636 3057 2710 hyAmn.
3103 2634 3537 2710 CathemLOmni

1952 2704 2077 2765 hora
2105 2704 2169 2764 ad
2198 2704 2346 2765 vers:
2366 2710 2455 2773 94,
2477 2708 2589 2772 Quo
2618 2709 2754 2778 gravi
2786 2704 3235 2778 carmine,inquit,
3256 2714 3300 2759 et
3324 2704 3537 2778 Christi,

1952 2790 1998 2837 et
2021 2783 2188 2837 carnis
2220 2781 2458 2834 humana:
2486 2776 2901 2833 resurrectionem
2934 2776 3248 2831 Prudentius
3274 2777 3536 2839 confessus

1950 2864 2042 2907 est.
2080 2852 2338 2907 Eumdem
2377 2852 2547 2905 locum
2595 2865 2623 2903 a
2666 2849 2838 2903 Fabro
2866 2848 2967 2905 sub
3009 2850 3221 2903 nomine
3265 2847 3537 2916 cujusdam

1948 2934 2240 2979 sanctorum
2279 2923 2332 2977 in
2366 2922 2536 2990 primo
2576 2921 2641 2973 ad
2682 2917 2905 2990 Paulum
2952 2918 3342 2990 commentario
3372 2918 3538 2990 advo-

250 3005 315 3050 ut
363 2984 681 3058 credamus,
731 3008 829 3048 nos
868 2993 1026 3048 etiam
1070 3005 1467 3049 resurrecturos
1514 2984 1841 3048 in'veridica:
1870 2984 1914 3046 C
1950 2996 2057 3048 cari
2078 2995 2217 3049 idem
2236 2984 2532 3063 Spiegelius
2555 2989 2955 3063 monet.Veram
2975 2989 3291 3063 apotheosin
3312 2988 3535 3063 Christi,

252 3066 435 3121 carnis
466 3064 767 3129 substantia,
798 3067 848 3118 in
873 3081 975 3134 qua
1005 3081 1137 3117 nunc
1162 3080 1336 3118 sumus
1366 3075 1411 3118 et
1440 3065 1671 3119 vivimus.
1726 3065 1841 3119 lna-

251 3144 413 3201 nem,
444 3144 497 3190 et
525 3136 826 3190 damnatam
855 3134 1201 3189 subtilitatem
1236 3135 1589 3202 quorumdam
1618 3135 1684 3189 de
1712 3151 1840 3189 vera

250 3207 680 3269 resurrectione,
714 3206 921 3261 etiamsi
962 3219 1156 3275 corpus
1184 3203 1325 3261 idem
1364 3219 1587 3261 numero
1618 3220 1723 3259 non
1752 3206 1841 3271 sit,

252 3287 689 3334 contemnamus.

335 3346 500 3403 1069.
528 3348 673 3417 Aid.,
722 3346 840 3402 Vat.
872 3346 940 3414 Q,
984 3346 1117 3401 Mar.
1155 3357 1188 3402 a
1220 3347 1390 3417 prima
1431 3359 1612 3414 manu,
1655 3345 1841 3402 Cham.

254 3418 428 3484 male,
459 3427 699 3472 removet.

338 3489 498 3543 1070.
543 3489 729 3555 Aldus,
776 3488 998 3553 voravit;
1037 3487 1227 3543 melius
1271 3487 1390 3555 alii,
1433 3488 1640 3542 vorarit.
1688 3486 1841 3557 Prag.

254 3560 427 3624 male,
458 3560 705 3624 forarent,
734 3558 817 3613 vel
844 3558 1052 3627 (oraret.

340 3630 498 3685 1078.
531 3630 697 3685 Gisel.
717 3670 731 3695 ,
763 3631 891 3697 erit;
912 3630 1116 3697 caeteri,
1143 3638 1272 3684 erat.
1309 3630 1472 3699 Bong.
1504 3638 1558 3685 et
1591 3636 1844 3699 prmstan-

257 3703 434 3757 tiores
465 3700 754 3764 Heinsiani,
785 3701 987 3755 reddat.
1029 3702 1219 3767 Palat.,
1260 3698 1447 3756 reddit.
1482 3701 1630 3767 Ald.,
1654 3698 1841 3769 Weit.,

259 3770 411 3835 Gis.,
432 3772 604 3834 Alex.,
632 3771 761 3824 Urb.
794 3779 848 3823 et
868 3772 954 3824 alii
978 3774 1164 3837 nostri,
1190 3773 1383 3826 reddet.

346 3840 499 3893 1079.
534 3839 651 3893 Aidi
678 3854 828 3894 error
864 3841 1218 3907 quodcunque.
1262 3843 1442 3897 Heins.
1474 3854 1527 3898 et
1556 3842 1645 3897 alii
1678 3844 1846 3898 inter-

258 3918 512 4030 pundgunt
551 3910 834 3975 sorbuerat,
875 3926 1169 3978 quocunque
1211 3914 1380 3965 modo.
1417 3914 1518 3966 Alii
1550 3914 1759 3979 melius,
1793 3923 1848 3967 ut

259 3994 357 4030 ett
404 3996 437 4030 ι.

259 3994 437 4035 etum.

346 4048 503 4103 1081.
531 4050 677 4117 Ald.,
708 4050 981 4113 mendose,
1010 4066 1116 4103 meo
1147 4066 1243 4117 pro
1275 4068 1403 4104 mea.
1429 4052 1664 4117 Tlutan.,
1695 4068 1845 4105 mem-

172 4108 183 4147 ί
259 4120 385 4183 bra,
415 4120 600 4173 credite
626 4108 741 4175 sine
771 4128 838 4187 et,
868 4108 1008 4189 quod
1031 4108 1200 4174 metro
1227 4136 1330 4174 non
1356 4121 1629 4176 adversari
1654 4108 1761 4176 dixi
1791 4122 1845 4176 in

1947 3066 2063 3119 sive
2086 3060 2475 3119 deiticaiioniem
2508 3062 2739 3116 hominis
2766 3061 3038 3115 concludit
3069 3060 3413 3129 Prudentius,
3446 3072 3539 3113 ex-

1988 3139 2120 3190 osita
2165 3135 2589 3193 resurrectione,
2632 3146 2734 3199 qua
2771 3131 3049 3196 Christus,
3094 3146 3254 3185 verus
3308 3132 3445 3183 Deus
3482 3137 3541 3182 et

1947 3151 2131 3260 iiomo.
2154 3210 2466 3260 resurrexit.
2490 3208 2544 3257 et
2564 3203 2809 3255 homines
2831 3216 3014 3257 secum
3038 3210 3380 3260 resurgentes
3402 3199 3541 3254 caelo

1987 3221 2131 3271 omo,
2154 3210 2466 3272 resurrexit,
2490 3208 2544 3257 et
2564 3203 2809 3255 homines
2831 3216 3014 3257 secum
3038 3210 3380 3268 resurgentes
3402 3199 3541 3254 caelo

1956 3276 2181 3331 invehit.

2022 3346 2181 3403 1084.
2209 3345 2403 3414 Bong.,
2434 3352 2480 3397 et
2506 3350 2658 3414 atra;
2701 3340 2813 3414 alii,
2849 3349 2999 3395 tetra.
3039 3339 3117 3393 Ex
3147 3339 3307 3414 editis
3339 3347 3541 3392 tantum

1948 3417 2055 3472 vidi
2081 3408 2395 3482 Cellarium,
2428 3413 2517 3483 qui
2548 3412 2778 3483 tenuerit
2814 3422 2860 3466 et
2894 3420 3029 3483 a_t_ra,
3060 3417 3115 3463 et
3148 3408 3539 3483 Teoiiumpost

1949 3488 2261 3559 Cellariun},
2288 3478 2785 3559 quamvis'l‘eoiius
2803 3496 2870 3537 ex
2908 3479 3053 3535 Vatt.
3074 3478 3248 3559 codd.
3280 3478 3410 3559 nihil
3442 3490 3536 3559 no-

1952 3557 2163 3613 taverit.
2198 3547 2431 3625 Uterque
2460 3554 2679 3610 Heinsio
2703 3554 2980 3625 adhaerere
3009 3550 3183 3625 solent
3195 3566 3214 3625 _;
3243 3548 3339 3603 sed
3362 3547 3538 3625 hacin

1950 3644 2011 3684 re
2035 3629 2280 3683 Heinsius
2307 3620 2427 3682 cum
2460 3625 2668 3681 caeteris
2712 3623 2899 3687 sensit,
2934 3637 3107 3690 neque
3135 3620 3297 3674 ullam
3323 3620 3539 3673 varian-

1954 3709 2061 3755 tem
2100 3698 2385 3754 lectionem
2424 3694 2748 3753 observavit.
2780 3692 2897 3749 Non
2926 3693 3133 3758 dubito,
3172 3690 3301 3759 quin
3349 3702 3537 3744 verum

1952 3772 2021 3826 Sil.
2052 3779 2203 3825 tetra.

2025 3842 2182 3897 1085.
2221 3839 2413 3904 Oxon.,
2454 3837 2715 3907 despicite.
2757 3833 2834 3889 lta
2879 3834 3066 3907 υνὺὶη.
3101 3831 3227 3907 Alii,
3264 3829 3537 3907 despuite;

2027 3872 2182 3897 κιυου.
2221 3872 2413 3904 mm...
2454 3872 2715 3907 ..ωρηηω
2759 3872 2834 3889 ..α
2881 3872 3066 3889 υ..,....
3264 3872 3533 3897 ηψπ,

1951 3914 2047 3969 sed
2078 3912 2220 3973 Put.,
2250 3912 2418 3980 Alex.
2443 3919 2497 3963 et
2523 3908 2795 3980 vetegtmi
2829 3906 3067 3980 scribunt
3087 3872 3346 3980 uspiam.
3387 3899 3537 3980 ᾼιᾳλ,

1953 3992 1999 4037 et
2030 3970 2261 4044 surgens.
2295 3980 2350 4033 In
2379 3979 2502 4033 Vat.
2537 3979 2605 4042 A,
2648 3975 2792 4029 Finit
2820 3972 3232 4044 .»ipothe03is,__id
3276 3979 3359 4044 es_i_
3393 3970 3542 4044 deiﬁ-

1953 4000 1999 4037 ει
2030 4000 2119 4035 sur
2155 4000 2261 4034 ens.
2296 4000 2350 4033 In
2390 4000 2502 4033 vat.
2537 4000 2605 4042 Α,
2648 4000 2791 4029 rsmt
2820 4000 3141 4044 Apameae",
3182 4000 3230 4024 tu
3276 4000 3345 4023 cu
3393 4000 3542 4036 uuls-

1953 4000 2185 4104 catiofin
2215 4051 2369 4113 Man,
2397 4047 2538 4101 Finit
2563 4046 2684 4100 iiber
2712 4045 3028 4116 Apotheosis.
3057 4043 3111 4095 In
3133 4040 3287 4106 Urb.,
3313 4038 3543 4108 Ezplicit

1956 4129 2132 4175 contra
2154 4118 2489 4174 Manichwos.
