4092 6344
289 458 426 519 1009

458 572 714 629 Perversa
750 572 952 641 nigram
978 579 1097 626 vota
1128 570 1333 640 culpam
1370 571 1647 625 traxerint.

460 665 647 718 Armat
675 663 867 719 deinde
890 661 1254 731 parricidalem
1284 675 1499 714 manum

318 758 384 816 15
459 757 663 821 Frater,
690 759 925 828 probatae
960 756 1256 811 sanctitatis
1288 754 1545 819 aemulos;

459 852 721 908 Germana
746 868 909 907 curvo
932 852 1067 907 colla
1099 851 1294 920 frangit
1325 866 1350 904 s
1370 850 1538 905 ll'CUlO
1560 892 1574 915 ,

457 944 708 999 Mundam
740 955 1004 999 recentem
1029 943 1177 999 caede
1205 941 1359 1013 tingit
1387 941 1551 1011 impia
1569 982 1584 1007 ,

456 1038 588 1093 Sero
614 1038 957 1107 expiandum,
995 1038 1106 1108 jam
1132 1045 1524 1099 senescentem,
1555 1049 1711 1092 sacro

454 1131 654 1185 Cruore
679 1129 877 1184 Christi
906 1144 1011 1199 quo
1046 1138 1352 1199 peremptor
1377 1128 1629 1184 concidit.

308 1222 379 1279 20
454 1222 595 1277 Mors
626 1223 791 1292 prima
821 1223 983 1291 coepit
1010 1222 1310 1277 innocentis
1348 1222 1589 1288 vulnere,

448 1316 624 1370 Cessit
644 1316 834 1370 deinde
865 1316 1139 1370 vulnerato
1168 1314 1407 1369 innoxio.

451 1409 551 1463 Per
580 1410 779 1463 crimen
811 1417 946 1475 orta,
981 1404 1234 1463 dissoluta
1273 1416 1354 1462 est
1379 1407 1633 1472 crimine;

449 1501 581 1555 Abel
601 1500 740 1571 quod
771 1510 895 1555 ante
918 1499 1165 1570 perculit,
1188 1498 1461 1553 Christum
1498 1498 1715 1567 dehinc,

449 1591 616 1645 Finita
648 1600 697 1646 et
728 1592 839 1659 ipsa
868 1602 969 1659 est,
1005 1591 1122 1645 linis
1151 1600 1391 1644 exortem
1416 1601 1627 1659 petens.

304 1682 375 1735 35
452 1683 591 1753 Ergo
618 1699 682 1738 ex
715 1683 901 1737 futuris
932 1683 1103 1751 prisca
1134 1681 1296 1751 coepit
1335 1681 1535 1747 fabula,

450 1775 717 1845 Factaque
750 1775 923 1844 primo
952 1787 1039 1829 res
1071 1782 1248 1827 notata
1276 1783 1359 1828 est
1386 1773 1591 1838 ultima,

456 1868 523 1922 Ut
556 1868 643 1921 ille
673 1867 857 1921 mortis
878 1866 1160 1920 inchoator
1183 1866 1419 1920 rusticus

444 1958 601 2030 497
633 1958 836 2013 lnsulsa
865 1966 1020 2013 terra;
1045 1957 1292 2012 deferens
1314 1955 1585 2019 libamina,

1419 454 1960 513 [IAMARTIGEleE
2001 455 2383 511 PRXEFATIO.

1876 579 1925 634 Α

3393 453 3529 515 1010

2132 571 2401 639 Deumque
2432 586 2609 624 rerum
2638 579 2966 624 mortuarum
2998 567 3280 639 deputans,

1993 662 2062 719 50
2134 664 2338 717 ltaswis
2365 663 2572 717 redacta
2604 665 2759 733 digna
2786 663 2951 718 sacris
2976 664 3239 728 crederet,

2134 756 2370 809 Viventis
2400 766 2549 808 atrox
2580 756 2859 809 a'tnulator
2888 757 3094 810 hostim.

2128 846 2373 914 Agnosco
2406 862 2615 914 nempe,
2650 862 2805 916 quem
2838 846 3001 915 ﬁgura
3028 847 3142 901 haec
3167 845 3419 915 denotet,

2131 938 2261 1003 Quis
2284 936 2577 1003 fratricida,
2610 940 2728 1007 quis
2759 948 3064 1007 peremptor
3088 939 3299 996 invidus

2132 1031 2300 1087 Pravo
2326 1045 2600 1086 sacrorum
2625 1031 2961 1100 disciplinam
2982 1032 3205 1100 dividat,

1988 1124 2059 1180 55
2131 1124 2364 1179 Mactare
2394 1123 2515 1177 dum
2540 1139 2599 1178 se
2630 1134 2749 1177 vota
2780 1132 2965 1180 censet
2993 1125 3214 1183 rectius.

2130 1220 2385 1283 Marcion,
2410 1220 2523 1273 arvi
2553 1218 2719 1273 forma
2743 1221 3155 1289 corruptissimi,

2128 1314 2310 1379 Docet,
2348 1313 2528 1367 Duitas
2553 1313 2859 1382 discrepare
2884 1328 2912 1366 a
2944 1314 3153 1382 spiritu,

2128 1404 2293 1476 498
2320 1405 2703 1459 Contaminatm
2728 1404 2865 1459 dona
2889 1406 3068 1460 carnis
3094 1405 3349 1474 oll‘erens,

2133 1498 2198 1551 Et
2224 1498 2536 1566 segregatim
2570 1512 2763 1551 nomen
2794 1507 3052 1551 aeternum
3077 1498 3283 1555 colens.

1985 1592 2055 1649 40
2127 1593 2225 1658 Qui
2267 1592 2312 1645 si
2343 1592 2605 1660 quiescat,
2638 1606 2737 1646 nec
2766 1601 3071 1646 monentem
3101 1592 3351 1662 negligat,

2125 1684 2317 1739 Pacem
2360 1684 2594 1754 quietam
2625 1684 2810 1753 diligat
2832 1684 3177 1753 germanitas,

2129 1776 2324 1841 Unum,
2360 1786 2516 1845 atque
2541 1776 2715 1830 vivum
2743 1776 2884 1831 fassa
2921 1776 3161 1831 vivorum
3194 1775 3383 1831 Deum.

2130 1868 2226 1921 llic
2252 1883 2310 1921 se
2335 1866 2538 1921 caduco
2561 1866 2816 1921 dedicans
2858 1866 3135 1936 mysterio,

2123 1957 2396 2012 Summam
2427 1956 2682 2027 profanus
2707 1956 2899 2012 dividit
2924 1957 3273 2013 substantiam
3290 1998 3306 2024 ,

1552 2048 1839 2106 GLOSSIE
1881 2050 2222 2107 VETERES.

341 2144 424 2201 15.
456 2143 755 2208 Traxerint,
787 2140 1006 2207 trahent,
1041 2143 1271 2206 trahunt,
1305 2143 1345 2197 1.

342 2217 429 2272 15.
474 2215 736 2279 Probitas,
779 2212 1021 2267 lauitatrr.
1054 2242 1125 2253 -—
1150 2213 1420 2281 Emulus,
1451 2214 1721 2279 inimicus,
1754 2215 1837 2269 in-

264 2288 433 2348 ﬁdus,
466 2286 504 2338 1.

286 2414 292 2427 ι
344 2358 425 2410 17.
450 2356 646 2425 Tingit,
680 2356 903 2425 fmdavit,
933 2358 1009 2409 uel
1038 2356 1245 2423 polluit.
1276 2356 1317 2409 1.

340 2428 427 2480 18.
462 2423 815 2494 Expiaudum,
836 2426 1002 2490 ipsum
1026 2426 1293 2490 mundum,
1322 2423 1361 2478 l.

338 2497 425 2550 19.
458 2496 787 2565 Peremptor,
814 2496 1069 2559 diabolus,
1093 2495 1160 2559 1.,
1184 2495 1307 2549 Rat.

335 2566 427 2621 2|.
468 2564 661 2630 Cessit,
692 2567 820 2620 victa
841 2574 931 2619 est.
956 2595 1024 2605 -—
1054 2566 1295 2629 lnnoxio,
1318 2564 1540 2629 Christo,
1568 2565 1606 2620 l.

236 2648 245 2653 '
335 2637 427 2689 εξ.
476 2638 725 2701 Crimen,
773 2636 921 2690 Cain.
962 2664 1033 2677 —
1079 2636 1353 2703 Crimine,
1398 2634 1735 2703 Judazorum,
1777 2638 1831 2692 in

265 2707 477 2763 Christo
500 2708 636 2775 facta
666 2709 741 2761 rel
768 2716 1071 2777 perpetrato,
1096 2706 1199 2763 lso.

334 2780 422 2831 24.
460 2778 594 2844 Ipsa,
620 2794 775 2841 mors,
810 2778 847 2831 1.

333 2849 425 2903 25.
450 2848 667 2913 Fabula,
700 2849 944 2913 narratio,
972 2847 1011 2901 1.

1868 2146 1917 2207 Β
2016 2144 2103 2200 26.
2134 2145 2423 2213 Factaque,
2461 2161 2610 2215 apere
2631 2144 2789 2209 malo,
2821 2145 2861 2199 1.

2016 2216 2107 2269 27.
2139 2217 2408 2277 Rusticus,
2438 2213 2684 2284 agricola,
2715 2217 2768 2269 id
2793 2225 2864 2271 est
2891 2213 3042 2281 Cain,
3067 2214 3106 2268 1.

2016 2287 2107 2341 28.
2135 2286 2361 2351 lnsulsa,
2396 2288 2604 2351 rustica,
2634 2288 2674 2341 I.

2019 2355 2107 2410 50.
2140 2356 2399 2422 Redacta,
2426 2358 2677 2421 laborata,
2708 2358 2747 2412 1.

2018 2427 2107 2479 51.
2152 2427 2475 2491 Emulator,
2508 2428 2764 2491 inimicm,
2802 2427 2840 2479 1.

2015 2494 2104 2566 56.
2137 2499 2284 2563 Arni,
2312 2498 2652 2566 pinguedinis,
2688 2499 2739 2550 id
2766 2506 2861 2561 est,
2896 2496 3119 2562 hwresis,
3153 2496 3274 2552 ﬂat.

2017 2565 2105 2619 57.
2137 2568 2334 2631 Duitas,
2368 2565 2661 2634 duplicitas,
2684 2568 2744 2633 1.,
2765 2568 2880 2621 Vat.
2906 2566 2968 2621 Τ.
2991 2566 3379 2636 l)uplicalos,ltl
3395 2569 3521 2625 alter

1939 2647 2065 2692 esset
2092 2639 2229 2693 Deus
2257 2640 2462 2701 animm,
2492 2646 2538 2691 ct
2565 2639 2698 2691 alter
2729 2639 2977 2707 corporis,
3008 2637 3161 2706 Prag.

2017 2707 2105 2762 10.
2137 2709 2259 2773 Qui,
2296 2707 2554 2761 Marcion.
2585 2740 2651 2748 —
2677 2708 3001 2773 Monentem,
3035 2724 3134 2774 me,
3158 2710 3195 2763 1.

2015 2778 2103 2832 42.
2134 2781 2319 2843 Fassa,
2350 2780 2600 2848 confessa,
2629 2780 2704 2833 vel
2730 2780 2997 2847 conﬁtens,
3031 2778 3070 2832 l.

2011 2848 2102 2904 15.
2126 2850 2362 2916 Caduco,
2400 2850 2557 2915 malo,
2591 2850 2633 2904 1.

1608 2935 2165 2996 COMMENTARIUS.

261 3042 412 3089 tasse
461 3032 651 3087 melior
679 3042 761 3087 est
808 3031 966 3084 lectio
996 3029 1164 3097 Wid.,
1201 3040 1359 3085 certa.
1381 3031 1502 3085 Sive
1531 3043 1695 3097 recta,
1729 3032 1842 3088 sive

260 3113 406 3158 certa
438 3104 733 3165 scribatur,
776 3101 1087 3168 intelligitur
1125 3102 1233 3171 lege
1276 3112 1411 3153 certa
1452 3116 1544 3155 seu
1588 3112 1754 3168 recta,
1791 3103 1843 3158 in

260 3175 519 3230 ablativo.
584 3174 806 3227 Notatur
852 3171 1119 3226 aemulatio
1176 3187 1276 3239 qua
1332 3171 1458 3223 Cain
1519 3172 1725 3225 diversa
1776 3174 1842 3227 ab

260 3244 676 3303 Abclemunera
713 3242 990 3297 otierebat.
1028 3241 1177 3295 Recte
1205 3240 1398 3296 otl'erre
1442 3241 1840 3311 intelligendum

261 3326 372 3379 est,
420 3317 631 3369 secluso
662 3326 915 3381 perverso
955 3322 1100 3379 voto,
1148 3323 1199 3367 et
1227 3312 1368 3379 quod
1398 3310 1589 3365 attinet
1618 3314 1682 3367 ad
1712 3313 1843 3367 alias

262 3385 514 3441 sacrificii
560 3387 720 3452 leges.

1947 3386 2087 3440 eida.
2139 3387 2293 3453 Man,
2323 3387 2476 3453 Urb.,
2524 3388 2704 3453 l’tag.,
2750 3386 2963 3451 Weilz.,
3010 3386 3182 3449 Sich.,

1948 3035 2079 3089 duas
2108 3046 2279 3093 sectas
2307 3038 2627 3099 considerat.
2670 3040 2769 3094 sub
2797 3038 3021 3092 duorum
3055 3037 3275 3092 fratrum
3308 3038 3524 3095 nomine

1948 3104 2177 3177 invicem
2228 3122 2581 3177 repugnantes
2609 3119 2660 3161 et
2693 3111 2988 3163 contrarias
3032 3108 3153 3161 sibi.
3205 3108 3353 3166 llunc
3396 3110 3525 3166 Aut-

1947 3174 2115 3246 brosii
2148 3177 2320 3229 locum
2354 3174 2613 3232 inuitatum
2649 3180 2990 3232 Prndmtium
3035 3186 3181 3246 puto.

2020 3245 2109 3299 3'2.
2143 3247 2287 3311 Ald.,
2320 3264 2450 3315 qutr.
2485 3248 2669 3301 Melius
2711 3249 2913 3311 (veteri,
2943 3245 3112 3315 quem.

2018 3317 2109 3371 55.
2146 3318 2321 3381 Alex.,
2358 3318 2504 3379 Ald.,
2537 3318 2670 3379 Gis.,
2717 3318 2868 3381 Fab.,
2900 3317 3096 3370 Widm.
3140 3331 3320 3384 supra,
3352 3318 3524 3384 fratri-

3239 3387 3520 3453 parricida.

344 3436 975 3525 ιίθξῇοίδῖίδτοιςετυε,
1008 3452 1331 3525 Venantium
1365 3453 1738 3525 Fortunatam,
1785 3464 1842 3509 ut
1871 3436 1917 3499 c
1954 3436 2310 3525 inuaserit.
2330 3436 2545 3521 ma;
2569 3436 3455 3525 cas-caminiasprata;

266 3527 396 3581 alibi
435 3541 537 3580 non
578 3541 720 3592 raro,
753 3526 830 3579 sic
878 3524 1039 3578 etiam
1064 3524 1198 3591 eleg.
1233 3525 1289 3589 ‘2,
1323 3524 1413 3577 lib.
1461 3540 1532 3585 ιχ.
1573 3524 1846 3578 Prudentii

268 3596 495 3665 vestigia
548 3598 843 3665 pressisse,
904 3594 1043 3663 quod
1088 3596 1329 3649 docuerit
1371 3594 1593 3665 Abelcm
1640 3596 1849 3665 sarculo

268 3664 438 3721 fuisse
465 3664 809 3722 exstinctum.
844 3666 943 3719 Alii
976 3665 1079 3719 alio
1124 3665 1283 3720 modo
1326 3664 1558 3718 occisum
1597 3664 1845 3730 tradunt,

268 3737 390 3791 sive
419 3737 615 3801 gladio,
638 3740 751 3789 sive
780 3738 934 3799 falce,
966 3736 1077 3789 sive
1100 3735 1262 3799 ferro,
1289 3735 1401 3790 sive
1414 3734 1713 3803 lapidibus,
1739 3736 1850 3790 sive

273 3808 542 3869 manibus,
575 3812 687 3859 sive
711 3808 996 3859 morsibus.
1028 3806 1156 3871 Qua:
1177 3807 1355 3860 omnia
1390 3821 1508 3859 cum
1538 3807 1847 3873 conjectura

273 3877 451 3929 solum
486 3878 802 3939 probentur,
839 3889 943 3927 non
976 3885 1176 3929 temere
1204 3885 1355 3943 poeta
1388 3877 1597 3929 sarculo
1644 3876 1847 3929 exstin-

275 3956 419 3999 ctum
465 3946 612 4007 dicit,
643 3962 748 4013 quo
775 3944 1127 3998 instrumento
1158 3945 1508 4012 agricultores
1541 3947 1606 3998 ad
1656 3947 1848 3999 herbas

276 4014 493 4068 inutiles
523 4014 831 4069 cvellendas
858 4022 1096 4067 utuntur.
1126 4014 1344 4068 Abelem
1376 4030 1404 4066 a
1427 4014 1592 4067 Caiuo
1614 4016 1848 4069 occisum

280 4084 462 4151 plures
491 4086 709 4151 pictura:
732 4086 781 4137 in
810 4084 1135 4137 cmmeteriis
1158 4092 1397 4137 veterum
1425 4083 1847 4139 Christianorum

275 4155 550 4209 exhibent.
615 4155 745 4209 Vide
803 4156 874 4208 cl.
942 4154 1297 4208 Mamachiutu
1362 4164 1491 4211 tom.
1553 4154 1597 4207 11
1667 4156 1845 4223 Antiq.

276 4224 497 4287 Christ.,
523 4241 641 4294 pag.
667 4227 755 4279 30.

350 4296 435 4350 19.
474 4297 593 4350 Vat.
626 4300 689 4358 A,
722 4294 896 4349 minus
919 4295 1080 4360 bene,
1115 4304 1392 4365 perempto.

348 4365 435 4419 20.
470 4366 590 4420 Vat.
642 4368 706 4430 Α,
755 4366 931 4435 Egm.,
965 4366 1119 4419 Torr.
1167 4382 1325 4428 unus,
1358 4378 1410 4418 et
1451 4365 1567 4419 Pal.
1610 4380 1637 4417 a
1680 4366 1849 4434 prima

276 4452 457 4504 mauu,
499 4454 644 4501 sors;
673 4438 757 4490 alii
788 4453 944 4489 mors.
980 4437 1168 4505 Bong.,
1201 4437 1441 4502 vulneris,
1474 4436 1633 4490 male.

347 4508 434 4561 2|.
468 4508 660 4576 Scripti
714 4518 767 4561 et
796 4508 924 4561 editi
975 4507 1118 4570 libri,
1161 4507 1327 4561 cessit.
1370 4508 1522 4577 Apud
1568 4506 1847 4561 \Vcitziutn

276 4579 349 4633 M.
386 4580 537 4643 lierg.
565 4580 688 4646 legit
716 4589 895 4631 cessat.
928 4579 1113 4632 Melius
1145 4586 1228 4631 est
1257 4578 1423 4632 cessit.

348 4649 436 4702 “2i.
480 4653 707 4712 nouom,
741 4650 854 4716 ﬁnit
876 4659 941 4709 et,
976 4663 1273 4716 perperam.

348 4721 439 4774 26.
471 4720 626 4785 Man,
655 4721 787 4787 [acto
811 4720 975 4787 primo
997 4730 1179 4772 contra
1211 4728 1458 4773 metrum.

349 4792 437 4844 5|.
465 4789 688 4848 Bonon.,
734 4790 1050 4849 immolator,
1087 4790 1223 4841 male
1254 4806 1265 4839 ;
1298 4806 1416 4841 nam
1448 4789 1575 4842 Cain
1616 4804 1717 4843 non
1751 4788 1847 4843 fuit

275 4862 582 4916 immolator
609 4861 794 4912 hostia:
842 4859 1085 4920 viventis,
1120 4858 1209 4909 sed
1256 4860 1550 4911 cernulator.
1601 4859 1688 4911 Ait
1716 4859 1849 4912 Pru-

276 4932 510 4995 dentius,
553 4930 651 4985 hac
696 4928 999 4981 narratione
1029 4928 1094 4981 de
1136 4928 1320 4991 Caino,
1364 4930 1450 4993 qui
1480 4930 1708 4981 victima:
1745 4929 1849 4982 fra-

276 5012 445 5057 terna:
472 5001 693 5054 aemulos
714 5040 728 5064 ,
760 4998 972 5051 lratrem
1006 5006 1175 5051 morte
1227 4999 1431 5062 allecit,
1465 4998 1706 5051 deu0tari
1736 5014 1846 5051 rem

276 5073 509 5127 futuram
535 5088 548 5135 ;
579 5086 732 5140 quam
756 5072 778 5122 ?
801 5069 1078 5121 Marcionis
1107 5070 1372 5133 hzrresim,
1399 5069 1487 5136 qui
1514 5069 1847 5136 disciplinam

276 5158 551 5197 sacrorum
577 5156 824 5209 perverso
856 5141 1054 5201 divisit,
1082 5148 1133 5191 ct
1162 5154 1356 5192 nomen
1381 5149 1635 5192 a-tcrnum
1670 5142 1721 5191 in
1744 5142 1849 5193 duo

278 5213 597 5283 segregavit.
626 5212 737 5283 Cur,
761 5210 1077 5283 antetn,gqui
1109 5209 1275 5283 Deum
1321 5209 1530 5283 inditus
1565 5209 1805 5283 dividunt
1830 5254 1843 5276 ,

278 5279 465 5338 iu'hoo
492 5292 602 5338 toto
632 5282 865 5349 prologo,
888 5290 944 5335 et
970 5281 1019 5332 in
1046 5282 1215 5344 pritno
1237 5279 1483 5333 carminis
1504 5294 1655 5331 versu
1683 5280 1846 5335 Caino

278 5364 684 5421 comparentur,
722 5368 823 5403 non
856 5352 982 5403 satis
1024 5349 1301 5421 explicant
1330 5350 1663 5414 interpretes.
1713 5351 1847 5405 Pru-

278 5418 492 5480 dentius
512 5434 602 5477 aut
633 5422 820 5476 litterae
846 5421 1101 5474 versionis
1127 5418 1264 5473 LXX
1291 5419 1637 5485 interpretum
1666 5422 1846 5474 adlue-

280 5497 372 5559 sit,
397 5496 536 5562 quod
567 5494 696 5549 Cain
725 5507 829 5545 non
854 5500 995 5545 recte
1017 5491 1273 5551 divismt,
1308 5501 1398 5543 aut
1426 5492 1598 5562 solum
1629 5491 1849 5545 divisio-

279 5561 733 5619 nem'etschisnia
763 5563 997 5617 omnium
1022 5562 1391 5615 haereticorum
1418 5561 1685 5627 proprium
1711 5562 1847 5615 Mar-

280 5638 496 5689 cionitis
534 5636 737 5702 objicit.
780 5633 1037 5687 Laurctns
1088 5632 1139 5685 in
1172 5631 1314 5685 Silva
1366 5632 1733 5699 allogoriarum
1782 5648 1847 5688 ex

282 5706 381 5761 SS.
426 5705 666 5759 Patribus
693 5706 923 5757 ostendit
961 5704 1183 5755 Caittutn
1215 5716 1334 5755 esse
1371 5704 1589 5769 ligurum
1626 5704 1849 5769 peccati,

284 5776 615 5844 peccatoris,
664 5774 991 5837 Judarorutn,
1041 5773 1218 5840 populi
1276 5772 1849 5844 lucretioorutn,alios

287 5842 567 5900 luereticos
596 5847 921 5913 generautis,
960 5846 1103 5911 pravi
1156 5844 1438 5911 dogmatis,
1471 5854 1523 5895 et
1556 5842 1700 5910 pravi
1729 5858 1850 5896 scu—

285 5933 393 5974 sus.
419 5920 471 5973 ὃ.
508 5915 840 5977 Ambrosius,
872 5916 922 5967 in
956 5914 1044 5968 lib.
1080 5916 1186 5968 ide
1227 5913 1355 5970 Cain
1386 5924 1434 5968 et
1464 5914 1615 5978 Abel,
1650 5927 1767 5982 cap.
1799 5914 1848 5979 |,

2026 3524 2111 3579 51.
2148 3526 2300 3589 Fab.,
2341 3529 2529 3594 Bong.,
2560 3526 2695 3590 Gis.,
2746 3524 2947 3580 diridit.
3001 3524 3293 3589 lleinsiani,
3338 3528 3520 3592 ΑΙυι..

1955 3594 2085 3649 Urb.
2117 3608 2167 3650 ct
2200 3597 2386 3656 nostri,
2419 3596 2506 3649 alii
2535 3597 2744 3657 dividat,
2779 3607 2832 3649 ut
2862 3612 3018 3664 supra
3045 3596 3263 3649 denotet.

2022 3667 2108 3721 56.
2137 3666 2261 3720 Ald.
2294 3678 2346 3720 et
2377 3666 2532 3729 Urb.,
2565 3668 2838 3731 mendose,
2860 3667 2969 3719 Arii
3000 3682 3094 3733 pro
3120 3666 3254 3718 arui.
3299 3666 3520 3721 Marcio-

1952 3752 2075 3790 nctu
2124 3738 2540 3805 corruptissimis
2602 3736 2835 3791 moribus
2886 3738 3047 3790 fuisse
3110 3736 3359 3789 traditum
3417 3746 3521 3799 est.

1952 3806 2345 3861 Chamillardns
2394 3808 2575 3877 objicit
2625 3819 2822 3876 poetae.
2873 3806 3012 3876 quod
3071 3807 3415 3877 penultimam
3465 3809 3521 3860 in

1956 3877 2189 3932 Marcion
2244 3880 2584 3946 produxerit:
2618 3888 2671 3931 et
2703 3879 3002 3946 exemplum
3031 3876 3246 3931 adducit
3277 3892 3341 3946 ex
3374 3876 3522 3931 libris

1953 3961 2140 4003 contra
2178 3945 2495 4003 Marciouetn
2525 3949 2623 4002 sub
2654 3945 2966 4003 Tertulliani
2996 3948 3212 4002 nomine
3238 3966 3249 3999 ε
3286 3945 3412 4000 Ila'c
3440 3965 3523 4001 vo-

1954 4018 2024 4069 bis
2055 4035 2141 4083 per
2176 4020 2483 4070 Marcioncm
2507 4018 2729 4071 Cerdone
2764 4020 3024 4087 magistro.
3055 4017 3249 4087 Verum
3278 4017 3388 4083 alii,
3429 4017 3519 4085 qui

1956 4088 2221 4153 prododia:
2260 4088 2461 4141 indices
2487 4088 2792 4153 conficiunt,
2822 4086 3004 4141 eontra
3036 4086 3227 4139 docent
3270 4097 3377 4140 tres
3408 4101 3523 4139 orn-

1954 4172 2051 4211 nes
2074 4158 2281 4210 vocales
2306 4158 2356 4209 in
2378 4156 2609 4211 Marcion
2632 4172 2752 4211 esse
2776 4156 3165 4226 producendus.
3182 4156 3322 4210 Sane
3344 4171 3523 4209 exem-

1957 4228 2095 4293 plum
2126 4243 2187 4281 ex
2221 4227 2548 4281 Tertulliano
2578 4235 2751 4294 potest
2798 4228 2864 4280 ita
2897 4226 3087 4293 accipi.
3116 4234 3173 4277 ut
3210 4241 3302 4294 pes
3330 4226 3523 4279 tertius

1952 4297 2023 4367 sit
2068 4298 2352 4365 Sponda'us
2382 4298 2512 4351 facta
2558 4298 2811 4367 synteresi
2860 4313 2922 4351 ex
2955 4298 3069 4367 cio_._
3087 4294 3175 4349 Sic
3206 4294 3523 4349 Prudentius

1954 4366 2091 4419 infra
2129 4383 2265 4421 vers.
2296 4368 2397 4421 1‘29
2427 4372 2497 4421 ait
2526 4365 2852 4430 Marcionita,
2897 4367 2984 4419 ubi
3017 4365 3211 4418 Marcio
3240 4376 3319 4419 cst
3362 4381 3522 4431 spon-

1954 4437 2119 4491 dznus.
2154 4438 2287 4491 Vide
2316 4438 2385 4491 ibi
2420 4437 2672 4492 notanda.
2702 4438 2854 4503 Quod
2883 4438 2927 4489 si
2956 4434 3271 4490 auctoritate
3301 4450 3386 4490 res
3411 4436 3523 4490 hinc

1953 4509 2147 4562 confici
2179 4509 2419 4572 deberet,
2447 4525 2549 4561 non
2590 4509 2947 4563 Tertullianus
2969 4507 3364 4561 commentitius
3394 4507 3524 4561 Pru-

1953 4579 2156 4643 dentio,
2181 4579 2273 4633 sed
2306 4579 2623 4633 Prudentius
2646 4578 2975 4632 Tertulliano
2992 4577 3360 4631 cornmentitio
3381 4586 3525 4631 esset

1958 4648 2342 4712 praeferendus.
2381 4650 2570 4703 Ultima
2603 4664 2728 4702 vero
2753 4650 2809 4702 in
2858 4647 3089 4701 Marcion
3128 4648 3436 4716 corripitur,
3469 4656 3525 4701 ut

1954 4718 2006 4772 in
2038 4720 2256 4773 dtenton.
2305 4720 2433 4773 Vide
2464 4720 2670 4783 Prolcg.

2026 4791 2114 4843 57.
2140 4790 2257 4844 Vat.
2280 4790 2343 4853 Λ,
2365 4791 2541 4859 l’tag.,
2574 4790 2711 4849 PaL,
2741 4790 2913 4859 E_gtn.,
2940 4786 3524 4859 ducta;Aldus,Alex.,

1956 4860 2136 4911 ductas
2160 4878 2177 4923 ;
2202 4861 2358 4922 Man,
2394 4857 2511 4913 liai.
2537 4871 2587 4912 ct
2617 4861 2725 4921 alii,
2758 4857 2959 4911 Dui:as.
2992 4858 3066 4910 lla
3097 4869 3254 4912 vocat
3299 4873 3390 4910 eos
3434 4859 3523 4923 qui

1956 4931 2087 4981 duos
2116 4931 2427 4983 asserebant
2450 4945 2571 4983 esse
2593 4931 2741 4981 deos.
2770 4928 3017 4981 Fortasse
3042 4928 3232 4982 melius
3256 4928 3519 4981 scribetur

1952 5001 2069 5053 sine
2090 5008 2374 5061 commate,
2401 5000 2553 5051 Docet
2579 4998 2759 5052 Dnitas
2778 5000 3064 5069 discrepare
3082 5016 3111 5051 a
3132 5000 3336 5067 spiritu.
3371 4995 3526 5049 Glos-

1952 5084 2025 5123 βω
2058 5070 2245 5133 ineptae
2275 5081 2414 5123 sunt.

2025 5141 2112 5193 4t.
2154 5138 2421 5193 fleinsiani
2454 5138 2661 5206 scripti,
2713 5142 2901 5207 quieta.
2952 5139 3127 5204 Alex.,
3185 5136 3311 5193 Urb.
3343 5146 3391 5191 ct
3436 5136 3524 5189 al.i

1954 5212 2144 5273 nostri,
2178 5211 2421 5277 quietam,
2446 5224 2563 5263 cum
2589 5209 2776 5273 Gisel.,
2807 5210 2956 5273 Ald.,
2992 5207 3179 5263 Weitz.

2025 5279 2113 5334 ω.
2146 5276 2323 5347 Prag.,
2376 5284 2529 5348 [εδδα.
2574 5279 2691 5335 Vat.
2723 5282 2789 5346 A,
2834 5280 3074 5332 virorum.
3120 5277 3339 5348 Corrige
3383 5276 3527 5344 [aaut

1955 5362 2007 5405 ct
2030 5367 2269 5403 urorum.
2772 5388 2777 5391 .

2025 5422 2115 5475 45.
2153 5420 2276 5474 Post
2311 5419 2449 5476 hunc
2478 5436 2685 5476 versum
2728 5420 2779 5472 in
2804 5420 2982 5474 multis
3011 5432 3140 5473 mss.
3171 5417 3322 5473 adest
3359 5416 3489 5471 alios
3510 5457 3525 5478 ,

1956 5493 2006 5544 io
2046 5494 2198 5554 Mar.,
2248 5490 2393 5557 llat.,
2426 5492 2605 5557 Prag.,
2640 5489 2851 5554 Weitz.,
2888 5488 3000 5544 Gis.
3042 5500 3094 5544 et
3135 5489 3273 5552 aliis,
3321 5487 3419 5542 scil
3443 5498 3527 5542 cet

1957 5561 2061 5613 llic
2089 5563 2173 5629 qui
2198 5563 2378 5615 caduci
2401 5580 2505 5615 rem
2528 5558 2713 5613 laboris
2740 5561 2974 5627 o/ferens.
3001 5558 3107 5614 Sed
3136 5562 3187 5614 in
3211 5560 3345 5614 Mar.
3378 5558 3526 5612 deest

1956 5648 2057 5686 vox
2096 5632 2197 5695 hic,
2230 5634 2279 5686 in
2325 5633 2573 5701 Pragens.
2602 5632 2745 5698 prius
2788 5632 2998 5698 ponitur
3027 5630 3159 5701 Hic,
3201 5631 3286 5697 qui
3318 5630 3526 5701 caduci,

1960 5710 2067 5756 tum
2101 5701 2203 5755 Hic
2245 5720 2295 5757 se
2326 5700 2539 5756 caduco.
2589 5703 2757 5755 Abest
2793 5702 2859 5754 ab
2897 5700 3073 5765 Μυκη
3124 5700 3279 5767 Urb.,
3312 5700 3430 5754 Vat.
3462 5701 3527 5760 A,

1956 5773 2101 5837 Ald.,
2135 5775 2308 5840 Egim,
2338 5773 2501 5826 Palat.
2528 5781 2582 5826 et
2626 5772 2923 5826 lleinsianis
2949 5771 3365 5840 exemplaribus.
3390 5769 3526 5822 Teo-

1958 5844 2075 5907 Iius,
2102 5845 2190 5912 qui
2239 5852 2392 5911 negat
2452 5843 2613 5896 ullum
2648 5844 3023 5898 Vaticanorum
3061 5841 3341 5912 agnovisse
3389 5840 3528 5906 hunc

1957 5930 2189 5981 versum,
2225 5930 2326 5969 non
2363 5913 2572 5971 videtur
2607 5914 2921 5973 observasse
2950 5916 3190 5972 codicem
3212 5912 3460 5977 Marieui.
