4092 6344
552 370 682 431 {OH

586 491 659 548 45
732 491 942 555 Malum,
980 490 1304 558 bonumque,
1334 502 1432 542 ceu
1461 487 1686 542 duorum
1719 502 1977 557 separans

733 584 971 652 Regnum
1011 580 1495 668 deorumksceptra
1524 579 1807 634 committit
1836 580 1943 636 duo
1968 598 1981 645 ;

735 679 895 731 Deum
928 691 1048 731 esse
1078 675 1326 742 credens,
1353 690 1512 743 quem
1544 674 1734 728 fatetur
1774 675 2091 743 pessimum,

728 766 855 821 Cain
885 776 1160 833 cruentus,
1184 766 1409 821 unitatis
1439 765 1674 830 invidus,

726 860 903 915 Mundi
934 860 1178 923 colonus,
1208 859 1513 914 immolator
1534 840 1845 927 squalidus;

584 955 653 1009 50
725 952 887 1020 Cujus
908 953 1127 1007 litamen
1156 952 1358 1017 sordet,
1384 960 1437 1006 et
1465 959 1659 1005 terram
1691 950 1846 1021 sapit,

723 1047 947 1101 Terram
972 1045 1155 1100 caduci
1179 1045 1441 1114 corporis,
1467 1058 1654 1098 venam
1682 1052 1911 1113 putrem,

726 1140 961 1193 llumore
991 1139 1161 1194 denso
1193 1137 1591 1208 conglobatam,
1625 1147 1678 1191 et
1705 1138 1923 1207 pulvere
1950 1154 1964 1191 :

722 1230 920 1285 Natura
951 1231 1104 1299 cujus
1132 1230 1317 1285 fraude
1349 1229 1503 1283 ﬂoret
1532 1228 1713 1295 fertili,

725 1323 973 1378 Fecunda
1001 1323 1229 1379 fundens
1259 1323 1540 1377 noxiorum
1578 1319 1830 1389 crimina,

1657 369 1930 425 AURELII
1974 368 2341 426 PRUDENTII
2384 366 2710 424 CARMINA.

2155 488 2300 550 A55

3674 362 3810 423 1012

2409 487 2570 558 499
2598 484 2906 552 Auimaaque
2930 482 3090 535 vitam
3120 479 3241 535 labe
3261 480 3439 535 carnis
3465 486 3677 537 enecat.

2409 578 2545 634 Caro
2576 579 2625 631 in
2649 590 2886 630 sororem
2914 572 3014 628 tela
3038 581 3272 627 mentem
3302 571 3517 643 dirigit:

2410 672 2557 726 Mens
2588 672 2638 725 in
2668 670 2890 725 cerebro
2922 668 3212 723 ventilatur
3237 664 3411 734 ebrio,

2410 764 2491 819 Ex
2516 779 2619 833 quo
2642 762 2849 817 furores
2871 760 3209 815 succulentos
3238 758 3443 829 colligit

2412 855 2628 911 Madens
2663 868 2873 910 veneno
2900 853 3143 923 corporis
3170 851 3521 923 lymphatico.

2236 948 2305 1005 60
2413 949 2579 1004 Deum
2614 961 2902 1017 perennem
2936 945 3090 999 ﬁndit
3113 945 3169 999 in
3191 943 3325 1000 duos
3357 944 3527 999 deos:

2412 1044 2583 1100 Audet
2616 1057 2799 1099 secare
2825 1056 3021 1097 numen
3052 1040 3365 1096 insecabile.

2408 1137 2538 1192 Cain
2561 1142 2886 1206 peremptor,
2920 1132 3194 1203 denegans
3222 1146 3387 1187 unum
3408 1130 3599 1199 Deum,

2409 1228 2541 1286 Cain
2568 1229 2877 1299 triumphat,
2906 1234 3080 1284 morte
3112 1226 3293 1283 fratris
3320 1224 3522 1281 allitus.

1852 1412 2138 1472 GLOSSE
2177 1410 2515 1475 VETERES.

616 1506 704 1562 46.
730 1506 1050 1571 Committit,
1076 1506 1268 1574 ﬁrmat,
1304 1504 1344 1558 1.

614 1579 705 1633 48.
737 1580 888 1641 Cain,
925 1576 1177 1639 Marcion,
1208 1575 1244 1628 I.

616 1651 703 1704 50.
730 1650 968 1702 Lilaan
993 1688 1007 1711 ,
1037 1648 1244 1701 oblatio.
1273 1676 1342 1686 —
1380 1646 1608 1713 Sordet,
1643 1649 1782 1717 fetet.
1826 1674 1897 1685 —
1945 1643 2119 1714 Sapit,

546 1736 780 1789 saporem
812 1731 1064 1774 terrenum
1096 1718 1272 1781 habet,
1304 1718 1345 1772 Ι.

615 1792 705 1845 51.
739 1790 957 1851 Venam,
984 1790 1171 1843 scilicet
1193 1788 1349 1857 sapit,
1374 1789 1415 1843 l.

614 1863 702 1916 57.
735 1860 916 1927 Ebrio,
948 1862 1145 1924 insano,
1178 1860 1217 1914 1.

616 2066 705 2121 46.
738 2064 916 2133 Prag.,
949 2082 1104 2137 regna
1135 2066 1388 2130 duorum;
1424 2080 1605 2135 supra,
1659 2065 2117 2137 divorum.ﬁMar.,

545 2154 707 2208 regna
736 2135 1211 2206 divorumfsupra,
1243 2138 1482 2192 duorum.
1516 2137 1658 2201 Rat.,
1695 2135 2119 2208 Bong.,__Widm.

547 2205 732 2278 supra,
756 2224 910 2279 regna
937 2205 1190 2262 divorum.
1224 2208 1368 2273 Ald.,
1401 2208 1617 2279 Weitz.,
1647 2207 1841 2271 Palat.,
1871 2205 2070 2279 Widm.
2094 2224 2126 2263 a

545 2277 719 2349 prima
763 2277 942 2349 manu,
969 2294 1180 2345 regnum
1208 2279 1448 2349 duorum.
1488 2277 1624 2341 Gis.,
1654 2292 1875 2349 regnum,
1890 2277 2122 2349 deorum.

546 2346 853 2404 Assentitur
876 2347 1115 2403 Giselino
1138 2348 1413 2403 Heinsius:
1436 2363 1607 2417 neque
1629 2348 1678 2401 id
1698 2346 1825 2400 mihi
1848 2346 2124 2415 displicet:

547 2436 671 2502 nam
694 2436 849 2492 regna
875 2429 928 2473 et
958 2422 1192 2473 divorum
1220 2430 1391 2502 metro
1416 2428 1743 2502 repugnant;
1773 2418 1993 2502 duorum
2017 2419 2125 2487 jam

549 2488 767 2559 dictunf
780 2500 862 2545 est
888 2506 1049 2545 versu
1080 2490 1372 2559 superiori:
1399 2488 1498 2543 nisi
1524 2490 1869 2558 iuterpungas
1888 2488 1993 2559 hoc
2019 2505 2134 2543 mo-

554 2562 626 2615 do
656 2558 877 2626 Malum,
908 2558 1192 2631 bonumque
1225 2578 1315 2614 ceu
1354 2562 1573 2615 duorum
1612 2575 1853 2631 separans
1877 2558 2130 2627 Regnum,

554 2633 777 2685 duorum
815 2643 1013 2701 sceptra
1063 2633 1330 2687 committit
1378 2634 1499 2685 duo.
1534 2632 1589 2686 ln
1632 2631 1749 2685 Vat.
1798 2633 1865 2701 Α.
1894 2631 2047 2701 Alex.
2080 2640 2133 2685 et

555 2701 687 2773 Urb.
711 2700 1198 2773 exstat'utrumque
1220 2720 1431 2773 regnum
1462 2713 1515 2757 et
1540 2704 1792 2773 duorum.
1811 2700 2133 2755 Cltamiilar-

550 2772 649 2828 dus
697 2783 751 2828 et
793 2774 1056 2829 Cellarius
1104 2771 1320 2828 Heinsio
1350 2774 1645 2829 adiutarent.
1690 2771 1864 2837 Sich.,
1917 2786 2132 2842 regnum

551 2844 787 2898 divorum
810 2854 995 2899 contra
1026 2854 1278 2899 metrum.

621 2916 712 2969 51.
739 2915 859 2969 Vat.
891 2918 955 2980 A,
986 2917 1146 2981 male,
1182 2924 1318 2969 terra
1345 2914 1555 2969 caduci.

620 2986 709 3040 54.
743 2985 1009 3039 Cauchius
1037 2987 1255 3052 conjicit
1284 2986 1573 3038 noxiarum.

621 3056 710 3109 56.
734 3053 894 3120 Caro,
928 3072 1069 3108 soror
1090 3058 1289 3117 mentis,
1336 3067 1391 3107 ut
1422 3068 1579 3122 supra
1605 3053 1802 3123 Apoth.
1830 3072 1973 3113 vers.
2004 3054 2132 3121 827,

550 3141 666 3179 cum
691 3127 857 3179 cordis
884 3126 1034 3178 amici
1064 3124 1282 3179 Intravit
1304 3142 1543 3196 germana
1564 3126 1796 3193 domum,
1825 3136 1929 3184 etc.

2299 1510 2387 1564 58.
2420 1506 2789 1571 Succulentos,
2818 1504 3136 1574 purulentas,
3168 1502 3245 1556 vel
3269 1502 3497 1568 insanos,
3529 1500 3569 1555 1.

2304 1580 2391 1635 59.
2423 1578 2794 1650 Lymphatico,
2828 1574 3109 1650 fu_renti,_l_.

2302 1651 2386 1705 65.
2419 1645 2573 1715 Cain,
2600 1645 2850 1715 Marcion,
2876 1647 2991 1706 1.-
3013 1645 3350 1715 Triumphat,
3374 1646 3509 1699 malo
3537 1646 3816 1715 triumpho,

2231 1731 2277 1776 et
2325 1722 2461 1775 malo
2503 1738 2593 1775 suo
2642 1719 2935 1788 mulctatus,
2970 1718 3092 1773 Vat.
3140 1717 3206 1775 A.
3236 1716 3527 1783 —Alitus,
3576 1718 3816 1783 nutritus,

2164 1849 2211 1909 Β
2242 1794 2307 1859 1.,
2334 1792 2454 1847 Vat.
2489 1792 2550 1846 A.

1900 1948 2464 2007 COMMENTARIUS.

2235 2068 2380 2131 Put.,
2414 2066 2583 2132 Roth,
2612 2074 2720 2119 tres
2741 2065 2919 2131 Torr.,
2964 2064 3099 2117 cadit
3127 2072 3403 2132 perempta,
3430 2062 3635 2117 scilicet
3665 2077 3819 2119 mens

2234 2138 2537 2193 Marcianis.
2596 2136 2828 2201 Thuan.,
2882 2134 3019 2188 cadit
3067 2145 3371 2205 peremptor.
3432 2134 3621 2199 Aldus,
3674 2135 3817 2187 cadet

2236 2218 2538 2279 peremptor.
2573 2207 2771 2279 Widm;
2823 2206 2887 2279 ad
2943 2221 3121 2279 oram,
3152 2221 3317 2279 _me_ns_
3359 2206 3819 2279 perempta‘cadit,

2238 2275 2423 2334 contra
2456 2288 2703 2333 metrum.
2731 2277 2945 2331 Teolius
2985 2276 3200 2331 Heinsio
3248 2276 3495 2339 inhreret,
3525 2275 3677 2329 Cadit
3710 2288 3829 2346 per-'

2239 2361 2435 2417 empta,
2491 2349 2733 2417 quamvis
2760 2355 2983 2410 astruat,
3013 2347 3148 2400 duos
3174 2346 3329 2400 codd.
3362 2346 3500 2399 Vatt.
3528 2346 3605 2400 illi
3626 2349 3821 2413 favere,

2240 2416 2466 2475 ceteros
2494 2416 2777 2487 peremptor
2805 2416 3077 2487 praeferre,
3110 2424 3165 2470 ut
3195 2418 3245 2469 in
3282 2417 3536 2485 Vulgatis.

2311 2491 2396 2545 63.
2432 2485 2576 2553 Alvd.,
2604 2489 2784 2553 Fabr.,
2809 2485 2947 2551 Εἰς..
2972 2486 3152 2541 illitus.
3179 2488 3411 2552 Tltuan.,
3442 2485 3824 2550 Rot.,Cauch.,

2241 2572 2351 2618 tres
2379 2562 2559 2623 Torr.,
2597 2562 2822 2622 Bonon.,
2855 2560 3039 2612 oblitus
3067 2559 3133 2611 ab
3157 2558 3347 2619 oblino,
3375 2558 3516 2626 quod
3548 2560 3827 2624 amplexus

2242 2642 2322 2688 est
2352 2632 2618 2698 Heinsius,
2668 2640 2721 2685 et
2751 2644 2871 2684 cum
2915 2629 3130 2683 Heinsio
3185 2630 3530 2683 recentiores.
3580 2629 3827 2697 Plerique

2242 2705 2453 2768 halitus,
2490 2711 2588 2755 'aut
2643 2702 2795 2754 alitus
2826 2716 2944 2756 cum
2998 2702 3173 2769 glossa
3230 2699 3451 2754 ridicula
3502 2701 3729 2752 nutritus
3776 2709 3829 2753 ut

2244 2775 2364 2829 Vat.
2396 2774 2460 2838 A,
2489 2773 2663 2837 Alex.,
2689 2771 2845 2830 Urb..
2872 2772 3024 2835 Mar.,
3066 2772 3244 2839 Prag..
3285 2770 3425 2833 Rat.,
3473 2770 3670 2825 Weitz.
3728 2769 3829 2823 Me-

2245 2856 2383 2900 trum
2414 2860 2518 2898 non
2552 2844 2751 2911 patitur
2775 2843 2927 2895 alitus
2949 2856 3043 2910 pro
3074 2842 3323 2895 nutritus.
3355 2841 3465 2909 Ego
3482 2842 3693 2905 accipio
3720 2841 3829 2893 alli-

2244 2925 2320 2970 tus
2348 2916 2416 2968 ab
2438 2915 2620 2977 allino,
2651 2928 2757 2982 quo
2780 2913 2941 2966 verbo
2966 2927 3092 2965 usus
3120 2922 3204 2965 est
3228 2913 3440 2975 Cicero,
3483 2922 3554 2982 et"
3584 2911 3829 2965 Horatius

2244 2989 2297 3042 in
2328 2990 2458 3041 Arte
2490 2981 2720 3052 poetica,
2769 2984 3032 3052 incomptis
3081 2983 3259 3036 attinet
3308 2991 3479 3035 atrum
3523 2981 3831 3035 Transverso

2245 3059 2442 3110 calamo
2472 3057 2713 3126 signum;
2745 3064 2798 3108 et
2837 3067 3026 3107 sensus
3059 3062 3155 3126 est,
3172 3053 3309 3126 idem
3357 3068 3418 3105 ac
3441 3054 3495 3126 in
3526 3054 3831 3126 oblitus_aut

2244 3130 2425 3193 illitas,
2452 3123 2552 3180 hoc
2584 3134 2664 3181 est
2688 3126 3006 3179 maculatus.
3041 3124 3224 3178 Omitti
3256 3134 3431 3177 autem
3450 3123 3620 3178 altera
3644 3140 3675 3178 e
3706 3123 3831 3177 dua-

621 3198 710 3277 _57.
752 3196 896 3258 Ald.,
946 3193 1381 3278 Marqll’ragz'ua
1424 3198 1625 3278 prima.
1657 3214 1835 3266 manu,
1872 3198 2073 3278 Widm.
2107 3213 2136 3252 a
2168 3210 2213 3275 ρ
2246 3200 2344 3278 bus
2408 3193 3052 3278 consonantibusmfacile
3114 3194 3305 3278 potuit.
3377 3194 3610 3278 Isidorus
3661 3195 3831 3278 ἰεῦ..)

548 3268 720 3339 prima
752 3282 934 3339 manu,
966 3267 1219 3339 illecebro.
1249 3267 1377 3334 Alii,
1418 3269 1471 3320 in
1496 3269 1720 3335 cerebro,
1769 3270 1911 3339 quod
1940 3285 2134 3326 sensus

551 3337 772 3407 ﬂagitat.
812 3338 1023 3402 Weitz.,
1058 3338 1303 3391 illicebro.

620 3410 710 3463 59.
740 3409 919 3477 Prag.,
945 3408 1266 3479 lymphatici,
1299 3424 1402 3463 non
1427 3409 1496 3463 ita
1524 3410 1676 3466 bene.

618 3479 709 3533 6t).
743 3480 971 3545 Bonon.,
996 3481 1165 3549 fundit
1188 3481 1239 3532 in
1260 3481 1411 3543 duos,
1445 3482 1599 3535 male.

617 3550 707 3605 6i.
759 3550 905 3616 Ald.,
975 3566 1197 3613 nomen;
1240 3554 1475 3616 rectius,
1522 3569 1726 3607 numen.
1788 3554 2037 3609 Heinsius
2086 3562 2142 3610 et

549 3618 763 3688 Chaun,
793 3621 1109 3676 insecabile?
1136 3624 1490 3690 interrogans.
1904 3645 1920 3660 ο

620 3692 705 3745 62.
757 3690 974 3765 Weitz.,
1018 3690 1241 3759 Widm.,
1282 3694 1477 3765 ABong”
1528 3693 1711 3759 Fabr.,
1761 3696 1939 3760 Alex.,
1989 3696 2137 3765 Rat.,

551 3760 685 3817 Mar.
712 3763 1004 3835 agsecunda
1036 3778 1215 3827 manu,
1268 3760 1423 3816 Cain'
1454 3777 1758 3835 peremptor.
1792 3767 1908 3820 Vat.
1940 3770 2006 3834 A,
2037 3760 2137 3822 Bo;

551 3844 703 3896 non.,
749 3832 927 3901 Prag.,
961 3833 1094 3887 Mar.
1122 3851 1149 3885 a
1175 3835 1342 3900 prima
1368 3849 1527 3889 manu
1560 3832 1705 3902 Rat.,
1738 3852 1919 3905 supra,
1954 3832 2129 3907 Egm.,

2250 3270 2449 3341 Etym.,
2480 3285 2597 3335 cap.
2623 3267 2713 3331 ‘27,
2738 3283 2803 3341 ex
2832 3264 3129 3341 Victorino
3154 3267 3248 3330 ait,
3276 3273 3484 3341 veteres
3515 3280 3622 3320 non
3665 3264 3832 3341 dupli-

2248 3336 2400 3396 casse
2430 3341 2650 3401 littems,
2680 3339 2772 3393 sed
2796 3353 2954 3407 supra
2983 3337 3213 3392 sicilicos
3236 3340 3567 3406 apposuisse,
3603 3347 3660 3390 ut
3683 3336 3829 3391 sella.

2247 3414 2407 3479 ser‘a,
2468 3412 2684 3464 as‘eres.
2719 3410 2774 3464 ln
2806 3409 3038 3479 antiquis
3072 3411 3425 3463 marmoribus
3457 3424 3604 3475 srcpe
3629 3407 3828 3461 deside-

2248 3493 2395 3536 ratur
2420 3498 2523 3535 una
2546 3496 2576 3535 e
2608 3480 2816 3535 duabus
2846 3479 3264 3534 consonantibus
3285 3495 3403 3550 qua:
3428 3479 3478 3534 in
3505 3481 3829 3550 aliquags'ore

2248 3562 2429 3608 essent
2458 3551 2812 3617 duplicandaa.
2840 3550 3161 3605 Prudentius
3184 3548 3503 3604 Marcionem
3526 3565 3643 3604 cum
3667 3548 3827 3602 Caluo

2248 3625 2454 3679 confert
2483 3640 2496 3677 :
2532 3623 2585 3675 in
2617 3623 2805 3676 codem
2840 3637 2964 3675 vero
2991 3621 3257 3675 Marciane
3308 3638 3497 3675 rursus
3545 3621 3677 3673 inter
3704 3634 3825 3671 car-

2253 3711 2372 3749 nem
2400 3704 2451 3747 et
2477 3702 2709 3748 mentem
2738 3692 3047 3761 distinguit;
3082 3707 3296 3747 carnem
3331 3692 3543 3746 nomine
3572 3689 3716 3743 Caini
3747 3690 3825 3741 in-

2253 3765 2459 3833 telligit,
2483 3763 2624 3833 quod
2654 3764 2793 3817 male
2808 3763 3213 3833 triumphaverit
3240 3762 3305 3819 de
3327 3773 3526 3828 mente,
3559 3777 3675 3815 eam
3701 3776 3827 3828 pra:-

2244 3836 2458 3906 cipitem
2492 3834 2725 3888 trahens.

556 3970 3826 3995 Μόψ-

1613 4103 2728 4271 HAMARTIGENIA.

1844 4313 2558 4339 *-

727 4428 890 4500 500
960 4426 1078 4493 Quo
1104 4434 1157 4481 te
1184 4423 1484 4495 praecipitat
1531 4422 1709 4479 rabies
1767 4431 1877 4489 tua,
1936 4419 2139 4489 perﬁde

1900 4512 2028 4568 Cain
2045 4553 2060 4578 ,

1900 4514 2028 4568 Cain

727 4608 932 4663 Divisor
960 4608 1272 4677 blaSpheme
1302 4609 1441 4663 Dei?
1490 4608 1585 4664 tibi
1614 4514 1872 4664 conditor[
1892 4620 2029 4661 unus

2425 4420 2541 4474 Non
2583 4418 2769 4487 liquet,
2800 4425 2855 4471 et
2882 4416 3063 4472 bifida:
3095 4417 3324 4487 caligant
3353 4418 3527 4471 nubila
3564 4417 3721 4472 lucis.

2420 4511 2689 4567 lnsincera
2720 4511 2861 4566 acies
2890 4509 2998 4564 duo
3027 4524 3121 4578 per
3146 4510 3370 4564 divortia
3403 4524 3617 4577 semper

2244 4606 2277 4659 5
2422 4605 2721 4676 Spargitur,
2755 4606 2808 4660 in
2838 4603 3065 4675 geminis
3092 4604 3259 4657 visum
3304 4601 3556 4655 frustrata
3590 4601 3787 4671 figuris.

1862 4718 2151 4776 GLOSSE
2191 4719 2531 4777 VETERES.

616 4836 673 4892 1.
702 4835 851 4903 Cain,
886 4834 1209 4899 Marcionita,
1243 4833 1282 4887 Ι.

547 4978 566 5035 Ι
616 4906 672 4963 5.
702 4907 913 4975 Liquet,
944 4908 1321 4977 manifestatur,
1347 4913 1500 4978 patet.
1530 4933 1603 4947 —
1632 4903 1813 4972 Lucis,
1844 4904 2128 4970 oculorum,

572 4993 655 5035 so.

2158 4834 2215 4895 D
2309 4834 2362 4888 4.
2386 4832 2677 4899 lnsincera,
2709 4834 2930 4902 impura,
2958 4846 3059 4884 non
3091 4847 3238 4899 pura.
3268 4860 3335 4871 —
3364 4830 3540 4893 Acies,
3574 4832 3729 4885 visus.
3757 4855 3822 4870 —-

2241 4905 2496 4969 Divortia,
2526 4905 2827 4969 deviamina,
2857 4902 3173 4971 diverticula,
3218 4904 3257 4959 1.

2311 4977 2363 5031 5.
2397 4975 2691 5041 Frustrata,
2726 4975 2839 5043 ipsa
2867 4974 3019 5042 acies,
3054 4975 3093 5028 l.

1888 5087 2456 5148 COMMENTARIUS.

614 5205 665 5257 1.
696 5203 1079 5266 Argumentum
1122 5198 1302 5268 operis
1332 5198 1487 5254 titulo
1513 5200 1829 5267 exprimitur
1868 5202 2122 5256 Adversus

543 5274 899 5335 Marcionitas,
930 5274 1015 5341 qui
1047 5274 1176 5325 duos
1214 5271 1335 5325 deos
1384 5286 1492 5325 esse
1542 5273 1808 5341 affirmant,
1864 5273 1916 5327 in
1973 5275 2121 5340 Rat.,

540 5344 723 5412 Prag.,
756 5344 988 5407 Thuau.,
1039 5344 1235 5407 Oxon.,
1268 5343 1425 5397 Alex.
1479 5342 1533 5396 ln
1576 5344 1731 5408 Aldo,
1764 5344 2122 5412 afﬁrmabant;

542 5414 779 5485 Vat.,A,
828 5426 1071 5468 asserunt.
1126 5412 1235 5485 Gis.
1279 5413 1495 5478 2edit.,
1543 5412 1952 5485 Hamartigenia,
2005 5416 2123 5471 aliis

540 5484 775 5544 omissis,
810 5495 863 5539 et
905 5486 968 5538 ad
998 5502 1145 5540 oram
1182 5484 1373 5538 Duitrc.
1784 5484 1791 5485 7
2088 5512 2091 5513 ν

611 5555 664 5608 2.
698 5554 877 5625 Lupus
908 5555 1263 5611 Ferrariensis
1293 5557 1453 5626 epist.
1474 5556 1545 5612 20
1567 5556 1634 5612 ad
1675 5556 1946 5613 Altuinum
1984 5558 2122 5613 hunc

538 5642 757 5701 tersum
789 5636 840 5681 et
870 5626 991 5701 ejus
1035 5638 1305 5701 auctorem
1363 5628 1463 5683 hoc
1518 5628 1691 5701 elogio
1746 5630 2120 5698 prosequitur:

540 5697 750 5753 ercus
794 5698 999 5771 quidam
1049 5698 1252 5753 (ἔνατος
1295 5697 1629 5757 BLAanEstus
1683 5702 1847 5771 dicere
1898 5697 2131 5771 cerrepta

540 5770 822 5837 pcnultima
862 5768 987 5823 mihi
1029 5780 1316 5824 constanter
1348 5773 1681 5827 asseruit.....
1714 5770 1907 5825 Tamen
1963 5768 2128 5825 Aure-

542 5838 645 5895 lius
671 5839 1002 5909 Prudentius,
1037 5842 1124 5917 qui
1147 5840 1287 5911 apud
1316 5842 1582 5913 plerosque
1607 5842 2035 5899 vehementissime
2056 5859 2131 5897 ce-

2235 5204 2479 5267 lebratur,
2513 5204 2568 5257 id
2596 5219 2781 5257 nomen
2809 5205 2885 5257 sic
2904 5204 3089 5272 posuit,
3126 5218 3336 5258 mvrson
3366 5219 3674 5259 nuspnaue
3717 5222 3820 5258 ori.

2236 5274 2372 5327 Hinc
2404 5276 2559 5343 igitur
2587 5276 2734 5343 longe
2757 5275 2953 5341 lateque
2974 5277 3215 5339 manavit,
3256 5286 3311 5328 ut
3364 5290 3718 5333 BLASPHFMFS.
3779 5290 3826 5328 et

2232 5359 2535 5399 BLASPlllilln
2559 5356 2819 5398 accentum
2843 5347 2893 5399 in
2928 5348 3205 5413 penultima
3250 5348 3445 5416 syllaba
3496 5350 3817 5401 sortirentur.

2231 5416 2412 5485 Lupus
2440 5426 2714 5471 accentum
2742 5431 2861 5471 cum
2908 5418 3124 5488 syllaba:
3154 5420 3447 5486 quantitate
3493 5420 3777 5473 confundit
3807 5437 3817 5469 :

2234 5503 2353 5540 nam
2382 5489 2668 5553 penultima
2709 5489 2758 5541 in
2818 5488 3139 5556 blasphemus
3194 5498 3276 5543 est
3322 5492 3502 5557 longa,
3564 5498 3816 5544 accentus

2230 5574 2363 5613 vero
2393 5569 2472 5611 est
2507 5561 2557 5611 in
2582 5561 3017 5627 antepenultima.
3063 5560 3194 5614 Vide
3219 5561 3423 5625 Proleg.

2309 5631 2359 5684 5.
2389 5630 2462 5682 Ex
2506 5630 2732 5684 Tertull.
2769 5628 2901 5684 Iib.t
2960 5630 3216 5685 adversus
3265 5632 3546 5691 Marcith
3606 5646 3724 5697 cap.
3754 5631 3818 5683 2.

2240 5700 2356 5767 Quo
2386 5700 2588 5769 facilius
2624 5703 2748 5754 duos
2779 5703 2897 5755 deos
2937 5704 3056 5755 cwci
3084 5704 3397 5770 perspexisse
3425 5718 3476 5755 se
3502 5703 3820 5754 existimare-

2234 5781 2375 5825 runt.
2429 5771 2596 5825 Unum
2624 5774 2754 5826 enim
2782 5789 2881 5825 non
2923 5774 3113 5842 integre
3154 5776 3408 5825 viderunt.
3470 5772 3820 5841 Lippientibus

2231 5844 2382 5898 etiam
2408 5844 2683 5909 singularis
2712 5845 2917 5900 lucerna
2943 5860 3213 5899 numerosa
3240 5856 3330 5899 est.
