4092 6344
171 326 177 337 ‘
276 338 419 431 tots

376 448 377 451 “
445 456 734 513 Terrarum
762 452 858 511 tibi
882 453 1051 510 forma
1092 454 1287 525 duplex
1316 454 1544 522 obludit,
1574 465 1632 511 ut
1658 471 1851 512 excors
1874 460 1938 521 Λ

452 549 735 606 Dividuum
766 564 994 620 regnare
1023 549 1190 605 Deum
1224 565 1385 619 super
1413 550 1613 605 tethera
1645 551 1856 606 credas.

450 641 578 697 Bina
606 642 758 710 boni,
792 651 954 712 atque
977 641 1100 697 mali
1130 641 1393 713 glomerat
1414 642 1725 698 discrimina
1748 658 1864 698 sor-

1662 736 1796 790 dens

1662 736 1796 790 dens

452 823 548 881 Hic
594 824 824 880 mundus
854 846 866 884 :
893 822 1115 882 domino
1158 827 1253 882 sed
1301 826 1494 882 coelum
1522 734 1862 898 obtimperat

1683 924 1793 997 [uni

277 1015 340 1071 l0
452 1014 570 1069 Non
595 1013 795 1069 idcirco
821 1014 955 1069 duos
985 1016 1218 1072 retinent
1241 1018 1482 1075 caelestia
1510 1034 1687 1090 reges,

460 1107 613 1174 Quod
643 1104 750 1161 duo
776 1117 902 1162 sunt
926 1121 1090 1179 Opera
1121 1110 1382 1165 humanas
1408 1114 1662 1183 agitantia
1690 1128 1865 1170 curas.

452 1199 697 1256 Exterior
723 1209 970 1257 terrenus
998 1203 1161 1258 homo
1190 1213 1288 1271 est,
1324 1206 1413 1276 qui
1455 1206 1579 1261 talia
1606 1221 1856 1275 cernens,

451 1291 705 1362 Conjicit,
744 1308 863 1349 esse
892 1293 997 1350 duo
1028 1298 1295 1352 variarum
1345 1299 1563 1353 numina
1594 1314 1796 1365 rerum,

457 1385 590 1441 Dum
611 1395 757 1457 putat
776 1402 895 1443 esse
915 1388 1105 1457 Deum,
1130 1391 1222 1461 qui
1241 1406 1402 1461 prava
1416 1392 1697 1471 efﬁnxerit
1717 1396 1870 1465 olim,

277 1481 345 1536 15
458 1483 615 1556 501
648 1484 713 1538 Et
744 1485 835 1553 qui
876 1495 1021 1541 recta
1067 1486 1251 1543 itidem
1299 1488 1540 1545 condens
1579 1490 1868 1561 induxerit,

1583 1585 1589 1653 Ι
1613 1584 1801 1639 ambos

458 1673 712 1724 Autumat
742 1684 861 1724 esse
884 1668 1014 1726 deos
1049 1680 1237 1727 natura
1265 1674 1478 1744 dispare
1506 1690 1770 1732 summos.

450 1763 580 1832 Qua:
610 1764 821 1819 tandem
857 1775 1045 1820 natura
1073 1776 1250 1837 potest
1278 1771 1577 1827 consistere
1604 1772 1824 1843 duplex,

454 1860 558 1914 Aut
586 1873 811 1927 regnare
832 1858 922 1913 diu
949 1877 960 1913 :
991 1876 1149 1929 quam
1180 1861 1299 1916 fons
1340 1862 1544 1920 divisus
1568 1864 1635 1921 ab
1675 1881 1800 1922 arce

456 1949 704 2020 Separat,
736 1951 1052 2022 alternaque
1088 1954 1299 2023 apicum
1331 1956 1533 2012 ditione
1563 1959 1798 2014 recidit?

278 2039 348 2097 20
458 2043 564 2097 Aut
588 2057 725 2097 unus
749 2042 889 2098 Deus
911 2054 1015 2111 est,
1038 2060 1216 2101 rerum
1238 2047 1326 2103 cui
1356 2061 1565 2103 summa
1593 2060 1829 2120 potestas
1853 2070 1866 2104 :

461 2134 525 2188 At
580 2150 698 2204 qua:
753 2136 860 2204 jam
918 2134 1024 2191 duo
1080 2144 1227 2205 sunt,
1288 2140 1602 2194 minuuntur
1656 2140 1870 2211 dispare

1530 2232 1547 2305 [
1564 2248 1795 2289 summo.

458 2319 625 2376 Porro
646 2319 779 2375 nihil
800 2335 1089 2391 summum,
1122 2322 1225 2379 nisi
1245 2322 1417 2392 plenis
1438 2325 1639 2382 viribus
1662 2343 1824 2382 unum
1853 2347 1866 2380 :

1652 337 2195 401 "AMARTIGENIA.

3419 358 3558 416 1014

2141 464 2411 524 Distantes
2464 471 2757 542 quoniam,
2812 474 3093 545 proprium
3150 476 3275 533 dum
3328 480 3562 549 quisque

3226 571 3243 642 ί
3274 573 3491 628 revulso

2152 650 2401 709 Vindicat
2430 654 2676 726 imperio,
2702 674 2801 714 nec
2830 674 3059 729 summa,
3098 674 3198 719 nec
3226 666 3403 719 omnia
3437 681 3566 735 pos-

3296 757 3306 827 |
3344 768 3489 825 sunt,

1970 834 2041 890 25
2150 839 2179 894 J
2186 852 2245 892 us
2256 842 2463 896 varium
2482 859 2587 899 non
2601 853 2684 899 est
2699 847 2909 913 plenum
2930 850 3079 918 :quia
3096 864 3202 905 non
3220 850 3379 904 habet
3400 852 3561 918 alter,

2151 928 2419 1000 Quidquid
2474 932 2658 1005 dispar
2723 936 2921 1005 habet,
2978 942 3247 995 cumulum
3307 942 3566 997 discretio

3262 1033 3489 1105 [carpit.

2149 1116 2258 1172 Nos
2310 1118 2523 1187 plenum
2576 1120 2693 1175 sine
2738 1132 2886 1192 parte
2931 1125 3097 1179 Deum
3148 1136 3445 1193 testamur,
3510 1136 3567 1182 et

2155 1297 2213 1353 In
2239 1312 2347 1368 quo
2366 1297 2614 1356 Christus
2636 1300 2797 1371 inest,
2830 1302 2971 1358 idem
3000 1319 3210 1373 quoque
3242 1217 3466 1376 [ρῖἓὲιὲ
3509 1314 3568 1361 et

3335 1414 3493 1465 unus,

3335 1414 3469 1453 unus

2157 1485 2317 1557 502
2390 1485 2491 1553 Qui
2522 1486 2681 1557 viget,
2714 1500 2776 1542 ac
2805 1487 2970 1558 viguit
3010 1503 3175 1560 super
3203 1400 3402 1555 omina,
3451 1441 3569 1561 (1ὐί-

3094 1584 3117 1656 [
3139 1600 3241 1654 que
3276 1586 3493 1655 vigebit,

1977 1672 2047 1728 50
2156 1660 2477 1744 Participem
2508 1675 2711 1729 nullum
2746 1677 2944 1732 collato
2975 1678 3180 1735 findere
3211 1676 3415 1748 passus.

2160 1770 2377 1825 Summa
2409 1780 2732 1839 potestatum
2761 1773 3017 1843 simplex,
3048 1774 3343 1830 dominatio
3366 1790 3567 1842 rerum,

2167 1865 2433 1919 Virtutum
2464 1866 2694 1921 sublime
2721 1876 2899 1936 caput,
2932 1867 3053 1923 fons
3080 1870 3267 1924 unicus
3303 1858 3471 1937 orbis,

2158 1961 2425 2017 Naturalis
2454 1976 2612 2031 apex,
2645 1963 2985 2033 generisque,
3020 1973 3072 2019 et
3092 1964 3313 2034 originis
3344 1972 3569 2020 auctor:

2164 2058 2237 2109 Ex
2268 2072 2373 2125 quo
2403 2065 2595 2111 cuncta
2636 2056 2826 2123 ﬂuunt,
2858 2067 2911 2112 et
2937 2059 3050 2128 lux,
3104 2068 3159 2113 et
3208 2068 3468 2128 tempora,
3519 2065 3573 2115 et

3308 2150 3493 2221 fauni,

1980 2243 2049 2297 55
2160 2244 2225 2297 Et
2253 2258 2528 2311 numerus,
2559 2245 2648 2315 qui
2678 2252 2797 2315 post
2825 2244 3024 2315 aliquid
3056 2243 3203 2299 dedit
3224 2258 3345 2300 esse
3373 2259 3573 2299 secun-

3282 2332 3497 2405 [dum:

1602 2436 1892 2498 GLOSSIE
1933 2443 2276 2501 VETERES.

352 2530 405 2585 6.
436 2529 673 2596 Obludit,
697 2531 889 2586 illudit.
912 2528 1461 2601 —Excors,stultus,
1492 2530 1599 2584 sine
1629 2536 1807 2601 corde,
1832 2534 1872 2591 l.

355 2602 730 2674 8.Glomerat.
766 2600 1419 2674 colligit.—Discrimina,
1450 2600 1799 2673 discretiones,
1834 2606 1875 2661 Ι.

358 2672 447 2725 11.
480 2673 767 2742 Agitantia,
798 2672 1066 2741 moventia,
1095 2672 1135 2725 1.

360 2745 447 2796 15.
481 2742 727 2811 Conjicit.
762 2745 977 2810 divinat,
1011 2745 1050 2799 1.

359 2814 449 2870 15.
478 2814 685 2879 Itidem,
712 2816 916 2883 iterum,
943 2817 982 2870 l.

359 2884 449 2958 16.
476 2886 717 2958 Dispare,
743 2896 995 2958 separata,
1028 2884 1069 2939 Ι.

361 2957 452 3029 18.
483 2954 736 3029 Αὺίθτοε,
764 2954 804 3009 α’
827 2958 1095 3029 dignitate,
1135 2954 1174 3009 Ι.
1202 2955 1488 3026 Principio,
1522 2956 1642 3029 Vat.
1674 2958 1740 3015 A.

365 3028 453 3083 19.
481 3028 729 3096 Apicum,
760 3028 1124 3083 celsitudinum
1162 3030 1533 3082 summitatum.
1572 3028 1608 3082 Ι.

359 3098 451 3155 Si.
482 3100 587 3153 Aut
608 3116 749 3168 quae,
774 3101 903 3153 nihil
931 3113 1202 3159 summum,
1232 3100 1331 3154 nisi
1362 3115 1540 3164 unum,
1576 3099 1695 3155 Vat.
1731 3100 1884 3156 Α.-

278 3171 536 3235 Summo,
584 3173 894 3239 summitate,
926 3172 1058 3227 Mar.
1085 3170 1400 3241 —Dispare
1451 3185 1683 3238 summo,
1727 3188 1879 3242 sepa-

288 3252 410 3299 rata
435 3245 745 3309 summitate,
778 3243 820 3296 l.

369 3312 460 3367 22.
490 3314 688 3379 Unum,
718 3315 892 3383 fuerit,
920 3312 963 3368 1.

368 3385 457 3441 25.
492 3385 747 3453 Revulso,
778 3392 1035 3457 separato,
1065 3386 1105 3439 Ι.

374 3568 426 3625 6.
459 3569 653 3640 Bong.,
683 3566 917 3640 obludit;
948 3580 1131 3640 supra,
1158 3566 1349 3640 illudit.

374 3640 427 3696 9.
458 3636 795 3694 Aldns’male
827 3638 1153 3709 interpungit
1194 3638 1275 3691 hic
1319 3638 1536 3692 mundus
1564 3636 1771 3692 domino
1799 3652 1894 3706 pro

302 3712 387 3767 hic
416 3713 637 3764 mundus
656 3726 674 3763 :
703 3710 932 3763 domino.

378 3783 469 3837 11.
502 3782 694 3848 Bong.,
732 3781 971 3833 nonnulli
1002 3780 1170 3849 vulg.,
1205 3780 1308 3834 duo
1336 3779 1459 3833 sint.

381 3851 465 3905 M.
500 3851 647 3915 Rut.,
677 3850 969 3918 efﬂuxerat;
1011 3851 1125 3915 alii,
1158 3853 1428 3919 elﬁnxerit.

383 3921 469 3975 17.
500 3922 613 3976 Gis.
648 3921 672 3973 1
710 3919 839 3973 edit.
889 3921 956 3973 ad
1008 3936 1179 3985 oram,
1239 3920 1410 3985 Sicb.,
1460 3919 1660 3973 Widm.
1712 3936 1894 3989 supra,

308 3994 479 4059 Bong.
511 3991 576 4045 ad
604 4005 793 4059 marg.,
821 4000 1050 4045 constare
1090 3991 1360 4059 biformis;
1392 3989 1595 4055 caateri,
1628 3994 1899 4045 consistere

310 4062 522 4117 duplex.

383 4079 683 4201 {Kxhpices
724 4145 821 4199 pro
866 4146 1076 4186 summo
1110 4131 1334 4186 honore.
1390 4130 1661 4197 Horatius,
1698 4132 1790 4185 lib.
1819 4147 1895 4199 Ill,

310 4204 412 4259 oda
444 4200 823 4267 2|,Trementi
850 4220 1024 4273 regum
1054 4203 1244 4271 apices,
1286 4219 1445 4273 neque
1484 4202 1703 4256 militum
1732 4220 1897 4256 arma.

384 4276 473 4330 20.
513 4274 591 4329 Eu
634 4288 923 4328 nervosum
975 4283 1349 4343 argumentum
1396 4289 1499 4341 quo
1540 4274 1634 4327 SS.
1691 4274 1897 4341 Patres,

313 4346 552 4415 theologi
595 4354 649 4398 et
698 4344 997 4413 philosophi
1049 4346 1141 4398 Dei
1195 4346 1452 4398 unitatem
1509 4344 1896 4415 demonstrant.

315 4418 460 4473 Deus
486 4414 576 4471 aut
606 4430 743 4469 unus
772 4425 877 4483 est,
908 4424 1000 4469 aut
1029 4417 1073 4469 si
1114 4416 1291 4484 plures
1321 4424 1467 4478 sunt,
1508 4414 1620 4482 jam
1646 4430 1752 4469 non
1778 4423 1903 4469 sunt

314 4488 412 4543 dii.
442 4486 833 4543 Chamillardus
865 4485 1063 4541 frustra
1093 4486 1301 4540 laborat
1331 4488 1381 4539 id
1412 4488 1684 4554 explicare
1716 4504 1729 4539 :
1778 4501 1901 4539 nam

317 4561 514 4616 clarius
540 4557 862 4613 Prudentius
892 4559 1149 4621 carmine,
1206 4572 1363 4626 quam
1419 4558 1533 4625 ipse
1580 4557 1903 4625 interpreta-

318 4631 486 4695 tione,
520 4641 609 4683 aut
656 4630 1053 4684 commentariis
1099 4644 1211 4683 rem
1262 4629 1496 4683 coniicit.
1549 4627 1702 4692 Quod
1734 4629 1777 4681 si
1808 4628 1902 4683 SS.

319 4703 539 4757 Patrum
563 4700 910 4755 auctoritates
934 4700 1231 4765 desideras,
1258 4700 1536 4767 theologos
1566 4698 1765 4766 poteris
1788 4714 1908 4752 cou-

320 4773 527 4835 sulere,
571 4772 661 4839 qui
704 4785 795 4825 eas
827 4772 1155 4824 exscribunt.
1201 4770 1426 4839 Egregie
1474 4771 1532 4823 S.
1580 4769 1905 4823 Athanasius

1651 3371 2206 3531 COMMENQI‘ARIUS.

2058 2540 2146 2595 24.
2180 2540 2455 2605 Vindicat,
2513 2540 3081 2611 usurpat.—Omnia,
3142 2539 3333 2595 scilicet
3391 2542 3574 2611 facere,

1990 2612 2067 2665 vel
2104 2629 2231 2677 esse,
2266 2612 2370 2666 lso.

2059 2685 2151 2738 25.
2184 2684 2424 2747 Varium,
2457 2684 2693 2747 duorum,
2728 2684 2769 2739 l.

2058 2756 2148 2809 26.
2187 2753 2495 2818 Cumulum,
2541 2755 2932 2824 plenitudinem,
2967 2758 3043 2810 vel
3072 2755 3430 2822 summitatem,
3462 2755 3500 2807 Ι.

2060 2825 2150 2880 29.
2188 2826 2360 2895 Viget,
2389 2828 2609 2893 vigorem
2645 2838 2796 2895 tenet,
2829 2826 2869 2895 l.

2062 2897 2152 2952 50.
2186 2894 2414 2964 Collato,
2440 2901 2731 2966 conjuncta.
2767 2928 2835 2938 —
2860 2894 3101 2959 Fmdere,
3132 2900 3375 2964 amicitia,
3404 2898 3443 2953 Ι.

2066 2970 2155 3022 31.
2188 2969 2430 3031 Summa,
2486 2970 2745 3023 summitas
2777 2980 2847 3026 est
2869 2968 2974 3035 ille,
3005 2970 3307 3024 sublimitas.
3338 2999 3406 3008 -—
3434 2968 3577 3024 Sim-

1994 3041 2138 3108 plex,
2167 3042 2339 3104 unica,
2374 3040 2413 3092 1.

2068 3111 2362 3233 ὃόηΛρρχί
2395 3113 2659 3166 summitas
2697 3112 2893 3182 capilli,
2954 3122 3001 3167 et
3044 3112 3249 3180 ponitur
3307 3127 3400 3181 pro
3445 3110 3583 3165 omni

2068 3192 2307 3233 minume.
2364 3224 2376 3233 .

1998 3192 2307 3244 summitate,
2340 3192 2376 3235 Ι.

2071 3251 2159 3306 55.
2192 3250 2425 3320 Aliquid,
2457 3254 2722 3305 unitatem.
2746 3282 2813 3294 —
2847 3253 3170 3319 Secundum,
3219 3252 3274 3305 id
3300 3260 3373 3307 est
3395 3252 3585 3320 lilium,

2002 3331 2047 3377 et
2069 3321 2295 3393 angelos,
2346 3332 2392 3375 et
2442 3322 2689 3387 homines,
2726 3322 2764 3377 I.

2070 3566 2160 3620 28.
2196 3564 2517 3636 Prudentius
2558 3563 2631 3617 ait
2667 3577 2763 3619 nos
2794 3564 2948 3619 fateri
2977 3566 3141 3619 Deum
3172 3581 3359 3631 unum,
3394 3581 3584 3636 quam-

2001 3638 2080 3692 vis
2110 3636 2337 3690 diversa:
2365 3635 2471 3689 sint
2494 3650 2769 3707 personae:
2805 3636 2923 3704 quia
2950 3636 3177 3691 Verbum
3207 3636 3379 3707 (idem
3404 3635 3488 3691 dic
3519 3636 3589 3694 de

2003 3707 2201 3777 Spiritu
2234 3708 2458 3779 sancto)
2487 3720 2606 3761 cum
2642 3705 2797 3761 Patre
2830 3705 3310 3779 regnatmajrstate
3340 3709 3429 3761 sub
3461 3725 3587 3775 una,

2003 3780 2104 3834 hoc
2129 3789 2230 3842 est,
2261 3778 2502 3845 ejusdem
2534 3786 2616 3831 est
2646 3787 2850 3832 natura:
2878 3794 2937 3831 uc
2969 3777 3301 3833 substantiae.

2072 3850 2161 3905 29.
2191 3850 2336 3915 Ald.,
2361 3866 2461 3903 non
2488 3850 2643 3915 bene,
2669 3851 2853 3921 quippe
2871 3850 3071 3919 vigebit.
3102 3848 3213 3905 Gls.
3233 3850 3383 3905 etalii
3419 3852 3586 3922 vulg.,

2003 3931 2050 3975 et
2066 3922 2244 3988 viguit.

2076 3993 2162 4043 5i.
2191 3990 2333 4051 Put.,
2371 3990 2523 4057 Egm.
2558 3990 2621 4043 ad
2652 4005 2823 4045 oram.
2860 3991 3077 4044 Summa
3101 4001 3407 4058 potestatum
3432 3991 3591 4047 Pater

2006 4070 2101 4124 est,
2133 4061 2271 4128 quod
2300 4061 2523 4131 Heinsio,
2540 4068 2593 4113 et
2619 4060 2980 4114 Chamillardo
3013 4076 3115 4114 non
3159 4063 3422 4131 displicet,
3466 4063 3592 4131 quia

2006 4132 2145 4193 haec,
2171 4141 2227 4183 ut
2258 4140 2462 4195 putant,
2496 4130 2564 4185 de
2586 4131 2695 4185 Deo
2737 4132 2895 4185 Putre
2919 4131 3188 4185 dicantur.
3222 4130 3400 4199 Longe
3430 4130 3588 4187 aliter

2005 4202 2198 4256 sentio.
2257 4201 2465 4255 Etenim
2516 4203 2629 4255 haec
2682 4202 2860 4255 omnia
2904 4201 2969 4257 ad
3020 4217 3159 4256 vers.
3192 4204 3258 4257 57
3289 4206 3491 4272 accipio
3522 4203 3592 4258 de

2006 4272 2121 4340 ipsa
2170 4282 2359 4325 natura
2404 4272 2604 4325 divina.

2077 4346 2165 4397 5:4.
2202 4344 2490 4405 Arnobius,
2522 4344 2614 4396 lib.
2647 4357 2705 4406 tt,
2739 4357 2859 4413 pag.
2914 4341 3021 4395 44:
3080 4342 3178 4397 Ille
3231 4347 3371 4397 salus
3421 4360 3593 4398 rerum

2007 4413 2146 4468 Deus
2180 4416 2427 4477 omnium,
2460 4415 2698 4466 virtutum
2736 4423 2910 4480 caput,
2937 4414 3258 4484 benignitatis
3274 4414 3586 4484 ctcolumen,

2007 4485 2075 4539 Et
2103 4500 2258 4553 supra
2288 4503 2299 4535 :
2344 4490 2590 4538 bonorum
2622 4486 2849 4537 omnium
2890 4484 3030 4539 solus
3062 4495 3235 4555 caput.

2080 4558 2165 4611 55.
2203 4557 2256 4609 lu
2282 4557 2425 4619 Rau,
2459 4557 2655 4625 generis
2680 4555 2801 4627 sine
2822 4573 2938 4623 que.
2974 4555 3051 4609 Ex
3083 4556 3185 4610 hoc
3224 4558 3341 4610 loco
3371 4556 3595 4627 aliisque

2008 4628 2270 4681 similibus
2323 4628 2721 4681 Petaviustom.
2771 4626 2830 4692 ll,
2870 4626 2957 4680 lib.
3006 4641 3078 4693 Iv,
3112 4642 3227 4695 cup.
3277 4628 3330 4695 5,
3383 4626 3595 4697 prohat,

2043 4702 2207 4752 eueris
2236 4714 2428 4751 nomen
2463 4713 2557 4766 pro
2605 4710 2792 4751 natura
2847 4699 2981 4751 sumi
3016 4698 3280 4750 interdum
3324 4700 3501 4754 stolere
3528 4702 3597 4755 ab

2032 4770 2209 4823 lilario
2240 4782 2285 4823 et
2316 4770 2623 4829 Prudentia,
2653 4769 2843 4837 quibus
2874 4769 3112 4837 adjungit
3134 4769 3439 4823 Facundum
3467 4772 3597 4827 Her-

321 4853 461 4925 orat.
489 4839 933 4931 adver‘suslidola,
960 4840 1234 4931 multitudo
1258 4842 1541 4931 numinum,
1565 4840 1777 4892 nullitas
1813 4857 1909 4892 nu-
1934 4872 1987 4931 Β
2014 4841 2344 4931 mia'nensem
2375 4856 2437 4894 ex
2464 4840 2742 4931 Eustalliio
2767 4839 3121 4931 Antig-lieno,
3159 4840 3443 4931 Eusebium
3477 4841 3598 4895 vul-

320 4917 540 4977 minum,
573 4929 602 4967 a
626 4912 911 4967 Prudentia
955 4911 1235 4965 adhibetur
1262 4910 1452 4964 subtile
1496 4921 1897 4977 argumentum,

324 4987 378 5041 in
401 4983 600 5039 scholis
630 4982 911 5039 usitatum:
961 4982 1103 5051 quod
1136 4984 1179 5036 si
1213 4982 1392 5051 plures
1435 4980 1506 5035 dii
1536 4991 1734 5046 essent,
1785 4984 1908 5035 uni-

324 5058 521 5125 cuique
542 5058 753 5109 deesset
778 5053 1057 5125 perfectio,
1091 5069 1209 5122 qua:
1234 5054 1285 5107 in
1326 5053 1909 5125 omnium_collectione

325 5122 612 5195 reperitur.
648 5126 703 5182 S.
737 5122 988 5188 lrenmus,
1023 5124 1114 5177 lib.
1151 5140 1206 5185 ιι,
1240 5139 1359 5192 cap.
1398 5124 1450 5187 1,
1482 5122 1671 5178 eadem
1705 5124 1910 5177 ratione

329 5198 534 5254 utitur:
565 5197 735 5252 Deerit
769 5196 898 5249 enim
928 5196 1203 5259 unicuique
1226 5210 1397 5249 eorum
1431 5203 1623 5261 partem
1649 5196 1911 5247 minimam

329 5270 557 5336 habenti,
580 5270 646 5321 ad
674 5268 1100 5336 comparationem
1121 5267 1346 5319 omnium
1368 5264 1681 5334 reliquorum
1706 5276 1786 5329 ;et
1810 5265 1912 5320 sol-

331 5351 475 5395 vetur
501 5339 854 5405 omnipotentis
881 5339 1181 5407 appellatio.

402 5411 495 5465 21.
529 5410 666 5473 Gis..
695 5411 950 5480 Bougar.,
995 5409 1109 5462 llat.
1148 5424 1176 5460 a
1225 5408 1393 5476 prima
1411 5422 1614 5480 Amanu,
1670 5417 1757 5461 aut
1806 5410 1913 5479 qui.

334 5482 520 5547 Δια,
551 5478 872 5547 ὃίυὴηῚίίὶι.
898 5496 927 5534 a
951 5480 1181 5535 secunda
1206 5494 1384 5541 manu,
1409 5478 1640 5544 Thuan.,
1674 5481 1914 5547 autquia.

335 5552 465 5623 Alii,
518 5564 606 5608 aut
630 5568 760 5623 quw.
796 5552 901 5607 Pro
929 5567 1127 5607 summo
1158 5551 1311 5605 Alex.
1342 5565 1370 5603 a
1420 5552 1590 5619 prima
1631 5566 1813 5617 manu,
1868 5559 1921 5605 et

336 5622 485 5689 RDL,
524 5622 739 5678 summa.

411 5693 501 5747 22.
536 5696 713 5763 Prag.,
743 5696 886 5759 Rat,
926 5693 1143 5760 Weitz.,
1169 5692 1297 5748 Mar.
1324 5707 1421 5762 pro
1452 5694 1663 5749 diversa
1696 5692 1921 5749 lectione

343 5781 509 5819 usum.
544 5767 670 5831 Alii,
711 5783 888 5819 unum.
1306 5794 1311 5797 -

414 5836 504 5895 24.
535 5838 652 5895 Vat.
686 5839 749 5905 A,
778 5838 934 5906 male,
976 5840 1163 5895 indicat
1191 5853 1291 5910 pro
1320 5838 1563 5895 vindicat.

2012 4925 2079 4979 go
2114 4912 2445 4963 Emisseuum
2479 4918 2862 4976 nuncupatum,
2887 4909 3275 4964 Tertulliz‘mum
3299 4919 3353 4966 et
3378 4913 3535 4969 alios.

2084 4982 2171 5035 54.
2200 4982 2252 5034 In
2278 4981 2393 5033 Vat.
2430 4981 2495 5046 Δ,
2528 4995 2769 5050 tempora,
2804 4981 2944 5047 anui,
2976 4995 3081 5034 non
3127 4982 3277 5035 bene.

2087 5054 2175 5107 53.
2204 5056 2239 5104 Α
2278 5052 2419 5123 Deo,
2442 5053 2527 5123 qui
2554 5068 2749 5104 suuima
2780 5062 3082 5123 potestatum
3113 5052 3331 5120 simplex
3350 5061 3445 5114 est,
3506 5069 3600 5123 per

2018 5122 2246 5176 Verbum
2280 5121 2457 5175 omnia
2502 5122 2637 5176 facta
2687 5133 2829 5177 sunt.
2876 5122 3013 5177 Inter
3037 5132 3213 5175 creata
3238 5138 3363 5176 vero
3389 5121 3601 5179 suntea

2016 5208 2133 5263 qua:
2176 5202 2525 5247 numerantur
2583 5208 2680 5247 suo
2725 5196 2931 5249 ordine.
2979 5192 3110 5265 Nam
3160 5192 3301 5265 Deus
3351 5196 3601 5264 princeps

2019 5274 2071 5319 et
2094 5278 2278 5319 aucmr
2301 5266 2505 5318 numeri
2537 5281 2643 5318 non
2676 5273 2853 5334 potest
2901 5264 3169 5317 numerari
3196 5280 3208 5316 :
3239 5280 3411 5329 neque
3457 5269 3601 5321 enim

2022 5346 2103 5389 est
2140 5338 2277 5390 Deus
2310 5339 2530 5403 primus,
2574 5337 2711 5390 Deus
2743 5335 3026 5395 secundus.
3064 5337 3200 5388 Deus
3247 5336 3468 5390 tertius:
3503 5353 3601 5392 ne-

2024 5422 2126 5472 que
2158 5408 2316 5461 Pater
2346 5418 2426 5461 est
2452 5422 2674 5461 nurnero
2706 5407 2927 5474 primus,
2957 5416 3047 5459 aut
3068 5406 3302 5460 anterior
3329 5406 3485 5474 FlllO,
3512 5418 3602 5466 aut

2026 5477 2192 5532 Filius
2212 5480 2479 5533 secundus
2503 5492 2745 5544 numero,
2774 5487 2827 5531 et
2854 5478 3115 5543 posterior
3146 5478 3321 5533 Patre.
3362 5480 3430 5533 Ut
3458 5482 3602 5535 enim

2026 5548 2077 5602 in
2102 5550 2345 5618 symbolo
2371 5550 2730 5603 Athanasiauo
2761 5549 2974 5612 dicitur,
3001 5550 3051 5602 in
3084 5548 3178 5602 hac
3204 5550 3441 5605 trinitate
3469 5552 3603 5605 nihil

2025 5621 2187 5689 prius,
2214 5630 2299 5673 aut
2329 5620 2597 5691 posterius.
2626 5619 2689 5671 Et
2716 5619 2955 5687 quamvis
2985 5620 3223 5673 nonnulli
3260 5622 3487 5689 theologi
3512 5638 3603 5679 ve-

2025 5706 2136 5744 ram
2162 5690 2492 5761 prioritatem
2524 5690 2744 5759 originis
2791 5692 2929 5746 inter
2968 5707 3249 5759 personam
3309 5693 3602 5761 producen-

2026 5769 2132 5815 tem
2156 5771 2207 5817 et
2236 5762 2542 5833 productam
2572 5773 2859 5831 agnoscant
2904 5778 2964 5816 ac
2990 5772 3255 5825 tueantur,
3314 5774 3490 5821 tamen
3538 5782 3603 5823 ea

2023 5848 2131 5892 non
2154 5834 2317 5893 efﬁcit
2345 5848 2644 5901 numerum,
2678 5836 2765 5903 qui
2792 5842 2901 5905 post
2918 5835 3112 5907 aliquid
3133 5834 3272 5896 dedit
3296 5852 3400 5894 esse
3415 5853 3599 5895 strenu~
