4092 6344
532 392 670 450 1015

1662 350 1937 439 tum:
1979 377 2343 463 pavonum
2379 375 2701 433 CARMINA.

3653 373 3789 431 4016

716 504 863 561 Unus
876 502 1019 559 enim
1040 497 1516 571 princepsnumeri
1537 505 1640 563 est,
1662 510 1764 552 nec
1784 494 2110 551 dinumerari
2140 498 2197 557 Α
2217 492 2289 549 45
2393 493 2523 558 Quis
2549 489 2753 545 dixisse
2783 485 2917 543 duos
2946 498 3059 543 rem
3090 484 3369 554 majestate
3398 485 3500 540 sub
3526 500 3631 541 una

713 604 941 659 Tantum
966 616 1104 656 unus
1132 600 1270 671 potis
1321 609 1445 655 est:
1503 599 1601 665 sic,
1656 613 1775 653 cum
1828 598 2002 662 Pater,
2050 610 2113 650 ac

1703 698 1722 769 l
1746 698 1885 753 Deus
1906 698 2045 752 alter

717 804 833 860 Non
851 804 941 870 sit,
954 802 1337 860 itemChristus
1352 816 1459 857 non
1479 802 1805 872 sitgenupre
1827 800 2113 866 secundus,

719 907 877 979 503
904 906 1010 961 Aut
1040 918 1264 962 numero
1301 903 1567 971 anterior,
1596 902 1683 957 cui
1714 899 1880 957 Filius
1923 900 2114 957 unicus

1803 1001 1915 1075 [uni
1943 1009 2046 1067 est,

539 1114 609 1171 40
721 1112 820 1169 Ille
832 1110 995 1177 Deus,
1010 1106 1306 1178 meritoque
1323 1106 1462 1161 Deus
1478 1122 1491 1158 :
1505 1104 1628 1174 quia
1645 1104 1867 1173 primus,
1887 1111 1942 1159 et
1959 1117 2115 1161 unus:

723 1214 781 1270 In
808 1214 1003 1268 virtute
1029 1225 1124 1266 sua
1152 1208 1384 1279 primus;
1417 1216 1525 1261 tum
1551 1206 1753 1277 primus
1778 1205 1833 1259 in
1863 1204 1975 1271 illo,

723 1321 893 1389 Quem
920 1314 1102 1388 genuit
1124 1331 1139 1369 :
1161 1312 1289 1385 quid
1311 1310 1453 1368 enim
1475 1308 1676 1377 dili‘ert,
1692 1308 1969 1379 generatio
1994 1306 2123 1362 sim-

1874 1399 2015 1471 [plex
2031 1398 2055 1451 ἲ

730 1512 906 1569 Unum
938 1521 1150 1579 semper
1179 1504 1281 1562 erit
1307 1504 1547 1576 gignens,
1575 1510 1736 1574 atque
1763 1516 1899 1557 unus
1928 1503 1995 1557 ab
2022 1516 2128 1557 uno

731 1616 871 1670 Ante
894 1610 1059 1667 chaos
1084 1608 1315 1679 genitus,
1339 1618 1691 1676 numeroque,
1715 1612 1769 1660 et
1797 1615 2036 1673 tempore
2060 1604 2127 1659 li-

1919 1697 2058 1768 [ber.

2400 573 2751 653 Régnantem,
2778 579 3152 651 propriamque
3177 577 3302 644 sibi,
3327 586 3583 647 retroque
3607 593 3792 645 peren-

3606 687 3726 726 nem

2398 769 2579 834 Ausit,
2608 777 2662 823 et
2690 766 2848 822 unius
2877 772 3077 820 natura:
3103 764 3351 820 scindere
3372 764 3552 819 vires?
3582 672 3600 744 ί

2402 862 2563 935 508.
2582 860 2828 932 Nunquid
2855 859 3161 931 adoptivum
3179 858 3393 929 genitor
3418 857 3521 912 sibi
3551 856 3794 926 sumpsit,

3487 950 3568 1023 [ut
3594 949 3731 1006 alter

2403 1048 2620 1105 Externi
2646 1047 2857 1119 generis
2886 1058 3165 1101 numerum
3193 1051 3450 1114 praestare
3478 1042 3703 1099 duorum

2227 1142 2298 1198 50
2405 1140 2629 1207 Deheat,
2657 1148 2714 1195 et
2739 1139 3011 1209 geminum
3041 1135 3247 1191 distans
3278 1134 3531 1189 inducere
3561 1132 3805 1188 numen?

2402 1237 2595 1293 Forma
2623 1235 2794 1289 Patris
2821 1234 2931 1287 veri
2957 1245 3117 1287 verus
3143 1237 3248 1285 stat
3277 1229 3461 1293 Filius,
3492 1242 3554 1281 ac
3580 1242 3641 1281 se

2404 1330 2580 1386 Unum
2603 1327 2705 1383 rite
2722 1325 2928 1396 probat,
2947 1324 3070 1379 dum
3094 1322 3320 1377 formam
3342 1329 3518 1375 servat
3538 1316 3798 1374 eamdem.

2406 1421 2522 1477 Non
2553 1434 2703 1474 amor
2732 1419 2930 1473 ascitus
2959 1416 3160 1479 sociat,
3202 1428 3301 1469 nec
3326 1413 3495 1482 jungit
3526 1422 3806 1481 utrumque

2410 1512 2697 1582 Conjurata
2725 1510 2885 1573 lides;
2914 1508 3087 1578 pietas
3110 1505 3202 1562 sed
3230 1513 3394 1569 certa,
3423 1505 3695 1576 genusque

2240 1607 2308 1663 55
2417 1605 2614 1673 Unum,
2642 1601 2787 1676 quod
2830 1602 2971 1657 Deus
3014 1608 3116 1669 est,
3152 1612 3414 1662 summam
3443 1606 3722 1654 revocatur
3744 1595 3805 1654 ad

3540 1689 3739 1763 [unam.

1862 1836 2149 1895 οιοδεω
2187 1839 2529 1902 VETERES.

628 1986 720 2044 56.
781 1986 929 2043 Unus
973 1986 1138 2053 enim,
1168 1984 1287 2054 quia
1336 1984 1399 2037 ab
1451 1998 1552 2037 uno
1589 1982 1885 2037 inchoamus
1938 1997 2134 2053 semper
2169 1987 2220 2050 Β
2314 1986 2405 2042 45.
2447 1986 2612 2051 Duos,
2634 1984 2825 2037 scilicet
2852 1981 3052 2054 deos,l.

562 2074 847 2125 numerum,
878 2057 918 2110 l.

632 2129 719 2183 58.
777 2122 1077 2195 Secundus,
1129 2144 1189 2182 ac
1231 2126 1369 2181 Deus
1408 2123 1567 2180 Pater
1596 2140 1698 2180 nou
1724 2124 1791 2180 sit
1838 2124 1944 2194 ipse
1983 2122 2142 2179 Pater

566 2201 792 2254 anterior
821 2214 1050 2264 numero,
1077 2199 1119 2252 1.

633 2270 725 2325 40.
770 2270 937 2334 Unus,
970 2267 1137 2322 Filius
1164 2267 1345 2333 Pater,
1376 2267 1415 2321 Ι.

638 2340 728 2394 45.
768 2340 851 2393 Ab
878 2354 1005 2402 uno,
1038 2338 1213 2402 Patre,
1243 2338 1285 2392 l.

639 2409 727 2463 44.
768 2408 966 2474 Chaos,
989 2409 1251 2472 mundum,
1277 2406 1601 2478 principium.
1622 2404 2062 2477 —Numeroque,
2085 2424 2144 2463 eo

566 2479 703 2550 quod
730 2480 794 2533 sit
818 2496 949 2533 unus
969 2481 1128 2547 ﬁlius,
1160 2480 1290 2533 sicut
1318 2494 1449 2531 unus
1475 2477 1670 2550 genitor:
1697 2485 1792 2533 est.
1816 2508 1886 2521 —
1908 2479 1975 2533 Et
2003 2488 2143 2534 tem-

567 2546 722 2623 pore,
752 2550 807 2604 id
832 2558 927 2618 est,
957 2552 1177 2621 tequales
1205 2550 1260 2604 in
1291 2546 1614 2619 temporibus,
1648 2547 1689 2602 Ι.

2316 2056 2404 2111 46.
2452 2057 2636 2119 Retro,
2666 2055 2728 2107 ab
2758 2055 2925 2122 initio,
2962 2053 3079 2105 Vat.
3105 2052 3168 2105 Δ.

2315 2128 2406 2182 47.
2447 2128 2618 2190 Ansit,
2646 2141 2797 2180 ausus
2827 2134 2919 2185 est,
2944 2122 2984 2177 1.

2320 2198 2407 2252 48.
2450 2198 2790 2266 Adnptivum.
2820 2193 3037 2257 Filium,
3072 2193 3111 2246 I.

2319 2267 2412 2322 50.
2452 2262 2687 2327 Distans.
2718 2267 2823 2319 alio
2852 2266 2999 2319 modo
3028 2272 3187 2329 stans,
3212 2262 3253 2315 1.

2320 2340 2410 2393 51.
2453 2337 2592 2403 Stat,
2624 2333 2717 2397 es't,
2763 2336 2802 2389 Ι.

2321 2408 2408 2463 52.
2449 2401 2646 2471 Unum,
2681 2406 2894 2460 Filium.
2924 2436 2995 2447 —
3019 2405 3159 2470 Rite,
3191 2404 3453 2459 veraciter.
3482 2430 3547 2444 —
3575 2401 3821 2461 Formam

2250 2478 2518 2545 eamdem,
2547 2479 2879 2532 substantiam
2908 2476 3101 2543 Patris,
3129 2475 3168 2531 Ι.

2326 2547 2413 2605 55.
2456 2550 2644 2619 Amor,
2672 2548 2901 2621 adoptio,
2930 2548 2973 2603 Ι.

1921 2698 2481 2757 COMMENTARIUS.

574 2827 716 2889 dum,
741 2822 808 2877 de
836 2835 941 2889 quo
968 2819 1202 2888 loquitur
1228 2816 1547 2889 Prudentius
1573 2833 1586 2869 :
1618 2828 1681 2869 ac
1708 2817 1878 2869 solum
1903 2829 1969 2889 _e_a
2002 2816 2143 2883 prio-

572 2885 712 2951 ritas
744 2885 1007 2961 signiﬁcat
1029 2885 1309 2957 personam
1343 2886 1721 2961 producentem
1752 2900 1872 2961 esse
1902 2885 1953 2938 id
1984 2901 2013 2939 a
2041 2900 2148 2961 quo

577 2974 663 3020 est
692 2955 918 3032 persona
952 2955 1228 3032 producta,
1258 2955 1364 3011 non
1394 2955 1651 3032 vicissim,
1673 2964 1755 3032 _et
1783 2957 1883 3008 hoc
1904 2970 2062 3009 sensu
2095 2958 2146 3009 in

575 3025 839 3089 Trinitate
862 3038 980 3083 sunt
1013 3031 1204 3098 prima,
1241 3026 1472 3098 secunda
1494 3034 1548 3079 et
1569 3025 1719 3098 tertia
1748 3040 1996 3098 persona,
2032 3041 2149 3093 quae

579 3119 764 3159 revera
792 3109 916 3154 sunt
941 3094 1049 3153 tres
1091 3110 1329 3165 persona:
1354 3096 1634 3151 distinctze.
1678 3094 1905 3149 Sanctus
1944 3094 2153 3165 Grego-

579 3174 695 3229 rius
733 3171 1001 3242 Nyssenus
1046 3169 1259 3242 disertis
1287 3166 1461 3222 verbis
1490 3166 1738 3242 allii-mat,
1770 3166 1912 3219 nullo
1943 3166 1990 3220 id
2041 3182 2154 3242 ser-

580 3258 741 3299 mone
768 3237 1146 3310 comprehendi
1168 3252 1346 3306 posse,
1378 3237 1824 3310 quemadmodum
1859 3253 1942 3310 res
1969 3238 2155 3310 eadem

548 3366 551 3369 ,
580 3306 931 3369 numerabilis
958 3311 1028 3363 sit
1069 3318 1123 3363 et
1155 3323 1433 3362 numerum
1468 3307 1648 3376 fugiat.
1700 3306 1931 3376 Consule
1977 3307 2160 3360 lauda-

582 3393 697 3439 tum
732 3382 1001 3435 Petavium
1034 3380 1128 3433 lib.
1157 3394 1253 3443 xu,
1290 3388 1418 3431 tom.
1450 3375 1660 3445 ll,’cap.
1696 3375 1782 3441 15,
1813 3377 1900 3429 ubi
1924 3379 2160 3444 explica-

2248 2818 2670 2887 generationem,
2698 2815 3264 2887 quanamdiﬂ'erentia
3295 2828 3417 2870 esse
3444 2819 3624 2883 potest
3649 2812 3703 2867 iu
3734 2825 3828 2867 na-

2253 2886 2393 2950 tura,
2430 2888 2481 2941 in
2518 2888 2734 2953 virtute,
2769 2887 2821 2940 in
2854 2886 3172 2954 majestate?

2320 2960 2408 3013 45.
2456 2958 2606 3026 Egm.
2638 2971 2667 3009 a
2695 2972 2853 3011 manu
2878 2956 3068 3024 prima,
3090 2972 3288 3020 semper
3314 2964 3479 3008 erunt.

2328 3030 2418 3084 45.
2462 3025 2721 3095 Repetere
2743 3028 2829 3081 hic
2852 3029 3000 3093 plura
3026 3041 3303 3094 possemus
3323 3041 3384 3078 ex
3406 3026 3653 3095 symbolo
3669 3025 3835 3081 Atha-

2258 3100 2499 3165 nasiano,
2527 3106 2587 3151 ut
2614 3115 2717 3152 non
2740 3110 2838 3151 tres
2858 3099 3055 3160 wterui,
3079 3098 3167 3150 sed
3189 3113 3319 3149 unus
3347 3106 3588 3160 aeternus,
3613 3114 3713 3152 non
3742 3108 3837 3150 tres

2256 3172 2351 3237 dii,
2381 3171 2470 3224 sed
2500 3186 2630 3225 unus
2652 3170 2802 3227 Deus.
2830 3186 2959 3222 unus
2981 3167 3157 3231 Pater,
3192 3184 3292 3220 non
3321 3176 3419 3219 tres
3446 3178 3637 3237 patres,
3666 3177 3771 3221 etc.

2328 3243 2417 3295 4'7.
2449 3242 2613 3310 Magis
2644 3239 2840 3293 arridet
2870 3241 3247 3310 scindere_cum
3275 3237 3433 3310 Man,
3459 3239 3600 3310 Ωδμ,
3622 3237 3838 3293 Ἣθίιι..

2263 3312 2422 3373 Urh.,
2451 3307 2609 3378 quam
2636 3310 2924 3363 exscindere
2954 3324 3071 3363 cum
3101 3308 3247 3371 Put.,
3274 3307 3506 3369 Thuan.,
3534 3308 3656 3362 Ald.

2332 3382 2423 3436 48.
2455 3382 2565 3436 Hoc
2592 3380 2733 3435 aliud
2756 3380 3043 3445 estdogma
3072 3380 3391 3433 catholicum
3425 3396 3437 3429 :
3469 3379 3726 3446 Verbum,
3758 3386 3838 3432 at-

584 3424 1138 3523 iurunaturzedivinae
1181 3424 1521 3523 singulariias
1549 3424 1810 3523 etruuitas
1860 3424 2161 3501 nnmErica.

2278 3468 2369 3523 que
2389 3451 2522 3507 adeo
2534 3424 3126 3523 JesusCltristttgFilius
3144 3449 3314 3523 Patris
3335 3458 3415 3503 est
3435 3424 3840 3515 natvuraIiS,’uon

584 3523 843 3589 Theologi
879 3522 1029 3574 aiunt
1066 3521 1118 3573 in
1155 3516 1568 3589 proprietatibus
1606 3516 2161 3589 relativisnumerum

587 3586 855 3655 adhiberi,
877 3606 983 3645 non
1012 3591 1064 3644 in
1086 3589 1364 3643 absolutis.
1390 3588 1561 3643 Simili
1586 3587 1742 3641 modo
1758 3586 1814 3641 S.
1844 3588 2168 3656 Augustinus

586 3674 745 3717 tract.
777 3663 842 3717 59
870 3662 924 3715 in
950 3661 1105 3715 Joan.
1130 3676 1145 3713 :
1178 3657 1291 3711 Hoc
1314 3658 1423 3712 solo
1445 3657 2007 3724 numeruminsinuant,
2030 3660 2167 3728 quod

587 3732 657 3786 ad
686 3733 896 3785 invicem
925 3739 1040 3785 sunt
1065 3747 1084 3793 ;
1113 3745 1214 3782 non
1241 3730 1377 3797 quod
1400 3730 1467 3781 ad
1495 3744 1548 3782 se
1572 3737 1707 3781 sunt.

663 3803 752 3857 59.
801 3802 1016 3855 Minime
1043 3799 1223 3854 dubito
1256 3796 1390 3866 quin
1416 3798 1693 3866 legendum
1724 3796 1794 3849 sit
1821 3812 1941 3851 cum
1970 3798 2088 3850 Rat.
2118 3806 2172 3853 et

590 3872 725 3925 Mar.
750 3886 777 3922 a
804 3870 1037 3923 secunda
1060 3883 1257 3922 manu:
1282 3870 1383 3921 Aut
1404 3884 1612 3921 numero
1632 3867 1879 3929 anterior,
1902 3868 1983 3919 cui
2007 3867 2173 3922 Filius

591 3942 774 3994 unicus
800 3940 887 3991 uni
913 3948 1006 3991 est.
1039 3939 1243 3993 Sensus
1271 3947 1372 4003 est,
1406 3938 1547 4005 quod
1574 3935 1741 3993 Filius
1774 3952 1875 3989 non
1906 3944 1988 3989 est
2017 3937 2173 3991 Patre

592 4010 879 4079 posterior,
910 4010 1065 4063 Pater
1092 4023 1196 4061 nun
1227 4017 1309 4061 est
1337 4009 1574 4063 anterior
1606 4007 1892 4079 Filiogsed
1924 4008 2062 4061 Deus
2092 4017 2175 4062 est

593 4078 735 4136 unus
766 4080 967 4148 primus
996 4080 1047 4133 in
1069 4080 1266 4132 virtute
1293 4093 1409 4142 sua,
1436 4080 1639 4147 primus
1670 4079 1722 4130 in
1750 4078 1841 4131 illo
1862 4092 2018 4145 quem
2049 4087 2175 4132 ante

564 4216 567 4219 _
593 4153 761 4207 chaos
797 4151 1005 4217 genuit,
1034 4158 1090 4203 et
1124 4163 1287 4203 unum
1334 4158 1459 4203 sunt
1484 4150 1707 4217 gignens
1734 4158 1787 4201 et
1814 4149 2048 4219 genitus,
2078 4163 2177 4219 nu-

594 4236 853 4289 meroque
894 4232 947 4274 et
989 4230 1225 4286 tempore
1268 4219 1419 4274 liber.
1469 4220 1879 4289 S.Fulgentiusf
1905 4218 1955 4270 in
1989 4217 2080 4272 lib.
2108 4218 2177 4273 de

597 4292 730 4346 Fide
755 4288 819 4345 ad
845 4291 1059 4344 Petrum
1091 4289 1323 4343 Verbum
1356 4289 1625 4344 Prudentii
1671 4288 1930 4349 adhibuit,
1964 4298 2179 4343 senten-

594 4364 830 4430 tiamque
853 4360 1103 4427 explicuit
1128 4376 1141 4411 :
1163 4358 1212 4410 Ν
1220 4358 1357 4411 ullus
1377 4358 1571 4430 horum,
1586 4370 1730 4411 extra
1751 4358 2013 4426 quemlibet
2044 4359 2180 4427 ipsa-

594 4449 712 4486 rum
735 4429 848 4486 est:
877 4432 997 4501 quia
1028 4446 1174 4483 nemo
1195 4429 1355 4482 alium
1377 4429 1615 4498 praecedit
1644 4430 1942 4501 wternitate.
1968 4438 2177 4501 unica:-

600 4504 732 4557 cedit
748 4496 1117 4568 magnitudine,
1138 4508 1226 4552 aut
1247 4496 1455 4566 superat
1475 4509 1719 4570 potestate
1738 4515 1755 4550 :
1774 4500 1894 4568 quia
1916 4515 2005 4551 nec
2016 4496 2176 4570 ilio,

600 4588 692 4625 nec
720 4572 919 4640 Spiritu
945 4579 1141 4634 sancto,
1164 4578 1408 4637 quantum
1427 4569 1492 4623 ad
1513 4580 1711 4640 naturu:
1726 4570 1908 4622 divina:
1934 4569 2180 4640 unitatem

606 4638 848 4705 pertinet,
877 4647 964 4690 aut
1004 4652 1288 4698 Ακτειιιοιι,
1328 4649 1415 4692 aut
1453 4642 1619 4699 maior
1658 4638 1810 4691 Pater
1849 4647 1943 4702 est,
1985 4648 2089 4693 etc.
2124 4639 2181 4692 In

603 4708 727 4763 Vat.
750 4710 795 4761 Α
818 4709 1071 4762 utendum
1095 4718 1179 4763 est
1195 4709 1426 4762 interior.
1445 4708 1501 4761 In
1518 4708 1634 4761 aliis
1650 4724 1782 4762 mss.
1805 4717 1859 4760 et
1883 4708 2004 4760 edd.
2032 4723 2048 4762 :
2079 4710 2181 4762 Αη-

2268 3519 2581 3592 adoptivus;
2610 3538 2675 3577 ex
2706 3536 2813 3590 quo
2842 3522 3017 3586 capite
3049 3519 3357 3592 Marcionita
3390 3534 3494 3572 nnn
3524 3530 3728 3592 poterat
3756 3534 3843 3573 as-

2268 3589 2472 3657 serere,
2495 3604 2583 3647 aut
2608 3589 2850 3661 arguere,
2870 3592 3095 3644 alterum
3117 3589 3336 3643 alterius
3365 3590 3594 3657 generis,
3615 3590 3725 3642 sive
3749 3604 3842 3641 na-

2270 3674 2403 3718 turre
2427 3678 2704 3719 numerum
2731 3661 2956 3715 duorum
2982 3669 3258 3727 prmstare,
3283 3671 3336 3714 et
3356 3661 3622 3727 geminum
3645 3673 3846 3713 numen

2273 3734 2546 3788 inducere.
2592 3732 2914 3787 Prudentius
2952 3731 3219 3799 przecipue
3250 3732 3484 3799 loquitur
3519 3730 3584 3784 de
3612 3728 3846 3792 Christo,

2271 3813 2533 3873 quatenus
2574 3813 2657 3858 est
2686 3802 2826 3855 Deus
2868 3817 2881 3851 :
2925 3815 3046 3873 nam
3068 3798 3521 3873 saepeCItristum
3553 3815 3649 3873 pro
3676 3798 3848 3853 Verbo

2272 3870 2486 3941 accipit.
2522 3874 2657 3927 Hinc
2681 3879 2910 3939 arguunt
2940 3872 3193 3941 theologi,
3219 3870 3511 3941 Christum,
3543 3870 3702 3941 etiam
3724 3884 3848 3937 qua.

2274 3940 2428 3998 tenus
2450 3954 2531 3998 est
2555 3945 2734 4006 homo,
2763 3957 2865 3994 non
2898 3956 3018 3994 esse
3046 3940 3212 3994 lilium
3244 3940 3551 4009 adoptivum
3577 3940 3671 3993 Dei
3701 3957 3711 3989 :
3742 3947 3849 3991 ειε-

2275 4017 2383 4067 nim
2416 4014 2553 4067 tilius
2578 4012 2861 4081 adoptivus
2890 4022 2973 4065 est
3006 4026 3227 4078 persona
3270 4022 3518 4065 extranea
3556 4009 3850 4081 adoptanti.

2278 4085 2405 4138 Erat
2445 4093 2566 4138 tunc
2610 4085 2659 4136 in
2690 4080 2862 4136 imore
2901 4086 3151 4149 positum,
3190 4088 3248 4134 ut
3289 4082 3639 4146 imperatores
3688 4080 3849 4149 tilium

2277 4155 2504 4223 aliquem
2529 4153 2747 4208 alterius
2768 4152 2978 4223 generis
3002 4151 3101 4223 sibi
3123 4152 3456 4223 adoptarent,
3481 4149 3617 4223 et_ad
3644 4148 3849 4223 imperii

2280 4218 2479 4293 partem
2507 4218 2860 4278 assumerent.
2887 4222 2999 4275 Huc
3025 4218 3247 4275 fortasse
3273 4222 3507 4274 animum
3531 4218 3851 4293 Prudentius

2279 4288 2527 4348 advertit.
2577 4293 2746 4347 Genus
2789 4306 2883 4356 pro
2923 4302 3111 4345 natura
3160 4306 3317 4359 supra
3354 4301 3509 4357 poeta
3549 4288 3847 4359 usurpavit;

2280 4366 2575 4431 eodemque
2600 4363 2861 4417 vocabulo
2894 4362 2973 4415 usi
3000 4369 3125 4415 sunt
3151 4358 3328 4429 plures
3358 4360 3682 4431 SS.7Patres.
3716 4358 3852 4431 quod

2282 4450 2425 4503 saepe
2450 4429 2797 4502 repetendum
2829 4440 2913 4486 est
2937 4442 3120 4503 contra
3144 4432 3335 4503 Clerici
3362 4430 3715 4503 sophismata.
3748 4429 3853 4503 Vo}

2283 4499 2374 4558 illa
2387 4499 2677 4571 adoptivum
2693 4506 2960 4571 reperitur
2976 4502 3025 4555 in
3049 4502 3215 4557 concil
3228 4500 3566 4571 .Bracarensi
3586 4516 3623 4565 ι,
3644 4499 3852 4568 capJS:

2288 4570 2538 4643 Adoptiva
2567 4570 2767 4639 ferriiua’
2790 4572 3031 4633 ascititia.
3062 4581 3116 4627 et
3146 4573 3197 4625 in
3224 4570 3553 4643 Collectione
3592 4582 3855 4623 canonum

2288 4646 2344 4699 S.
2366 4641 2573 4698 Martini
2603 4642 2964 4700 Bracarensis.
2995 4644 3050 4697 ln
3079 4643 3322 4696 oratione
3351 4641 3631 4701 matutina.
3661 4654 3782 4701 quae
3827 4653 3857 4691 a

2287 4715 2469 4768 multis
2500 4713 2753 4776 Ausonio,
2805 4730 2835 4766 a
2885 4713 3152 4766 nonnullis
3180 4712 3239 4767 S.
3257 4712 3481 4766 Paulino
3528 4710 3856 4765 ascribitur:

605 4780 759 4833 terior
778 4795 988 4863 numero
1003 4778 1202 4863 est,cui
1229 4776 1395 4863 ilius
1415 4778 1701 4863 u'nirusuni
1722 4787 1815 4841 est,
1838 4777 1978 4863 quod
2002 4780 2182 4863 nescio
2214 4792 2264 4853 υ
2289 4785 2752 4863 Stirpis_adoptivw
2776 4782 2981 4863 meliore
3013 4799 3237 4863 prepage
3263 4783 3529 4863 colendus.

604 4864 705 4920 qua
729 4848 935 4920 ratione
952 4851 1120 4916 possit
1135 4848 1415 4920 explicari.
1439 4849 1775 4920 Latinitatem
1797 4847 1943 4920 vocis
1958 4849 2183 4920 anterior

604 4918 738 4974 satis
767 4918 1006 4973 defendit
1030 4920 1190 4973 Olaus
1218 4918 1527 4973 Borrichius
1558 4918 1610 4972 in
1641 4918 1911 4972 Analectis
1934 4919 1998 4970 ad
2023 4918 2182 4987 Cogi«

604 4991 833 5045 tationes
853 4988 919 5042 de
940 4988 1117 5057 lingua
1134 4989 1317 5043 Latina
1337 5000 1520 5044 contra
1536 4988 1783 5043 Vossium
1805 4998 1857 5042 et
1873 4988 2181 5054 Cellarium,

606 5075 673 5115 ex
695 5060 836 5114 Julio
868 5058 1079 5113 Caesare
1118 5060 1171 5111 in
1203 5059 1417 5126 optimis
1443 5060 1859 5126 exemplaribus,
1892 5059 2181 5125 Prisciano,

606 5128 1206 5200 Symmachgﬁulpicio
1224 5128 1446 5197 aliisque
1471 5130 1782 5198 aequalibus.
1801 5129 2183 5200 Pr0prietatem

606 5197 855 5269 loquendi
879 5197 1050 5252 Filius
1072 5197 1251 5253 unicus
1270 5201 1356 5253 uni
1380 5208 1453 5251 est
1474 5197 1617 5253 recte
1644 5200 1845 5253 notavit
1874 5199 2090 5252 Teolius
2120 5216 2183 5253 ex

607 5270 663 5324 S.
686 5270 885 5325 Thoma
917 5278 1048 5332 part.
1086 5271 1137 5332 1,
1169 5275 1359 5339 quaest.
1385 5270 1472 5331 51,
1497 5280 1598 5321 art.
1620 5270 1654 5322 2
1681 5282 1696 5323 :
1726 5270 1951 5322 Dicimus
1983 5271 2187 5323 unicum

608 5339 824 5405 Filium,
849 5340 969 5409 quia
996 5357 1099 5393 non
1131 5338 1259 5409 mu
1275 5339 1446 5409 plures
1468 5338 1565 5408 ﬁlii
1593 5340 1644 5390 in
1674 5341 1858 5392 divinis
1881 5357 1899 5393 :
1928 5355 2084 5405 neque
2109 5349 2186 5392 ta—

609 5427 723 5464 men
753 5407 967 5491 dicimus
996 5412 1198 5463 unicum
1227 5407 1413 5476 Deum,
1444 5407 1566 5479 quia
1597 5409 1824 5477 pluribus
1854 5410 2089 5464 divinitus
2116 5420 2189 5464 est

610 5496 913 5533 commums.

683 5550 771 5604 42.
812 5551 1099 5605 Generatio
1144 5550 1371 5621 simplex
1408 5558 1492 5604 est
1536 5552 1811 5620 generatio
1854 5560 2055 5607 aeterna
2097 5567 2191 5619 per

611 5620 1150 5676 communicationem
1176 5620 1418 5689 ejusdem
1448 5630 1673 5686 natura,
1704 5634 1807 5675 non
1841 5637 1933 5688 per
1962 5623 2184 5677 divisio—

613 5707 756 5756 nem,
790 5700 883 5744 aut
912 5691 1405 5759 multiplicationem
1435 5693 1683 5747 essentiaa
1714 5709 1728 5747 :
1759 5706 1880 5746 nam
1914 5692 2075 5747 Filius
2101 5701 2187 5747 est

613 5763 845 5829 genitus,
880 5775 983 5815 non
1014 5771 1246 5827 creatus,
1275 5772 1365 5817 aut
1394 5764 1586 5818 lactus.
1640 5762 1765 5818 ideo
1797 5772 1949 5830 poeta
1982 5762 2186 5818 theolo-

616 5844 715 5912 gus
734 5839 905 5908 rogat,
929 5832 1067 5889 inter
1085 5833 1317 5906 genitum
1339 5842 1392 5891 et
1413 5842 1754 5907 generantem
1778 5849 1870 5909 per
1890 5832 2183 5907 simplicem

2357 4850 2445 4909 51.
2480 4850 2669 4908 Filium
2714 4869 2835 4908 esse
2880 4850 3134 4919 formam,
3180 4850 3296 4906 sive
3339 4851 3624 4919 imaginem
3667 4850 3857 4918 Patris,

2288 4926 2469 4980 monui
2512 4927 2561 4978 in
2595 4925 2788 4990 Apoth.
2838 4924 2911 4977 Ex
2941 4938 3046 4992 quo
3074 4923 3371 4991 colligitur,
3401 4921 3591 4975 Filium
3620 4920 3856 4988 ejusdem

2288 5012 2408 5050 esse
2437 5011 2554 5049 cum
2588 4995 2742 5048 Patre
2770 5002 2973 5047 natura:
3004 5010 3017 5045 :
3056 5008 3157 5047 non
3188 4992 3328 5047 enim
3366 4993 3599 5060 perlecta
3627 4992 3744 5045 haec
3787 4992 3858 5043 si-

2290 5067 2531 5120 militudo
2574 5074 2629 5117 et
2676 5066 2813 5117 ratio
2867 5063 3109 5133 imaginis
3157 5064 3453 5117 consistere
3496 5070 3691 5133 posset
3731 5062 3858 5113 inter

2289 5142 2423 5189 duas
2451 5136 2731 5189 distinctas
2758 5130 2993 5187 naturas.
3027 5132 3224 5187 Confer
3253 5133 3551 5201 theologos,
3579 5130 3862 5201 probantes

2292 5206 2545 5259 unitatem
2581 5205 2829 5259 essentia}
2866 5206 2918 5257 in
2962 5203 3131 5257 tribus
3163 5200 3706 5271 personis.’Petavius
3733 5208 3858 5271 tom.

2292 5276 2380 5340 lV,
2405 5277 2496 5331 lib.
2521 5292 2575 5341 ιι,
2601 5291 2720 5343 cap.
2747 5277 2834 5338 11,
2858 5284 2912 5327 et
2935 5274 3025 5327 lib.
3056 5290 3128 5337 tv,
3153 5269 3271 5342 cap.
3292 5273 3378 5335 15,
3407 5269 3859 5343 observat,_simili

2291 5339 2604 5414 argumento
2650 5339 2774 5399 usus
2815 5339 3529 5414 Atltanasiutn,'Basilium,
3575 5339 3860 5414 Cyrillum;

2292 5410 2385 5471 sed
2410 5417 2797 5485 adjungendam
2824 5430 2947 5469 esse
2972 5424 3228 5481 prteterea
3256 5412 3454 5485 divina:
3480 5410 3858 5485 generationis,

2292 5487 2375 5541 vel
2418 5479 2779 5555 productionis
2818 5479 3179 5538 substantialis
3214 5479 3505 5555 rationem,
3543 5494 3665 5549 qua:
3697 5479 3749 5555 id
3783 5494 3862 5555 re-

2294 5549 2476 5624 quirit,
2508 5569 2563 5613 ut
2591 5557 2730 5626 quod
2760 5558 2947 5610 eodem
2974 5555 3134 5626 modo
3164 5552 3494 5626 producitur,
3525 5566 3632 5626 pou
3676 5549 3862 5626 simiii-

2300 5618 2533 5684 tudinem
2573 5618 2778 5693 solum,
2819 5626 2911 5681 sed
2952 5618 3280 5680 identita'tem
3320 5620 3721 5679 etiam.habeat
3738 5618 3860 5681 sub:

2292 5701 2519 5757 stantia.

2363 5770 2451 5827 55.
2485 5769 2676 5841 Bong.,
2706 5777 2999 5837 revocatus;
3024 5765 3238 5843 reliqui,
3266 5773 3547 5822 revocatur.
