4092 6344
319 391 451 449 1017

1647 596 1815 666 [tunat

490 690 646 745 Secta
675 690 856 753 fidem,
884 689 1113 743 dominis
1138 689 1331 743 malum
1366 690 1557 759 partita
1585 690 1811 745 duobus.

488 781 618 848 Qua:
642 792 693 835 te
715 780 1044 836 confundunt
1070 780 1311 835 nebulae?
1336 782 1455 851 quis
1481 796 1700 837 somnus
1728 781 1885 837 inerti

491 874 708 929 incubat
734 874 967 943 ingenio,
990 872 1075 928 cui
1107 888 1198 941 per
1222 872 1593 943 phantasmata
1620 874 1815 944 duplex

312 968 379 1023 60
488 966 729 1022 Occurrit
763 967 994 1033 species,
1026 966 1169 1021 bivio
1198 965 1438 1036 dispersa
1468 970 1745 1036 superno?

490 1060 648 1133 505
699 1060 753 1117 Si
806 1061 912 1117 vim
962 1060 1157 1115 mentis
1207 1060 1371 1116 hebes
1417 1070 1601 1130 stupor
1653 1062 1884 1131 obsidet,

1394 1154 1593 1225 [aspice
1623 1157 1814 1211 saltem

484 1244 649 1299 Obvia
680 1243 906 1299 terrenis
930 1243 1098 1299 oculis
1125 1244 1412 1312 elementa,
1447 1247 1641 1316 quibus
1668 1262 1727 1302 se

488 1335 593 1391 Res
620 1336 825 1391 occulta
859 1336 951 1390 Dei
982 1336 1197 1405 dignata
1227 1346 1309 1392 est
1339 1337 1567 1406 prodere
1592 1338 1782 1407 signis.

486 1431 635 1485 Hanc
664 1430 880 1486 heresin
911 1445 1147 1501 praesaga
1176 1430 1346 1485 Patris
1378 1429 1695 1499 praeviderat
1720 1432 1849 1486 olim

278 1532 281 1533 '
310 1525 379 1579 65
491 1526 740 1592 Majestas
772 1526 886 1580 fore
917 1541 931 1578 :
958 1540 1077 1595 qua:
1108 1536 1371 1581 rectorem
1403 1526 1559 1591 lucis,
1590 1535 1642 1580 et
1669 1526 1816 1581 orbis

484 1616 764 1672 Scinderet
788 1616 837 1670 in
864 1625 1064 1687 partes,
1092 1617 1418 1687 geminatum
1448 1632 1668 1688 segrege
1698 1631 1881 1688 regno.

486 1707 689 1763 Idcirco
717 1708 986 1778 specimen
1017 1709 1187 1778 posuit
1220 1709 1513 1777 spectabile
1543 1710 1740 1765 nostris

485 1802 908 1873 Exemplumque
929 1804 1121 1869 oculis,
1140 1805 1328 1873 nequis
1343 1803 1447 1858 duo
1470 1807 1685 1860 numina
1704 1807 1886 1862 credat

483 1892 796 1963 lmperitare
826 1896 973 1964 vagis
1016 1894 1199 1949 mundi
1230 1910 1325 1964 per
1356 1897 1533 1951 inania
1568 1896 1774 1953 formis.

311 1985 376 2041 70
497 1985 606 2041 Una
638 2000 732 2055 per
763 1987 1074 2041 immensam
1102 1987 1222 2042 coeli
1253 2002 1473 2043 caveam
1502 1990 1773 2045 revolutos

486 2078 692 2131 Prmbet
722 2077 933 2131 flamma
960 2076 1091 2142 dies,
1128 2078 1260 2133 texit
1289 2078 1369 2132 sol
1402 2080 1593 2133 unicus
1622 2095 1839 2134 annum.

483 2168 700 2237 Triplex
736 2167 823 2222 ille
855 2176 1029 2222 tamen
1062 2168 1208 2222 nullo
1236 2169 1567 2232 discrimine,
1605 2171 1737 2224 trina

484 2260 751 2315 Subnixus
780 2261 985 2316 ratione
1019 2261 1183 2331 viget,
1215 2261 1480 2332 Splendet,
1511 2262 1675 2329 volat,
1708 2261 1877 2329 ardet,

1682 391 2213 457 llAMARTlGENlA.

491 503 616 560 Hec
646 503 765 569 tibi,
796 502 1049 568 Marcion,
1081 502 1164 558 via
1196 500 1475 572 displicet;
1516 501 1649 555 hanc
1686 512 1771 555 tua
1801 503 1894 557 da-
1920 510 1972 566 Α

1908 1879 2055 1952 Bas

3429 400 3568 457 1018

2174 507 2315 562 Motu
2338 508 2529 577 agitur,
2553 507 2761 565 fervore
2781 516 3005 576 cremat,
3028 516 3137 565 tum
3160 510 3359 566 lumine
3381 511 3565 581 fulget.

2000 599 2067 653 75
2178 600 2311 655 Sunt
2340 602 2435 656 tria
2462 618 2655 673 nempe
2684 603 2862 669 simul,
2889 604 2997 670 lux,
3016 611 3071 657 et
3090 604 3257 672 calor,
3279 614 3331 659 et
3357 612 3569 673 vegeta-

3309 696 3449 767 [men
3477 711 3491 747 :

2171 783 2332 854 506
2361 783 2505 852 Una,
2536 785 2827 856 eademque
2856 794 3031 839 tamen
3062 793 3175 840 rota
3205 785 3396 841 sideris
3425 786 3531 841 indi

3038 866 3047 877 ’
3282 877 3496 950 [scretis

2174 970 2434 1039 Fuugitur
2466 969 2578 1037 his,
2611 986 2717 1025 uno
2749 978 2926 1024 servat
2954 977 3033 1024 tot
3064 984 3283 1024 munera
3311 971 3491 1034 ductu,

2175 1062 2241 1116 Et
2276 1063 2443 1117 tribus
2474 1077 2577 1115 una
2605 1062 2787 1116 subest
2815 1062 3017 1115 mixtim
3049 1060 3340 1115 substantia
3372 1062 3556 1116 rebus.

2170 1155 2285 1211 Non
2323 1154 2569 1210 conferre
2596 1155 2703 1209 Deo
2724 1196 2738 1221 ,
2770 1154 2915 1209 velut
2943 1154 3350 1225 mquiparabile,
3406 1154 3563 1224 quid-

3307 1249 3485 1321 [quam

1992 1342 2061 1399 80
2171 1341 2353 1398 Ausim
2377 1382 2391 1407 ,
2434 1356 2533 1396 nec
2581 1340 2799 1396 domino
2839 1338 3092 1395 famulum
3130 1353 3453 1408 componere
3493 1339 3564 1394 si-

3264 1433 3447 1504 lsnum
3480 1450 3491 1485 =

2168 1529 2248 1581 Ex
2281 1527 2514 1581 minimis
2540 1527 2631 1580 sed
2663 1526 2864 1595 grande
2893 1540 3045 1580 suum
3073 1522 3244 1578 voluit
3269 1523 3425 1577 Pater
3451 1523 3565 1593 ipse

2164 1618 2472 1687 (Ionjeetare
2486 1619 2724 1671 homines
2742 1632 2757 1669 :
2773 1617 2965 1685 quibus
2977 1615 3140 1669 ardua
3154 1615 3327 1669 visere
3342 1624 3562 1669 nonest.

2165 1710 2452 1765 Parvornm
2485 1710 2701 1777 speculo
2730 1723 2832 1761 non
2863 1708 3129 1761 intellecta
3162 1715 3431 1771 notamus,

2162 1804 2229 1857 Et
2248 1804 2403 1857 datur
2424 1802 2688 1857 occultum
2714 1817 2805 1870 per
2828 1801 3070 1871 proxima
3092 1814 3333 1869 quaarere
3355 1813 3560 1853 verum.

2161 1895 2330 1950 Nemo
2359 1895 2489 1949 duos
2519 1895 2681 1957 soles,
2715 1893 2814 1948 nisi
2845 1893 2944 1946 sub
2972 1892 3325 1963 glaucomate,
3358 1890 3487 1945 vidit
3512 1910 3525 1944 :

2163 1988 2297 2050 Aut,
2330 1987 2372 2039 si
2406 1987 2547 2041 fusca
2581 1988 2757 2056 polum
2790 1985 3009 2039 sull‘udit
3037 1984 3175 2053 palla
3207 1998 3489 2048 serenum,

2165 2079 2450 2148 Oppositus
2478 2080 2686 2149 quoties
2716 2076 2987 2131 radiorum
3019 2075 3219 2144 spicula
3253 2074 3465 2128 nimbus

2166 2172 2320 2243 507
2340 2173 2464 2240 igne
2482 2185 2795 2240 repercusso
2812 2170 3060 2224 mentitos
3086 2168 3283 2237 spargit
3308 2167 3358 2221 in
3380 2168 3555 2221 orbes.

2166 2266 2302 2319 Sunt
2323 2263 2516 2318 animis
2542 2262 2702 2319 etiam
2733 2276 2829 2316 sua
2860 2261 3061 2329 nubila,
3095 2273 3309 2315 crassus
3339 2267 3393 2313 ct
3422 2274 3512 2314 aer
3544 2275 3560 2316 :

1614 2377 1901 2434 GLOSSE
1942 2380 2282 2435 VETERES.

380 2473 465 2526 6t).
510 2471 677 2535 Bivio,
703 2469 969 2531 divisione,
994 2467 1032 2522 I.

380 2543 469 2595 62.
515 2542 809 2604 Elementa,
839 2541 1005 2610 signa,
1033 2537 1070 2590 Ι.

378 2611 469 2667 61.
511 2611 774 2679 Prcesaga,
804 2608 1221 2681 pradivinatrix,
1253 2609 1483 2677 prtescia,
1518 2608 1557 2663 l.

381 2683 469 2737 66.
514 2682 763 2751 Segrege,
792 2679 1044 2750 separato,
1082 2679 1200 2733 Vat.
1234 2681 1297 2751 A.

381 2755 469 2807 67.
511 2749 813 2816 Specimen,
845 2749 1227 2821 imaginem.—
1254 2749 1643 2821 Posuit,Deus,
1679 2750 1716 2803 l.

384 2824 468 2877 71.
514 2821 738 2884 Ρι-ωὺεῑ.
769 2822 991 2875 ordinat.
1016 2850 1083 2861 —
1105 2820 1367 2885 Flamma,
1399 2820 1494 2875 sol.
1515 2850 1585 2861 ——
1605 2821 1760 2876 Texit
1789 2840 1881 2876 or-

316 2894 530 2955 dinavit,
562 2894 599 2945 1.

385 2966 472 3018 75.
519 2962 691 3029 Volat,
718 2963 893 3027 currit,
924 2960 964 3014 ἰ.

387 3034 475 3089 75.
521 3034 859 3100 Vegetamen,
879 3032 1147 3097 veqetatio,
1171 3033 1459 3097 commotio,
1492 3032 1530 3087 1.

387 3106 474 3157 76.
517 3102 810 3168 lndiscreli,
844 3111 1009 3155 motus
1035 3102 1376 3165 indivisibilis,
1409 3103 1446 3155 Ι.

388 3176 475 3229 77.
520 3174 631 3239 llis,
667 3174 947 3242 oﬁiciis.—
977 3172 1163 3236 Ductu,
1191 3172 1446 3238 ductione,
1477 3172 1518 3227 1.

386 3245 473 3301 78.
515 3245 841 3306 thslantia,
865 3244 963 3307 sol,
997 3242 1034 3296 Ι.

390 3318 477 3371 79.
518 3315 935 3383 Equiparabile,
967 3314 1151 3377 simile,
1182 3312 1539 3384 comparabile,
1572 3312 1610 3365 1.

389 3388 477 3441 80.
518 3382 722 3451 Ausim,
755 3385 988 3438 audeam.
1012 3413 1081 3423 -—-
1102 3382 1455 3450 Componere,
1486 3398 1803 3454 comparare,
1839 3382 1878 3437 I.

390 3458 479 3514 81.
519 3456 729 3514 Grande
757 3471 930 3523 suum,
959 3460 1453 3524 mafestatemsuam,
1485 3454 1526 3509 l.

2061 2469 2150 2525 82.
2192 2469 2525 2537 Coniectare,
2552 2482 2971 2535 prwcognoscere,
2986 2466 3050 2537 in
3073 2466 3167 2517 hoc
3186 2463 3320 2537 quod
3338 2462 3407 2537 ad
3429 2462 3562 2515 ima-

1990 2542 2156 2610 ginem
2204 2534 2348 2595 suam
2394 2534 2559 2594 creati
2590 2554 2783 2592 sumus.
2810 2567 2876 2576 —
2898 2536 3145 2610 Quibus,
3174 2534 3561 2610 hominibus.-—_-

1991 2603 2193 2681 Ardua,
2226 2614 2434 2676 visere,
2476 2611 2647 2663 divina
2677 2624 2991 2680 cegnoscere.
3011 2634 3081 2647 —
3103 2605 3217 2661 Non
3247 2612 3362 2669 est,
3398 2603 3563 2673 possi-

1989 2683 2108 2743 bile,
2152 2684 2188 2738 Ι.
3572 2683 3576 2688 ’

2063 2754 2151 2808 85.
2196 2756 2509 2815 ParVorum,
2540 2769 2626 2819 per
2654 2750 2888 2804 visibilia.
2920 2776 2990 2788 -ο
3015 2746 3128 2800 Non
3173 2744 3458 2819 intellecta,
3487 2744 3562 2797 inc

1992 2826 2231 2889 visibilia,
2256 2844 2332 2889 ea,
2360 2840 2470 2889 qute
2491 2816 2589 2876 non
2614 2837 2879 2888 possumus
2903 2818 3202 2888 intelligere,
3237 2816 3277 2869 Ι.

2061 2894 2147 2949 84.
2195 2897 2459 2959 Proxima,
2484 2910 2593 2958 quin
2614 2894 2851 2955 vidimus,
2884 2891 2919 2943 l.

2060 2966 2149 3021 85.
2190 2955 2553 3026 Glaucornate,
2599 2964 2853 3029 albugine,
2898 2957 3249 3029 oﬂ'uscatione,
3292 2955 3560 3025 infusione.

1995 3033 2275 3089 Glancoma
2304 3045 2376 3089 est
2410 3035 2681 3099 infirmitas
2713 3027 2995 3091 Oculorum,
3031 3027 3070 3080 I.

2061 3107 2149 3159 86.
2195 3108 2384 3165 Fusra,
2418 3096 2666 3167 ttiqrtt.—
2688 3101 2973 3163 Sutfuudit,
3004 3097 3372 3152 cbumbrat.—
3392 3096 3561 3161 Palla,

1991 3178 2168 3228 nubem
2194 3176 2415 3244 appellat
2438 3175 2645 3243 pallam,
2669 3172 2935 3244 nubecula,
2968 3170 3005 3223 I.

2062 3247 2151 3299 87.
2195 3242 2434 3306 Nimbus,
2467 3244 2640 3303 nubes,
2672 3242 2712 3295 I.

2057 3316 2145 3368 88.
2179 3316 2451 3375 Mentitos,
2476 3314 2801 3382 infrnstratos
2816 3308 3003 3363 scilicet
3034 3309 3242 3363 lumine.
3270 3337 3337 3348 -—
3368 3306 3561 3372 Orbes,

1987 3387 2161 3439 oculos
2177 3426 2192 3450 ,
2224 3386 2261 3439 I.

2055 3456 2143 3512 89.
2178 3460 2305 3523 Aer,
2335 3455 2558 3521 animus,
2596 3454 2633 3508 I.

1666 3586 2221 3646 COMMENTARIUS.

392 3730 480 3786 60.
518 3730 669 3799 Prag.
698 3727 877 3782 scribit
908 3728 1159 3796 disparsa.

394 3801 481 3853 64.
518 3791 711 3867 Aldus,
743 3809 799 3849 ut
829 3791 1000 3851 metro
1038 3798 1369 3861 consuleret,
1404 3795 1701 3867 reformare
1727 3791 1897 3846 voluit

326 3871 519 3923 heresin
544 3863 706 3922 hanc.
726 3872 837 3924 Hoc
868 3868 1038 3932 ipsum
1070 3884 1227 3919 ausus
1255 3877 1333 3920 est
1366 3867 1609 3919 librarius
1638 3863 1895 3917 adnotare

327 3941 379 3993 in
406 3938 612 3991 Ratish.
639 3938 776 3995 Vera
807 3936 964 3991 lectio
995 3936 1128 3988 hanc
1154 3938 1371 3989 heresin.

399 4008 486 4061 68.
539 4008 651 4060 Vat.
682 4014 746 4075 A,
792 4006 963 4069 male,
1004 4022 1157 4074 neque
1186 4007 1296 4073 quis
1337 4020 1431 4073 pro
1462 4004 1666 4074 nequis;
1712 4003 1893 4072 Prag.,

282 4120 285 4123 .
325 4078 529 4131 credens
562 4094 655 4143 pro
685 4080 874 4142 credat,
909 4090 1011 4129 noo
1035 4077 1188 4129 bene.

398 4149 486 4202 69.
517 4141 683 4202 Abest
710 4151 795 4203 hic
825 4141 1009 4201 versus
1038 4161 1067 4197 a
1099 4145 1236 4207 PaL,
1265 4143 1438 4209 Egm.,
1474 4144 1615 4209 Ald.,
1644 4141 1894 4194 omnibus

326 4218 534 4280 lieins.,
575 4233 679 4273 uno
712 4220 892 4279 Torr.,
927 4216 1104 4281 Alex.,
1140 4216 1269 4270 Urb.
1319 4214 1552 4268 Aliertur
1600 4228 1627 4265 a
1669 4210 1891 4275 Weitz.,

327 4289 465 4352 Gis.,
491 4289 647 4355 Man,
684 4292 859 4354 Prag.,
888 4288 1004 4338 liat.
1030 4298 1081 4337 et
1107 4286 1316 4353 quidem
1348 4286 1463 4338 sine
1495 4285 1672 4343 litura,
1699 4282 1889 4355 Bong.,

326 4358 513 4421 Fabr.,
540 4369 592 4412 et
620 4351 757 4413 aliis.
785 4351 889 4414 Sed
918 4358 969 4409 in
996 4351 1171 4417 Fabrl,
1201 4356 1386 4421 Bong..
1419 4364 1469 4406 et
1503 4355 1630 4407 Mar.
1666 4368 1692 4403 a
1724 4351 1891 4418 prima

325 4445 504 4493 manu,
535 4446 685 4500 vagas
711 4431 1020 4500 formaspro
1047 4427 1183 4500 vagis
1206 4428 1402 4500 (annis.
1427 4426 1696 4500 Oiselinus
1718 4431 1891 4500 testa-

325 4509 412 4553 tur
454 4491 617 4553 hunc"
632 4491 842 4556 versum
871 4491 1058 4552 abesse
1084 4491 1150 4550 ab
1175 4491 1303 4550 edit.
1335 4494 1583 4549 Daventr.
1606 4492 1817 4547 'l'eolius
1839 4491 1889 4544 in

272 4618 277 4623 .
324 4584 432 4623 uno
462 4579 662 4623 tantum
695 4572 811 4625 Vat.
841 4585 959 4624 eum
985 4582 1104 4621 esse
1133 4568 1226 4631 ait,
1255 4565 1347 4619 sed
1376 4564 1645 4618 inductum
1676 4579 1703 4613 a
1734 4576 1894 4615 manu

324 4641 555 4711 secunda
579 4641 843 4711 (intelligo
865 4637 1176 4711 adjectum).
1205 4636 1477 4711 Mariettus
1506 4637 1559 4688 in
1584 4649 1681 4688 suo
1706 4632 1891 4685 codice

323 4724 465 4763 nunc
505 4709 624 4765 Vat.
655 4727 683 4763 a
715 4726 872 4765 manu
915 4710 1084 4776 prima
1131 4709 1373 4762 eumdem
1422 4722 1632 4760 versum
1678 4712 1891 4757 exstare

323 4780 560 4845 agnovit.
602 4781 756 4834 Alex.
789 4795 816 4831 a
849 4778 1079 4833 secunda
1116 4794 1273 4830 manu
1305 4778 1443 4829 hunc
1474 4779 1645 4844 ipsum
1676 4788 1889 4828 versum

323 4848 502 4915 habet,
538 4860 589 4904 et
619 4852 744 4919 legit
776 4865 924 4919 vagas
948 4848 1157 4915 formas.

395 4920 483 4975 70.
519 4916 703 4985 Fabri,
725 4916 861 4978 Gisf.
888 4919 1079 4985 Bong.,
1130 4916 1409 4988 resolutos,
1454 4930 1752 4985 perperam,
1795 4936 1890 4988 pro

322 4990 595 5072 revolutos.
634 4990 779 5072 Vide
819 4990 1205 5072 Bectnanum,“
1237 4986 1303 5072 de
1347 4987 1542 5072 Urgine
1566 4988 1717 5072 I'l‘ing.
1768 4986 1886 5072 Lat.
1917 5014 1968 5072 υ

323 5076 445 5129 cap.
474 5060 528 5119 6.
558 5063 647 5129 qui
673 5076 734 5114 ex
765 5073 894 5113 mss.
926 5059 1060 5112 hanc
1087 5056 1365 5129 lectionem
1389 5057 1625 5129 defendit
1651 5069 1703 5111 et
1727 5062 1891 5127 expli-

322 5127 430 5186 cat.
464 5127 587 5185 Dies
622 5130 849 5185 revoluti
882 5137 1033 5191 sunt,
1067 5127 1157 5195 qui
1198 5127 1541 5181 revolvuntur
1578 5127 1886 5197 identidem,

323 5210 378 5255 et
404 5202 647 5256 redeunt.

395 5272 483 5326 71.
522 5270 690 5327 Codd.
734 5283 861 5323 mss.
898 5276 953 5323 et
982 5268 1129 5337 edd.,
1171 5268 1313 5321 texit.
1354 5267 1629 5321 Fabricius
1674 5272 1889 5327 excudit

322 5343 473 5403 rexit,
496 5345 578 5397 cui
603 5344 741 5395 lavet
764 5340 958 5407 glossa.
992 5340 1103 5392 lloc
1130 5339 1374 5405 exemplo
1401 5354 1527 5391 usus
1556 5349 1636 5392 est
1659 5341 1887 5396 Alexan-

322 5413 419 5466 der
445 5414 660 5481 Magnus
688 5430 698 5463 :
728 5410 905 5479 Neque
930 5420 1063 5462 terra
1089 5417 1247 5479 potest
1270 5410 1395 5461 duos
1416 5409 1565 5474 soles,
1590 5426 1747 5477 neque
1770 5412 1889 5466 Asia

320 5483 453 5536 duos
481 5500 619 5553 reges
646 5483 876 5541 tolerare.

396 5554 485 5606 75.
510 5549 568 5608 S.
584 5554 926 5619 Augustinus,
945 5549 1337 5622 deCognitione
1360 5564 1499 5603 vera:
1530 5549 1648 5604 vitm.
1670 5554 1883 5622 cap.l0,

323 5624 624 5691 exemplum
658 5623 811 5688 lucis,
837 5621 1139 5690 splendoris
1165 5631 1217 5674 et
1242 5622 1456 5691 caloris,
1489 5636 1605 5685 qua:
1633 5634 1754 5675 sunt
1788 5626 1885 5679 tria

324 5690 534 5747 diverSa
562 5692 833 5757 vocabula,
861 5691 956 5746 sed
979 5706 1079 5744 una
1107 5700 1158 5745 et
1182 5690 1446 5744 individua
1475 5691 1784 5753 substantia,
1817 5696 1885 5749 ad

325 5764 642 5818 altissimum
664 5761 935 5816 Trinitatis
955 5762 1151 5816 divina
1172 5761 1483 5829 mysterium
1513 5762 1881 5830 explicandum

328 5834 561 5892 adducit.
587 5834 652 5890 Et
674 5846 919 5893 sermone
942 5833 967 5887 t
989 5833 1055 5889 de
1074 5831 1265 5888 Verbis
1285 5831 1519 5903 Apostoli
1543 5833 1665 5901 soli,
1693 5844 1744 5889 et
1776 5836 1881 5907 igni

1996 3734 2272 3794 comparat
2299 3725 2607 3778 Trinitatem
2637 3743 2647 3776 :
2692 3723 2751 3777 Et
2781 3722 2911 3793 ignis
2938 3724 3067 3774 enim
3098 3722 3195 3774 tria
3222 3721 3387 3781 habet,
3413 3730 3461 3775 et
3482 3724 3561 3776 div

1996 3798 2099 3849 vidi
2137 3814 2235 3849 non
2273 3806 2461 3864 potest,
2496 3797 2589 3848 hoc
2617 3805 2721 3857 est,
2752 3806 2962 3856 motum,
2998 3799 3187 3864 lucem,
3221 3796 3560 3864 etferoorem.

1996 3862 2389 3921 Chamillardus
2426 3869 2499 3919 ait
2545 3866 2733 3920 vitiose
2773 3867 2840 3920 ab
2882 3878 2985 3917 uno
3035 3863 3324 3917 Prudentia
3366 3862 3562 3918 dictum

1994 3950 2276 4005 vegetamen
2308 3954 2401 4002 pro
2437 3940 2699 4006 vegetatio.
2742 3938 2933 3989 Contra
2984 3933 3228 4006 Barthius
3269 3934 3359 4006 lib.
3398 3950 3429 3987 x
3459 3934 3564 4006 Ad-

1998 4004 2163 4070 \'ers.,
2191 4022 2288 4074 cap
2318 4008 2407 4068 24,
2440 4004 2733 4070 elegantem
2768 4021 2949 4057 vocem
2979 4004 3127 4074 dicit,
3157 4018 3254 4055 nec
3281 4004 3564 4059 admodum

1999 4080 2244 4128 usitatam
2261 4072 2509 4128 'nutamen
2543 4075 2593 4127 in
2620 4076 2747 4127 Silio
2774 4076 2955 4128 Italico
2983 4090 2994 4124 :
3030 4072 3205 4125 Nirea:
3236 4076 3447 4126 tremulo
3470 4090 3563 4126 nu.

1996 4149 2181 4198 tamine
2200 4162 2395 4210 penna’.
2425 4145 2633 4209 Quales,
2657 4146 2841 4213 inquit,
2868 4142 3054 4194 multas
3070 4141 3376 4213 Prudentius
3392 4144 3563 4209 ﬁnxit,

1996 4225 2177 4269 temere
2201 4218 2327 4269 inter
2348 4216 2589 4267 barbaras
2611 4232 2641 4266 a
2663 4212 2953 4266 censoribus
2978 4213 3126 4265 nimis
3143 4212 3371 4264 delicatis
3391 4229 3564 4267 recen-

1995 4288 2141 4340 sitas.
2174 4287 2285 4339 lluc
2310 4286 2482 4339 refero
2510 4285 2827 4337 vocabulum
2858 4294 3163 4350 vegetamen,
3192 4291 3247 4334 et
3274 4283 3375 4334 alia
3407 4283 3562 4347 hujus

1995 4358 2226 4425 gent-ris,
2276 4372 2567 4423 peccamen,
2609 4370 2857 4418 creamen,
2899 4362 3183 4425 ructanten,
3228 4362 3561 4425 ostentantem,

1993 4422 2319 4480 oblectamen.
2348 4427 2477 4479 Vide
2504 4426 2553 4478 in
2581 4425 2752 4479 indice
2775 4423 2998 4477 Fabricii
3022 4422 3087 4475 ad
3113 4432 3292 4488 poetas
3308 4423 3563 4477 Christia-

1996 4513 2094 4550 nos
2127 4496 2379 4562 a/famen,
2413 4513 2684 4557 conamen,
2721 4496 3067 4555 exhortamen,
3113 4502 3369 4562 testamen.
3410 4493 3563 4548 Plura

1994 4561 2187 4621 similia
2232 4582 2352 4621 sunt
2398 4568 2449 4620 in
2487 4567 2763 4631 Lucretio,
2791 4581 2908 4636 qua:
2955 4563 3009 4617 in
3043 4561 3215 4617 indice
3244 4562 3563 4619 Lucretiano

1960 4696 1977 4713 υ
1996 4637 2248 4713 Giiapius
2263 4640 2485 4713 notavit.

2066 4709 2153 4763 76.
2203 4709 2354 4772 Man,
2400 4708 2577 4777 Prag.,
2636 4707 2781 4769 ΒΜ..
2844 4705 3055 4777 Weit_z.,
3100 4703 3562 4777 Gis._,‘indiscreti,

1995 4795 2185 4847 nempe
2212 4781 2358 4833 solis.
2390 4772 2585 4845 Scripti
2620 4777 2915 4837 Heinsiaui,
2952 4774 3069 4827 Vat.
3101 4775 3167 4833 A,
3199 4772 3377 4836 Alex.,
3407 4776 3560 4845 Urb.,

1995 4852 2138 4897 ΑΜ--
2177 4853 2346 4897 Ean-
2384 4850 2550 4897 Palat.
2581 4848 2883 4897 indiscretis.
2918 4844 3123 4897 scilicet
3155 4842 3238 4897 his
3268 4844 3454 4897 tribus.

1993 4852 2140 4915 Ald.,
2177 4853 2348 4915 Ειζοιιη
2384 4850 2550 4901 Palat.
2581 4849 2883 4907 indiscretis,
2918 4849 3123 4899 scilicet
3155 4849 3238 4898 his
3268 4849 3454 4897 tribus.

2064 4923 2152 4975 78.
2192 4919 2370 4981 Prag.,
2401 4918 2683 4979 extribus;
2711 4918 2821 4976 alii.
2861 4924 2907 4968 et
2937 4915 3112 4968 tribus.
3144 4913 3293 4978 Ald.,
3317 4916 3561 4982 mixtam;

1993 4992 2195 5053 cmteri,
2226 4992 2447 5051 mixtim,
2480 4987 2620 5053 quod
2654 4995 2738 5039 est
2764 4985 3172 5053 praeferendum.

2063 5061 2151 5113 80.
2184 5058 2435 5112 Famulus
2478 5056 2739 5125 adjective
2785 5056 2923 5125 apud
2950 5055 3194 5109 Ovidium
3241 5068 3345 5107 non
3396 5055 3561 5110 semel

1993 5140 2303 5275 ῗῗὲἳῖῗᾟᾷξ
2324 5202 2455 5275 Αηρι
2554 5212 2651 5275 pro
2676 5207 2762 5275 aut
2784 5199 2847 5275 si,
2872 5196 3027 5275 Itan,
3052 5194 3194 5275 Πειρη
3214 5192 3396 5275 Ἣς]ι.,
3424 5193 3559 5275 (iis,

1993 5271 2163 5332 Sicln.
2192 5270 2458 5335 stt/fundit.
2492 5264 2609 5323 Vat.
2628 5271 2715 5331 Α..
2736 5270 2877 5328 Ald.,
2900 5267 3077 5326 Alex.,
3102 5265 3253 5335 Urb.,
3286 5264 3557 5319 Heinsiani

1993 5344 2237 5415 sa/l'ndit._
2252 5334 2412 5415 Palla
2429 5342 2570 5409 fusca
2582 5354 2683 5415 pro
2706 5338 2864 5415 nube,
2887 5337 3023 5415 sicut
3048 5334 3185 5415 apud
3204 5344 3403 5415 poetas
3432 5336 3564 5387 nube

1993 5402 2119 5481 thi,
2150 5412 2279 5464 nube
2310 5402 2540 5463 amictus.
2564 5402 2833 5481 Virgilius
2870 5422 2885 5459 ι
2916 5404 3151 5458 1Eneid.:
3193 5402 3259 5456 Et
3287 5406 3445 5457 multo
3473 5422 3560 5457 ne-

1992 5478 2123 5535 bula:
2149 5484 2337 5534 circum
2359 5484 2452 5533 (lea
2479 5480 2609 5547 fudit
2632 5478 2842 5529 amictu.

2062 5555 2149 5609 87.
2195 5552 2407 5605 Nimbus
2448 5545 2541 5617 pro
2578 5547 2705 5599 nube
2746 5546 2883 5615 apud
2916 5546 3249 5611 Lucretium,
3286 5545 3558 5617 Virgilium

1989 5632 2045 5679 et
2070 5625 2221 5677 alios.
2249 5615 2463 5691 Spicula
2490 5619 2773 5682 radiorum,
2800 5626 2857 5671 ut
2876 5617 3129 5687 spiculum
3158 5618 3298 5683 solis,
3319 5619 3501 5688 hymn.
3525 5615 3558 5671 2

1988 5694 2166 5759 t‘.ath.,
2203 5709 2341 5749 vers.
2372 5694 2424 5746 6.

2058 5767 2146 5821 88.
2180 5765 2327 5828 Ald.,
2359 5762 2614 5824 mentitus,
2645 5760 2855 5829 reliqui,
2886 5760 3137 5817 mentitos.
