4092 6344
558 340 695 399 1019

732 544 917 599 Libera
951 559 1016 597 ne
1047 550 1285 597 tenerum
1320 547 1562 610 penetret
1612 536 1887 591 meditatio
1912 535 2132 602 coelum,

732 637 871 689 Neve
902 635 1064 688 Deum
1092 633 1289 702 rapidis
1303 630 1649 700 comprendat
1677 627 1925 683 sensibus
1949 642 2131 680 unum.

730 726 1009 796 Spargitur
1036 726 1089 780 in
1118 724 1303 780 biﬁdas
1331 724 1601 778 malesana
1635 721 1864 775 intentio
1890 720 2065 784 luces,

734 819 799 872 Et
827 817 1065 887 duplices
1092 818 1319 888 geminis
1361 815 1663 870 auctoribus
1695 812 1921 869 exstruit
1952 827 2095 868 aras.

559 912 626 968 95
734 911 785 964 Si
818 910 921 964 duo
943 918 1065 963 sunt
1095 910 1272 979 igitur,
1302 924 1398 963 cur
1427 925 1531 963 non
1560 916 1683 963 sunt
1710 908 1873 961 multa
1897 906 2117 961 deorum

740 1002 949 1059 Millia?
1004 1017 1099 1056 cur
1126 1017 1346 1057 numero
1380 1002 1557 1056 Deitas
1611 1007 1862 1055 contenta
1910 997 2144 1069 gemello

1921 1090 2024 1163 [est
2052 1092 2075 1145 ?
2138 1115 2147 1123 -

735 1188 946 1242 Annon
982 1185 1033 1240 in
1064 1185 1287 1257 populos
1309 1184 1551 1254 dispersa
1579 1185 1825 1239 examina
1856 1184 2037 1239 divum

743 1283 988 1339 Fundere
1018 1290 1134 1338 erat
1160 1282 1370 1349 melius,
1409 1280 1773 1351 mundumque
1805 1281 2030 1351 implere
2059 1294 2147 1335 ca-

1864 1373 2074 1447 [pacem

737 1468 995 1525 Semideis
1019 1468 1217 1538 passim
1250 1467 1397 1522 nullo
1422 1466 1735 1522 discrimine
1765 1467 2039 1531 monstris,

567 1565 668 1623 100

746 1750 1007 1805 Convenit
1037 1759 1088 1803 et
1123 1748 1349 1813 nebulis,
1376 1747 1707 1812 etiontibus,
1743 1754 1796 1799 ct
1827 1746 2074 1800 reboanti

735 1843 966 1908 Oceano,
998 1850 1052 1895 et
1081 1841 1249 1905 silvis,
1282 1848 1335 1893 et
1363 1838 1619 1905 collibus,
1654 1846 1708 1892 et
1735 1837 2038 1905 speluncis,

746 1936 1100 1999 Fluminibus,
1129 1934 1320 2000 ventis,
1354 1932 1684 1997 fornacibus,
1717 1941 1876 2002 atque
1917 1931 2148 2007 metallis

569 2030 669 2087 105
742 2030 1029 2099 Assignare
1050 2026 1181 2082 deos
1207 2026 1485 2097 proprios:
1520 2040 1615 2078 sua
1644 2023 1833 2092 cuique
1861 2023 2002 2092 jura.

742 2122 904 2194 508
942 2119 1065 2186 Vel,
1108 2120 1151 2173 si
1200 2118 1430 2189 gentiles
1486 2116 1668 2171 sordet
1702 2115 2011 2191 venerarier
2037 2129 2154 2168 um-

1923 2208 2045 2261 bras
2064 2248 2079 2271 ,

1923 2208 2045 2261 bras
2064 2248 2079 2271 ,

748 2307 816 2361 Et
843 2305 1040 2374 placet,
1068 2316 1189 2357 esse
1218 2301 1352 2356 duos
1381 2301 1607 2370 sceptris
1629 2208 1919 2354 socialibui
1944 2314 2151 2369 aequos,

745 2398 841 2453 Dic
862 2412 979 2467 age,
1004 2395 1123 2465 quis
1154 2404 1325 2449 terras
1352 2393 1574 2448 ditionis
1602 2401 1748 2447 sorte
1773 2392 2039 2447 retentet?

1690 328 1970 387 AURELII
2011 326 2371 385 PRUDENTII
2403 324 2736 383 'CARMINA.

556 456 621 513 90
732 454 825 508 Est
850 451 1143 522 glaucoma,
1162 449 1330 504 aciem
1345 446 1481 518 quod
1502 444 1731 514 tegmine
1745 436 2119 510 veletaqudso,
2151 443 2206 506 Α

740 1564 870 1632 Quis
913 1563 1019 1617 fera
1041 1562 1316 1617 barbaries
1341 1561 1610 1631 perituros
1656 1568 1853 1614 mactat
1884 1558 2151 1614 honores?

738 1657 959 1711 Dissooa
996 1655 1284 1709 discretum
1318 1655 1551 1708 retinent
1588 1653 1633 1707 si
1679 1653 1894 1707 numina
1932 1652 2150 1718 coelum,

2179 1834 2227 1894 Β

3689 331 3823 391 1091³

2409 441 2537 509 Quis
2570 448 2717 509 regat
2747 454 3022 510 aequoreas
3051 448 3248 497 aeterna
3272 442 3390 513 lege
3420 444 3729 512 procellas?

2244 534 2347 590 110
2421 533 2534 589 Ede
2555 532 2895 588 cobmrednm
2928 534 3234 589 diSIinctum
3271 534 3357 603 jus
3386 534 3751 595 dominorum.

2422 626 2589 690 Unus,
2615 628 2715 690 ais,
2746 624 2883 679 tristi
2906 626 3104 680 residet
3131 627 3372 682 sublimis
3403 628 3455 682 in
3486 645 3631 697 arce,

2421 720 2621 774 Auctor
2648 719 2933 789 nequitim,
2968 720 3228 774 scelerum
3271 720 3441 786 Deus,
3498 737 3680 793 asper,
3731 725 3827 781 ini-

2821 797 2838 811 .
3558 816 3714 886 [quus
3750 836 3763 872 :

2418 904 2541 972 Qui,
2572 902 2927 975 quodcunque
2954 903 3150 958 malum
3184 904 3376 959 vitioso
3402 905 3571 961 fervet
3605 910 3654 961 in
3680 911 3831 977 orbe,

2421 998 2589 1064 Sevit,
2618 1006 2673 1053 et
2695 994 2924 1064 anguina
2948 994 3219 1049 medicans
3247 1011 3382 1051 nava
3411 1000 3619 1053 semina
3650 1015 3831 1068 succo,

2252 1094 2353 1151 115
2425 1093 2624 1149 Rerum
2660 1087 2974 1159 principium
3010 1088 3199 1143 mortis
3229 1088 3296 1143 de
3328 1090 3513 1146 fomite
3537 1094 3717 1147 traxit.

2425 1185 2541 1255 Ipse
2571 1182 2748 1253 opifex
2786 1180 2965 1235 mundi
3001 1190 3221 1249 terram,
3253 1196 3421 1249 mare,
3454 1184 3631 1238 sidera
3668 1185 3791 1239 fecit
3820 1204 3831 1237 :

2425 1276 2677 1334 Condidit
2718 1276 2833 1345 ipse
2888 1273 3183 1340 hominem,
3223 1273 3484 1330 lutulenta
3514 1286 3569 1331 et
3599 1280 3837 1334 membra

3574 1372 3771 1443 [coegit

2432 1463 2719 1535 Efﬁgians,
2755 1460 2899 1532 quod
2944 1458 3166 1515 morbus
3214 1458 3373 1527 edat,
3426 1462 3566 1530 quod
3620 1466 3839 1521 crimine

3580 1556 3769 1626 [multo

2435 1647 2680 1711 Sordeat,
2710 1646 2925 1702 informi
2954 1647 3192 1702 tumulus
3222 1646 3363 1720 quod
3393 1647 3514 1703 tabe
3552 1649 3801 1704 resolvat.

2257 1744 2362 1801 120
2437 1742 2536 1797 Ast
2564 1741 2651 1795 alii
2687 1740 2898 1810 pietatis
2925 1755 3095 1804 amor,
3123 1740 3496 1811 placidumque
3527 1742 3774 1796 medendi

2396 1835 2557 1907 509
2608 1834 2924 1904 Ingenium,
2982 1850 3233 1889 recreans
3274 1834 3550 1902 homines,
3604 1835 3843 1890 mortalia

3514 1928 3777 1999 [servans.

2435 2020 2784 2075 Testamenta
2811 2018 2915 2074 duo
2938 2018 3215 2073 ﬂuxerunt
3243 2018 3485 2088 principe
3513 2028 3773 2087 utroque;

2437 2114 2685 2170 Tradidit
2725 2114 2823 2170 iste
2869 2128 3067 2167 novum
3110 2112 3299 2167 melior
3320 2152 3335 2177 ,
3365 2124 3516 2166 vetus
3547 2112 3676 2166 illud
3706 2126 3846 2166 acer-

3638 2205 3777 2278 [bus.

2444 2303 2570 2359 11ωο
2599 2311 2688 2359 tua
2715 2343 2731 2369 ,
2780 2300 3051 2368 Marcion,
3087 2300 3288 2370 gravis,
3342 2307 3397 2355 et
3432 2299 3710 2359 dialectica
3748 2315 3849 2356 vox

3650 2393 3782 2464 [est;

1882 2486 2168 2543 GLOSSAE
2208 2488 2526 2546 VETERES

605 2610 727 2693 .90.
762 2608 1071 2693 _Glaucoma,
1101 2606 1307 2677 albugo,
1348 2604 1537 2675 caligo.
1562 2632 1633 2646 --
1674 2602 1879 2669 Aciem,
1936 2619 2152 2658 acumen

571 2697 728 2809 mgis
757 2682 1045 2812 Tcnerum,
1071 2748 1270 2809 subtile,
1302 2747 1648 2810 intractabile,
1691 2745 1767 2798 vel
1797 2760 2029 2800 serenum
2049 2787 2062 2813 ,
2111 2746 2151 2798 1.

639 2824 725 2879 92.
754 2821 1135 2890 Comprendat,
1165 2820 1438 2889 intelligat,
1469 2818 1509 2871 1.

641 2898 727 2947 05.
763 2888 1011 2958 Intentio,
1045 2908 1239 2953 sensus,
1272 2888 1516 2952 studium,
1546 2888 1585 2940 1.

640 2965 728 3018 91.
760 2957 1019 3026 Geminis,
1052 2961 1268 3014 duobus.
1307 2990 1373 3001 --
1411 2958 1749 3023 Auctoribus,
1788 2959 1908 3012 diis.
1951 2989 2019 2999 —-
2054 2957 2157 3011 Ex-

574 3036 747 3103 struit,
782 3034 1006 3096 instruit,
1046 3032 1085 3085 1.

642 3100 741 3160 95.
762 3106 897 3169 Duo,
933 3104 1164 3167 numina,
1195 3102 1298 3167 dii,
1331 3100 1365 3155 1.

644 3175 735 3229 06.
794 3168 1043 3238 Numero,
1106 3173 1547 3238 Virgil.,numero
1600 3168 1739 3224 Deus
1782 3171 1980 3241 impare
2035 3188 2163 3243 gau-

575 3245 767 3370 detiOlti.
803 3316 952 3381 Quis,
982 3330 1077 3383 pro
1100 3314 1303 3384 quibus,
1335 3313 1454 3366 Vat.
1485 3314 1550 3367 Α.

646 3389 766 3442 101.
802 3387 1120 3450 Discretum,
1144 3395 1457 3454 separatum,
1493 3386 1531 3439 l.

646 3458 768 3514 102.
800 3458 1087 3519 Rehoanti,
1118 3456 1348 3521 sonanti,
1378 3455 1419 3509 1.

2334 2608 2455 2661 106.
2492 2606 2583 2661 Vel
2615 2606 2689 2670 si,
2733 2621 2761 2657 υ
2809 2600 3063 2656 Marcion.
3105 2629 3176 2641 —-
3206 2598 3422 2666 Sordet,
3464 2598 3704 2669 displicet
3730 2600 3849 2655 ado-

2262 2694 2373 2732 rare
2402 2680 2703 2739 simnlacra,
2744 2676 2783 2730 1.

2333 2751 2455 2804 110.
2496 2750 2629 2811 Ede,
2661 2748 2765 2811 dic,
2796 2746 2991 2815 profer,
3022 2744 3062 2797 1.

2335 2822 2456 2874 111.
2492 2823 2603 2883 Ais,
2639 2819 2785 2872 dicis.
2809 2816 2949 2869 —ln
2972 2829 3114 2881 arce,
3145 2830 3322 2883 regna,
3351 2815 3393 2869 1.

2334 2891 2459 2944 114.
2511 2892 2676 2955 Sevit,
2706 2889 2990 2942 seminavit.
3020 2912 3089 2925 -ο-
3118 2885 3406 2950 Medicans,
3442 2885 3687 2955 fundens,
3717 2883 3755 2940 1.

2340 2960 2463 3014 11⁸1.
2496 2962 2703 3028 Coegit,
2730 2960 3004 3027 capulavit,
3034 2958 3071 3013 1.

2338 3033 2462 3087 118.
2497 3025 2773 3101 Efﬁgians.
2794 3025 3151 3101 formanst—
3167 3028 3403 3094 Morbus,
3436 3026 3561 3081 deus
3598 3025 3779 3091 malus,
3810 3026 3851 3080 l.

2340 3104 2463 3158 120.
2507 3100 2639 3169 Alii,
2686 3100 2876 3156 scilicet
2907 3101 3037 3167 Deo,
3071 3100 3110 3154 1.

2338 3174 2463 3230 122.
2498 3175 2754 3244 Utroque,
2786 3191 2817 3226 a
2840 3173 3069 3243 principe
3110 3172 3449 3237 tenebrarum,
3494 3178 3539 3223 et
3568 3186 3601 3223 a
3635 3169 3854 3239 principe

2268 3246 2399 3298 lucis
2418 3288 2431 3309 ,
2467 3246 2505 3300 1.

2338 3317 2460 3370 125.
2497 3316 2754 3388 Acerbus,
2784 3320 2946 3388 pejor,
2984 3315 3029 3388 1.

2340 3388 2462 3441 124.
2498 3386 2706 3451 Gravis,
2753 3384 3115 3452 importabilis.
3144 3416 3214 3428 —
3242 3384 3547 3451 Dialectica,
3587 3384 3851 3454 disputan-

2264 3459 2361 3524 tia,
2395 3458 2693 3529 saphistica,
2738 3459 2775 3513 1.
2809 3459 2989 3523 Acuta,
3016 3458 3139 3513 Vat.
3168 3459 3232 3512 A.

1923 3574 2492 3634 COMMENTARIUS.

646 3711 734 3768 90.
787 3711 941 3771 Ald.,
989 3709 1264 3771 mendose,
1310 3709 1458 3762 vellet
1508 3722 1606 3777 pro
1645 3710 1800 3770 velet,
1849 3718 1903 3762 ut
1956 3708 2155 3764 habent
2182 3709 2227 3772 C
2259 3710 2485 3765 abbatice
2518 3707 2911 3770 Gronelandize,
2943 3721 3048 3776 quo
3090 3705 3410 3761 Torrentius
3440 3712 3524 3759 est
3552 3718 3707 3767 usus,
3740 3718 3851 3757 uno

577 3782 776 3844 Oxon.,
812 3781 1031 3840 Widm.,
1066 3781 1219 3843 Marx,
1253 3781 1432 3847 Prag.,
1468 3779 1612 3841 Rat.,
1660 3780 1789 3834 Urb.
1822 3780 1875 3831 ln
1921 3780 2039 3832 Vat.
2070 3782 2113 3834 A
2136 3821 2149 3845 ,

578 3854 735 3975 Alex.
771 3863 825 3905 et
870 3850 1169 3904 Heinsianis
1196 3852 1481 3918 plerisque,
1516 3851 1664 3912 velat,
1714 3864 1835 3903 cum
1880 3850 2072 3905 Wcitz.
2103 3860 2157 3904 et

602 3937 689 3975 115.

602 3937 689 3976 iIS.

646 3993 736 4047 91.
771 3991 919 4056 Ald.,
951 4006 1055 4045 non
1085 3992 1242 4055 bene,
1276 4007 1338 4044 ne
1368 4000 1568 4045 tetrum.

649 4065 736 4118 95.
771 4064 960 4133 Bong.,
988 4061 1157 4129 Sich.,
1182 4062 1295 4117 Gis.
1331 4064 1355 4118 1
1383 4061 1513 4116 edit.
1539 4062 1604 4116 ad
1634 4077 1780 4117 oram
1812 4063 2052 4130 male/ida
2072 4065 2156 4116 in-

578 4137 754 4189 tentia.

650 4205 737 4261 95.
772 4205 949 4273 Egm.,
980 4212 1035 4259 et
1060 4205 1172 4259 Gis.
1207 4206 1276 4259 ita
1312 4204 1489 4274 legunt
1516 4223 1527 4255 :
1559 4204 1691 4259 Sunt
1724 4204 1864 4257 duo?
1892 4214 2031 4271 sunt,
2064 4206 2161 4271 igi-

579 4287 661 4331 tur
684 4292 774 4329 cur
797 4292 896 4328 non
919 4284 1037 4327 sunt
1058 4276 1235 4328 multa
1262 4276 1475 4329 deorum
1498 4274 1700 4328 Millia?
1732 4274 1998 4329 Giselinus
2029 4277 2160 4329 alle-

579 4358 667 4418 gat
694 4348 851 4401 etiam
896 4347 1333 4400 Daventriensem
1367 4347 1677 4401 editionem.
1716 4347 1817 4398 Alii
1841 4347 2063 4418 scripti,
2101 4346 2161 4418 Si

580 4417 678 4472 duo
705 4428 817 4471 sunt
842 4419 1013 4485 igitur,
1041 4434 1131 4469 cur
1160 4435 1260 4470 non
1287 4419 1386 4471 sint
1409 4418 1571 4469 multa
1592 4418 1798 4469 deorum
1824 4417 2030 4470 Millia?
2062 4417 2162 4470 nisi

579 4488 720 4558 quod
756 4492 803 4541 in
838 4490 956 4558 ltat.
1006 4498 1088 4541 est
1117 4499 1236 4542 sunt
1267 4490 1427 4541 multa
1470 4500 1519 4540 nt
1567 4489 1618 4540 in
1653 4487 1839 4547 Weit..
1890 4488 2079 4541 Chaut.
2110 4496 2163 4541 et

582 4552 720 4611 aliis.
755 4560 883 4610 Vitle
914 4552 1296 4611 Tertullianum
1331 4560 1421 4612 lib.
1457 4574 1471 4612 1
1509 4558 1761 4612 adversus
1796 4559 2115 4613 Marcionem
2145 4599 2159 4624 ,

585 4643 701 4693 cap.
732 4628 763 4679 5
789 4644 800 4678 :
834 4627 1005 4679 l’rinto
1034 4629 1163 4679 enim
1187 4631 1406 4693 exigam,
1433 4647 1521 4680 cur
1550 4646 1650 4681 non
1681 4630 1852 4697 plura,
1882 4631 1923 4681 si
1955 4631 2095 4681 duo?

654 4684 743 4751 117.
780 4700 979 4767 Argute
1000 4714 1210 4751 examen
1233 4684 1405 4751 dirum
1434 4704 1663 4768 fundere,
1681 4684 1964 4751 'utexamen
1985 4684 2169 4768 apum:

586 4783 886 4838 quanquam
913 4769 982 4823 de
1009 4770 1125 4823 aliis
1152 4769 1312 4823 etiam
1345 4772 1504 4823 rebus
1530 4784 1739 4821 examen
1770 4769 1983 4821 dicitur.

652 4839 774 4895 101.
808 4838 926 4892 Rat.
959 4856 987 4893 a
1018 4842 1185 4908 prima
1217 4856 1396 4905 manu,
1431 4842 1601 4894 divum
1635 4854 1730 4909 pro
1768 4840 1967 4893 calum.
2003 4838 2166 4894 Recte

586 4912 926 4966 emendatum
958 4922 1041 4964 est.
1061 4914 1126 4964 ab
1156 4912 1257 4965 alia
1281 4928 1459 4966 manu.

653 4983 775 5038 105.
805 4981 916 5036 Gis.
947 4981 1075 5050 legit
1095 4985 1322 5052 suajura
1351 4985 1549 5053 cuique.
1576 4983 1770 5052 Scripti
1807 4990 1861 5036 et
1892 4983 1980 5037 alii
2012 4983 2162 5051 editi,

2262 3797 2415 3835 versu
2448 3790 2530 3835 est
2576 3782 2781 3849 auctior
2815 3798 2827 3831 :
2856 3780 3126 3849 Assignare
3157 3778 3275 3831 deos
3324 3777 3608 3849 prapriosg:
3637 3777 3855 3849 etamen:

2262 3863 2410 3921 taque
2462 3851 2594 3903 ruris
2642 3848 2852 3903 Dividui
2904 3845 3127 3902 dominis
3172 3849 3407 3921 addicere
3436 3846 3725 3921 sigillatim.
3760 3845 3856 3901 Ubi

2263 3918 2513 3976 Heinsius
2544 3924 2760 3991 corrigit
2781 3921 2921 3993 juris
2960 3936 3058 3991 pro
3088 3921 3248 3985 ruris,
3271 3919 3475 3975 scilicet
3519 3918 3857 3984 elementaque

2256 3996 2413 4063 juris.

2342 4065 2459 4119 l07.
2496 4064 2672 4119 Placet
2702 4063 2829 4115 duos
2856 4077 2975 4117 cum
3003 4060 3123 4115 Vat.
3157 4062 3224 4125 A,
3253 4061 3440 4124 Alex.',
3464 4060 3610 4127 Put.,
3641 4060 3849 4113 Thuan.

2264 4143 2319 4187 et
2373 4136 2493 4188 Rot.
2536 4135 2651 4189 Non
2683 4135 2824 4188 male
2860 4134 2983 4187 deos
3027 4132 3182 4197 Man,
3232 4132 3413 4199 Prag.,
3464 4132 3611 4197 Rat.,
3666 4130 3854 4197 Bong.,

2264 4205 2465 4260 Widm.
2498 4221 2526 4259 a
2559 4206 2726 4275 prima
2772 4220 2952 4270 manu,
3002 4204 3131 4259 Urb.
3185 4202 3856 4275 ExieditisiAldtrsﬂduos

2264 4286 2471 4399 13:3!th
2493 4272 2765 4331 Heinsinm
2796 4284 2849 4329 et
2881 4275 3224 4329 recentiores.
3272 4274 3588 4337 Sichardus,
3640 4272 3852 4341 Weitz.,

2317 4362 2403 4399 IS._
2475 4366 2575 4399 €08.

2317 4349 2403 4417 is.,
2438 4349 2575 4402 deos.

2340 4413 2460 4473 108.
2500 4421 2653 4480 Man,
2682 4418 2841 4480 male,
2873 4418 3091 4470 diliones
3115 4431 3211 4483 pro
3244 4416 3488 4470 ditionis:
3519 4417 3699 4470 minus
3726 4413 3856 4468 male

2265 4505 2293 4543 a
2318 4492 2485 4559 prima
2515 4505 2695 4551 manu,
2740 4489 2999 4559 gubernet,
3032 4503 3059 4540 a
3096 4498 3310 4543 recente
3342 4501 3521 4559 manu,
3557 4496 3787 4559 retentet.

2341 4562 2461 4615 110.
2499 4559 2610 4614 Gis.
2650 4560 2697 4623 1,
2722 4556 2853 4614 edit.
2898 4560 2962 4611 ad
2991 4573 3139 4612 oram
3179 4567 3328 4610 notat
3360 4556 3522 4610 Error
3556 4557 3852 4611 Marcionis.

2344 4632 2461 4685 111.
2499 4634 2553 4684 111
2588 4631 2764 4698 aliquo
2798 4630 2977 4697 Vulg,
3012 4631 3119 4692 ait;
3153 4630 3363 4689 melius,
3406 4631 3503 4683 ais.

2342 4702 2463 4756 1H.
2495 4702 2659 4756 Aldus
2680 4700 2866 4755 scribit
2894 4702 3146 4769 anguinea
3174 4716 3190 4763 ;
3216 4700 3457 4767 plerique
3482 4701 3730 4769 anguino.
3760 4698 3857 4751 Re-

2268 4774 2535 4829 centiores
2587 4773 2745 4841 aliqui
2789 4770 2924 4825 Aldo
2977 4780 3289 4825 consonant.
3342 4771 3525 4836 Prag.,
3588 4772 3853 4832 meditans,

2270 4860 2374 4899 non
2402 4845 2557 4909 bene,
2584 4860 2678 4911 pro
2702 4844 2976 4896 medicans.
3016 4842 3073 4895 111
3101 4855 3228 4896 mss.
3259 4850 3313 4895 et
3336 4842 3495 4895 editis
3526 4842 3760 4911 antiquis
3779 4850 3856 4893 est

2269 4931 2439 4969 succo.
2488 4916 2541 4969 In
2592 4915 2803 4969 Thuan.
2836 4924 3014 4967 tamen
3050 4912 3189 4981 fuco,
3218 4911 3358 4981 quod
3392 4912 3641 4967 Heinsius
3672 4914 3856 4979 proha-

2270 4986 2363 5041 vit.
2397 4986 2597 5051 Teneo,
2630 4985 2771 5055 quod
2804 4985 2993 5049 nostri,
3025 4999 3197 5050 succo,
3249 4985 3361 5037 sive
3386 5001 3509 5037 suco
3538 4984 3699 5037 unico
3726 4999 3772 5049 ο,
3802 4988 3856 5034 ut

584 5071 676 5145 qua
705 5054 883 5135 cuique
903 5055 1051 5145 ίῖινα,
1082 5062 1136 5145 ut
1163 5055 1338 5145 cuique
1370 5055 1443 5134 sit.
1476 5054 1737 5124 dactylus.
1773 5054 2161 5145 Gifattinsrlnd.
2192 5086 2246 5145 D
2271 5069 2485 5145 semper
2518 5054 2889 5145 scribitjlfrag.

588 5127 744 5180 Lucr.
774 5125 825 5178 in
867 5142 891 5177 e
929 5126 1070 5177 breve
1111 5132 1334 5177 testatur
1378 5126 1535 5178 etiam
1574 5136 1781 5179 veteres
1824 5126 1986 5179 libros
2028 5126 2161 5178 Pru-

584 5197 749 5249 dentii
781 5210 808 5247 a
838 5212 894 5249 se
923 5196 1190 5263 inspectos
1221 5193 1418 5247 habere
1450 5212 1543 5247 sua
1579 5197 1759 5265 cuique
1782 5201 1923 5261 jura,
1955 5206 2009 5249 et
2038 5198 2163 5249 alibi

585 5284 677 5321 sua
705 5268 884 5335 cuique
906 5268 1083 5319 dextra
1114 5276 1204 5331 est,
1243 5274 1296 5320 et
1320 5282 1440 5317 suus
1470 5276 1540 5317 est
1575 5283 1679 5319 mos
1707 5269 1887 5335 cuique
1910 5268 2064 5336 genti.
2094 5267 2163 5319 ll-

586 5339 675 5391 lud
710 5348 886 5391 tamen
910 5337 1120 5391 Gilanio
1164 5352 1267 5390 non
1299 5337 1584 5395 assentior,
1619 5354 1643 5388 e
1675 5339 1724 5389 iu
1756 5340 1930 5406 cuique
1962 5354 1988 5390 a
2035 5342 2163 5391 Pru-

586 5408 766 5462 dentia
798 5406 1047 5476 produci,
1076 5412 1229 5477 quasi
1259 5423 1449 5463 versus
1498 5408 1574 5461 illi
1617 5418 1797 5461 essent
1842 5409 2112 5476 spondaici
2142 5452 2156 5476 ,

588 5478 701 5533 sive
737 5479 1047 5547 spondazuni
1076 5482 1260 5547 quinta
1300 5479 1425 5533 sede
1469 5479 1746 5533 haberent.
1782 5480 2039 5533 Existimo
2073 5495 2162 5547 pa-

588 5550 712 5615 tius,
738 5564 771 5602 u
795 5551 1017 5617 primum
1046 5551 1287 5618 produci,
1314 5559 1367 5604 et
1394 5550 1662 5621 dactylum
1696 5549 1834 5603 tieri.
1871 5552 2163 5605 Bccmanus

588 5632 775 5675 contra
802 5621 959 5674 tidem
991 5622 1214 5675 aliorum
1252 5635 1381 5675 mss.
1413 5622 1581 5689 jubet,
1625 5622 1737 5673 Iure
1789 5623 1941 5674 verba
1992 5634 2164 5675 trans-

590 5692 715 5763 poni
760 5710 853 5747 sua
884 5695 1003 5763 iura
1045 5693 1239 5759 cuique,
1290 5708 1387 5747 nec
1416 5693 1783 5746 dissimulante
1832 5692 2031 5763 inquit,
2059 5708 2163 5746 ms.

592 5761 688 5817 Hic
714 5761 891 5820 codex'
914 5771 1029 5819 erat
1060 5763 1330 5818 Palatinus
1352 5779 1416 5818 ex
1451 5765 1764 5831 llilitebcrga
1796 5777 1825 5816 a
1868 5762 1999 5815 Jano
2030 5763 2166 5817 Gru-

594 5840 710 5888 1010
748 5835 960 5893 missus.
988 5834 1120 5891 Vide
1161 5850 1277 5907 cap.
1309 5835 1341 5888 6
1372 5838 1434 5891 de
1463 5836 1603 5905 Orig.
1661 5836 1784 5905 ling.
1830 5833 1947 5888 Lat.
1987 5833 2164 5889 Codex

2344 5124 2465 5181 1‘20.
2520 5124 3178 5193 Gallandius’suspicatur
3240 5126 3547 5194 legendum,
3606 5134 3680 5177 est
3733 5124 3854 5186 alii;

2270 5199 2360 5253 sed
2390 5199 2559 5253 edidit
2585 5207 2662 5251 ast
2694 5198 2815 5266 alii,
2850 5198 2973 5265 quia
3004 5196 3331 5265 subintelligi
3364 5206 3540 5265 potest
3581 5206 3673 5247 est.

2342 5270 2463 5323 122.
2505 5270 2555 5322 111
2586 5284 2795 5339 quoque
2817 5282 2927 5321 suae
2957 5268 3147 5325 hazresi
3176 5266 3409 5320 Marcion
3438 5265 3855 5339 addebat.ACono

2268 5340 2347 5395 fer
2365 5337 2751 5395 Tertullianum
2781 5339 2875 5392 lib.
2902 5353 2953 5391 tv
2974 5339 3232 5393 adversus
3256 5339 3600 5402 Marcionem,
3627 5337 3716 5391 ubi
3737 5350 3853 5389 eum

2269 5426 2508 5466 errarem
2539 5413 2751 5473 evertit,
2782 5419 2835 5464 et
2877 5410 3170 5465 antitheses
3208 5410 3495 5463 Marcionis
3529 5408 3751 5467 refellit,
3791 5407 3850 5458 li-

2271 5484 2426 5538 brum
2458 5484 2656 5537 scilicet
2680 5484 2747 5536 ab
2768 5497 2832 5536 eo
2854 5481 3232 5548 compositum,
3271 5489 3327 5532 ut
3350 5482 3487 5533 inter
3509 5495 3567 5532 se
3591 5476 3853 5533 contraria

2272 5554 2378 5607 duo
2428 5554 2768 5607 Testamenta
2818 5555 3087 5621 probaret.
3130 5551 3377 5605 Nonnulli
3407 5551 3752 5605 delicatiores
3780 5550 3855 5621 in:

2273 5634 2604 5679 stramentum
2627 5616 2833 5677 malunt
2846 5624 3115 5686 dictitare,
3140 5636 3297 5692 quam
3322 5631 3695 5681 testamentum,
3718 5616 3854 5692 quod

2274 5696 2345 5750 sit
2375 5697 2498 5751 illud
2549 5696 2886 5761 vocabulum,
2918 5694 2987 5750 de
3018 5689 3170 5749 sacra
3211 5693 3487 5762 Scriptura
3531 5693 3755 5755 dictum,
3788 5689 3852 5743 ab

2277 5782 2377 5824 usu
2410 5770 2676 5824 communi
2706 5767 2874 5837 magis
2901 5775 3185 5823 remotum.
