4092 6344
274 361 401 419 1021

441 566 718 634 Novimus,
747 580 866 623 esse
887 574 1096 638 patrem
1126 566 1424 630 scelerum;
1453 564 1547 622 sed
1574 566 1840 636 novimus,

1575 660 1771 732 [ipsum

445 752 863 826 Haudquaquam
921 762 1099 826 tamen
1150 767 1269 809 esse
1318 752 1512 818 deum;
1561 754 1688 823 quin
1740 751 1849 807 imo

1498 843 1778 916 [gehenme

447 939 784 1009 Mancipium,
808 937 993 1010 Stygio
1020 940 1110 1010 qui
1155 938 1225 994 sit
1253 938 1584 993 damnandus
1611 938 1845 994 Averno.

443 1030 750 1086 Marcionita
782 1029 932 1099 deus,
968 1029 1158 1096 tristis,
1192 1029 1357 1095 ferus,
1387 1028 1692 1095 insidiator,

444 1124 654 1182 Vertice
679 1123 954 1189 sublimis;
981 1125 1211 1180 cinctum
1237 1125 1323 1179 cui
1359 1123 1589 1178 nubibus
1617 1122 1750 1177 atris

445 1217 795 1288 Anguiferum
819 1224 979 1286 caput
999 1225 1053 1272 et
1078 1216 1224 1272 fumo
1246 1216 1496 1286 stipatur,
1528 1225 1583 1271 et
1607 1216 1746 1287 igni;

444 1312 690 1367 Liventes
714 1311 901 1367 oculos
927 1310 1185 1366 suffundit
1206 1310 1333 1366 felle
1363 1318 1602 1380 perusto,

448 1405 610 1477 510
641 1402 837 1459 Invidia
871 1403 1445 1474 impatiensjustorum
1466 1404 1656 1475 gaudia
1687 1403 1847 1472 ferre,

450 1497 844 1568 Hirsutosjuba
886 1497 1051 1554 densa
1094 1497 1349 1553 humeros
1399 1496 1706 1552 errantibus
1755 1496 1851 1567 hy-

1647 1587 1780 1660 {dris

268 1687 369 1742 155
439 1682 652 1754 Oblegit
671 1725 685 1750 ,
719 1692 773 1740 et
799 1683 999 1740 virides
1025 1683 1322 1738 allambunt
1347 1697 1439 1738 ora
1465 1689 1710 1738 cerastas.

445 1777 562 1847 Ipse
591 1791 750 1830 manu
786 1777 1004 1846 laqueos
1031 1790 1126 1845 per
1147 1775 1352 1830 lubrica
1384 1773 1468 1828 ﬁla
1502 1773 1730 1830 reﬂexos

270 1124 371 1182 150

444 1868 500 1922 fn
527 1870 721 1924 nodum
754 1879 990 1933 revocat,
1024 1867 1267 1938 facilique
1306 1867 1555 1937 ligamine
1578 1874 1744 1922 tortas
1874 1876 1924 1937 Β

446 1963 668 2020 lnucctit
697 1964 944 2036 pedicas,
989 1979 1291 2034 nervosque
1333 1964 1386 2018 in
1416 1963 1647 2033 vincula;
1665 1961 1852 2018 tendit.

1648 358 2184 416 llAMARTlGENIA.

272 475 372 534 125
447 474 558 529 lmo
601 472 716 530 haec
745 471 955 528 attoniti
984 471 1267 542 phrenesis
1297 471 1573 528 manifesta
1605 472 1837 528 cerebri.
1868 475 1926 537 Α

1953 1032 2055 1090 145

3393 353 3530 415 £033

2129 474 2228 528 Ars
2258 472 2349 528 olli
2374 482 2593 542 captare
2620 472 2784 543 feras,
2823 472 3072 528 animalia
3095 472 3248 528 bruta

1953 562 2056 620 140
2128 565 2343 622 Irretire
2368 565 2558 636 plagis,
2584 566 2877 623 retinacula
2909 566 3140 637 denique
3165 565 3324 622 caecis

2129 658 2457 729 lndeprensa
2486 658 2618 714 locis
2645 657 2842 715 erranti
2867 673 3140 729 opponere
3169 657 3387 728 prmdac.

2130 749 2226 804 llic
2267 750 2356 806 ille
2382 759 2463 807 est
2489 760 2712 806 venator
2742 759 2918 819 atrox,
2963 751 3054 822 qui
3095 749 3241 806 caede
3269 749 3533 819 frequenti

2126 841 2370 898 Incautas
2406 844 2615 899 anlmas
2644 859 2752 899 non
2783 852 2960 898 cessat
2995 843 3230 913 plectere
3255 841 3526 909 Nebroth;

2130 935 2233 1004 Qui
2263 936 2521 992 mundum
2549 936 2728 993 curvis
2756 937 3112 1005 anfractibus,
3140 945 3192 991 ct
3223 937 3434 992 silvosis

2129 1033 2445 1089 Horrentem
2487 1035 2750 1104 scopulis,
2783 1044 3001 1092 versuto
3030 1035 3219 1090 circuit
3246 1044 3384 1088 astu.

2023 1167 2032 1173 .
2130 1126 2339 1181 Fraude
2358 1125 2516 1192 alios,
2545 1126 2804 1196 tectisque
2826 1127 2964 1182 dolis
2989 1127 3264 1182 innectere
3279 1125 3529 1190 adortus;

2130 1221 2287 1290 511
2321 1219 2485 1273 Porro
2514 1219 2775 1288 giganteis
2802 1218 2936 1273 alios
2961 1218 3211 1274 luctando
3237 1219 3450 1274 lacertis

2130 1313 2421 1384 Frangere,
2447 1311 2698 1369 funereos
2719 1313 2825 1369 late
2853 1326 3110 1368 exercere
3139 1309 3457 1380 triumphos.

2131 1405 2376 1476 lmproba
2425 1419 2613 1471 mors,
2669 1404 2798 1476 quid
2863 1419 2970 1461 non
3021 1404 3265 1461 mortalia
3317 1410 3538 1472 pectora

3268 1499 3436 1571 [cogis
3447 1498 3470 1550 ?

1957 1593 2059 1650 150
2132 1593 2251 1663 Ipse
2296 1607 2446 1649 suam
2485 1590 2674 1664 (pudet
2705 1592 2871 1658 heu!)
2899 1631 2917 1660 ,
2966 1599 3272 1660 contempto
3301 1590 3542 1660 principe

3301 1681 3465 1751 [vitar,

2134 1777 2429 1834 Perniciem
2459 1784 2743 1833 veneratur
2761 1777 2951 1832 homo:
2979 1777 3110 1832 colit
3132 1775 3244 1845 ipse
3256 1781 3540 1828 cruentum

2129 1869 2468 1936 Carnificem,
2495 1868 2760 1939 gladiique
2781 1868 2949 1924 aciem
2985 1865 3309 1938 iugulandus
3333 1863 3538 1920 adorat.

2147 1961 2204 2017 In
2236 1970 2444 2019 tantum
2474 1961 2690 2019 miseris
2719 1961 2921 2032 peccati
2948 1969 3165 2017 nectare
3195 1959 3364 2029 captis

1575 2102 1860 2160 GLOSSE
1897 2103 2232 2160 VETERES.

337 2219 463 2273 125.
496 2218 607 2273 1ωο
631 2216 765 2283 hac,
793 2225 928 2273 certe
959 2234 1076 2272 vox.
1114 2246 1184 2258 -
1214 2217 1456 2281 Attoniti,
1475 2215 1740 2282 concussi,
1772 2218 1850 2270 vel

261 2289 490 2344 contriti.
520 2320 588 2328 —
612 2290 921 2355 Phrenesis,
969 2289 1192 2352 insania,
1233 2287 1308 2341 vel
1349 2287 1742 2341 stridentissima
1769 2288 1849 2356 fe-

260 2362 394 2423 bris,
427 2370 472 2414 et
498 2371 568 2413 est
595 2375 779 2414 nomen
819 2361 882 2413 de
909 2373 1032 2413 sono
1064 2361 1275 2426 factum,
1308 2359 1695 2427 onomatopteia,
1723 2358 1763 2414 1,

338 2430 463 2485 1°26.
496 2431 727 2495 Patrem,
751 2431 1030 2492 diabolum,
1064 2431 1109 2484 Ι.

338 2503 462 2624 Μὶῗ.
496 2502 702 2624 Stlygio,
734 2502 1087 2570 profunditate
1113 2501 1332 2571 inferni;
1378 2497 1530 2569 Styx,
1555 2500 1742 2568 fluvius
1770 2500 1853 2553 in-

338 2587 413 2624 'nn
442 2590 514 2624 ιδ.
574 2613 580 2622 .

282 2573 481 2627 'ernalis
499 2613 514 2627 .
545 2573 580 2625 1.

257 2575 884 2716 [εν1γῖἕ1ιῗῷιιειιίῐθι-ιιιη,
948 2644 1317 2716 serpentinum.
1356 2672 1425 2682 —
1456 2641 1695 2713 Stipatur
1741 2643 1842 2696 cir-

256 2730 319 2766 cu
331 2713 556 2774 mdatur,
588 2715 626 2767 l.

339 2783 464 2836 132.
496 2783 660 2847 Felle,
686 2786 782 2850 ira,
810 2783 850 2838 1.

336 2855 462 2908 155.
496 2855 716 2920 Invidia,
749 2856 808 2909 ob
836 2855 1099 2911 invidiam.
1124 2885 1192 2895 -—
1211 2854 1398 2920 Ferre,
1426 2856 1563 2923 pati,
1594 2854 1633 2908 1.

341 2925 464 2979 155.
497 2926 728 2992 Obtegit,
779 2927 970 2979 scilicet
1006 2927 1104 2981 illi.
1147 2957 1216 2966 —
1243 2925 1368 2988 Ora,
1399 2927 1600 2995 faciem.
1642 2957 1710 2966 —
1749 2926 1851 2980 Ce—

257 3005 454 3060 rastae,
485 2996 694 3061 diaboli,
723 3007 949 3061 cerasus,
975 3014 1131 3068 genus
1143 2997 1344 3052 cornuti
1365 2999 1633 3067 serpentis,
1651 3013 1858 3068 serpens

257 3068 581 3137 sagittarius,
610 3069 685 3121 rel
713 3067 1024 3131 semilarius,
1061 3067 1098 3120 I.

340 3137 466 3191 159.
500 3138 684 3204 Feras,
713 3143 902 3209 feroces
925 3139 1172 3209 homines.
1194 3167 1264 3177 —
1288 3139 1469 3201 Bruta,
1500 3138 1729 3192 homines
1757 3138 1855 3191 sci-

259 3210 409 3277 licet,
440 3211 528 3280 qui
555 3207 784 3264 nesciunt
823 3209 1111 3264 dwmonum
1142 3207 1349 3280 laqueos
1378 3210 1686 3279 praevidere;
1729 3209 1859 3263 insi-

1953 2217 2146 2289 pientes
2161 2261 2175 2286 ,
2212 2219 2252 2274 1.

2027 2289 2149 2344 140.
2196 2289 2371 2358 Plagis
2387 2333 2400 2357 ,
2442 2288 2676 2342 maculis.

2026 2359 2148 2412 141.
2184 2360 2530 2428 lndeprensa,
2578 2360 2799 2414 occulta.
2828 2390 2899 2401 —
2923 2359 3171 2424 Erranti,
3208 2375 3309 2412 non
3347 2363 3540 2410 rectum

1955 2446 2183 2503 gressum
2214 2431 2421 2503 tenenti.
2454 2431 2774 2503 —7Pracdte,
2807 2431 3028 2498 homini,
3074 2431 3112 2483 I.

2032 2500 2154 2555 145.
2191 2501 2457 2563 Nebroth,
2488 2502 2632 2572 gigas
2657 2503 2755 2572 fuit
2781 2503 3052 2572 pessimus,
3081 2500 3166 2570 qui
3195 2499 3389 2572 primus
3417 2498 3542 2572 aedi-

1958 2572 2127 2640 ﬁcavit
2152 2570 2524 2642 Babyloniam;
2549 2575 2637 2627 sed
2657 2570 2748 2626 hic
2779 2589 2870 2643 pro
2911 2571 3115 2625 diabolo
3143 2571 3349 2640 ponitur
3379 2571 3440 2624 ob
3465 2570 3543 2623 ni-

1950 2643 2108 2697 miam
2137 2644 2516 2708 crudelitatem,
2554 2645 2590 2698 1.

2025 2713 2149 2769 145.
2185 2716 2344 2779 Astu,
2368 2715 2592 2783 ingenio,
2624 2715 2767 2780 dolo,
2794 2713 2836 2768 Ι.

2034 2784 2150 2839 146.
2187 2787 2493 2854 Tectisque,
2530 2788 2765 2842 occultis.
2793 2815 2862 2826 —-
2890 2783 3148 2850 Adortus,
3181 2791 3418 2847 conatus,
3451 2799 3542 2854 ag-

1961 2857 2220 2929 grediens,
2251 2858 2518 2929 incipiens,
2549 2855 2598 2912 1.
2792 2889 2829 2919 .

2033 2927 2156 2981 147.
2185 2928 2444 2995 Lacertis,
2477 2928 2721 2994 brachiis,
2754 2929 2796 2984 l.

2035 2999 2156 3052 HR.
2188 2994 2480 3064 Funereos,
2511 2999 2784 3054 luctuosos.
2819 3026 2886 3039 —
2911 2997 3063 3064 Late,
3093 2997 3300 3066 ubique,
3329 2994 3368 3048 l.

2033 3068 2156 3122 149.
2190 3070 2432 3137 lmproba
2464 3085 2629 3134 mors,
2657 3070 2880 3135 diubole,
2915 3068 3177 3124 diabolum
3194 3064 3365 3134 uocat,
3400 3064 3440 3120 Ι.

2036 3137 2158 3193 151.
2199 3140 2519 3203 Perniciem,
2553 3141 2839 3208 interitum,
2867 3140 2909 3196 1.

2037 3209 2161 3263 155.
2193 3209 2439 3275 Nectare,
2473 3209 2760 3277 dulcedine,
2797 3212 2837 3265 l.

1625 3346 2182 3405 COMMENTARIUS.

350 3463 474 3518 125.
517 3461 684 3535 Aldus
711 3469 943 3535 metrum
965 3461 1262 3535 reformare
1290 3460 1460 3535 voluit
1479 3462 1644 3516 edens
1666 3462 1857 3517 cerebri
1885 3463 1932 3526 C
1965 3463 2054 3517 ille
2086 3463 2316 3530 laqueos,
2346 3462 2492 3516 habet
2519 3463 2780 3535 etjacula,
2810 3470 2983 3532 utpote
3009 3461 3373 3535 callidissimus
3398 3475 3552 3514 vena-

263 3535 546 3597 snanifesta
583 3533 864 3604 phrenesis,
892 3533 1076 3601 scripti
1121 3531 1380 3604 phrenesis
1420 3535 1692 3604 manifesta
1722 3549 1860 3586 cere-

268 3606 378 3660 bri.
421 3604 530 3658 Cur
566 3603 799 3659 secunda
828 3604 878 3657 iu
931 3604 1191 3670 phrenesis
1221 3620 1251 3658 a
1284 3603 1571 3658 Prudentio
1601 3605 1863 3673 corripia-
1893 3637 1904 3642 -

269 3686 390 3738 tur,
427 3675 548 3747 vide
579 3675 794 3747 Aproleg.
846 3674 1062 3747 Tcolius
1092 3683 1274 3729 notat:
1323 3675 1635 3730 Pnacsssrs.
1686 3675 1864 3747 Longa

267 3747 467 3801 media.
493 3745 692 3816 Vpluit,
720 3756 780 3798 ut
800 3756 948 3812 puto,
975 3745 1176 3808 dicere,
1203 3747 1338 3799 brevi
1373 3748 1562 3802 media.
1595 3747 1771 3816 Aliqui
1797 3745 1862 3800 ex

267 3817 486 3940 ozigine
513 3814 695 3936 (ier
734 3816 896 3868 scribi
940 3817 1145 3870 malunt
1175 3818 1442 3885 phrenitis,
1487 3814 1740 3886 pleuritis,
1780 3835 1866 3870 ar-

268 3897 287 3940 t
337 3895 471 3940 rtlts.
500 3899 530 3938 e
555 3899 604 3938 c.

268 3887 471 3949 thritis,
500 3892 604 3938 etc.

354 3955 476 4008 127.
511 3954 632 4009 Vat.
659 3957 724 4010 A.
755 3954 915 4008 Haud
953 3971 1292 4023 nequaquam,
1330 3957 1487 4011 male.
1536 3958 1590 4010 In
1631 3958 1867 4011 editione

269 4025 560 4096 Parmensi
603 4027 860 4096 omissum
891 4035 974 4081 est
1015 4034 1215 4092 tamen,
1263 4035 1318 4080 et
1359 4041 1466 4080 uno
1494 4027 1869 4096 pedebrerior

268 4095 449 4219 evzsit
478 4109 665 4151 versus
693 4112 707 4150 :
735 4095 1150 4166 Haudquaquam
1195 4112 1303 4150 esse
1350 4095 1512 4151 Deum
1546 4114 1561 4151 :
1589 4099 1711 4166 quin
1766 4098 1868 4150 imo

269 4184 344 4219 ae
385 4183 547 4219 eunte.
1259 4208 1267 4215 .

312 4183 547 4221 enennte.
1259 4208 1267 4215 .

269 4185 547 4240 genennw.
1259 4208 1267 4215 .

356 4237 478 4308 128.
520 4238 609 4293 Ait
651 4246 803 4308 poeta
836 4237 1202 4292 Marcionitam
1239 4238 1398 4293 deum
1445 4253 1566 4293 esse
1606 4239 1868 4292 damnan-

267 4309 408 4366 dum
439 4307 672 4374 Averno,
696 4310 778 4365 vel
799 4324 864 4363 ex
887 4309 1152 4365 sententia
1180 4323 1367 4364 eorum
1390 4309 1481 4379 qui
1519 4319 1728 4376 putant,
1761 4311 1869 4362 dte.

267 4393 471 4436 mones
501 4380 746 4449 supplicii
787 4390 842 4435 et
870 4382 1005 4450 ignis
1035 4391 1283 4450 expertes
1313 4396 1454 4445 esse,
1486 4380 1657 4435 donec
1692 4390 1869 4434 extre-

266 4465 370 4507 ma
395 4450 578 4519 iudicii
611 4451 724 4506 dies
755 4452 1054 4515 advenerit,
1098 4463 1153 4506 ut
1175 4452 1570 4506 Chamillardus
1601 4452 1828 4520 explicat
1855 4493 1864 4512 ,

266 4522 362 4578 vel
390 4523 566 4591 potius
603 4524 724 4590 quia
747 4521 956 4577 daemon
1000 4525 1190 4592 dignus
1233 4524 1496 4592 supplicio
1521 4524 1587 4576 ab
1615 4525 1864 4576 oinnihus

266 4592 444 4648 debet
466 4592 715 4663 judicari.
757 4592 885 4647 Nam
912 4605 1093 4663 postea
1118 4594 1264 4649 addit
1293 4596 1512 4648 cinctum
1538 4596 1617 4646 cui
1658 4592 1868 4646 nubibus

266 4609 715 4716 aenetxuumarl.
757 4609 885 4647 nam
912 4609 1093 4663 posma
1118 4609 1264 4649 audit
1293 4609 1512 4648 cinctum
1538 4609 1616 4646 cui
1658 4609 1868 4646 nuowus

264 4663 412 4719 atris
485 4665 776 4734 nguiferum
811 4675 962 4734 caput
993 4676 1041 4720 et
1068 4669 1206 4735 fumo
1236 4666 1470 4735 stipatur,
1505 4674 1552 4718 et
1582 4665 1706 4734 igni.
1740 4663 1871 4718 For-

267 4746 610 4806 tassepoeta
641 4736 917 4806 scripserit
936 4738 1022 4806 qui
1043 4738 1106 4789 sit
1133 4737 1424 4789 damnatus.

359 4805 486 4858 129.
517 4805 670 4874 Saepe
702 4804 1056 4859 Prudentiusi
1088 4807 1139 4859 in
1189 4806 1421 4859 Marcion
1463 4805 1742 4872 produxit;
1800 4805 1869 4858 ob

267 4877 554 4934 licentiam
587 4877 638 4930 in
672 4876 973 4929 nominibus
1007 4878 1235 4945 propriis
1260 4877 1417 4930 modo
1440 4876 1683 4944 corripit,
1715 4875 1874 4928 modo

270 4947 554 5018 producit,
584 4958 640 5000 ut
670 4949 743 5000 ait
769 4945 1035 5002 Giselinus
1065 4947 1198 5000 infra
1227 4962 1367 5001 vers.
1402 4947 1506 5001 610
1535 4947 1584 5000 in
1628 4945 1837 5018 Beliade
1858 4983 1872 5008 ,

268 5015 370 5073 'vel
399 5019 576 5086 potius
601 5019 722 5087 quia
751 5019 1006 5087 synaeresi
1054 5019 1154 5072 hoc
1206 5019 1325 5072 loco
1373 5017 1556 5085 utitur,
1605 5026 1657 5072 et
1713 5015 1876 5082 prima

270 5088 425 5160 sede
445 5092 754 5160 spondeum
782 5093 941 5154 locat,
977 5099 1082 5160 non
1113 5089 1402 5160 dactylum.

360 5159 482 5213 150.
543 5159 690 5225 Rot.,
739 5161 919 5212 vertice
962 5159 1188 5226 sublimi,
1231 5159 1371 5228 quod
1415 5159 1661 5214 Heinsius
1709 5161 1876 5230 magis

270 5231 502 5301 prohat.
545 5230 659 5284 Non
692 5230 863 5284 audeo
893 5239 1120 5298 mutare,
1153 5231 1294 5300 quod
1322 5231 1411 5283 alii
1442 5244 1630 5285 omnes
1669 5231 1867 5286 habent

267 5301 472 5357 vertice
493 5301 744 5354 sublimis.

361 5371 486 5424 155.
528 5370 795 5426 Giselinus
817 5371 972 5424 aliter
993 5371 1119 5438 legit
1145 5379 1198 5426 et
1217 5371 1494 5440 distinguit
1525 5373 1641 5439 felle
1670 5383 1873 5442 perusto

271 5442 516 5508 incidite,
547 5443 834 5512 impatiens.
864 5442 943 5495 Ad
966 5457 1134 5506 marg.
1165 5443 1353 5495 invidia
1375 5457 1492 5495 cum
1519 5448 1747 5498 caeteris.
1774 5445 1872 5498 Alii

273 5516 676 5580 interpungunt
702 5514 820 5581 felle
853 5524 1055 5581 perusto
1085 5514 1275 5566 invidia
1305 5514 1594 5578 impatiens.
1628 5515 1728 5567 Alii
1759 5516 1875 5582 felle

319 5593 515 5649 erusto,
541 5584 733 5654 invidia
753 5586 1038 5654 impatiens,
1067 5585 1206 5654 quod
1237 5593 1411 5654 teneo.
1443 5583 1518 5637 De
1543 5585 1738 5638 invidia
1762 5585 1873 5638 dia-

319 5603 515 5649 ενιιδιο,
541 5603 733 5636 mvtata
753 5603 1038 5654 smpattens,
1067 5603 1206 5654 quou
1237 5603 1411 5637 ICIIBO.
1445 5603 1518 5637 ue
1543 5603 1738 5638 lllVlUla
1762 5603 1869 5638 11111·-

270 5603 400 5712 εοιί
441 5668 557 5722 cap.
593 5669 630 5707 ιι
677 5653 962 5722 Sapientia:
995 5671 1134 5710 vers.
1177 5656 1244 5708 illi
1273 5672 1283 5704 ε
1321 5653 1524 5708 Invidia
1554 5666 1723 5710 autem
1753 5657 1869 5709 dia-

274 5726 395 5780 boli
431 5741 568 5777 mors
597 5725 821 5778 introivit
845 5728 896 5779 in
928 5729 1094 5780 orbem
1127 5735 1398 5780 terrarum.

366 5795 487 5851 156.
531 5795 584 5850 S.
623 5795 924 5851 Bernardus
969 5798 1195 5854 fortasse
1235 5797 1374 5853 hunc
1418 5797 1592 5852 locum
1634 5797 1870 5852 imitatur

276 5880 458 5927 scrin.
485 5867 508 5925 1
542 5866 598 5925 in
618 5865 706 5926 die
732 5866 790 5924 S.
815 5867 1043 5927 Andreas
1074 5889 1087 5926 :
1127 5869 1290 5927 Habet
1318 5870 1504 5942 quippe
1535 5871 1871 5941 nequissimus

1901 4846 1955 4906 D

1971 3543 2049 3587 tor
2105 3536 2400 3601 hominum,
2455 3532 2619 3586 solum
2674 3535 2848 3589 sitiens
2895 3534 3190 3602 sanguinem
3239 3532 3551 3586 animarum.

1969 3606 2110 3659 Alios
2147 3608 2257 3659 telis
2284 3606 2478 3675 appetit
2511 3605 2780 3658 malitiosw
2813 3605 3079 3673 cujuslibet
3109 3604 3553 3675 suggestionis,_et

1967 3677 2021 3729 in
2050 3677 2118 3729 eis
2166 3673 2394 3730 vulnerat
2439 3677 2646 3744 multos,
2694 3692 2912 3746 quorum
2955 3675 3118 3729 tenuis
3164 3673 3235 3727 est
3283 3673 3550 3743 patientia.

1970 3746 2114 3801 Alios
2141 3749 2489 3813 voluptatibus
2517 3749 2714 3802 irretire
2748 3749 2966 3801 laborat.

2042 3820 2164 3875 140.
2202 3820 2354 3884 Aldo,
2387 3821 2550 3875 irretit
2579 3835 2665 3873 ore
2696 3819 2890 3889 plagis,
2925 3825 3195 3886 corrupte.

2044 3889 2165 3960 141.
2202 3892 2321 3948 Vat.
2347 3892 2390 3944 A
2414 3906 2586 3953 error,
2620 3889 2914 3960 indeptessa
2942 3889 3085 3942 locis.
3104 3936 3120 3960 ν.

2043 3958 2164 4012 145.
2213 3961 2461 4029 Plerique
2503 3956 3034 4029 vetusti,'Nebroth;
3067 3956 3554 4029 alii,_Nembr9_th_;

1970 4029 2081 4094 alii,
2115 4026 2397 4094 Neutrolh,’
2428 4031 2536 4092 alii,
2572 4029 2848 4094 Nimroth;
2875 4031 2964 4084 alii
2989 4027 3240 4093 Nemrod,
3265 4036 3322 4081 ut
3347 4027 3400 4081 in
3423 4026 3556 4081 Vul-

1968 4112 2108 4169 gata.
2145 4101 2277 4156 Vide
2303 4116 2422 4166 cap.
2455 4117 2487 4154 x
2521 4100 2716 4154 Genes.

2042 4171 2166 4225 144.
2211 4171 2402 4224 Boher.
2438 4171 2715 4230 vetustior.
2751 4168 2865 4224 Gis.
2901 4169 2966 4223 ad
3009 4183 3180 4235 oram,
3210 4168 3430 4222 sinuosis
3461 4182 3557 4236 pro

1970 4241 2205 4306 siluosis,
2252 4257 2409 4310 quam
2457 4242 2737 4295 lectionem
2785 4241 2836 4294 in
2889 4239 3148 4294 addendis
3203 4237 3559 4310 praeferri_ab

1972 4311 2190 4366 Heinsio
2213 4308 2286 4365 ait
2303 4312 2534 4375 Teolins,
2563 4327 2660 4380 ego
2684 4319 2887 4366 tantum
2906 4311 2972 4364 ab
2992 4325 3056 4365 eo
3079 4309 3268 4364 referri
3295 4317 3439 4380 puto.
3460 4308 3560 4362 Fa-

1971 4381 2172 4438 bricius
2201 4394 2384 4436 censet
2404 4379 2614 4435 siluosis
2640 4397 2757 4436 esse
2779 4381 3250 4452 quadrisyllabum.
3281 4379 3386 4433 Sed
3417 4389 3560 4432 stare

1973 4462 2148 4522 potest
2183 4454 2324 4524 quod
2356 4469 2540 4506 Versus
2584 4452 2764 4521 quinta
2810 4453 2937 4524 sede
2970 4452 3186 4520 recipiat
3225 4453 3557 4518 spondccum.

2048 4525 2169 4578 M5.
2219 4525 2386 4592 Epist.
2425 4525 2438 4576 l
2492 4525 2652 4582 Petri,
2690 4539 2719 4576 v
2765 4541 2776 4577 τ

1975 4611 2121 4665 quem
2148 4597 2365 4648 devoret.
2461 4624 2469 4632 -

2048 4666 2350 4742 i46._Ald.,
2384 4667 2613 4742 inueait.
2639 4665 2694 4742 In
2725 4667 2873 4742 llot.,
2904 4665 3137 4742 odorans.
3176 4663 3374 4742 lnaliis
3401 4664 3563 4742 etiam

1973 4730 2281 4792 auctoribus
2335 4737 2549 4792 codices
2599 4737 2759 4804 prisci
2807 4737 3033 4800 variant,
3086 4735 3137 4786 in
3167 4733 3355 4802 quibus
3407 4730 3565 4787 modo

1978 4809 2213 4873 adorsus,
2245 4808 2406 4861 modo
2430 4808 2638 4860 adortus
2670 4808 2930 4860 invenias.

2055 4881 2177 4931 147.
2212 4877 2445 4942 Corripit
2473 4894 2501 4928 ο
2533 4880 2584 4929 in
2629 4877 2892 4942 luctando,
2926 4875 3064 4944 quod
3101 4890 3204 4929 non
3233 4889 3352 4930 esse
3384 4885 3565 4940 repre-

1983 4948 2321 5002 hendendum
2355 4947 2461 5000 dixi
2489 4945 2538 4999 in
2577 4947 2777 5015 proleg.
2818 4946 3083 5001 Adverbia
3125 4947 3175 4999 in
3204 4963 3252 5006 ο,
3288 4953 3344 4997 ιιι
3385 4959 3558 5015 porro,

1982 5034 2261 5088 perperam
2290 5017 2503 5088 quidam
2536 5011 2941 5086 putant'omnia
2973 5018 3226 5087 producta
3258 5027 3396 5069 esse.
3434 5011 3563 5067 Vide

1981 5087 2248 5145 Gifanium
2282 5089 2394 5142 Ind.
2427 5087 2584 5142 Lucr.
2611 5088 2660 5140 in
2694 5089 2899 5144 ebreue.

2054 5159 2175 5214 149.
2209 5159 2401 5212 Notum
2427 5170 2479 5212 et
2505 5159 2793 5213 contritum
2826 5170 2907 5214 est
2937 5157 3065 5212 illud
3098 5155 3326 5209 Maronis
3369 5152 3461 5207 lib.
3501 5167 3560 5206 ιιι

1981 5231 2130 5297 Em,
2164 5245 2307 5285 vers.
2342 5229 2428 5296 56,
2466 5228 2602 5294 Quid
2625 5247 2721 5284 non
2754 5230 2990 5284 mortalia
3019 5236 3222 5298 pectora
3244 5225 3402 5298 cogis,
3435 5225 3563 5277 Auri

1983 5320 2128 5358 sacra
2158 5301 2358 5372 fames?

2056 5363 2178 5429 155.
2202 5371 2348 5425 Hanc
2386 5371 2603 5439 phrasin
2645 5372 2696 5423 in
2740 5377 2957 5435 tantum,
2991 5385 3018 5422 a
3075 5366 3342 5437 magistris
3373 5363 3562 5439 nescio

1984 5445 2175 5514 quibus
2204 5436 2530 5507 damnatam,
2582 5442 2828 5514 Barthius
2875 5451 3051 5514 tuetur
3084 5436 3182 5494 lib.
3224 5453 3275 5491 ιιι
3306 5436 3560 5514 Advers.,

1983 5505 2099 5583 cap.
2125 5514 2216 5578 25,
2247 5529 2350 5566 non
2378 5505 2549 5567 solum
2575 5512 2697 5584 quia
2723 5511 2949 5584 imitatio
2974 5510 3279 5584 Grmcorum
3297 5516 3400 5574 est,
3423 5505 3563 5584 apud

1983 5579 2116 5656 quos
2145 5586 2511 5656 exemplorum
2539 5579 2734 5652 myt'iits
2754 5622 2768 5646 ,
2798 5581 2893 5638 sed
2922 5581 3230 5656 etianiqnia
3254 5593 3433 5656 neque
3463 5579 3562 5656 ipsi

1984 5643 2156 5711 Latini
2187 5656 2253 5709 ab
2301 5643 2361 5710 ea
2411 5643 2831 5718 abhorruerunt;
2882 5664 2935 5706 ut
2958 5643 3208 5720 Virgilius
3253 5643 3562 5720 lib.'u\t:'ln

1981 5737 2177 5782 tantum
2198 5743 2284 5799 spe
2311 5727 2454 5779 ducet
2487 5741 2622 5799 avos,
2651 5717 3144 5799 prasteryelleiu—m,
3173 5717 3560 5799 Tertullianutn

1979 5807 2032 5853 et
2062 5787 2519 5853 aliosfiuvencus
2548 5787 2732 5851 inti-ne
2773 5814 2783 5850 :
2829 5792 2895 5850 Et
2926 5796 2976 5850 in
3005 5787 3204 5850 tantum
3249 5791 3380 5847 luxit
3429 5787 3554 5842 mihi

1979 5871 2145 5943 gratia
2169 5868 2375 5925 Christi.

2828 4523 3074 4576 Diabolus
3113 4524 3288 4574 circuit
3330 4536 3562 4589 qua'rens
