4092 6344
566 415 704 475 1οὲ5

738 527 902 585 Dulce
928 526 1066 582 mori
1092 534 1207 591 est;
1251 532 1397 580 tanta
1427 524 1481 577 in
1508 521 1745 577 tenebris
1770 522 1836 576 de
1868 530 2013 589 peste
2043 537 2135 577 vo—
2164 539 2215 597 Α

1858 615 2066 682 luptasl

566 715 669 775 I55
743 712 843 781 Qui
874 711 1015 766 mala
1046 708 1309 778 principio
1336 708 1543 777 genuit,
1590 707 1722 761 deus
1747 721 1868 760 esse
1903 715 2139 775 putatur,

741 804 948 873 Quique
970 802 1109 856 bona
1138 800 1319 855 infecit
1337 798 1503 863 vitiis,
1525 806 1580 852 et
1607 796 1831 851 candida
1865 797 2053 867 nigris.

742 895 847 950 Par
878 893 1030 949 furor
1059 892 1302 957 illorum,
1324 905 1461 961 quos
1487 888 1649 943 tradit
1677 888 1815 942 fama
1846 886 2037 942 dicatis

741 988 897 1060 512
942 984 1301 1041 Consecrasse
1326 982 1479 1049 deas,
1509 980 1759 1046 Febrem,
1790 979 2143 1049 Scabiemque

1815 1071 2071 1142 [saeellis.

737 1170 990 1226 Inventor
1016 1168 1133 1225 vitii
1160 1182 1267 1223 non
1294 1174 1378 1222 est
1407 1166 1570 1229 deus;
1600 1163 1818 1234 angelus
1850 1161 1979 1217 illud
2052 1182 2057 1187 λ

568 1262 671 1321 160
744 1265 985 1335 Degener
1009 1262 1196 1317 infami
1219 1268 1537 1329 conceptum
1568 1265 1745 1311 mente
1767 1254 2001 1309 creavit:

743 1361 843 1427 Qui
878 1359 1025 1429 prius
1049 1364 1328 1426 augustum
1361 1352 1601 1407 radiabat
1625 1349 1795 1414 sidus,
1820 1356 1875 1403 et
1908 1349 2093 1418 ingens

744 1451 821 1506 Ex
855 1450 1023 1505 nihilo
1051 1446 1303 1518 splendor
1324 1444 1523 1501 nutrito
1553 1442 2034 1510 ardebatJionore.

749 1543 827 1597 Ex
868 1542 1037 1597 nihilo
1069 1556 1191 1595 nam
1218 1547 1405 1593 cuncta
1438 1545 1604 1603 retro,
1652 1535 1974 1601 factumque,
2005 1529 2146 1601 quod

1685 1628 1929 1697 [usquam
1954 1633 2072 1679 est:

1666 406 1946 464 AURELII
1988 401 2351 461 PRUDENTII
2391 400 2722 460 CARMINA.

3684 399 3818 459 1021

2417 522 2485 573 At
2512 534 2615 571 non
2644 532 2707 572 es
2741 514 2905 569 nihilo
2929 514 3080 581 deus,
3115 522 3168 569 et
3198 515 3464 585 sapientia
3494 530 3642 582 vera,

2246 615 2350 669 165
2424 611 2650 683 Spiritus
2691 620 2744 663 et
2770 616 3021 672 sanctus;
3055 621 3143 661 res
3181 620 3396 677 semper
3426 608 3566 673 viva,
3599 624 3696 663 nec
3724 624 3819 663 un-

3568 700 3747 771 [quam

2423 794 2629 864 Cmpta,
2666 794 2759 848 sed
2784 792 2957 847 aerios
2986 793 3143 845 etiam
3171 792 3352 847 molita
3381 794 3681 850 ministros.

2427 888 2626 942 Horum
2655 886 2722 941 de
2752 899 2979 940 numero
3005 884 3216 954 quidam
3236 925 3251 949 ,
3285 885 3678 954 pulcherrimus
3708 905 3819 954 ore,

2427 980 2699 1047 Majestate
2728 978 2895 1043 ferox,
2931 976 3110 1031 nimiis
3137 976 3267 1031 dum
3298 978 3501 1035 vitibus
3527 990 3719 1035 auctus

2424 1072 2658 1136 Inflatur,
2692 1069 2815 1123 dum
2866 1069 3065 1139 grande
3110 1076 3322 1124 tumens
3379 1085 3501 1127 sese
3546 1072 3703 1126 altius
3751 1072 3827 1129 cf-

3600 1162 3755 1234 fiert,

2250 1256 2355 1314 170
2429 1256 2587 1327 513
2614 1254 2964 1323 Ostentatque
2989 1268 3117 1309 suos
3145 1254 3290 1308 licito
3314 1253 3603 1323 iactantius
3632 1256 3779 1324 ignes
3810 1273 3823 1308 :

2429 1346 2723 1413 Persuasit,
2750 1346 2979 1415 propriis
3003 1333 3237 1414 genitum
3268 1361 3326 1402 se
3348 1347 3571 1416 viribus,
3598 1364 3660 1403 ex
3684 1364 3741 1404 se

2430 1438 2703 1493 Materiam
2736 1438 3031 1505 sumpsisse
3054 1438 3176 1503 sibi,
3207 1454 3309 1508 qua
3341 1440 3589 1507 primitus
3618 1456 3740 1494 esse

2430 1530 2718 1600 lnciperet,
2765 1528 3019 1598 nascique
3059 1544 3213 1584 suum
3268 1530 3387 1586 sine
3442 1532 3679 1601 principe
3720 1547 3825 1589 coeo

3559 1625 3577 1696 [
3591 1635 3757 1695 ptum.

1876 1736 2159 1794 GLOSSIE
2200 1737 2535 1797 VETERES.

640 1865 763 1921 151.
787 1860 1069 1926 Tenebris,
1101 1859 1291 1913 scilicet
1315 1854 1638 1922 ignorantiae,
1674 1850 1713 1903 I.

566 1944 569 1947 ’
644 1937 769 1992 156.
796 1934 997 1999 Infecit,
1035 1931 1237 1997 polluit,
1267 1928 1306 1981 I.

642 2007 765 2062 157.
791 1993 995 2068 Furor,
1014 1993 1235 2054 insania.
1270 2028 1337 2037 —
1363 1993 1568 2068 Tradit,
1599 2002 1798 2068 narrat,

640 2061 765 2133 160.
793 2061 978 2129 lnfami
1002 2113 1017 2137 ,
1042 2072 1199 2140 turpi.
1232 2098 1299 2109 —
1322 2061 1561 2140 creavit,
1589 2064 1835 2140 fecit,_vel
1860 2062 2070 2128 invenit,
2106 2061 2148 2116 Ι.

643 2149 766 2202 161.
796 2133 1111 2211 Augustum,
1129 2133 1489 2208 splendidum,
1520 2136 1711 2211 nobile.
1727 2133 1836 2211 Iso.

645 2217 769 2273 162.
796 2203 1027 2279 Νυίτὶιο,
1058 2203 1291 2266 dilatato.
1324 2206 1683 2279 -——7Ardebat,
1717 2203 1967 2276 fulgebat,
1997 2203 2035 2257 I.

647 2287 768 2342 165.
799 2286 983 2348 Retro,
1012 2278 1041 2335 a
1070 2282 1360 2352 principio,
1376 2278 1492 2352 V_at_.
1523 2279 1589 2331 Α.

646 2357 771 2414 164.
801 2348 1091 2421 Sapientia,
1127 2348 1295 2425 Filius
1326 2349 1440 2411 Dei,
1469 2348 1509 2402 1.
1763 2414 1775 2425 .

646 2426 771 2483 166.
802 2416 1003 2489 molita,
1037 2416 1237 2488 creans,
1270 2420 1519 2490 formans.
1553 2446 1619 2457 ——
1652 2416 1945 2481 Ministros,
1996 2428 2151 2484 ange-

574 2500 674 2568 los,
693 2497 735 2553 ι.

2175 1852 2225 1913 Β

2326 1853 2447 1908 167.
2474 1853 2695 1922 Quidam
2722 1855 3130 1922 pulcherrimus,
3159 1857 3247 1910 ille
3278 1856 3339 1908 de
3366 1871 3464 1925 quo
3486 1858 3729 1926 propheta
3749 1860 3827 1913 di-

2252 1924 2583 1997 xit_:_0mnis
2612 1925 2743 1993 lapis
2767 1930 3016 1994 pretiosus
3040 1924 3404 1997 operimentum
3434 1924 3597 1991 turum,
3634 1938 3761 1997 etc.,
3791 1930 3826 1985 l.

2290 2010 2297 2019 θ
2330 1995 2452 2068 168.
2486 2000 2709 2064 Auctus,
2742 1995 3115 2068 augmentatus,
3146 1998 3184 2052 Ι.

2258 2066 2449 2192 ls0169.
2492 2068 2734 2134 Grande,
2778 2066 3094 2125 adverbium.
3119 2098 3188 2111 -
3217 2069 3482 2136 Tumens,
3515 2070 3825 2139 superbiens.

2330 2208 2462 2281 176.
2479 2209 2668 2274 Licito,
2697 2211 2809 2280 plus
2839 2212 3012 2266 solito.
3048 2242 3111 2252 —
3150 2212 3302 2281 Ignes
3323 2253 3337 2278 ,
3364 2213 3605 2280 honores,
3632 2213 3672 2268 I.
3704 2214 3826 2268 Ani-

2204 2310 2207 2311 ν
2259 2295 2387 2345 mos,
2421 2279 2540 2333 Vat.
2568 2280 2633 2333 A.

2333 2350 2423 2402 171
2439 2392 2454 2406 .
2484 2350 2775 2417 Persuasit,
2800 2353 2951 2418 dixit,
2975 2354 3258 2407 wstimavit.

2331 2421 2454 2474 175.
2487 2420 2755 2491 Cmptum,
2781 2423 3003 2489 initium,
3036 2424 3077 2481 Ι.

1949 2574 2507 2635 COMMENTARIUS.

648 2706 771 2761 I57.
817 2701 1076 2765 Minucius
1108 2699 1255 2754 Felix
1291 2697 1343 2752 in
1371 2696 1587 2754 Octavio
1615 2711 1627 2747 :
1662 2691 2156 2765 CloacinqmuTitius

577 2784 625 2831 et
647 2775 829 2829 invenit
853 2782 898 2826 et
919 2763 1095 2837 coluit,
1128 2769 1378 2821 Pavorem
1399 2766 1673 2837 Hostilius,
1699 2763 2154 2837 atquerPalloreAm;

578 2862 697 2900 mox
725 2844 892 2896 nescio
921 2859 952 2894 a
992 2834 1092 2903 quo
1121 2838 1300 2892 Febris
1331 2839 1587 2891 dedicata.
1629 2835 1814 2889 Exstat
1858 2834 2151 2901 inscriptio,

578 2930 699 2986 qua:
724 2913 900 2986 spuria
936 2910 1103 2986 videri
1144 2909 1329 2986 poss'ﬁ.
1362 2909 1549 2961 FEBRI.
1583 2907 1772 2986 pIUAE.
1809 2904 2155 2986 [conn-‘5“-

578 2974 955 3042 ἑτΑε.’1·“ι-;ιιιιι.
992 2974 1233 3035 ill/tense.
1282 2979 1539 3031 CAMILLA.
1572 2976 1785 3028 Arms.
1823 2974 1950 3029 Pno.
1983 2974 2152 3029 FILto.

580 3054 758 3110 Maus.
792 3053 1058 3103 Arrccro.
1096 3048 1340 3101 Valerius
1386 3048 1645 3101 Maximus
1684 3046 1794 3100 λιι).
1829 3061 1889 3108 ιι,
1919 3059 2036 3111 cap.
2077 3045 2147 3099 5:

581 3121 803 3177 Crateros
846 3122 1042 3187 quidem
1069 3122 1187 3170 deos
1215 3119 1282 3170 ad
1308 3117 1717 3183 benefaciendunt
1763 3118 2147 3187 venerabantur.

583 3176 799 3247 Febrem
824 3176 990 3244 autem
1020 3192 1085 3242 ad
1117 3190 1283 3240 minus
1328 3176 1606 3240 nocendum
1657 3186 1854 3251 templis
1901 3188 2151 3240 colebant.
2180 3176 2225 3238 C

583 3262 718 3317 Vide
753 3276 872 3330 quae
909 3262 973 3313 ad
1014 3259 1774 3330 Minuciumanimadvertunt
1828 3258 2149 3330 Elmenhor-

580 3332 741 3396 stius,
771 3327 1060 3384 'Wowerns
1090 3338 1143 3383 et
1163 3328 1432 3382 Ouzelius.
1471 3327 1724 3381 Weilzius
1754 3335 1808 3380 et
1831 3328 2152 3380 Chamillar-

581 3402 681 3457 dus
709 3404 996 3455 observant
1029 3416 1189 3453 unum
1225 3400 1567 3452 Prudentium
1599 3399 1666 3451 de
1708 3397 1907 3449 sacello
1934 3396 2149 3451 Scabiei

581 3473 915 3527 meminisse.
957 3471 1286 3539 Conjiciebat
1331 3470 1540 3538 aliquis.
1599 3469 1688 3521 lib.
1736 3484 1772 3532 ι,
1806 3482 1921 3539 cap.
1958 3468 2028 3521 20
2056 3468 2153 3521 La-

582 3550 727 3597 ctan.
771 3541 1020 3596 mendum
1046 3538 1285 3605 subesse,
1337 3550 1390 3593 et
1433 3540 1755 3594 mentionem
1790 3538 2019 3601 Scabiei,
2056 3553 2151 3592 seu

582 3612 897 3682 Pruriginis.
925 3629 988 3665 eo
1009 3622 1269 3672 correcto,
1297 3611 1430 3682 ﬁeri.
1459 3612 1584 3673 Qua:
1613 3610 1654 3660 si
1686 3618 1817 3682 vetas
1844 3610 2153 3672 consecrari,

584 3677 900 3753 respondebit
928 3684 1016 3735 tibi
1047 3682 1221 3735 cadent
1252 3682 1343 3733 illa
1374 3680 1601 3740 Grazcia,
1648 3695 1702 3753 se
1740 3677 1878 3753 alios
1916 3681 2032 3732 deos
2068 3696 2153 3731 co-

586 3748 706 3817 lere,
736 3764 788 3806 ut
838 3754 1050 3820 prosint,
1094 3753 1242 3815 alios,
1279 3768 1339 3803 ne
1376 3759 1607 3802 noceant.
1646 3748 2154 3820 Ilrecdenim‘semper

584 3818 845 3877 excusatio
885 3832 957 3875 est
996 3838 1169 3875 eorum
1196 3822 1280 3888 qui
1326 3822 1459 3871 mala
1489 3836 1581 3871 sua
1612 3835 1701 3884 pro
1734 3818 1831 3870 diis
1861 3818 2067 3888 habent,
2099 3830 2153 3872 ut

591 3892 807 3946 Romani
837 3892 1158 3961 Rubiginem,
1190 3907 1246 3941 ac
1288 3888 1524 3961 Febrem.
1558 3888 1758 3961 Legere
1778 3889 1992 3941 volebat
2018 3887 2158 3941 Pru-

588 3962 827 4031 riginem.
852 3958 987 4014 Nani
1015 3962 1205 4024 febris,
1235 3970 1287 4014 et
1316 3960 1527 4028 prurigo
1554 3959 1689 4031 rnala
1714 3958 1995 4031 hominum
2014 3968 2155 4031 sunt

584 4028 744 4087 valde
768 4033 966 4087 affinia.
1003 4033 1195 4087 Verum
1224 4040 1430 4085 constat
1452 4029 1684 4092 aliunde,
1720 4028 1971 4097 llobigum
1994 4028 2152 4083 deum

586 4116 615 4155 a
642 4103 896 4157 Romanis
935 4103 1153 4163 cultum,
1182 4116 1248 4154 ne
1276 4101 1459 4169 rubigo
1486 4112 1771 4167 occuparet
1815 4108 2021 4169 segetes
2048 4116 2060 4151 :
2089 4116 2155 4154 ex

585 4187 691 4240 quo
745 4174 1027 4243 llobigulia,
1071 4189 1163 4228 seu
1215 4168 1484 4240 Rubignfia
1533 4173 1742 4224 festum.
1801 4169 1909 4222 Imo
1962 4168 2153 4239 Robigo

586 4245 685 4298 dea
715 4245 874 4297 etiam
905 4256 1039 4299 erat.

661 4315 783 4368 159.
819 4315 1245 4368 Elmenhorstius
1277 4311 1327 4367 in
1360 4312 1654 4369 Arnobium
1691 4325 1807 4378 pag.
1833 4310 1902 4363 58
1934 4309 2014 4362 his
2038 4325 2155 4365 ver-

586 4384 733 4439 sibus
778 4386 1034 4449 laudatis,
1094 4392 1239 4438 notat
1271 4384 1559 4437 Arnobium
1593 4381 1643 4433 in
1693 4380 2050 4449 disputatione
2089 4382 2155 4434 de

587 4464 774 4508 natura
800 4457 921 4509 mali
953 4472 1056 4508 non
1092 4471 1150 4510 se
1181 4456 1496 4515 extricasse,
1526 4466 1645 4505 cum
1678 4468 1781 4504 non
1813 4451 1940 4505 satis
1968 4452 2153 4506 discin-

587 4528 727 4578 xerit
751 4527 886 4578 inter
916 4527 1111 4578 malum
1144 4527 1312 4592 culpa:
1352 4535 1404 4578 et
1436 4524 1631 4576 malum
1666 4538 1853 4589 ptenar.

664 4595 785 4646 161.
833 4595 1078 4646 Diabolus
1136 4595 1277 4646 sidus
1322 4596 1460 4662 prius
1508 4604 1778 4659 angustum
1824 4592 2038 4655 dicitur,
2103 4604 2159 4647 ut

586 4661 773 4731 lucifer
803 4663 869 4716 ab
900 4663 1027 4716 Isaia
1068 4678 1183 4731 cap.
1210 4678 1281 4715 Iv.
1316 4663 1400 4724 12,
1431 4679 1491 4715 ex
1526 4662 1788 4714 communi
1834 4663 2045 4715 Patrum
2078 4662 2161 4715 iu-

594 4736 968 4798 terpretatione
994 4734 1182 4803 partim
1216 4732 1427 4785 litterali
1448 4732 2015 4803 ,partimpllegorica.

665 4803 786 4859 162.
833 4806 905 4856 Ex
938 4800 1105 4857 nihilo
1135 4804 1337 4872 angeli,
1366 4802 1486 4856 b0ni
1515 4811 1563 4855 et
1599 4800 1721 4853 mali
1749 4800 1889 4864 facti,
1925 4816 2027 4853 noo
2059 4802 2160 4855 mi-

592 4889 694 4927 nus
724 4890 880 4942 quam
920 4886 1127 4928 cat-term
1165 4871 1444 4927 creaturae.
1479 4872 1687 4926 Errarit
1728 4871 1910 4926 Simon
1958 4872 2159 4939 Magos,

590 4945 673 4999 vel
696 4944 978 4997 somniavit
1001 4946 1196 5013 potius,
1219 4945 1435 5008 angrlos
1462 4960 1491 4994 a
1513 4959 1570 4997 se
1593 4958 1655 4996 ex
1685 4942 1887 4997 Ilelcna
1918 4957 2161 5013 procreas-

588 5023 693 5068 tos.
727 5017 987 5068 Errarunt
1010 5012 1256 5079 Angelici
1290 5018 1506 5084 (nomen
1542 5014 1592 5067 id
1645 5013 2018 5067 ha-reticorum
2055 5012 2159 5083 est)

588 5086 676 5150 qui
707 5094 1053 5139 asseruernnt
1075 5085 1292 5153 angelos
1319 5088 1558 5152 quaedam
1592 5085 1804 5137 numina
1849 5100 1987 5137 esse.
2032 5084 2159 5136 Vide

588 5155 649 5209 δ.
677 5155 917 5219 Paulum,
950 5156 1122 5223 Epist.
1154 5156 1219 5208 ad
1257 5154 1463 5207 Coloss.
1496 5171 1532 5218 ι,
1570 5155 1656 5219 16,
1685 5165 1735 5207 et
1766 5154 1952 5207 roucil.
1980 5153 2155 5207 Later.

588 5241 668 5292 ιιι,
692 5240 811 5293 cap.
845 5224 1085 5279 Firmiter
1106 5227 1167 5278 de
1186 5240 1383 5279 summa
1408 5224 1671 5278 Trinitate.
1704 5224 1756 5276 In
1781 5224 1937 5288 epist.
1970 5224 2157 5277 Leonis

588 5297 659 5350 Μ.
709 5297 776 5350 ad
806 5297 1080 5351 Turibium
1117 5299 1509 5349 Asturicensem
1541 5310 1658 5361 cap.
1692 5298 1761 5347 6:
1792 5295 1947 5348 Sexta
1997 5300 2156 5347 adno-

591 5366 717 5420 tatio
746 5367 955 5430 indicat,
982 5384 1063 5419 eos
1097 5364 1574 5432 (Priscillianistas)
1609 5366 1770 5417 dicere
1805 5366 1941 5433 quod
1977 5365 2155 5416 diabo-

591 5440 673 5506 lus
717 5454 975 5506 nunquam
1004 5438 1154 5504 fuerit
1182 5436 1359 5506 bonus,
1407 5451 1495 5487 nec
1522 5445 1703 5486 natura
1748 5438 1856 5505 ejus
1900 5435 2156 5506 opificium

590 5505 689 5559 Dei
709 5509 793 5571 sit,
818 5507 906 5560 sed
950 5524 1064 5559 eum
1094 5522 1154 5559 ea:
1184 5505 1307 5558 chao
1358 5516 1401 5558 et
1452 5506 1666 5558 tenebris
1715 5506 1994 5569 emersisse,
2036 5505 2155 5575 quia

589 5578 781 5630 scilicet
808 5578 1003 5629 nullum
1025 5579 1100 5630 sui
1134 5579 1311 5630 habeat
1333 5588 1610 5629 auctorem.
1641 5576 1761 5628 Rol.
1796 5576 1970 5629 habet.
2002 5576 2155 5628 hono-

590 5663 707 5701 rum
728 5663 824 5715 pro
855 5647 1077 5711 honore;
1102 5663 1165 5701 ex
1196 5662 1299 5715 quo
1338 5647 1549 5713 conjicit
1574 5645 1839 5708 Ileinsius,
1875 5646 2151 5712 legendum

591 5722 835 5771 nutritum
859 5718 1062 5769 ardebat
1092 5718 1351 5770 honorem.
1380 5718 1522 5784 Quas
1547 5718 1851 5770 criticorum
1876 5716 2149 5783 conjectu-

591 5801 701 5853 ras,
726 5805 788 5843 ex
816 5788 1021 5842 mendis
1052 5787 1291 5841 codicum
1315 5786 1644 5855 desumptas,
1681 5788 1987 5854 plerumque
2015 5788 2150 5853 inge-

597 5858 775 5913 niosas
813 5873 1063 5913 esse'non
1093 5857 1345 5923 dilﬁteor,
1370 5858 1461 5913 sed
1496 5858 1641 5913 nullo
1672 5859 1722 5913 in
1756 5855 1927 5924 pretio
1958 5857 2148 5917 haben-

2265 2695 2360 2747 das
2378 2694 2582 2762 judico,
2603 2708 2722 2747 cum
2750 2693 2908 2748 lectio
2930 2691 3236 2763 pervulgata
3261 2701 3406 2747 recte
3434 2693 3695 2760 procedit,
3723 2710 3834 2763 qua

2266 2765 2461 2818 mutari
2504 2780 2607 2818 non
2639 2764 2830 2828 debet,
2882 2764 3124 2833 quamvis
3172 2763 3505 2832 suspiciones
3556 2767 3836 2820 contraria:

2264 2835 2572 2904 plausibilcs
2604 2834 2903 2888 videantur.

2336 2905 2455 2959 165.
2508 2906 2676 2961 Simili
2725 2906 2905 2974 phrasi
2951 2904 3114 2959 utitur
3160 2904 3445 2960 concilium
3482 2905 3735 2959 Lateran.
3782 2920 3835 2959 ιιι

2259 2976 2359 3029 sub
2391 2976 2568 3029 lnnoc.
2605 2975 2669 3030 IV
2704 2992 2717 3030 :
2756 2975 2872 3029 Una
2900 2992 3095 3029 summa
3115 2991 3194 3028 res
3217 2984 3309 3039 est,
3351 2976 3837 3042 incomprehensibi-

2262 3046 2321 3098 lis
2349 3048 2571 3112 quidem,
2626 3056 2670 3099 et
2700 3046 2993 3113 ine/fabilis,
3026 3063 3137 3115 qua:
3180 3047 3419 3099 veraciter
3464 3056 3536 3100 est
3572 3044 3749 3110 Pater,
3791 3055 3838 3099 et

2261 3117 2448 3180 Filius,
2482 3128 2528 3171 et
2560 3118 2783 3187 Spiritus
2814 3128 3040 3171 sanctus.

2334 3187 2454 3242 166.
2488 3188 2719 3256 Angelos
2751 3188 2882 3241 dicit
2906 3188 3092 3251 aerios,
3126 3187 3329 3241 scilicet
3360 3187 3668 3255 spirituales,
3714 3200 3834 3240 nam

2257 3256 2546 3312 Prudentia
2574 3260 2757 3319 aerius,
2792 3258 3033 3327 liquidus.
3066 3257 3203 3311 idem
3233 3266 3316 3310 est
3345 3272 3405 3309 ac
3426 3258 3738 3324 spiritualis.

2335 3330 2452 3382 169.
2487 3330 2625 3383 Nihil
2664 3330 2991 3397 frequentius
3023 3328 3158 3397 apud
3190 3328 3288 3382 SS.
3322 3328 3527 3392 Patres,
3553 3338 3615 3379 et
3632 3327 3835 3381 tlteoloo

2256 3414 2350 3467 gos
2376 3414 2531 3468 quam
2555 3414 2821 3463 asserere,
2850 3399 3067 3464 angelos
3094 3398 3356 3467 superbiae
3384 3408 3665 3464 peccatum
3692 3413 3835 3451 com-

2259 3470 2484 3524 misisse.
2531 3471 2644 3523 Non
2694 3485 2843 3539 reque
2894 3470 3030 3522 inter
3068 3485 3161 3522 eos
3209 3477 3441 3531 constat,
3471 3469 3614 3536 quali
3645 3484 3831 3534 super-

2257 3541 2358 3594 bia:
2383 3557 2595 3609 genere,
2634 3550 2722 3593 aut
2762 3556 2861 3603 qua
2894 3539 3210 3604 cogitatione
3248 3540 3563 3609 tumuerint.
3599 3539 3836 3592 Pruden-

2259 3613 2363 3664 tius
2390 3608 2597 3664 ieorum
2646 3610 2881 3678 opinioni
2936 3610 3147 3663 videtur
3203 3608 3507 3671 adhaerere,
3548 3610 3633 3676 qui
3675 3610 3834 3661 aiunt

2258 3682 2526 3735 diabolum
2552 3696 2615 3735 eo
2636 3683 2858 3734 sceleris
2886 3679 3185 3746 devenisse,
3216 3690 3273 3733 ιιι
3301 3680 3465 3733 Deum
3510 3680 3700 3733 imitari
3734 3694 3833 3730 vo-

2258 3752 2442 3817 luerit,
2472 3767 2532 3805 ac
2562 3766 2619 3805 se
2648 3766 2741 3817 pro
2783 3752 2883 3804 deo
2914 3750 3283 3804 ostentaverit.
3318 3749 3589 3816 Petavius,
3618 3751 3712 3802 lib.
3748 3765 3830 3813 ιιι,

2258 3823 2323 3874 de
2352 3823 2566 3891 Angelis
2588 3862 2602 3885 ,
2632 3836 2749 3887 cap.
2774 3820 2828 3885 ι,
2868 3831 2996 3873 tom.
3029 3821 3114 3883 III,
3147 3820 3220 3873 ait
3254 3820 3598 3891 Prudentium
3633 3822 3836 3891 poetica

2258 3890 2481 3960 quadam
2508 3893 2914 3959 exaggeratione
2942 3894 3227 3957 superbum
3252 3891 3509 3943 daemonis
3536 3890 3735 3943 factum
3759 3890 3839 3943 sic

2259 3963 2596 4027 expliCnisse,
2624 3972 2872 4026 tanquam
2899 3964 3101 4014 nullum
3134 3962 3214 4013 sui
3243 3970 3645 4027 procreatorem
3676 3976 3838 4028 agno-

2259 4035 2412 4095 verit,
2443 4034 2521 4085 sic
2559 4033 2780 4085 luxurizn
2809 4048 2871 4085 ac
2911 4047 3092 4101 ganeae
3126 4031 3291 4084 dediti
3340 4046 3433 4097 pro
3460 4032 3565 4085 deo
3596 4043 3837 4086 ventrem

2262 4105 2457 4158 habere
2500 4103 2767 4157 dicuntur.
2803 4104 2929 4155 Eam
2960 4102 3423 4169 exaggerationem
3454 4102 3506 4154 in
3540 4102 3660 4154 aliis
3697 4105 3840 4170 pari-

2264 4184 2343 4227 ter
2392 4174 2690 4242 intolligerc
2743 4188 3063 4241 possumus:
3097 4188 3240 4231 nam,
3292 4181 3348 4223 ut
3392 4172 3530 4225 idem
3587 4172 3839 4225 Petavius

2262 4254 2442 4299 monet
2476 4260 2620 4297 num.
2670 4244 2758 4305 21,
2806 4243 3003 4295 diaboli
3048 4251 3323 4311 peccatum
3371 4244 3613 4310 plerique
3659 4245 3837 4295 dicunt

2264 4318 2449 4381 fuisse,
2502 4314 2637 4379 quod
2671 4316 2777 4366 l)eo
2805 4312 3022 4379 (crinalis
3048 4322 3102 4365 et
3128 4312 3319 4365 similis
3352 4328 3472 4365 esse
3502 4314 3755 4377 voluerit,
3787 4325 3838 4366 et

2261 4403 2407 4439 num.
2442 4401 2552 4448 seq.
2586 4384 2730 4436 addit
2778 4384 2828 4435 id
2881 4398 3003 4451 non
3029 4398 3150 4436 esse
3198 4382 3463 4448 explicatu
3520 4384 3694 4436 facile.
3730 4384 3834 4451 Cy-

2264 4458 2433 4522 rillus,
2478 4456 2569 4508 lib.
2601 4455 2706 4507 vin
2732 4455 2887 4507 .loan.
2930 4470 2942 4505 :
2976 4450 3135 4506 Falsa
3164 4454 3398 4521 opinione
3429 4455 3681 4521 persuasit
3708 4450 3839 4519 (dia-

2188 4554 2239 4613 D
2266 4528 2446 4613 bolos).
2471 4527 2566 4579 sibi
2594 4542 2739 4613 posse
2767 4536 3055 4613 creaturam
3085 4524 3180 4613 aldL
3197 4535 3430 4613 naturg‘m
3476 4524 3556 4574 sui
3597 4525 3838 4613 creatoris

2267 4598 2547 4651 ascendere.
2582 4592 2817 4649 Alcimus
2846 4595 3067 4661 Auitus,
3112 4592 3203 4647 lib.
3238 4609 3270 4645 ιι
3302 4608 3316 4646 :
3350 4592 3617 4655 Tanquam
3666 4595 3839 4647 condi-

2268 4678 2347 4720 tor
2369 4677 2494 4720 esset
2522 4665 2640 4737 Ipse
2683 4669 2780 4719 sui.
2832 4664 3212 4721 Nazianzenus.
3235 4678 3413 4737 carm.
3446 4665 3479 4718 6
3505 4682 3517 4716 :
3552 4664 3691 4737 Dum
3720 4666 3839 4717 deus

2268 4753 2371 4791 esse
2396 4734 2563 4803 cupit,
2616 4746 2746 4789 tetra
2781 4737 2997 4805 caligine
3037 4743 3175 4805 totus
3222 4734 3444 4805 Obrutus
3488 4746 3580 4787 est.
3618 4735 3840 4803 Propius

2266 4809 2329 4861 ad
2363 4802 2705 4861 Prudentium
2735 4802 2901 4859 verba
2918 4804 3209 4859 Ezechielis
3234 4819 3350 4871 cap.
3379 4802 3470 4869 18,
3493 4805 3528 4857 2
3557 4824 3569 4858 :
3607 4805 3683 4857 Eo
3703 4802 3838 4871 quod

2264 4880 2506 4932 eleuatum
2536 4888 2605 4930 est
2638 4894 2723 4930 cor
2748 4888 2911 4939 tuum,
2945 4884 2989 4927 et
3014 4875 3185 4927 dixisti
3211 4890 3228 4926 :
3262 4874 3395 4927 Deus
3419 4892 3511 4944 ego
3538 4892 3685 4937 sum;
3717 4889 3835 4939 qua:

2265 4949 2330 5019 de
2362 4950 2599 5016 principe
2628 4949 2751 5019 Tyri
2783 4947 2960 5019 dicta_,_
3002 4944 3240 5019 nonnulli
3269 4945 3334 4997 ad
3366 4945 3839 5019 [II'IIICIPEIILICDCH

2265 5018 2479 5073 brarum
2533 5016 2866 5072 convertunt.
2902 5016 3157 5083 Theologi
3190 5016 3371 5085 plures
3400 5032 3521 5069 cum
3552 5019 3611 5071 S.
3637 5018 3835 5071 Thom:

2266 5105 2317 5155 p.
2369 5093 2418 5153 1,
2452 5098 2641 5158 (ιιιωεῐ.
2676 5088 2763 5151 65,
2809 5097 2909 5140 art.
2940 5087 2995 5151 ‘2,
3027 5095 3318 5158 opponent,
3349 5086 3648 5141 dzemonem
3688 5098 3838 5139 natu-

2266 5158 2363 5212 rali
2408 5157 2708 5227 cognitione
2735 5159 2975 5222 scivisse,
3012 5171 3068 5210 re
3115 5174 3141 5206 a
3177 5157 3284 5210 Deo
3311 5167 3572 5211 creatum.
3604 5158 3838 5210 I’tudeu-

2266 5232 2366 5281 tius
2402 5230 2611 5298 quidem
2646 5229 2695 5281 id
2724 5243 2825 5281 non
2862 5227 3151 5293 negaverit,
3178 5227 3271 5280 sed
3300 5228 3368 5298 ita
3398 5243 3455 5280 se
3482 5229 3716 5296 gessisse
3746 5242 3838 5276 an-

2265 5297 2439 5365 gelum
2487 5299 2660 5363 dicet,
2717 5299 2865 5364 quasi
2916 5313 3226 5364 persuasum
3286 5297 3544 5355 habuerit.
3610 5298 3838 5365 propriis

2265 5372 2497 5438 genitum
2550 5385 2607 5423 se
2637 5370 2853 5421 viribus.
2893 5370 3099 5422 Etenim
3154 5370 3378 5421 naturali
3405 5382 3616 5435 quoque
3660 5368 3839 5433 cogni-

2266 5441 2408 5494 tione
2456 5440 2681 5502 sciebat,
2730 5453 2789 5492 se
2838 5454 2939 5491 non
2993 5454 3147 5505 posse
3203 5448 3386 5492 contra
3418 5438 3583 5491 Deum
3644 5438 3838 5490 trahere

2265 5520 2605 5577 potestatem,
2640 5519 2693 5563 et
2729 5510 3077 5563 nihilominus
3126 5509 3224 5562 hoc
3253 5508 3435 5561 voluit.
3468 5506 3651 5561 Potest
3678 5511 3835 5562 etiam

2262 5581 2485 5650 intelligi
2518 5581 2812 5634 drcmonem
2847 5580 3109 5633 hzereticis
3146 5578 3469 5633 Marcionitis
3507 5582 3837 5650 p.-rsuasissc

2262 5667 2320 5706 se
2344 5649 2571 5705 alterum
2603 5651 2759 5704 deum
2790 5665 2930 5704 esse.
2968 5650 3075 5704 Hoc
3103 5650 3244 5704 enim
3276 5650 3349 5701 illi
3376 5649 3702 5711 credebant,
3740 5653 3838 5700 nn-

2263 5738 2365 5789 qne
2400 5738 2426 5774 a
2458 5724 2695 5776 daemone
2722 5720 2920 5777 edocti.
2956 5723 3018 5775 lit
3043 5720 3249 5775 videtur
3277 5720 3328 5774 id
3355 5720 3576 5774 innuere
3599 5719 3840 5774 Prodat.

2263 5794 2366 5844 tius
2398 5808 2533 5844 vers.
2567 5791 2685 5844 174.

2263 5794 2366 5850 tius
2398 5808 2533 5847 vers.
2567 5793 2685 5847 174.
