4092 6344
280 318 416 379 1925

1589 535 1781 609 hum,

278 620 381 677 178
452 622 581 688 Quae
606 621 784 692 docet,
813 638 845 680 e
876 624 1109 682 tenebris
1137 625 1371 683 subitum
1406 628 1661 684 micuisse
1685 637 1856 700 tyran-

1585 721 1733 795 [num
1769 738 1783 775 :

457 808 577 876 Qui,
597 809 744 865 velut
771 819 971 868 aeterna
991 813 1210 869 latitans
1236 812 1337 870 sub
1359 822 1537 882 nocte,
1565 825 1856 871 retrorsum

459 899 679 967 Vixerit,
710 911 763 959 et
790 910 932 960 tecto
960 917 1174 976 semper
1200 908 1502 977 regnaverit
1531 921 1665 963 aevo.

453 991 720 1063 Emulus,
772 1004 829 1052 ut
868 1006 1190 1066 memorant,
1237 1013 1401 1070 opera
1455 997 1521 1055 ad
1550 998 1727 1056 divina
1770 1014 1857 1055 re-

1609 1091 1789 1171 [petite

456 1176 880 1250 Corrumpenda,
911 1192 1070 1253 caput
1091 1184 1318 1255 caligine
1348 1185 1569 1256 protulit
1596 1195 1731 1240 atra.

278 1266 385 1324 180
458 1269 568 1325 Hoc
590 1270 725 1327 ratio
753 1272 847 1329 sed
871 1282 1051 1330 nostra
1081 1284 1277 1346 negat:
1304 1277 1388 1332 cui
1412 1264 1518 1332 non
1550 1276 1675 1332 licet
1694 1288 1855 1331 unam

456 1358 729 1417 lnllrmare
748 1360 931 1430 ﬁdem,
965 1378 1120 1420 sacro
1147 1380 1267 1435 qum
1293 1366 1485 1422 tradita
1513 1366 1655 1423 libro
1680 1375 1784 1422 est.

460 1448 623 1523 514
648 1450 754 1520 Nil,
782 1453 877 1522 ait,
908 1454 1109 1526 absque
1148 1455 1259 1513 Deo
1291 1456 1507 1523 factum,
1541 1459 1633 1515 sed
1667 1466 1861 1513 cuncta

1444 1550 1561 1625 [per
1592 1552 1790 1623 ipsum.

462 1636 665 1695 Cuncta
698 1656 713 1693 :
746 1654 844 1698 nec
867 1647 953 1697 est
972 1640 1109 1698 alius
1141 1641 1443 1714 quisquam,
1478 1642 1581 1698 nisi
1608 1644 1777 1699 factus
1798 1643 1865 1700 ab

1626 1737 1789 1809 [ipso.

1632 323 2199 385 KAMARTIGENIA.’

453 433 586 490 ﬂint:
625 434 809 493 sebola
838 436 1157 497 subtacitam
1200 439 1489 500 meditatur
1513 443 1735 515 gignere
1765 461 1853 501 se-
1878 457 1934 516 Α

3399 332 3534 392 1026

2135 448 2241 504 Sed
2290 447 2460 505 factus
2488 448 2554 505 de
2600 448 2765 520 stirpe
2793 448 2986 516 bonus,
3018 448 3270 506 bonitatis
3301 452 3354 507 in
3383 468 3535 510 usum

1960 528 2064 596 185
2139 540 2408 605 Proditus,
2442 549 2496 596 et
2520 540 2693 611 primo
2717 543 2929 612 generis
2954 542 3022 598 de
3051 541 3196 599 fonte
3220 559 3469 616 serenus,

2142 632 2385 688 Deterior
2407 648 2525 687 mox
2550 644 2741 703 sponte
2769 650 2886 695 sua.
2918 634 3044 689 dum
3069 634 3284 691 decolor
3320 637 3468 692 illum

2142 724 2313 779 lntiuit
2336 725 2555 793 invidia,
2589 726 2928 796 stimulisque
2954 728 3170 800 insrigat
3197 730 3394 785 amaris
3425 746 3440 783 :

2146 817 2291 871 Arsit
2318 818 2458 871 enim
2491 816 2719 873 scintilla
2750 818 2856 873 odii
2885 818 2951 874 de
2981 818 3165 875 fomite
3193 820 3325 884 zeli,

2142 906 2210 961 Et
2229 906 2383 962 dolor
2404 907 2673 978 ingenium
2705 909 2915 964 subitus
2942 911 3191 966 conﬂavit
3217 910 3477 981 iniquum.

1964 997 2068 1053 190
2143 996 2363 1052 Viderat
2386 998 2649 1068 argillam,
2676 1000 3021 1056 simulacrum
3048 1010 3102 1057 et
3116 1001 3355 1057 structile
3380 1000 3506 1056 ﬂatu

2137 1088 2483 1145 Concaluisse
2504 1089 2624 1155 dei;
2656 1089 2929 1145 dominum
2962 1106 3172 1162 quoque
3193 1090 3487 1148 conditioni

2141 1180 2299 1254 515
2323 1181 2652 1251 impositum,
2674 1190 2861 1237 natura
2876 1182 2999 1249 soli,
3018 1182 3316 1253 pelagique,
3338 1183 3543 1253 poliun

2141 1274 2210 1331 Ut
2240 1274 2503 1329 famulans
2530 1271 2732 1329 homini
2757 1274 3071 1345 locupletem
3094 1273 3315 1331 fundere
3338 1282 3544 1347 partum

2139 1365 2353 1433 Nosset,
2382 1373 2438 1422 et
2466 1362 2688 1421 eﬂusum
2720 1372 2935 1421 terreno
2964 1364 3210 1423 addicere
3236 1367 3367 1437 regi.

1964 1454 2069 1513 195
2144 1454 2349 1510 lnilavit
2379 1454 2644 1511 fermento
2683 1454 2844 1510 animi
2882 1457 3247 1513 stomachante
3288 1466 3547 1514 tumorem

2144 1546 2339 1613 Bestia,
2366 1545 2538 1616 deque
2561 1545 2726 1602 acidis
2749 1546 2852 1601 vim
2878 1547 3036 1601 traxit
3055 1548 3244 1603 acerba
3269 1548 3513 1603 medullis
3532 1589 3547 1612 ,

2151 1640 2321 1696 Bestia
2344 1680 2358 1705 ,
2391 1638 2553 1695 corde
2587 1654 2804 1707 carens,
2838 1640 2922 1697 cui
2953 1649 3077 1697 tunc
3117 1642 3375 1711 sapientia
3407 1642 3549 1711 longi

2144 1731 2395 1804 Corporis
2421 1732 2648 1789 enodem
2675 1734 2921 1790 servabat
2945 1743 3087 1790 recta
3111 1734 3403 1805 juventam,

1586 1874 1869 1931 ϐιοδεΑη]
1910 1870 2248 1929 VETERES.

367 2022 488 2079 γη.
518 2020 672 2095 Hinc,
703 2023 765 2077 de
813 2024 911 2077 hac
954 2024 1165 2079 ratione.
1189 2054 1258 2066 —
1282 2025 1499 2092 Schola,
1538 2026 1869 2081 Marcionila-
1901 2032 1943 2091 Β
1973 2026 2124 2080 minis
2149 2040 2261 2095 qua:
2290 2024 2353 2077 de
2383 2040 2505 2078 nmo
2537 2030 2756 2093 formata
2784 2025 2901 2095 fuit,
2936 2023 2975 2077 l.

284 2108 425 2158 nm,
454 2109 576 2166 gres:
602 2094 1205 2166 illiug—Subtacitam,
1237 2098 1503 2152 occultum.
1537 2127 1605 2137 —
1627 2102 1862 2166 Sectam,

285 2173 472 2234 pestem
500 2165 689 2217 scilicet
723 2164 776 2217 Μ
781 2166 1165 2234 arcionitarum,
1192 2169 1228 2222 Ι.

361 2234 485 2289 176.
518 2234 854 2299 Retrorsum,
882 2236 943 2289 ab
976 2237 1143 2301 initio,
1172 2239 1237 2305 1.,
1264 2239 1381 2294 Vat.
1407 2240 1473 2294 A.

361 2305 485 2359 178.
522 2305 789 2371 Δζῐηιιιιις,
826 2307 1051 2371 invidus,
1088 2308 1125 2362 Ι.

359 2374 484 2451 181.
515 2376 809 2451 Ιρῐὶτωδιξς,
857 2392 1201 2451 corrumpere,
1231 2395 1420 2451 aegram
1460 2380 1645 2449 facere.
1682 2407 1749 2419 -—-
1778 2379 1865 2433 Li-

288 2444 417 2518 bro,
442 2447 495 2499 in
526 2444 830 2518 Evangelia,
856 2446 895 2500 Ι.
1004 2482 1007 2485 ›

366 2517 486 2572 185.
518 2517 737 2581 Cuncta,
762 2519 957 2572 scilicet
982 2519 1119 2587 dico,
1145 2520 1183 2573 l.

365 2587 489 2642 181.
517 2587 730 2651 Factus,
762 2587 963 2654 lucifer,
999 2588 1037 2642 l.

365 2657 487 2729 185.
511 2657 775 2729 Proditus,
804 2661 1184 2729 manifestatus,
1219 2661 1260 2715 Ι.

366 2727 487 2781 187.
514 2728 701 2793 lniicit,
730 2727 955 2795 violavit,
987 2729 1026 2782 Ι.

365 2798 487 2855 190.
510 2798 789 2871 Argillam,
819 2802 1016 2856 limum.
1040 2832 1111 2845 —
1129 2800 1503 2873 Simulacrum,
1529 2806 1750 2873 formam
1775 2804 1867 2857 ho-

2043 2097 2163 2151 191.
2196 2097 2499 2161 Dominum,
2529 2097 2695 2149 Adam
2742 2106 2886 2149 vocat
2937 2096 3196 2148 dominum
3236 2113 3381 2166 quem
3415 2099 3545 2155 Deus

1926 2169 2230 2220 "constituit
2291 2166 2550 2237 dominum
2603 2176 2847 2220 creatura:
2900 2182 3026 2221 stuc.
3084 2198 3151 2207 —
3203 2169 3543 2237 Conditioni,

1970 2238 2109 2291 omni
2138 2248 2403 2301 creatura,
2442 2236 2479 2290 l.

2044 2308 2165 2361 192.
2196 2308 2337 2368 Soli,
2369 2318 2541 2371 terrm,
2576 2306 2615 2360 1.
2649 2306 2882 2367 Homini,
2912 2306 3032 2361 Vat.
3064 2308 3130 2363 A.

1969 2380 2164 2502 Ad194.
2192 2376 2485 2501 iAddicere,
2518 2378 2793 2449 subjugare
2813 2378 2888 2431 vel
2910 2380 3273 2434 commendare.
3307 2412 3375 2423 ——
3400 2382 3547 2451 Regi,

2054 2465 2159 2507 om.
2218 2488 2228 2500 .

2042 2519 2163 2642 1195i.
2194 2519 2593 2645 Sltomachvnte,
2626 2520 2893 2586 irascente,
2918 2523 3132 2589 furente.
3155 2552 3225 2563 -—
3247 2522 3548 2592 Fcrmenlo,

2042 2599 2195 2645 tttta.
2253 2634 2265 2645 .

1975 2599 2195 2655 malitia,
2225 2599 2265 2645 Ι.

2041 2662 2164 2716 196.
2202 2663 2397 2728 Bestia,
2426 2662 2678 2716 diabolus.
2709 2690 2781 2701 —
2808 2662 3007 2725 Acidis,
3037 2663 3252 2728 acnbis,
3284 2664 3324 2718 l.

2043 2734 2165 2787 197.
2202 2732 2395 2795 Bestia,
2423 2748 2647 2800 serpens.
2678 2760 2749 2772 —
2775 2732 2968 2802 Longi,
3003 2734 3116 2786 sani
3140 2751 3335 2801 sensus,
3363 2735 3400 2789 Ι.

2042 2804 2162 2859 198.
2199 2803 2435 2859 Enodem
2456 2844 2471 2871 ,
2502 2804 2609 2857 sine
2638 2804 2793 2858 nodo.
2829 2832 2895 2843 —
2929 2802 3111 2873 Recta,
3144 2815 3329 2875 erecta,
3359 2806 3399 2860 Ι.

1680 2960 2241 3020 COMMENTARIUS.

373 3124 494 3180 174.
524 3122 737 3192 Cham.,
764 3122 903 3178 male
926 3122 1154 3177 sectam?
1192 3123 1548 3193 interrogans.

374 3195 495 3249 175.
524 3195 720 3264 Aliqui,
749 3210 851 3249 non
880 3193 1038 3258 bene,
1069 3209 1169 3263 qua
1193 3194 1354 3246 docet.

373 3266 497 3321 180.
550 3262 682 3319 Mar.
734 3280 763 3317 a
813 3265 982 3334 prima
1014 3278 1196 3331 manu,
1239 3280 1339 3318 non
1366 3262 1503 3317 libet.
1535 3262 1715 3329 Prag.,
1749 3278 1872 3328 una,

228 3407 236 3413 _
302 3338 462 3413 male,
495 3352 589 3413 pro
618 3352 793 3388 unam.

377 3370 931 3472 llg;.PRittng[,mtIradita
950 3404 1077 3459 libro
1102 3404 1218 3459 sine
1249 3370 1343 3459 est.

378 3477 499 3531 182.
524 3476 793 3531 Giselinus
816 3478 1035 3529 conluse
1058 3475 1256 3529 dictum
1279 3474 1551 3529 existimat
1577 3474 1648 3527 nil
1684 3473 1875 3528 factum

306 3529 507 3617 absque
539 3529 666 3612 bed,
698 3546 790 3601 sed
810 3554 1011 3617 cuncta
1036 3559 1133 3614 per
1163 3548 1352 3617 ipsum.
1384 3544 1511 3597 Nam
1538 3559 1653 3613 cap.
1678 3558 1692 3597 l
1720 3545 1876 3617 Joan.
1904 3529 1950 3591 Π

307 3620 361 3676 id
402 3615 617 3688 proprie
648 3618 757 3671 Deo
790 3616 923 3671 Filio
953 3616 1219 3688 tribuitur.
1253 3615 1445 3688 Verum
1478 3625 1643 3688 poeta
1663 3616 1876 3688 sapien-

309 3683 582 3743 ter'Deum
617 3696 897 3749 memorat,
917 3689 1041 3755 quin
1068 3684 1257 3739 Filium
1289 3685 1571 3753 exprimat.
1604 3683 1880 3740 Nonenim

312 3776 453 3814 nttnc
485 3759 663 3826 agitur
697 3758 765 3811 de
795 3758 1063 3825 probanda
1094 3756 1212 3811 Filii
1253 3770 1282 3809 a
1322 3756 1478 3810 Patre
1507 3756 1877 3820 distinctione;

310 3829 405 3883 sed
452 3828 580 3881 illud
634 3837 818 3881 contra
872 3828 1208 3881 Marcionitas
1251 3836 1333 3881 est
1385 3828 1877 3893 demonstrandum,

311 3898 444 3954 nihil
475 3898 675 3964 absque
713 3896 841 3959 Deo,
891 3898 986 3950 sed
1016 3908 1204 3951 cuncta
1247 3912 1341 3963 per
1368 3899 1528 3951 Deum
1562 3899 1695 3951 tacta
1738 3912 1880 3963 esse,

310 3968 550 4035 adeoque
581 3968 725 4034 ipsos
753 3966 973 4034 angelos
1016 3982 1107 4030 per
1145 3966 1310 4019 Deum
1342 3966 1509 4019 factos
1538 3982 1679 4020 esse.
1710 3968 1883 4035 Siqui-

312 4036 431 4091 dem
473 4045 615 4104 patet
660 4037 824 4089 Deum
855 4050 974 4089 esse
1005 4035 1256 4100 Verbum,
1290 4043 1344 4089 et
1368 4050 1396 4088 a
1434 4036 1541 4090 Deo
1573 4036 1706 4091 facta
1738 4053 1881 4106 esse,

312 4122 432 4177 qua:
460 4122 554 4173 per
580 4105 819 4177 Verbum
851 4106 988 4177 facta
1022 4115 1166 4160 sunt.

390 4176 511 4231 185.
536 4176 647 4231 Gis.
677 4176 743 4229 ad
760 4191 932 4245 oram,
957 4176 1138 4247 Prag.,
1170 4174 1287 4229 Rat.
1314 4189 1343 4229 a
1362 4176 1540 4245 prisco
1559 4187 1881 4244 correctore,

312 4248 469 4319 facta.
504 4247 625 4319 Alii,
659 4256 859 4319 cuncta.

384 4317 505 4372 184.
559 4317 831 4371 Manichaai
880 4326 934 4372 et
978 4315 1393 4372 Priscillianista:
1439 4316 1736 4372 docuerunt
1772 4318 1883 4373 dae-

313 4402 500 4443 mones
532 4398 717 4441 natura
747 4403 866 4444 esse
906 4388 1111 4451 malos;
1141 4398 1326 4443 contra
1355 4402 1488 4456 quos
1516 4396 1690 4443 exstat
1714 4376 1904 4444 canon'

314 4459 345 4511 7
378 4459 584 4513 concilii
614 4459 828 4513 Bracar.
861 4474 876 4511 ι
913 4474 1001 4513 an.
1032 4458 1126 4513 561
1162 4475 1177 4513 :
1222 4458 1281 4512 Si
1314 4459 1424 4527 quis
1468 4459 1587 4512 dicit
1630 4460 1886 4515 diabolum

316 4545 416 4600 non
458 4528 614 4597 fuisse
652 4531 793 4599 prius
820 4528 1005 4583 bonum
1053 4531 1291 4600 angelum
1320 4545 1351 4581 a
1389 4529 1495 4582 Deo
1534 4530 1746 4598 factum,
1799 4548 1887 4585 nec

314 4598 412 4653 Dei
446 4598 709 4667 api/icium
735 4601 893 4670 fuisse
931 4598 1167 4653 naturam
1207 4602 1344 4667 ejus,
1382 4601 1470 4652 sed
1501 4602 1625 4653 dicit
1678 4618 1790 4654 eum
1827 4619 1889 4655 ea:

317 4670 445 4722 chao
469 4679 517 4723 et
548 4671 760 4723 tenebris
784 4672 1063 4735 emersisse,
1097 4686 1188 4724 nec
1217 4670 1436 4739 aliquem
1464 4673 1541 4724 sui
1571 4670 1752 4725 habere
1793 4689 1889 4725 au-

317 4748 529 4805 ctorem,
565 4741 849 4810 scdipsum
883 4756 986 4793 esse
1028 4740 1334 4810 principium
1374 4750 1520 4809 atque
1556 4744 1889 4797 substantiam

318 4811 463 4933 uitali,
492 4812 620 4891 sicut
649 4809 985 4877 Manichwus,
1015 4819 1061 4863 et
1091 4809 1449 4863 Priscillianus
1473 4812 1735 4882 dixerunt,
1762 4830 1889 4867 ana-

318 4887 341 4933 Ι
375 4896 484 4932 ema
504 4890 588 4933 sit.

318 4887 484 4934 thema
504 4887 588 4934 sit.

390 4952 513 5005 189.
545 4950 691 5017 Ald.,
725 4960 778 5004 ut
802 4950 980 5014 dolor;
1010 4949 1119 5015 alii,
1142 4960 1191 5004 et
1214 4949 1379 5004 dolor.

391 5020 512 5076 191.
544 5020 784 5075 Gifanius
812 5020 926 5075 1nd.
952 5020 1165 5074 Lucret.
1184 5022 1235 5074 in
1267 5021 1430 5075 verbo
1455 5020 1538 5088 fac
1564 5035 1627 5074 ex
1657 5030 1760 5075 vet.
1783 5021 1874 5077 lib.

319 5091 440 5157 legit
499 5091 828 5145 convaluisse.
870 5089 1047 5144 Nostri
1094 5104 1312 5156 omnes,
1358 5091 1703 5155 concaluisse,
1758 5108 1879 5147 cunt

320 5161 632 5215 Weitzianis
660 5171 713 5215 et
743 5158 1077 5215 Heinsianis:
1105 5160 1206 5215 nisi
1235 5161 1373 5229 quod
1405 5160 1559 5228 Prag.
1605 5162 1763 5217 habet
1791 5164 1879 5215 de-

320 5232 553 5293 caluisse,
577 5231 716 5299 quod
739 5231 949 5287 videtur
973 5230 1231 5299 placuisse
1258 5232 1516 5296 Marietto,
1541 5240 1599 5284 ut
1624 5233 1884 5286 deculcare

320 5301 460 5369 apud
486 5301 716 5355 Plinium
747 5316 843 5370 pro
888 5302 1107 5369 calcare,
1153 5302 1405 5356 decontari
1434 5300 1574 5369 apud
1603 5304 1882 5369 Apuleium

322 5386 422 5441 pro
470 5372 730 5435 cunctari,
760 5373 971 5426 delitare
1014 5386 1112 5440 pro
1140 5372 1306 5435 litare,
1338 5370 1506 5425 Aldus
1533 5379 1588 5426 et
1616 5372 1884 5425 Giselinus

324 5442 586 5513 dominum
609 5459 807 5513 quoque
828 5442 1116 5497 conditione
1136 5458 1253 5497 cum
1274 5441 1447 5513 Oxon.
1472 5460 1484 5495 :
1511 5458 1577 5497 ex
1594 5457 1699 5509 quo
1715 5444 1887 5511 suspi-

324 5521 476 5582 catur
503 5512 749 5568 Heinsius
777 5513 1040 5568 dominum
1066 5529 1261 5582 quoque
1298 5512 1584 5565 conditione
1628 5514 1881 5580 imposiza.

324 5581 450 5655 Vat.
490 5585 555 5655 Α)
582 5600 728 5652 quem
759 5600 853 5654 pro
881 5581 1093 5655 quoque.
1131 5582 1278 5647 Urb.,
1330 5584 1887 5655 dominumquecondi-

328 5652 474 5723 tioni.
519 5652 697 5721 Prag.,
758 5652 1015 5708 dominum
1071 5670 1263 5723 quoque
1310 5654 1634 5706 conditionis.
1667 5654 1880 5720 Optimi,

328 5722 588 5809 dominum
609 5740 802 5809 quoque
823 5724 1099 5809 conditioni
1140 5722 1429 5805 impositum
1448 5724 1626 5809 aquod
1656 5725 1885 5809 esplicat

328 5790 575 5852 Heinsius
613 5790 669 5852 et
694 5790 1106 5869 Chamitlardus,
1138 5790 1427 5870 impositum
1452 5794 1657 5867 fabrica:
1685 5790 1881 5857 ηίαηιιὲ.

1977 3122 2110 3176 Nam
2134 3120 2439 3176 Gennadius
2468 3121 2541 3175 ait
2587 3121 2933 3191 Prudentium
2958 3121 3239 3191 scripsisse
3261 3123 3328 3178 de
3356 3125 3551 3183 fabrica

1984 3194 2163 3244 tnundi
2207 3208 2360 3259 usque
2384 3192 2451 3244 ad
2480 3186 2820 3245 conditionem
2847 3194 2997 3259 primi
3041 3186 3279 3248 hominis.
3314 3195 3554 3254 Proiecto

1980 3263 2119 3327 apud
2153 3261 2488 3315 Ezechielem
2540 3277 2656 3329 cap.
2689 3278 2859 3316 xxvm
2892 3262 3125 3315 conditio
3155 3280 3249 3331 pro
3274 3268 3550 3323 creatione

1980 3333 2197 3401 ponitur
2226 3347 2363 3385 vers.
2397 3332 2465 3386 15
2492 3348 2505 3384 :
2541 3330 2803 3399 Perfectus
2825 3333 2878 3384 in
2910 3333 3001 3385 viis
3031 3334 3129 3385 tuis
3152 3330 3182 3385 ἐκ
3204 3336 3285 3386 die
3305 3338 3557 3392 conditio-

1982 3403 2060 3455 nis
2092 3412 2225 3467 tuw,
2271 3404 2428 3455 donec
2457 3403 2660 3455 inventa
2684 3413 2758 3457 est
2783 3403 3023 3471 iniquitas
3054 3404 3105 3456 in
3156 3416 3219 3456 te.
3247 3405 3556 3463 Gallandius

1983 3483 2164 3527 tuetur
2209 3475 2367 3526 etiam
2401 3472 2680 3526 conditioni
2726 3487 2822 3538 pro
2851 3471 3011 3526 rebus
3056 3475 3251 3527 creatis
3294 3491 3357 3529 ex
3389 3481 3556 3533 veteri

1986 3545 2278 3611 interprete
2324 3542 2383 3598 S.
2417 3543 2600 3596 lrensei
2631 3552 2683 3596 et
2710 3541 3058 3597 'l'ertulliano.
3096 3544 3365 3599 Giselinus
3406 3562 3557 3603 suam

1986 3614 2270 3669 leetionem
2299 3614 2586 3667 conditione
2612 3614 2904 3683 impositum
2935 3615 3003 3667 ita
3040 3614 3439 3682 interpretatur,
3464 3618 3559 3671 hu-

1985 3686 2184 3739 minem
2216 3684 2489 3738 dominum
2522 3683 2827 3739 conditione
2856 3683 3021 3739 fu‘sse
3048 3686 3429 3749 constitutum,
3462 3688 3560 3743 hac

1984 3756 2211 3816 scilicet,
2245 3764 2304 3809 ut
2331 3755 2521 3809 arbore
2548 3755 2786 3809 scientia:
2818 3754 2960 3818 boni,
2994 3765 3048 3809 et
3088 3756 3210 3810 mali
3238 3758 3557 3814 abstineret.

1986 3826 2115 3881 Post
2138 3826 2277 3880 hunc
2300 3839 2509 3880 versum
2542 3826 2699 3890 Man,
2732 3824 2911 3894 Prag.,
2944 3826 3088 3889 Rat.,
3117 3826 3244 3880 Urb.
3280 3838 3331 3881 et
3362 3829 3453 3882 alii
3478 3829 3562 3883 in-

1987 3906 2253 3953 terserunt
2274 3898 2450 3953 hunc:
2478 3896 2576 3963 Qui
2615 3904 2848 3949 cunctum
2881 3898 3089 3965 proprio
3116 3906 3306 3966 regeret
3329 3900 3561 3953 modera-

1986 3970 2121 4020 mine
2148 3968 2411 4028 mundum,
2455 3982 2611 4035 quem
2640 3966 2837 4021 rectius
2868 3966 3035 4021 Aldus
3065 3967 3249 4034 rejecit
3280 3978 3398 4035 post
3443 3986 3562 4024 ver-

1985 4054 2103 4092 sum
2152 4036 2358 4110 Nosset,
2407 4046 2451 4089 et
2502 4036 2721 4110 effusum
2762 4045 2964 4110 terreno
3011 4039 3248 4110 addicere
3280 4041 3421 4110 regi;
3471 4042 3560 4110 alii

1986 4121 2208 4177 prorsus
2236 4108 2506 4161 omittunt.
2534 4106 2685 4171 Quod
2708 4106 3121 4177 autemidtemon
3142 4108 3264 4160 odio
3284 4106 3560 4164 et’invidia

1988 4179 2278 4249 exarserit,
2314 4178 2538 4249 docent
2576 4178 2840 4249 lrenazus,
2887 4176 3247 4249 Lactantius,
3275 4177 3563 4249 Gregorius

1988 4247 2281 4315 Nyssenus,
2311 4247 2629 4306 Methodius.
2677 4247 2996 4317 Cyprianus,
3028 4247 3561 4316 Augustinum—Aua-

1990 4319 2186 4372 stasius
2219 4318 2445 4384 Sinaita,
2466 4316 2858 4380 Tertullianus;
2888 4316 2981 4387 sed
3011 4317 3097 4371 alii
3129 4317 3285 4373 aliter
3314 4320 3414 4373 hoc
3438 4336 3560 4387 pec-

1990 4397 2168 4442 catum
2202 4388 2411 4442 invidizn
2444 4389 2729 4457 explicant.
2757 4386 2934 4449 Aliqui
2964 4395 3246 4457 utrumque
3279 4386 3558 4458 peccatum

1990 4460 2043 4513 in
2070 4458 2314 4513 daemone
2360 4468 2678 4527 agnoscunt,
2714 4457 3019 4527 superbiam
3044 4467 3100 4513 et
3128 4457 3402 4526 invidiam,
3425 4477 3563 4530 quos

1995 4538 2149 4599 poeta
2183 4540 2361 4583 noster
2387 4530 2648 4599 sequitur.

2064 4601 2188 4655 195.
2222 4600 2649 4655 Elmenhorstius
2680 4601 2729 4653 in
2762 4600 3054 4655 Arnobium
3083 4614 3201 4668 pag.
3229 4599 3300 4654 20
3320 4601 3382 4657 ad
3410 4605 3569 4664 verba

1991 4671 2209 4725 Arnobii
2241 4680 2381 4743 utero
2413 4676 2557 4739 fusus
2604 4671 2865 4743 exemplis
2923 4671 3194 4743 Ciceronis
3218 4712 3253 4743 ,_
3274 4672 3566 4743 iuvenalis,

1993 4742 2255 4797 Lactantii
2283 4752 2335 4797 et
2362 4743 2588 4797 aliorum
2613 4741 2750 4795 hanc
2777 4740 2991 4809 phrasin
3015 4741 3356 4809 comprobat.

2064 4813 2185 4867 194.
2220 4814 2345 4866 Post
2380 4814 2520 4865 hunc
2551 4826 2779 4875 versum,
2813 4820 2867 4863 ut
2899 4810 3054 4876 paulo
3081 4820 3205 4865 ante
3229 4812 3367 4875 dixi,
3404 4816 3572 4872 Aldus

1993 4883 2393 4936 collocatalium
2417 4884 2518 4948 Qui
2543 4892 2799 4951 cunctum,
2812 4890 2915 4934 etc.
2932 4879 3143 4935 Teolius
3164 4897 3374 4951 quoque
3401 4886 3572 4941 eidem

1993 4953 2168 5007 versui
2192 4954 2333 5007 hunc
2357 4953 2528 5005 locum
2551 4950 2723 5013 dedit;
2747 4950 3086 5020 allirmatque
3101 4951 3153 5006 in
3173 4950 3419 5008 omnibus
3437 4956 3573 5012 \‘att.

1993 5036 2131 5087 esse,
2166 5022 2267 5076 hoc
2296 5021 2602 5075 discrimine
2622 5061 2637 5086 ,
2669 5022 2810 5090 quod
2835 5021 2923 5075 alii
2955 5031 3071 5092 post
3101 5036 3237 5075 vers.
3277 5022 3369 5077 19l
3404 5027 3571 5080 collo-

1995 5103 2148 5155 cant,
2180 5094 2268 5146 alii
2302 5092 2387 5145 hic
2415 5100 2699 5160 reponunt.

2072 5164 2192 5219 195.
2227 5163 2406 5231 Prag.,
2438 5163 2726 5228 mendose,
2760 5172 2970 5217 tumore.
3007 5161 3347 5216 Formentutn
3381 5163 3575 5220 dicitur

1996 5248 2028 5304 a
2054 5237 2237 5304 ferveo.
2269 5233 2400 5287 Hinc
2426 5244 2586 5304 recte,
2615 5243 2779 5287 tumor
2803 5234 3009 5304 inflatus
3034 5232 3296 5300 fermento.
3328 5234 3575 5291 Horatius

1996 5301 2093 5358 lih.
2122 5321 2171 5371 ι,
2204 5305 2305 5356 orla
2337 5304 2402 5357 15
2429 5320 2440 5355 :
2476 5302 2697 5357 Ferreus
2721 5301 2910 5371 difﬁcili
2936 5303 3034 5373 bile
3056 5311 3209 5355 tumet
3228 5306 3398 5373 jecur.
3441 5307 3570 5360 Cum

1998 5384 2174 5429 autem
2204 5375 2335 5429 mira
2362 5375 2431 5428 sit
2458 5374 2715 5428 stomachi
2736 5387 2855 5427 cum
2880 5372 3041 5427 corde
3068 5372 3370 5440 consensio,
3397 5376 3573 5430 Latini

1994 5447 2306 5497 stomachum
2336 5454 2389 5499 et
2415 5445 2723 5499 stomachari
2751 5443 3019 5512 accipiunt
3048 5457 3144 5509 pro
3172 5443 3249 5498 ira
3293 5456 3350 5500 et
3389 5445 3567 5500 irasci.

1993 5513 2137 5634 Sicite
2184 5517 2341 5585 igitur
2383 5514 2697 5569 Prudentius
2738 5513 2872 5567 dixit
2910 5518 3152 5583 fermento
3182 5517 3340 5569 animi
3377 5527 3570 5571 stoma-

1994 5595 2191 5634 “ante.

1994 5595 2191 5639 cItante.

2067 5657 2187 5709 197.
2222 5657 2434 5719 \Vcitz.,
2452 5657 2561 5711 Gis.
2586 5657 2621 5708 ‘2
2639 5654 2789 5721 edit.,
2821 5655 2974 5718 Man,
2996 5654 3173 5725 Prag..
3199 5659 3349 5710 corde
3369 5672 3568 5724 carens,

1993 5727 2196 5780 sciltcct
2226 5730 2334 5795 ipsa
2365 5728 2550 5779 bestia.
2591 5726 2856 5779 llcinsiani
2883 5728 3087 5795 scripti,
3122 5729 3262 5795 Ald.,
3298 5728 3412 5781 Vat.
3444 5727 3488 5781 Α
3514 5736 3571 5788 et

1938 5838 1945 5845 ο
1993 5795 2102 5864 alti,
2130 5801 2278 5853 sorde
2308 5813 2509 5863 carens,
2539 5813 2727 5868 nempe
2756 5799 3035 5869 sapientia.
