4092 6344
522 304 654 363 1027

694 418 988 491 Complicat
1012 431 1133 473 esse
1161 429 1328 472 novos
1358 415 1575 469 sinuoso
1602 421 1816 481 pectore
1842 422 2032 473 nexus,

520 514 624 568 200
699 512 979 567 Involvens
1010 508 1231 564 nitidam
1258 508 1414 577 spiris
1441 503 1811 575 torquentibus
1840 502 2033 556 alvum.

701 604 933 673 Simplex
960 604 1135 672 lingua
1161 602 1325 671 prius,
1352 600 1493 654 varia
1519 598 1677 652 micat
1698 606 1813 650 arte
1834 592 2103 663 loquendi,

701 698 768 751 Et
794 696 1013 751 discissa
1044 696 1181 749 dolis
1204 702 1421 748 resonat
1450 706 1697 746 sermone
1726 688 1963 743 trisulco.

700 789 834 842 llinc
864 786 1039 841 natale
1067 794 1227 855 caput
1259 784 1504 840 vitiorum
1540 800 1552 835 :
1590 781 1825 851 principe
1854 779 1919 832 ab
1949 777 2039 831 illo

696 880 858 951 516
906 878 1081 933 Fluxit
1124 877 1273 947 origo
1322 875 1482 940 mali;
1541 876 1627 944 qui
1670 889 1728 927 se
1770 883 2111 939 corrumpere

1748 967 1766 1037 [
1791 966 2039 1034 primum,

698 1064 816 1120 Mox
864 1064 1135 1118 hominem
1177 1062 1397 1127 didicit,
1443 1060 1589 1115 nullo
1635 1058 1957 1113 informante
1994 1070 2108 1111 ma-

1812 1149 1830 1220 [
1852 1148 2037 1219 gistro.

702 1246 930 1302 Ultimus
956 1245 1177 1301 exitium
1201 1244 1459 1299 subverso
1486 1242 1711 1313 prwside
1742 1242 1972 1296 mundus
2100 1224 2105 1239 ’

699 1338 966 1405 Sortitur,
1014 1336 1303 1405 mundique
1347 1335 1522 1390 omnis
1562 1334 1817 1389 labefacta
1848 1334 2109 1403 supellex.

700 1429 813 1483 Non
834 1429 1011 1494 aliter,
1028 1444 1185 1498 quam
1207 1444 1327 1482 cum
1347 1428 1615 1482 incautum
1634 1427 1865 1496 spoliare
1879 1427 2112 1481 viantem

701 1524 862 1578 Forte
892 1523 1027 1577 latro
1059 1536 1341 1593 aggressus
1362 1561 1379 1586 ,
1408 1522 1605 1591 praedae
1636 1521 1784 1590 prius
1812 1521 2111 1589 immemor,

1850 1614 2043 1686 [ipsum

701 1710 842 1766 Ense
878 1708 1002 1765 ferit
1039 1708 1315 1763 dominum
1342 1748 1357 1774 ,
1391 1722 1581 1777 pugnae
1619 1706 1925 1775 nodumque
1950 1748 1964 1772 ,
1997 1719 2112 1760 mo-

1776 1798 2040 1868 [ramque,

700 1899 815 1966 Quo
848 1906 1101 1967 pereunte
1133 1894 1305 1949 trahat
1331 1894 1570 1963 captivos
1594 1878 1769 1947 Ivictor
1793 1892 2039 1961 amictus,

698 1991 814 2046 Jam
846 2007 954 2045 non
992 1992 1224 2044 obstanti
1277 1990 1518 2058 locuples
1548 1989 1615 2043 de
1653 2002 1879 2057 corpore
1910 1986 2113 2056 praedo.

702 2083 791 2139 Sic
823 2085 1025 2139 homini
1054 2085 1295 2153 subjecta
1324 2084 1518 2138 domus
1538 2124 1553 2150 ,
1586 2083 1879 2138 ditissimus
1900 2083 2049 2138 orbis

705 2176 923 2234 Scilicet
945 2179 998 2231 in
1021 2178 1253 2243 facilem,
1282 2176 1503 2231 domino
1534 2185 1808 2245 peccante,
1842 2177 2048 2230 ruinam

532 2266 636 2323 215
711 2269 935 2339 Lapsus,
964 2270 1131 2323 herile
1153 2268 1349 2322 malum
1372 2268 1479 2336 jam
1507 2276 1630 2322 tunc
1651 2266 1899 2321 vitiabilis
1922 2267 2118 2322 hausit.

523 1066 628 1123 205

525 1708 629 1763 210

710 2362 858 2417 Tune
883 2362 1089 2429 lolium,
1122 2361 1411 2431 lappasque
1440 2360 1584 2415 leves
1607 2374 1700 2429 per
1721 2360 1958 2415 adultera
1981 2360 2124 2415 culta

1616 291 1903 351 AURl‘ILlI’
1933 289 2297 346 PBUDENTII
2336 288 2418 344 CA
2431 287 2662 344 RMINA.

2134 424 2185 483 Λ

2214 1246 2323 1304 225

2144 1810 2194 1870 B

3666 278 3801 335 1028

2392 402 2555 458 Ferre
2616 398 2880 469 malignus
2936 410 3061 467 ager
3108 392 3277 467 glebis
3328 390 3469 450 male
3522 392 3803 463 pinguibus

3498 487 3519 561 [
3536 501 3697 542 ausus
3720 503 3735 541 :

2392 592 2678 646 Triticeam
2709 586 2891 643 vacuis
2921 591 3159 655 segetem
3195 580 3414 637 violavit
3459 580 3665 636 avenis.

2390 686 2541 741 Tunc
2569 686 2731 740 etiam
2760 684 2991 737 innocuo
3020 678 3313 734 vitulorum
3347 677 3611 746 sanguine
3643 691 3806 745 pascu,

2393 784 2616 852 Jamque
2642 782 2770 851 jugo
2809 778 3077 836 edomitos
3119 777 3257 831 rictu
3295 774 3503 831 laniare
3526 774 3807 843 juvencos,

2393 878 2584 932 Occiso
2617 883 2862 944 pastore,
2909 881 3085 926 truces
3114 867 3353 925 didicere
3385 866 3591 921 leones.

2395 970 2553 1042 517
2580 968 2796 1025 Necnon
2827 975 2879 1021 et
2907 962 3144 1035 querulis
3171 959 3436 1016 balatibus
3465 957 3705 1013 irritatus

2394 1062 2587 1117 Plenas
2619 1070 2777 1115 nocte
2809 1058 2966 1127 lupus
2998 1054 3201 1111 studuit
3233 1065 3580 1121 perrumpere
3608 1050 3808 1105 caulas.

2393 1156 2565 1210 Omne
2595 1152 2796 1209 animal
2826 1150 2927 1205 diri
2958 1147 3163 1204 callens
3203 1146 3421 1202 solertia
3450 1142 3578 1198 lurti

2398 1246 2622 1311 Imbuit,
2655 1243 2709 1300 et
2739 1252 2910 1299 tortos
2939 1240 3081 1296 acuit
3110 1238 3314 1293 fallacia
3345 1249 3556 1292 sensus.

2399 1339 2651 1406 Quamvis
2689 1337 2953 1392 maceries
2998 1334 3254 1388 ﬂorentes
3293 1330 3495 1386 ambiat
3536 1328 3739 1391 hortos,

2400 1432 2625 1501 Sepibus
2659 1442 2712 1485 et
2742 1428 2926 1484 densis
2958 1427 3224 1481 vallentur
3255 1426 3389 1476 vitea
3425 1408 3570 1485 rura,

2394 1531 2499 1583 Ant
2521 1526 2798 1596 p0pulator
2824 1520 3280 1591 edetgemmantia
3301 1516 3537 1587 germina
3558 1513 3810 1579 bruchus,

2355 1628 2359 1632 ’
2407 1626 2511 1676 Aut
2541 1621 2726 1675 avibus
2758 1619 3025 1687 discerpta
3064 1615 3193 1671 feris
3222 1611 3552 1668 lacerabitur
3575 1625 3700 1664 uva.

2402 1714 2537 1781 Quid
2565 1714 2750 1781 loquar
2772 1711 3057 1765 herbarum
3085 1708 3265 1772 libras,
3290 1704 3592 1759 medicante
3614 1716 3811 1758 veneno

2400 1808 2640 1871 Tinetas,
2669 1802 2903 1859 lethiferi
2939 1800 3136 1854 fudisse
3166 1796 3397 1867 pericula
3426 1794 3608 1849 succi?

2402 1900 2603 1955 Noxius
2635 1898 2687 1952 in
2718 1894 2917 1950 teneris
2954 1908 3115 1962 sapor
3142 1898 3333 1945 aastuat
3359 1902 3485 1943 ecce
3514 1886 3743 1950 frutetis,

2403 1994 2534 2047 Cum
2568 1989 2711 2060 prius
2739 1988 2996 2043 innocuas
3021 1983 3202 2039 tulerit
3230 1989 3418 2035 natura
3448 1979 3672 2044 cicutas,

2402 2084 2664 2140 Roscidus
2721 2090 2774 2136 et
2831 2078 3057 2133 viridem
3120 2075 3209 2146 qui
3268 2073 3428 2128 vestit
3474 2071 3577 2126 llos
3621 2069 3814 2125 rhodo-

3474 2161 3748 2233 [daphnen

2411 2268 2611 2324 Pabula
2638 2263 2853 2321 lascivis
2890 2260 3101 2317 dederit
3128 2260 3335 2314 sincera
3365 2254 3606 2324 capellis.

2413 2360 2531 2429 Ipsa
2557 2372 2771 2429 quoque
2800 2354 3105 2426 oppositum
3136 2351 3412 2406 destructo
3444 2347 3648 2403 findere
3674 2354 3817 2402 certa

2214 783 2319 841 220

2222 1717 2329 1771 250

2229 2270 2335 2327 255

1854 2533 2141 2591 διοδδιε
2181 2535 2519 2594 νπΤΕΒεδ.

602 2672 725 2727 200.
756 2671 949 2740 Spiris,
980 2670 1339 2735 solutionibus,
1370 2670 1412 2724 l.

605 2744 727 2797 202.
761 2742 1022 2807 Trisulco,
1056 2742 1215 2806 vario,
1247 2741 1458 2811 triplici,
1495 2742 1533 2795 Ι.

604 2814 868 2894 2Qt._Qui
910 2828 968 2868 se
996 2826 1340 2881 corrumpere
1364 2854 1377 2876 ,
1410 2814 1617 2882 quando
1656 2816 1710 2867 in
1748 2816 2033 2885 superbiam
2072 2832 2125 2869 se

537 2886 714 2947 ererit,
740 2885 777 2937 Ι.

606 2955 732 3009 205.
765 2954 1111 3015 lnl‘ormanle,
1144 2955 1371 3016 docente,
1405 2954 1443 3005 l.

604 3026 729 3079 206,
764 3025 1014 3089 Eritium,
1030 3034 1258 3076 mortem.
1275 3024 1613 3095 ——Praaside,
1629 3025 1853 3090 homine,
1876 3025 2058 3087 Adam,
2080 3024 2119 3077 l.

607 3096 734 3149 207.
768 3095 1021 3159 Sortitur,
1050 3095 1265 3162 adeptus
1292 3103 1393 3157 est,
1442 3098 1780 3165 consequitur.
1814 3126 1883 3135 ——
1928 3095 2123 3161 Supel-

536 3166 650 3230 lex,
683 3169 847 3289 omnisl
880 3165 1160 3220 substantia
1184 3204 1199 3228 ,
1234 3176 1467 3233 pereunte
1494 3168 1724 3236 principe
1744 3206 1758 3231 ,
1790 3167 1844 3220 in
1873 3167 2125 3221 deteriora

537 3254 677 3289 versa
706 3244 798 3289 est.
858 3278 869 3289 .

537 3244 943 3389 vcissisi‘iiiiue
964 3304 1183 3373 malum,
1208 3318 1477 3377 peccatum
1497 3308 1642 3363 Adae.
1664 3340 1735 3349 —
1758 3308 1966 3378 Hausit,
1988 3326 2127 3365 sum-

537 3381 731 3503 ρδέἲᾶ
762 3448 1041 3512 Adultera,
1076 3448 1271 3513 vitiata,
1303 3450 1343 3504 ι.

606 3522 731 3575 218.
763 3519 982 3587 Avenis,
1016 3519 1171 3585 loliis,
1206 3520 1245 3573 Ι.

609 3591 733 3644 221.
766 3592 986 3655 Truces,
1022 3592 1231 3659 feroces.
1262 3620 1331 3630 —
1362 3591 1589 3656 Lcones,
1630 3592 1907 3659 dtemones,
1940 3593 1980 3647 l.

608 3661 743 3736 222.
766 3662 1013 3729 Querulis
1036 3704 1049 3728 ,
1083 3662 1513 3719 lamentabilibus.
1547 3693 1616 3704 —
1645 3662 1917 3730 lrritatus,
1946 3680 2128 3736 provo-

539 3742 701 3795 catus,
733 3734 769 3786 Ι.

564 3856 567 3859 .
606 3802 732 3859 225.
763 3804 955 3859 Caulas
1012 3803 1160 3871 ovile,
1195 3804 1235 3857 Ι.

2154 3490 2202 3555 C

2296 2672 2424 2729 224.
2458 2674 2701 2739 Callens,
2735 2682 2953 2739 versuta,
2989 2674 3185 2742 vigens.
3212 2700 3282 2711 —
3314 2672 3564 2738 Solertia,
3601 2672 3813 2726 diaboli.

2228 2776 2297 2788 —
2326 2747 2501 2813 Furti,
2528 2746 2867 2808 adversitatis,
2900 2754 2952 2797 ut
2984 2744 3242 2796 contraria
3262 2745 3434 2814 fuisset
3457 2743 3676 2806 homini,
3710 2742 3746 2796 1.

2298 2817 2425 2871 225.
2454 2817 2664 2881 imbuit,
2695 2816 2953 2880 instruxit,
2977 2813 3201 2879 violavit,
3231 2813 3474 2883 implevit.
3504 2844 3574 2853 -—
3603 2814 3814 2882 Tortos,

2266 2905 2410 2942 raros
2426 2928 2441 2951 ,
2474 2888 2515 2941 Ι.
2733 2917 2738 2921 ε

2230 2908 2441 3013 Ρηέἕὸ.’
2460 2908 2647 3013 li‘ibras
2672 3000 2685 3022 ,
2731 2958 2953 3010 radices.
2996 2987 3065 2996 —
3095 2955 3391 3011 Mcdicantc
3411 2998 3425 3020 ,
3456 2956 3684 3009 medicor
3724 2966 3818 3011 τῶν

2232 3034 2400 3104 μέσων
2446 3040 2551 3092 est,
2586 3030 2703 3097 quia
2748 3030 2998 3104 dicimus,
3038 3028 3283 3104 medicari
3321 3029 3575 3104 sagittas,
3607 3029 3819 3104 quando

2232 3098 2552 3162 toxicantur,‘
2586 3109 2635 3153 et
2661 3115 2776 3153 cum
2805 3099 3028 3166 aliquem
3065 3100 3128 3171 ab
3164 3098 3457 3166 inﬁrmitate
3486 3100 3731 3171 erigimus
3754 3099 3819 3153 ad

2230 3175 2518 3235 sanitatem,
2552 3171 2793 3224 medicari
2821 3171 3056 3234 dicimus,
3088 3170 3130 3225 Ι.

2301 3246 2424 3298 251.
2458 3242 2693 3309 Tinctus,
2725 3241 3027 3306 maculatas,
3062 3241 3099 3293 l.

2299 3315 2423 3368 252.
2457 3313 2707 3376 Frutelis,
2740 3312 2922 3364 vilibus
2946 3311 3199 3381 virgultis,
3230 3312 3264 3364 Ι.

2299 3387 2427 3440 255.
2461 3385 2645 3447 Prius,
2682 3384 2937 3449 primitus,
2973 3381 3013 3437 I.

2300 3456 2426 3510 254.
2458 3452 2893 3520 l‘thododaphnen
2912 3493 2927 3517 ,
2955 3453 3108 3507 herba
3137 3455 3552 3520 venenosissima,
3588 3453 3726 3521 foliis
3746 3455 3813 3507 si-

2232 3527 2370 3581 milis
2411 3528 2559 3579 lauro
2588 3540 2744 3578 :nam
2776 3540 2989 3578 DAPHle
3018 3523 3194 3579 Grcece
3226 3524 3403 3578 laurus
3428 3525 3649 3586 dicitur;
3682 3526 3815 3578 arri-

2234 3600 2459 3658 laurum,
2491 3613 2645 3667 genus
2674 3596 2861 3663 herbas,
2896 3596 2949 3647 id
2972 3605 3044 3667 est
3075 3596 3376 3659 arcilauros,
3407 3596 3462 3648 id
3488 3608 3557 3649 est
3584 3595 3724 3667 {aliis
3743 3596 3814 3649 si-

2233 3670 2367 3723 milis
2390 3664 2565 3729 lauro;
2596 3684 2716 3719 nam
2740 3667 2955 3736 daphnis
2979 3665 3151 3738 Grates
3181 3668 3356 3722 laurus
3382 3667 3587 3732 dicitur,
3625 3666 3641 3719 l
3665 3664 3809 3738 (sic).

2302 3740 2425 3796 255.
2452 3741 2688 3803 Sincera,
2718 3738 2965 3801 salubria,
2998 3737 3035 3791 1.

1925 3918 2480 3975 COMMENTARIUS.
2510 3918 2515 3923 ”

612 4098 733 4153 199.
772 4096 1041 4165 Expositio
1088 4109 1229 4151 vers.
1278 4097 1346 4151 M
1391 4111 1509 4165 cap.
1557 4113 1632 4152 Ill.
1690 4096 1887 4153 Genes.
1918 4138 1932 4162 ,
1980 4115 2131 4168 super

542 4180 710 4241 pectus
737 4180 879 4222 tuum
908 4168 1179 4241 gradieris,
1208 4170 1338 4221 satis
1370 4168 1683 4241 probabilis.
1711 4169 1813 4223 Alii
1844 4166 2010 4234 aiunt,
2038 4166 2130 4223 na-

544 4239 715 4295 turale
749 4241 910 4295 fuisse
941 4239 1177 4306 serpenti
1218 4254 1462 4308 serpere,
1493 4240 1633 4309 quod
1662 4255 1803 4293 nunc
1834 4241 1884 4295 in
1918 4255 2129 4309 poenam

544 4313 701 4366 etiam
735 4312 935 4380 peceati
970 4311 1149 4364 habet.

610 4382 735 4436 200.
766 4382 910 4449 Ald.,
940 4382 1149 4434 invaluit
1179 4381 1414 4435 nitidam.

610 4454 733 4507 201.
763 4452 906 4507 Wid.
936 4468 1117 4520 supra,
1150 4452 1375 4522 loquenti
1397 4494 1410 4516 ,
1442 4453 1616 4509 minus
1643 4454 1798 4510 bene.

611 4524 735 4575 202.
766 4524 999 4585 Teolius,
1032 4524 1307 4589 mendose,
1338 4534 1596 4577 resonant.

611 4594 736 4647 205.
771 4596 909 4646 Ante
936 4594 1068 4645 dixit
1095 4594 1260 4646 Deum
1281 4604 1434 4662 caput
1457 4598 1701 4649 virtutum
1726 4612 1743 4650 :
1767 4610 1907 4651 nunc
1933 4595 2132 4651 daemo-

545 4678 665 4719 nem
696 4672 844 4732 caput
877 4662 1131 4715 vitiorum.

616 4734 741 4788 205.
771 4732 891 4787 Vat.
924 4732 969 4786 A
999 4750 1025 4785 a
1060 4734 1229 4803 prima
1262 4749 1441 4801 manu,
1479 4737 1760 4789 hominum.

611 4806 740 4859 2ft).
778 4803 892 4856 Vat.
928 4809 988 4867 Α,
1016 4804 1193 4876 Prag.,
1223 4805 1434 4871 donum,
1466 4821 1766 4876 perperam,
1798 4823 1895 4875 pro
1917 4810 2127 4863 nodum.

546 4877 731 4931 Nodus
779 4890 876 4943 pro
911 4875 1143 4943 qualibet
1173 4892 1319 4929 mora
1351 4919 1363 4939 ,
1399 4887 1451 4932 et
1481 4875 1863 4947 impedimento
1896 4882 2125 4944 punitur.

546 4948 733 5003 Florus
757 4946 849 5001 lib.
878 4960 925 5018 tv
948 4948 1232 4999 Antonium
1258 4958 1412 5003 vocat
1437 4951 1665 5018 publiccc
1688 4952 1990 5005 securitatis
2016 4967 2135 5007 sco-

2242 4098 2465 4154 tribulos
2498 4098 2633 4151 ferre
2656 4139 2668 4163 ,
2700 4098 2789 4167 qui
2821 4098 3054 4166 alioquin
3101 4112 3205 4151 non
3238 4096 3308 4149 ita
3353 4096 3663 4167 frequentes
3689 4098 3821 4156 fuis-

2238 4180 2377 4231 sent,
2411 4170 2503 4223 sed
2535 4169 2728 4223 alicubi
2763 4178 2935 4221 tamen
2972 4169 3333 4232 provenirent.

2307 4240 2431 4293 220.
2470 4240 2644 4308 Prag,
2680 4240 2839 4304 male,
2867 4240 2983 4310 jugi
3015 4255 3110 4306 pro
3133 4242 3283 4309 jugo.

2305 4312 2429 4365 221.
2464 4310 2647 4363 Glossa
2678 4311 2844 4363 lsonis
2875 4323 2978 4362 non
3013 4310 3206 4376 placet.

2305 4383 2429 4436 226.
2465 4381 2592 4434 Mar.
2624 4382 2807 4435 scribit
2832 4380 3130 4434 macheries.
3179 4381 3434 4436 Usitatius
3473 4390 3558 4437 est
3586 4384 3823 4448 maceria,

2235 4463 2289 4509 et
2316 4467 2500 4507 versus
2532 4451 2671 4521 stylo
2697 4451 3054 4506 Prudentiano
3086 4467 3237 4515 teque
3266 4453 3549 4508 constabat
3576 4456 3823 4523 producta

2239 4526 2422 4580 ultima
2454 4523 2524 4577 ob
2554 4523 2683 4576 duas
2722 4531 3077 4576 consonantes
3116 4522 3364 4577 dictionis
3411 4522 3691 4594 sequentis
3729 4543 3741 4578 :
3774 4533 3825 4581 et

2240 4596 2467 4651 fortasse
2500 4596 2565 4646 ita
2599 4595 2876 4663 scripserit
2917 4594 3257 4647 Prudentius.
3300 4595 3501 4649 Pariter
3526 4598 3746 4651 avaritia
3775 4598 3825 4651 in

2240 4668 2475 4721 avarities
2510 4666 2749 4719 nonnulli
2782 4673 3055 4718 mutarunt
3080 4666 3131 4717 in
3166 4665 3607 4735 Psychomachia.

2309 4736 2434 4791 227.
2466 4736 2644 4805 Prag.,
2679 4738 2823 4790 vinea
2847 4751 3007 4799 rura;
3045 4750 3148 4789 non
3172 4736 3364 4805 placet.

2309 4808 2433 4864 228.
2483 4808 2635 4875 Ald.,
2688 4818 2872 4863 contra
2924 4818 3149 4860 metrum
3180 4847 3194 4872 ,
3246 4817 3336 4860 aut
3379 4808 3627 4877 populata
3668 4809 3826 4863 rodet.

2239 4879 2408 4939 S7ch.,
2440 4891 2527 4931 aut
2558 4881 2828 4947 populator
2855 4879 2995 4941 edit;
3035 4877 3212 4931 caeteri
3257 4881 3401 4941 edet,
3432 4878 3575 4948 quod
3602 4880 3829 4933 cohaeret

2241 4965 2360 5005 cum
2396 4950 2719 5003 lacerabitur.
2750 4948 2995 5003 Bruchus
3022 4948 3240 5003 locustm
3271 4963 3438 5018 genus
3467 4964 3589 5004 esse
3616 4950 3825 5004 dicitur.

544 5020 724 5090 pulum
755 5061 769 5085 ,
818 5017 1009 5090 nodum
1038 5025 1093 5090 et
1136 5033 1350 5090 moram.
1413 4995 1541 5075 Vride
1588 5035 1706 5089 quae
1752 5023 2133 5077 animadvertit
2159 4995 2213 5056 D
2240 5021 2476 5075 Alcimus
2504 5022 2689 5074 Avitus
2713 5020 2805 5073 lib.
2838 5035 2867 5071 v
2898 5038 2919 5090 :7
2940 5018 3118 5087 Surgit
3145 4995 3439 5090 consiimere
3459 5021 3682 5089 fructum
3705 5019 3827 5073 Bru-

541 5087 831 5146 Sahnasius
859 5088 995 5142 Plin.
1036 5087 1270 5142 Exercit.
1298 5098 1429 5143 tom.
1473 5092 1550 5155 ll,
1584 5087 1699 5160 pag.
1738 5091 1904 5159 1089,
1936 5093 1997 5147 de
2033 5094 2133 5147 Ve-

542 5164 676 5211 neris
709 5161 866 5211 nodo.

542 5178 888 5304 "egigioAai’di
911 5247 1062 5304 error
1083 5240 1167 5286 est
1186 5231 1413 5304 subiecta
1435 5248 1529 5300 pro
1549 5236 1794 5304 subjecta.
1819 5234 1961 5290 Idem
1986 5235 2103 5289 Ald.
2118 5276 2130 5300 ,

547 5304 762 5389 \IVeitz?
786 5302 946 5389 βῆς..
980 5302 1097 5389 Vnat.
1127 5302 1359 5389 A,'hlar.
1380 5312 1446 5385 Oet
1473 5304 1583 5367 alii,
1615 5302 1855 5388 hominis,
1888 5307 2025 5389 quod
2054 5308 2133 5361 vi-

544 5375 889 5427 denirtuisse
918 5376 970 5445 in
1006 5374 1122 5426 Rat.
1145 5390 1159 5439 ;
1186 5374 1462 5445 iHeinsius
1506 5390 1626 5428 cum
1658 5377 1767 5430 suis
1814 5374 2127 5445 potioribus,

544 5444 931 5525 lionnni,quod
958 5453 1140 5499 tenent
1181 5444 1336 5514 Prag.
1373 5457 1427 5503 et
1466 5445 1593 5513 alii,
1639 5447 1913 5517 magisque
1951 5448 2131 5504 sensui

575 5533 607 5568 ο
686 5524 811 5567 ruit.

543 5533 570 5570 ρ
769 5586 1090 5660 DocentSS.
1118 5588 1323 5654 Patres,
1345 5598 1539 5644 terram
1568 5600 1683 5660 post
1703 5589 1829 5643 Adii!
1859 5601 2131 5659 peccatum

545 5657 882 5711 maledictum
916 5658 1113 5726 fuisse,
1154 5667 1210 5711 ut
1238 5662 1419 5727 spinas
1450 5673 1500 5715 et
1535 5657 1759 5716 tribulos
1804 5657 1998 5726 ferret,
2032 5662 2134 5716 nisi

547 5728 785 5796 diligenti
816 5743 940 5781 cura
986 5730 1336 5784 excoleretur.
1386 5733 1632 5787 Nonnulli
1682 5734 2001 5799 interpretes
2042 5750 2136 5801 pu-

550 5806 696 5865 tant,
726 5808 922 5854 terram
964 5814 1107 5855 nunc
1133 5802 1320 5870 majori
1358 5805 1509 5873 c0pia
1538 5816 1587 5859 et
1628 5805 1868 5873 pluribus
1912 5804 1962 5858 in
2008 5804 2137 5859 locis
2179 5823 2189 5833 -

2241 5093 2363 5145 chus
2386 5134 2399 5155 ,
2434 5101 2477 5145 et
2509 5106 2718 5145 excusso
2750 5089 3012 5159 conﬁdens
3042 5104 3189 5143 crure
3220 5089 3433 5145 locusta.

2310 5164 2437 5218 251.
2472 5161 2591 5215 Vat.
2625 5166 2662 5215 Α
2690 5203 2702 5227 ,
2746 5161 2922 5214 minus
2965 5159 3133 5226 bene,
3170 5161 3274 5229 fuci
3304 5177 3403 5230 pro
3442 5163 3597 5215 succi.
3651 5161 3825 5230 Prag.,

2243 5235 2453 5287 monstri
2484 5247 2579 5299 pro
2603 5234 2760 5286 succi.

2313 5305 2436 5359 252.
2474 5303 2590 5356 Vat.
2637 5304 2679 5356 A
2710 5313 2765 5359 et
2802 5303 2935 5358 Mar.
2983 5318 3011 5356 a
3050 5302 3218 5371 prima
3260 5316 3418 5357 manu
3444 5343 3459 5367 ,
3508 5304 3563 5356 in
3594 5302 3825 5357 tenebris.

2244 5374 2399 5445 Prag.
2432 5391 2460 5429 a
2492 5375 2660 5439 prima
2691 5388 2848 5427 manu
2870 5414 2884 5439 ,
2912 5374 3143 5428 interius.
3177 5373 3317 5443 Lege
3348 5375 3398 5425 in
3432 5375 3633 5445 teneris.

2314 5444 2440 5501 234.
2473 5446 2627 5513 Prag.
2650 5486 2664 5510 ,
2690 5460 2795 5499 non
2829 5445 2995 5511 bene,
3028 5445 3179 5498 nescit
3210 5458 3308 5514 pro
3334 5444 3499 5499 vestit.
3533 5444 3610 5500 De
3640 5444 3831 5501 rhodo-

2245 5516 2457 5571 danlme
2488 5517 2608 5571 vide
2639 5516 2862 5570 Plinium
2896 5523 2949 5571 et
2978 5514 3365 5570 Dioscoridem.

2356 5534 2457 5570 nne
2488 5534 2608 5571 vrae
2639 5534 2862 5570 ennium
2896 5534 2949 5571 et
2980 5534 3365 5570 moscortuem.

2313 5534 2437 5642 256.
2483 5585 2595 5641 Gis.
2650 5598 2701 5642 et
2748 5586 2886 5656 apud
2928 5586 3210 5642 Weitzium
3264 5586 3468 5652 Aldus,
3519 5586 3829 5657 impositum.

2247 5660 2414 5714 Aldus
2459 5658 2629 5723 mihi,
2669 5660 2977 5729 oppositum.
3020 5657 3309 5729 Sichardus
3337 5703 3363 5729 ,ί
3392 5657 3550 5712 Fabr.
3582 5700 3596 5725 ,
3641 5660 3829 5724 Bong.,

2245 5730 2554 5800 appositum.
2620 5730 2774 5798 Prag.
2835 5744 2930 5796 pro
2985 5730 3235 5783 destructo
3282 5728 3441 5784 habet
3494 5728 3831 5793 destructum,

2247 5802 2406 5857 male.
2435 5800 2611 5869 Aliqui
2638 5800 2878 5856 scribunt
2905 5801 3173 5863 distructo.
