4092 6344
157 435 163 448 ·
245 411 377 468 1029

1315 609 1466 683 [que,
1497 619 1762 680 ruuntque

421 708 640 774 Omnia,
687 705 940 777 legirupis
970 706 1276 776 quassantia
1323 704 1523 759 viribus
1554 705 1758 760 orbem.

419 801 694 871 Frangunt
738 798 1066 854 umbriferos
1094 797 1401 868 aquilonum
1446 796 1629 867 praelia
1659 796 1829 862 lucos,

249 889 340 966 ιιι)
418 892 484 947 Et
512 892 654 948 cadit
683 891 985 947 immodicis
1014 891 1143 946 silva
1171 889 1459 958 exstirpata
1493 889 1761 959 procellis.

413 985 576 1040 Parte
605 983 707 1039 alia
736 985 1004 1038 violentus
1039 981 1190 1052 aquis
1224 982 1552 1036 torrentibus
1590 983 1762 1036 amnis

413 1075 666 1132 Transilit
694 1075 962 1145 objectas,
995 1076 1305 1147 praescripta
1334 1075 1580 1145 repagula
1600 1115 1616 1141 ,
1666 1075 1830 1146 ripas,

429 1169 494 1221 Et
524 1184 688 1238 vagus
724 1169 925 1224 eversis
967 1169 1071 1224 late
1103 1169 1408 1224 dominatur
1439 1169 1492 1223 in
1523 1169 1689 1240 agris.

419 1259 523 1313 Nec
553 1270 731 1316 tamen
763 1262 844 1316 his
875 1269 1075 1316 tantam
1105 1263 1309 1344 rabiem
1343 1261 1686 1318 nascentibus
1716 1262 1832 1332 ipse

244 1353 347 1411 245
420 1353 676 1410 Conditor
707 1355 934 1411 instituit
968 1374 978 1408 :
1013 1357 1104 1412 sed
1142 1357 1259 1411 laxa
1291 1358 1503 1413 licentia
1531 1373 1709 1413 rerum

416 1446 677 1500 anbavit
708 1447 942 1518 placidas
973 1458 1130 1518 rupto
1160 1448 1526 1504 moderamine
1553 1449 1722 1519 leges,

421 1539 530 1593 Nec
551 1540 764 1607 mirum,
790 1540 834 1594 si
859 1541 1096 1595 membra
1119 1541 1263 1594 orbis
1285 1555 1542 1595 concussa
1563 1548 1829 1607 rotantur,

417 1630 472 1686 Si
500 1631 642 1685 vitiis
673 1634 868 1701 agitata
898 1632 1011 1687 suis
1037 1633 1300 1687 mundana
1333 1634 1542 1688 laborat

418 1722 694 1788 Machina,
727 1724 771 1777 si
806 1735 974 1778 terras
1005 1726 1118 1778 lues
1150 1725 1412 1780 incentiva
1444 1724 1646 1795 fatigat.

243 1812 347 1868 250
427 1813 747 1882 Exemplum
772 1814 862 1868 dat
886 1815 992 1869 vita
1023 1815 1318 1885 hominum,
1348 1830 1453 1886 quo
1483 1823 1675 1871 cretera
1708 1830 1832 1883 pec-

1375 1979 1378 1982 .
1556 1905 1575 1979 [
1599 1913 1756 1962 cent:

423 2001 539 2056 Vita
571 2001 878 2070 hominum,
906 2002 1024 2069 cui,
1051 2001 1306 2074 quidquid
1331 2002 1472 2074 agit,
1501 2003 1748 2069 vesania,
1777 2009 1832 2058 et

1575 2094 1594 2166 [
1607 2109 1759 2149 error

415 2184 785 2258 Suppeditant,
830 2195 888 2243 ut
941 2185 1081 2242 bella
1105 2186 1352 2251 fremant,
1377 2191 1438 2240 ut
1487 2185 1629 2240 ﬂuxa
1680 2184 1832 2240 volu-

1586 2277 1726 2350 [ptas

1595 399 2132 458 HAMARTIGENIA.

423 521 585 594 518
617 517 1024 576 Transcendunt
1044 518 1308 576 elementa
1331 515 1568 583 modum,
1589 519 1828 588 rapiunt-
1853 521 1907 583 Α

1935 1347 2041 1407 260

1861 1919 1909 1980 Β

3387 407 3526 465 1050

2111 518 2346 585 Difnuat,
2382 520 2594 592 impuro
2621 520 2894 580 fervescat
2920 530 2977 578 ut
3008 523 3130 594 igne
3161 523 3358 594 libido,

2118 609 2279 682 519
2305 611 2536 668 Sorbeat
2560 622 2618 669 ut
2647 615 2889 670 cumulos
2916 631 3253 672 nummorum
3285 616 3526 672 faucibus

3243 707 3456 781 [amplis

1937 792 2043 848 255
2118 794 2324 869 Gurges
2351 798 2610 863 avaritice,
2637 797 2760 853 linis
2789 813 2945 869 quam
2979 800 3157 854 nullus
3187 800 3418 856 habendi

2114 867 2422 956 Temperat,
2455 889 2688 960 aggestis
2719 867 3005 945 addentem
3035 899 3160 946 vota
3193 892 3428 948 talentis.

2114 975 2244 1034 Auri
2274 993 2505 1050 namque
2534 980 2699 1036 fames
2730 991 2883 1051 parto
2910 982 2969 1037 fit
2993 985 3166 1051 major
3191 984 3257 1037 ab
3287 999 3452 1050 auro;

2117 1068 2246 1126 lnde
2275 1085 2429 1142 seges
2459 1072 2746 1140 scelerum,
2777 1073 2933 1130 radix
2964 1084 3016 1128 et
3046 1075 3159 1129 sola
3187 1075 3474 1140 malorum,

2118 1163 2254 1219 Dum
2303 1164 2578 1220 scatebras
2603 1165 2906 1228 ,ﬂuviorum
2951 1181 3180 1234 omnes,
3235 1175 3291 1222 et
3335 1173 3523 1236 operta

3211 1258 3450 1331 [metaiia

2113 1349 2326 1421 Eliquat
2351 1360 2592 1416 ornatus,
2625 1350 2867 1407 solvendi
2896 1351 3016 1406 leno
3047 1353 3264 1420 pudoris
3289 1371 3303 1407 :

2114 1441 2248 1496 Dum
2283 1457 2448 1496 venas
2479 1442 2773 1511 squalentis
2802 1442 2949 1496 humi
2975 1452 3244 1498 scrutatur
3275 1443 3452 1514 inepta

2113 1533 2371 1598 Ambitio,
2401 1535 2645 1604 scalpens
2672 1544 2875 1589 natura:
2906 1536 3112 1589 occulta
3146 1537 3382 1605 latentis,

2114 1628 2170 1681 Si
2201 1627 2393 1697 quibus
2419 1627 2475 1680 in
2503 1625 2668 1683 foveis
2697 1627 2967 1683 radiantes
2997 1626 3136 1683 forte
3162 1630 3370 1698 lapillos

2114 1724 2324 1778 Rimata
2356 1725 2612 1787 inveniat,
2648 1740 2745 1779 nec
2775 1725 2916 1779 enim
2948 1733 3194 1778 contenta
3228 1725 3422 1780 decore

2118 1817 2380 1886 lngenito,
2414 1826 2688 1873 externam
2718 1819 2976 1873 mentitur
3009 1818 3198 1874 femina
3241 1819 3488 1876 formam.

2112 1909 2272 1982 520
2296 1910 2371 1966 Ac
2403 1909 2550 1966 velut
2591 1910 2808 1966 artificis
2842 1911 3051 1966 Domini
3099 1927 3286 1966 manus
3325 1912 3522 1981 imper-

3234 2000 3456 2072 [fectum

2114 2092 2188 2147 Os
2236 2092 2479 2158 dederit,
2530 2093 2674 2164 quod
2723 2092 2900 2149 adhuc
2929 2107 3016 2149 res
3045 2093 3244 2164 exigat,
3277 2101 3369 2148 aut
3399 2097 3526 2165 hyao

3236 2183 3454 2258 [cinthis

2122 2277 2351 2348 Pingere
2380 2277 2632 2334 sutilibus
2667 2279 2934 2336 redimitae
2965 2278 3161 2336 frontis
3188 2278 3241 2335 in
3270 2294 3417 2348 arce,

1937 1816 2044 1874 265

1577 2352 1867 2426 (Σωδδιε
1909 2365 2247 2424 versans.

301 2467 434 2522 257.
470 2466 764 2532 Elemenla,
791 2465 943 2534 ignis,
977 2480 1084 2531 aer,
1110 2481 1265 2534 aqua,
1299 2473 1458 2532 terra,
1493 2465 1534 2519 l.

301 2538 434 2593 258.
471 2537 773 2607 Legirupis,
801 2537 960 2607 legem
988 2536 1357 2607 rumpentibus,
1391 2535 1431 2590 Ι.

299 2608 436 2664 259.
471 2605 816 2675 Aquilonum,
846 2605 1124 2674 uentorum,
1158 2605 1201 2663 ι.

253 2695 262 2708 ί
299 2679 436 2734 240.
467 2679 797 2746 Immodicis,
847 2679 1076 2748 magnis,
1107 2679 1410 2750 ingentibus.
1444 2707 1514 2720 —
1544 2677 1823 2746 Procellis,

237 2750 526 2806 turbinibus
545 2791 560 2816 ,
595 2752 638 2805 1.

305 2822 443 2876 241.
477 2819 852 2883 Torrentibus,
889 2822 1085 2890 fortiter
1113 2821 1366 2887 euntibus,
1399 2821 1438 2875 l.

1993 2462 2121 2517 256.
2147 2459 2409 2530 Aggestis,
2439 2463 2795 2528 accumulatis,
2827 2461 2866 2518 Ι.

2005 2533 2134 2588 257.
2152 2532 2375 2605 Fames,
2401 2533 2755 2605 cupiditas.—
2780 2532 2959 2596 Part0,
2991 2549 3232 2605 syncope,
3267 2536 3330 2588 ab
3352 2534 3516 2604 inqui-

1938 2605 2057 2669 sito,
2082 2603 2158 2655 vel
2187 2603 2516 2671 praeparato;
2554 2605 2672 2658 inde
2696 2616 2767 2658 est
2795 2605 3081 2674 exemplum
3114 2620 3132 2659 :
3163 2603 3352 2659 Crescit
3383 2603 3522 2658 amor

1933 2675 2144 2740 nummi,
2176 2684 2424 2743 quantum
2453 2675 2566 2741 ipsa
2593 2677 2811 2742 pecunia
2847 2677 3043 2739 crescit,
3077 2676 3111 2728 l.

2005 2745 2130 2800 259.
2159 2745 2466 2809 Scatebras,
2504 2744 2845 2812 ebullitiones,
2877 2746 2917 2798 l.

2009 2816 2134 2871 260.
2166 2815 2394 2888 Eliquat,
2428 2815 2625 2884 eﬁluere
2658 2817 2827 2888 facit;
2867 2826 3074 2888 purgat.
3096 2816 3426 2882 —0rn:itus,
3460 2819 3522 2872 de

270 2909 276 2914 ‘
301 2891 438 2946 212.
464 2891 796 2958 Prae-Scripta,
819 2887 1051 2944 ordinata
1074 2891 1148 2943 vel
1170 2893 1463 2958 constituta,
1487 2906 1602 2961 quae
1623 2892 1831 2961 {uerunt
1933 2897 2117 2961 ornatu
2148 2887 2360 2940 solvitur
2383 2887 2924 2956 pudor.—-Solvendi,
2953 2887 3020 2940 ad
3045 2888 3341 2942 solvendum
3364 2891 3522 2960 pudo-

237 2962 334 3017 illi.
371 2989 445 3001 —-
471 2961 763 3032 Repagula,
793 2961 1075 3026 obstacula,
1108 2963 1299 3032 littora,
1327 2973 1617 3029 serratum,
1645 2963 1684 3017 Ι.

308 3035 442 3087 215.
477 3031 654 3096 Ιλῖιχιι,
684 3049 940 3096 concessa,
973 3034 1166 3093 laxata,
1199 3031 1237 3085 l.

307 3104 440 3158 247.
471 3102 751 3166 Rotantur,
783 3103 1070 3164 volvuntur,
1103 3102 1141 3154 Ι.

307 3174 441 3229 249.
479 3174 634 3236 Lues,
667 3173 834 3243 pestis.
863 3203 932 3212 —
958 3171 1246 3243 incentiva,
1275 3171 1545 3241 incentrix,
1577 3173 1616 3227 Ι.

1933 2976 2059 3022 rem,
2090 2957 2130 3016 Ι.

2003 3029 2128 3083 261.
2159 3030 2360 3098 Inepta,
2383 3029 2602 3095 inutilis,
2632 3029 2674 3084 ι.

2004 3099 2130 3153 262.
2157 3101 2421 3165 Ambitio,
2472 3100 2749 3167 cupiditas.
2782 3099 2850 3142 +—
2874 3101 3154 3168 Scalpeus,
3201 3100 3524 3171 investigatis,

1933 3180 2191 3226 scrutatis.
2216 3201 2286 3213 —
2311 3171 2572 3236 Latentis,
2615 3175 2916 3226 naturaliter
2942 3188 3123 3226 aurum
3163 3171 3317 3224 latere
3349 3170 3524 3238 voluit,

310 3247 440 3300 250.
497 3241 810 3314 Exemplum
835 3283 850 3307 ,
899 3243 1018 3312 quia
1061 3241 1228 3296 Adam
1285 3246 1540 3314 peccando
1580 3244 1696 3298 aliis
1743 3242 1832 3297 dat
1863 3295 1905 3314 η
1937 3241 2295 3314 sedcupiditas
2324 3243 2454 3314 {odit
2485 3243 2988 3314 pretiosapericula,
3023 3242 3059 3296 Ι.

243 3315 536 3382 exemplum
559 3356 574 3380 ,
606 3313 644 3367 l.

313 3385 444 3442 251.
484 3383 624 3449 Vita,
657 3383 848 3437 scilicet
888 3383 1024 3448 dico,
1055 3383 1099 3437 l.

315 3457 446 3512 252.
479 3454 851 3527 Suppeditant,
871 3453 1281 3527 _subministrant,
1313 3455 1654 3527 famulantur,
1686 3457 1725 3511 l.

315 3528 442 3583 255.
474 3523 618 3598 Igne,
650 3541 841 3590 amore,
870 3523 911 3578 l.

2010 3309 2135 3382 26-1.
2163 3309 2394 3375 Rimata,
2422 3309 2536 3380 ipsa
2555 3309 2762 3365 ambitio
2789 3328 3035 3382 quarens,
3061 3312 3387 3381 investigatis,
3422 3313 3461 3382 1.

2011 3381 2135 3435 267.
2161 3383 2254 3447 Us,
2282 3383 2484 3450 faciem,
2504 3387 2742 3453 formam.
2766 3381 3422 3453 Hyacinthis,margaritis,
3447 3381 3488 3436 Ι.
3519 3382 3527 3438 Ῐ

2011 3453 2136 3506 268.
2163 3453 2421 3507 Sutilibus
2443 3496 2457 3521 ,
2488 3453 2609 3578 guia
2647 3470 2709 3508 ea;
2736 3470 2930 3525 gemma
2972 3461 3286 3505 consumitur
3324 3453 3412 3522 ﬁlo
3437 3471 3522 3508 ar-

2011 3534 2138 3578 ntco.
2169 3535 2258 3578 aut
2284 3539 2462 3578 aureo.
2514 3564 2530 3578 .
3009 3573 3013 3578 .

1939 3534 2138 3595 gentco,
2169 3535 2258 3578 aut
2284 3539 2462 3592 aureo,
2488 3534 2530 3580 ι.

1647 3634 2213 3695 COMMENTARIUS.

319 3757 448 3812 240.
480 3755 674 3824 Apoth.
705 3769 844 3826 vers.
875 3756 977 3811 539
1006 3756 1166 3816 etiam
1205 3755 1396 3826 legitur
1435 3755 1716 3826 exstirpata
1735 3794 1750 3819 ,
1781 3761 1836 3809 et

249 3828 350 3909 ιιι).
381 3844 415 3882 ιι
441 3827 694 3909 θόνρςξιιβ
720 3825 868 3909 Sim:
893 3839 1034 3909 vers.
1066 3825 1603 3909 10.59,.elrstirpamus.
1629 3825 1836 3909 Salma-

249 3901 366 3956 sius
388 3913 510 3966 pag.
533 3895 638 3950 284
670 3895 721 3949 in
746 3895 1068 3948 Trebellium
1097 3897 1170 3949 ait
1225 3897 1276 3950 in
1308 3898 1670 3953 vetustissimo
1699 3897 1835 3952 libro

249 3968 528 4024 Prudentii
558 3981 588 4020 a
618 3980 676 4020 se
703 3973 970 4032 repertum
1002 3967 1219 4032 stirpare
1251 3981 1346 4032 pro
1375 3970 1674 4032 exstirpare,
1697 3976 1755 4022 ut
1782 3968 1833 4021 in

250 3982 528 4024 rruuemn
558 3982 588 4020 a
618 3982 676 4020 se
703 3982 970 4032 repertum
1002 3982 1219 4032 surpare
1251 3982 1346 4033 pro
1375 3982 1674 4036 exstirpare,
1697 3982 1755 4022 ut
1783 3984 1833 4021 ιιι

250 4038 470 4105 optimis
515 4035 788 4091 Ciceronis
842 4035 1236 4102 exemplaribus
1295 4037 1563 4090 Victorius
1634 4038 1836 4091 invenit

250 4108 487 4164 scanduit
517 4122 612 4174 pro
646 4105 964 4159 exscanduit.
1002 4105 1108 4161 Sed
1137 4107 1189 4161 in
1219 4106 1415 4177 Apoth.
1451 4117 1504 4162 et
1531 4123 1566 4161 ιι
1597 4107 1652 4162 in
1680 4107 1830 4177 Sym.

251 4178 360 4248 legi
392 4178 549 4234 debet
576 4177 876 4244 exstirpare.
927 4224 952 4248 γ.

323 4247 450 4304 241.
479 4247 776 4314 Descriptio
796 4247 967 4316 amnis
991 4250 1244 4302 torrentis
1267 4247 1406 4316 apud
1438 4257 1621 4316 poetas
1644 4247 1840 4304 Lucre-

250 4321 421 4401 tium,
449 4319 729 4389 Virgilium
748 4359 762 4384 ,
790 4315 1146 4374 Claudianum
1174 4361 1188 4386 ,
1227 4315 1474 4374 Ovidium
1521 4320 1721 4388 passim
1751 4333 1840 4374 oc-

251 4401 448 4542 illi;
472 4459 628 4523 ιιιπ..
654 4460 836 4542 Prag.,
863 4460 1012 4542 ιιειιι.ἱ
1031 4460 1215 4542 Fabr.,
1239 4461 1374 4542 (iis,
1396 4459 1836 4542 W'iqu‘Dong‘"

249 4532 462 4656 wectw
480 4532 774 4601 prtescripta
799 4532 1045 4600 repagula
1070 4533 1217 4600 τίμα).
1236 4532 1423 4615 'Alex.,
1453 4531 1603 4599 Urb.,
1625 4531 1744 4614 Vat.
1771 4535 1836 4599 Α,

322 4610 443 4656 eitz.
468 4643 481 4656 .
514 4601 632 4655 Ald.
654 4643 668 4656 .
705 4601 856 4656 Eam.
878 4641 894 4656 .
930 4602 1098 4656 Palat.
1120 4645 1134 4656 .
1162 4603 1402 4656 obiectas.
1436 4612 1731 4656 praescripta
1756 4619 1836 4656 re-

322 4603 443 4656 eitz.
468 4643 481 4666 ,
514 4601 632 4674 Ald.
654 4643 668 4667 ,
705 4601 856 4671 Egm.
878 4641 894 4665 ,
930 4602 1098 4674 Palat.
1120 4645 1134 4668 ,
1162 4603 1402 4674 objectas,
1435 4605 1731 4672 praescripta
1756 4619 1838 4657 re-

247 4673 464 4744 pagula,
504 4673 662 4740 ripas,
702 4688 793 4738 per
823 4673 1140 4742 epexegesin
1161 4717 1172 4735 ,
1203 4673 1323 4743 quae
1355 4673 1512 4728 lectio
1531 4715 1544 4740 ,
1574 4674 1698 4728 licet
1727 4674 1840 4731 ele-

247 4759 384 4825 gans
413 4745 502 4824 sit,
526 4757 628 4822 non
663 4752 942 4823 propterea
972 4745 1574 4824 cum_lleinsio.dicam,
1603 4745 1836 4814 priorem

247 4813 397 4868 illam
427 4822 613 4866 inscita
641 4811 979 4866 librariorum
1007 4815 1325 4868 oscitatione
1352 4825 1636 4870 invectam.

320 4885 446 4936 245.
481 4882 680 4937 Widm.
714 4897 908 4950 supra,
949 4885 1052 4936 lata
1083 4885 1308 4938 licentia.

319 4953 448 5008 249.
478 4954 621 5021 Rat.,
656 4953 821 5017 luces;
863 4954 957 5008 sed
983 4971 1008 5005 c
1033 4954 1304 5008 inductum
1331 4955 1444 5011 sive
1473 4955 1703 5012 deletum
1730 4965 1833 5013 est.

245 5026 438 5089 Alex.,
469 5025 606 5086 lues;
637 5039 828 5091 supra,
862 5024 982 5080 luis.

318 5096 447 5148 250.
482 5094 668 5159 Aldus,
702 5094 944 5148 Toriiazs.
995 5095 1134 5160 apud
1166 5093 1522 5161 Gallandium,
1557 5091 1714 5163 male,
1743 5099 1836 5152 das

248 5177 368 5220 tura
401 5180 494 5244 p50
525 5164 612 5217 dat
641 5165 761 5218 rita.
804 5165 935 5220 Vide
968 5165 1425 5223 Elmenhorstium
1461 5169 1515 5222 in
1543 5169 1834 5226 Arnobium

246 5250 375 5306 pag.
401 5235 489 5290 57.

319 5307 446 5360 251.
479 5305 624 5371 Ald.,
657 5304 834 5376 Egm.,
869 5308 1088 5372 vesania,
1125 5317 1307 5362 terror.

319 5376 446 5429 257.
472 5377 782 5446 Pervulgata
811 5378 1335 5444 sententia,a;norem
1364 5380 1558 5432 nummi
1584 5395 1827 5446 crescere,

247 5457 497 5570 gugntum
521 5449 632 5519 ipsa
657 5451 870 5518 pecunia
900 5451 1100 5517 crescit,
1123 5458 1180 5502 ut
1205 5451 1278 5504 ait
1301 5449 1576 5505 Juvenalis
1600 5467 1630 5506 a
1655 5453 1833 5522 glossa

250 5533 306 5570 in
351 5528 534 5572 iratus.

250 5589 494 5712 “35%.!
523 5589 589 5643 ad
619 5589 856 5646 Timoth.
887 5605 963 5660 ιιι,
990 5590 1094 5647 1οε
1127 5589 1296 5645 Radix
1319 5592 1550 5646 omnium
1581 5593 1835 5648 malorum

353 5676 393 5711 rs
419 5676 489 5712 ια.

353 5676 489 5713 ruta.

323 5729 447 5782 259.
479 5729 674 5804 Vana
697 5771 712 5796 ,
747 5731 858 5788 Pal.
886 5773 902 5798 ,
947 5749 1060 5788 cum
1104 5733 1378 5788 scatebras.
1413 5734 1545 5789 Mar.
1593 5749 1624 5789 a
1655 5735 1830 5804 prisca

254 5812 437 5863 manu,
465 5799 686 5852 metalli.

324 5867 453 5925 260.
475 5868 599 5933 Non
626 5871 812 5940 potuit,
843 5871 1014 5942 inquit
1041 5872 1336 5944 Giselinus,
1363 5876 1544 5930 melius
1569 5874 1830 5946 epitheton

1863 4888 1918 4948 Ι)
1944 4885 2017 4938 Ac
2042 4902 2102 4939 ne
2129 4887 2357 4939 materies
2382 4888 2473 4940 tali
2503 4886 2592 4938 sub
2619 4901 2825 4938 munere
2853 4885 3002 4949 desit,

1941 3753 2072 3806 dari.
2106 3752 2350 3809 Videntur
2375 3752 2508 3806 enim
2534 3760 2721 3806 ornatu
2753 3760 2992 3822 tanquam
3021 3751 3200 3806 lenone
3221 3751 3301 3804 usi
3326 3750 3526 3807 insitam

1942 3824 2088 3878 nobis
2126 3823 2480 3880 verecundiam
2509 3833 2556 3876 et
2582 3823 2882 3894 pudicitiam
2920 3824 3243 3894 prostituere.
3289 3823 3420 3877 Deus
3451 3822 3527 3891 fti-

1941 3906 2072 3950 ceret
2099 3897 2398 3966 aliquando,
2442 3896 2612 3962 impiis
2644 3893 2822 3950 Turcis
2853 3893 2949 3950 hoc
2970 3897 3173 3950 nomine
3196 3895 3528 3966 minusessc-

1942 3983 2053 4020 mus
2079 3965 2404 4035 contemptui.
2441 3967 2571 4032 Qua:
2598 3981 2665 4019 an
2695 3965 2761 4020 ad
2796 3982 2971 4021 mores
3005 3974 3218 4021 nostros
3244 3975 3297 4019 et
3325 3965 3391 4019 ad
3421 3979 3524 4018 no-

1942 4047 2050 4089 stra
2109 4047 2346 4105 tempora
2394 4037 2597 4103 possint
2648 4037 3086 4101 accommodari,
3141 4035 3364 4105 viderint
3414 4035 3526 4088 alii.

1948 4104 2440 4160 Weitzius’contra
2484 4107 2767 4160 mulierum
2817 4117 3062 4161 ornatum
3115 4107 3220 4159 alia
3272 4104 3428 4159 allert
3453 4120 3524 4158 ex

1945 4175 2224 4246 Euripide,
2256 4187 2307 4230 et
2329 4192 2396 4231 ex
2427 4176 2542 4245 lege
2565 4176 2776 4232 Zaleuci
2807 4178 2946 4246 apud
2973 4177 3262 4232 Diodorum
3285 4175 3525 4230 Siculum

1943 4246 2038 4303 lib.
2073 4264 2124 4301 iii
2153 4246 2404 4302 Biblioth.
2439 4247 2637 4302 Eodem
2683 4248 2908 4316 pertinet
2951 4247 3077 4301 illud
3111 4246 3425 4300 Tertulliani
3456 4248 3523 4301 de

1945 4316 2149 4372 Corona
2202 4318 2384 4372 militis
2413 4333 2529 4385 cap.
2568 4319 2634 4372 12
2660 4337 2672 4370 :
2701 4317 2838 4383 Quid
2883 4318 3016 4373 enim
3057 4327 3131 4372 est
3166 4321 3219 4370 in
3249 4317 3414 4383 capite
3455 4319 3527 4384 fe-

1945 4389 2098 4443 mina:
2126 4405 2313 4443 corona
2339 4405 2492 4459 quam
2524 4391 2703 4460 forma:
2734 4391 2868 4453 lena,
2901 4405 3053 4460 quam
3081 4387 3528 4460 summailasciuiai

1945 4469 2085 4531 nota,
2118 4456 2566 4531 extrema’negatio
2596 4456 2932 4522 verecundior,
2964 4461 3218 4531 con/latio
3238 4456 3528 4531 illecebris?

2018 4530 2142 4585 261.
2172 4531 2392 4586 Videtur
2423 4529 2574 4598 poeta
2607 4542 2791 4586 noster
2829 4534 2894 4585 ad
2922 4547 3107 4586 manus
3138 4529 3387 4583 habuisse
3417 4529 3526 4584 Illa-

1947 4601 2064 4654 nilii
2093 4602 2220 4655 illud
2259 4603 2350 4656 lib.
2383 4619 2435 4657 v.
2467 4617 2607 4656 vers.
2645 4603 2748 4656 116
2773 4619 2785 4654 :
2812 4602 2949 4655 Hinc
2990 4601 3299 4655 lenocinium
3329 4600 3524 4668 formte,

1944 4671 2211 4741 cultusque
2249 4683 2483 4745 repentus
2509 4672 2750 4745 Corporis
2774 4719 2788 4742 ,
2833 4682 2981 4742 atque
3025 4688 3162 4745 auro
3200 4671 3411 4740 quwsita
3439 4679 3528 4745 est

1945 4744 2114 4815 gratia
2157 4741 2373 4815 frontis,
2406 4741 2622 4815 Perque
2647 4741 2800 4812 caput
2842 4741 2980 4796 ducti
3022 4744 3214 4813 lapides
3255 4757 3342 4810 per
3368 4741 3522 4815 colla,

1945 4811 2264 4886 manusque,
2309 4816 2372 4869 Et
2401 4811 2611 4886 pedibus
2639 4811 2795 4868 niveis
2838 4811 3089 4886 fulserunt
3136 4827 3293 4866 aurea
3334 4811 3522 4886 vincla.

3034 4884 3275 4950 Quarere
3301 4883 3391 4936 sub
3417 4889 3522 4935 ter-

1945 4957 2017 5007 ris
2057 4973 2307 5012 aurum...
2351 4957 2586 5024 imperat,
2611 4965 2714 5009 etc.
2751 4954 2885 5009 Vide
2910 4957 3069 5010 etiam
3099 4953 3402 5009 Cornelium
3432 4952 3525 5009 Se-

1944 5040 2128 5081 verum
2161 5027 2212 5080 in
2247 5027 2427 5081 IEtna.
2457 5027 2512 5080 lu
2541 5027 2691 5096 Egm.
2725 5034 2808 5080 est
2833 5043 2948 5080 curn
2975 5042 3071 5096 pro
3100 5025 3241 5078 dum.

2014 5097 2140 5168 262.
2170 5097 2349 5167 Prag.,
2383 5095 2637 5168 scalpens,
2671 5112 2777 5152 non
2809 5095 2982 5162 bene,
3002 5112 3096 5164 pro
3125 5096 3375 5168 scalpens.

1931 5168 1935 5170 ’
1961 5237 1972 5239 _
2013 5167 2139 5222 265.
2168 5163 2345 5236 Egtn.,
2372 5163 2631 5239 ingenita.
2654 5169 2958 5239 Legendum
2981 5163 3376 5239 ingenito.lltec
3393 5163 3522 5239 Pru-

1944 5237 2110 5310 denlii
2144 5234 2302 5310 verba
2329 5234 2666 5310 Tiraquellus
2698 5234 2958 5310 laudatin
2986 5234 3087 5306 leg.
3113 5234 3516 5310 5_Conmibia_l.,

1943 5309 2033 5364 ubi
2078 5312 2235 5378 plura‘
2273 5309 2325 5364 in
2375 5305 2615 5365 eamdem
2664 5309 2984 5364 sententiam
3033 5305 3293 5378 producit.
3327 5305 3522 5378 confer

1943 5373 2328 5434 Tertullianum
2355 5380 2423 5435 de
2454 5381 2758 5452 Virginibus
2786 5373 3049 5452 velandis,
3083 5378 3147 5431 de
3175 5374 3330 5430 Cultu
3362 5373 3520 5452 femi-

1950 5465 2168 5513 narum;
2210 5447 2573 5506 Ambrosium'
2594 5451 2684 5505 lib.
2727 5465 2779 5503 vi
2821 5449 3184 5504 Hexaemeron
3223 5461 3341 5516 cap.
3387 5447 3438 5511 8,
3469 5453 3521 5503 et

1949 5519 2042 5575 lib.
2093 5539 2109 5575 ι
2155 5522 2221 5576 de
2274 5522 2608 5592 Virginibus;
2652 5518 3145 5592 l-lieronymumgad
3188 5517 3400 5592 Furiam
3451 5517 3518 5571 de

1949 5591 2205 5647 viduitate
2252 5588 2541 5658 servanda;
2583 5588 3254 5654 lsidorum’PelusiOtam,
3308 5588 3400 5642 lib.
3452 5602 3512 5654 ii,

1947 5665 2104 5730 epist.
2138 5665 2233 5729 55;
2263 5665 2555 5718 Arnobinm
2584 5662 2677 5718 lib.
2703 5661 2739 5713 2
2774 5669 2964 5716 contra
3004 5669 3218 5732 gentes;
3256 5658 3513 5714 Senecam

1945 5734 2013 5788 de
2044 5735 2319 5790 Beneﬁciis
2342 5735 2434 5788 lib.
2471 5747 2560 5799 vn,
2592 5748 2710 5802 cap.
2738 5733 2792 5787 9.

2014 5806 2140 5862 268.
2164 5807 2340 5869 Μαι..
2391 5804 2544 5872 Urb.,
2593 5801 2751 5870 Man,
2783 5803 2901 5859 Vat.
2951 5804 3249 5871 A,_Prag.,
3299 5801 3420 5856 list.
3462 5807 3523 5856 et

1945 5877 2132 5946 optimi
2158 5876 2429 5934 Heinsiani
2453 5875 2689 5931 sutilibus
2711 5890 2732 5932 :
2751 5883 2810 5931 ut
2833 5875 3034 5947 hymno
3062 5873 3357 5931 octodecim
3383 5885 3524 5929 mar.
