4092 6344
547 332 680 403 1031

725 428 873 503 Colla
899 445 982 503 vel
1017 444 1194 518 ignitis
1223 444 1433 500 sincera
1463 444 1731 515 incingere
1762 446 1941 511 scrtis,

731 537 960 595 Auribus
976 546 1067 592 aut
1082 534 1319 607 gravidis
1339 536 1536 593 virides
1555 537 1886 606 suspendere
1913 538 2124 593 baccas.

726 628 966 684 Nectitur
992 636 1046 684 et
1074 627 1258 683 nitidis
1287 629 1612 685 concharum
1643 630 1879 685 calculus
1909 629 2092 684 albens

726 720 996 787 Crinibus,
1022 720 1360 793 aureolisque
1393 721 1529 792 riget
1554 735 1704 777 coma
1735 730 1877 778 texta
1902 720 2128 777 catenis.

727 808 912 867 Taedet
940 811 1229 883 sacrilegas
1261 819 1487 867 matrum
1517 826 1829 882 percurrere
1856 826 2030 882 cuias,

730 903 1035 961 Muneribus
1064 904 1243 961 dotata
1275 904 1369 961 Dei
1401 920 1517 976 qure
1545 904 1801 976 plasmata
1838 904 1957 961 fuco

733 996 887 1070 521
924 997 1263 1062 lnllciunt,ut
1294 999 1577 1069 pigmentis
1604 999 1740 1053 cutis
1764 998 1893 1054 illita
1928 998 2135 1071 perdat,

730 1089 877 1157 Quod
911 1090 1097 1156 fuerat,
1134 1090 1264 1146 falso
1294 1104 1400 1146 non
1429 1089 1763 1161 agnoscenda
1793 1089 1996 1148 colore.

732 1176 857 1235 Haec
879 1194 1040 1236 sexus
1063 1182 1202 1236 male
1225 1179 1379 1237 fortis
1410 1164 1519 1252 agit
1536 1197 1547 1235 :
1565 1182 1650 1239 cui
1677 1189 1888 1251 pectore
1916 1184 1968 1238 in
1989 1192 2138 1240 arcto

732 1268 876 1325 Mens
905 1266 1111 1339 fragilis
1141 1270 1280 1325 facili
1310 1270 1557 1325 vitiorum
1595 1268 1818 1327 fluctuat
1844 1279 1997 1327 astu.

734 1358 892 1430 Quid,
916 1359 1060 1432 quod
1085 1370 1140 1418 et
1169 1360 1284 1433 ipse
1310 1368 1471 1432 caput
1497 1361 1771 1420 muliebris
1800 1363 2061 1436 corporis,
2087 1371 2143 1421 et

1927 1456 2068 1530 [νει.

549 537 659 597 270

1639 334 1918 391 AURELII
1958 333 2325 392 PRUDENTII
2363 331 2688 390 CARMINA.

3672 330 3805 389 1052

2152 447 2207 509 Α
2228 445 2334 503 280
2405 444 2503 513 Qui
2531 443 2667 513 regit
2700 439 2982 496 invalidam
3014 440 3227 512 propria
3262 438 3330 496 de
3354 454 3515 496 carne
3546 451 3803 499 resectam

2409 535 2751 603 Particulam,
2782 536 2867 605 qui
2900 548 2992 588 vas
3023 541 3266 589 tenerum
3297 532 3500 590 ditionc
3528 536 3805 606 gubernat,

2411 628 2643 684 Solvitur
2672 628 2721 682 in
2750 625 2970 682 luxum?
2995 626 3211 689 Cernas,
3246 624 3565 682 mollescere
3597 628 3738 684 cultu

2416 719 2619 777 Heroas
2646 720 2875 787 vetulos,
2907 718 3085 790 opifex
3127 718 3320 789 quibus
3355 732 3542 789 aspera
3574 724 3809 774 membra

2416 811 2686 877 Finxerat,
2719 818 2770 866 et
2800 808 2998 880 rigidos
3023 807 3308 864 duraverat
3333 810 3545 865 ossibus
3574 818 3739 863 artus.

2240 902 2347 959 285
2420 902 2523 959 Sed
2556 902 2716 972 pudet
2742 914 2861 959 esse
2888 901 3031 957 viros
3055 915 3071 957 :
3097 912 3337 973 quarunt
3364 901 3648 958 vanissima
3676 917 3818 972 inite-

3603 994 3746 1069 ique.

2422 1084 2585 1154 Queis
2606 1085 2809 1141 niteant
2834 1102 2846 1139 :
2871 1084 3099 1156 genuina
3128 1084 3271 1143 leves
3295 1092 3354 1141 ut
3375 1085 3569 1143 robora
3590 1088 3817 1153 solvant,

2425 1176 2585 1250 522
2597 1176 2805 1235 Vellere
2818 1192 2925 1232 non
2948 1179 3155 1243 ovium,
3171 1176 3265 1233 sed
3288 1192 3387 1234 eoo
3409 1192 3475 1233 ex
3498 1172 3629 1235 orbe
3644 1177 3820 1249 petitis

2423 1268 2709 1326 Remorum
2736 1269 2922 1340 spoliis
2950 1268 3221 1326 ﬂuitantes
3250 1282 3461 1325 sumere
3490 1269 3717 1325 amictus

2424 1362 2689 1428 Gaudent,
2718 1371 2772 1420 et
2797 1363 2989 1419 durum
3017 1362 3238 1419 scutulis
3264 1362 3584 1434 pertundere
3605 1375 3819 1434 corpus.

2244 1453 2354 1513 290
2427 1454 2655 1511 Additur
2684 1468 2794 1525 ars,
2827 1464 2885 1511 ut
2912 1454 2999 1511 illa
3031 1454 3212 1511 herbis
3237 1462 3470 1511 saturata
3495 1453 3719 1511 recoctis

1910 1636 2197 1697 GLOSSE
2233 1638 2565 1697 VETERES.

634 1788 989 1861 269.1gnitis,
1018 1788 1645 1859 radiantibus.—Sertis,
1678 1790 1972 1859 monilibus,
2002 1806 2147 1847 coro-
2178 1796 2228 1857 B
2322 1792 2449 1847 277.
2477 1791 2612 1847 Male
2642 1792 2813 1861 fortis,
2846 1790 3101 1859 inﬁrmus,
3129 1790 3169 1844 i.

563 1878 665 1917 ms.
692 1878 729 1916 I.

790 1933 1005 1999 Baccas,
1038 1948 1261 2003 gemmas
1288 1935 1536 1989 rotundas
1560 1975 1576 2001 ,
1604 1936 1691 2003 qui
1721 1935 1934 1987 uniones
1965 1948 2151 1987 vocan-

567 2013 669 2070 tur,
695 2020 752 2076 eo
781 2003 916 2069 quod
944 2003 995 2055 in
1026 2006 1190 2073 capite
1220 2016 1505 2060 ostrearum
1543 2014 1718 2076 aperto
1752 2004 1955 2057 cerebro
1994 2003 2151 2076 semel

565 2074 881 2146 reperiantur
908 2076 961 2126 in
976 2090 1123 2146 anno
1151 2120 1163 2141 ,
1200 2088 1245 2129 et
1274 2094 1408 2131 unus
1438 2074 1661 2141 tantum,
1704 2092 1829 2146 quos
1870 2084 1916 2128 et
1945 2074 2151 2143 perulos

571 2143 711 2215 (leg.
726 2214 729 2215 ν
744 2143 995 2215 prederos)
1025 2156 1224 2207 vocant.
1252 2148 1291 2201 Ι.

638 2213 762 2267 271⁷.
787 2213 1033 2289 Calculus
1053 2256 1069 2282 ,
1103 2219 1381 2289 margarita
1404 2236 1422 2273 :
1446 2218 1671 2271 calculos
1712 2230 1948 2269 vocamus
1996 2213 2150 2284 lapil-

569 2286 665 2348 los,
688 2288 868 2354 quibus
890 2295 1037 2337 antea
1062 2286 1391 2341 numerabant
1418 2289 1614 2355 antiqui
1641 2298 1758 2339 ante
1778 2294 2033 2351 repertum
2063 2302 2152 2355 nu-

568 2371 796 2479 merulm;
842 2356 932 2408 sed
961 2356 1041 2407 hic
1070 2373 1165 2426 pro
1204 2374 1501 2429 quacunque
1528 2354 1751 2427 pretiosa
1780 2372 1977 2427 gemma
2005 2354 2150 2423 poni-

572 2436 681 2479 tur.
734 2441 816 2479 so.

572 2436 681 2489 tur,
711 2436 816 2481 lso.

640 2497 768 2551 272.
794 2497 958 2551 Texta
988 2498 1213 2564 catenis,
1245 2498 1482 2552 ordinata
1508 2500 1664 2563 vittis,
1694 2498 1797 2553 lso.

640 2566 765 2621 274.
792 2568 1009 2634 Dotata,
1043 2578 1242 2623 ornata.
1266 2599 1335 2608 —
1354 2569 1621 2624 Plasmata
1639 2614 1653 2637 ,
1686 2570 1861 2637 facies.
1886 2595 1955 2605 --
1977 2564 2148 2629 Fuco,

572 2637 771 2711 colore:
788 2650 1118 2711 unguentum,
1142 2640 1278 2711 unde
1298 2656 1350 2694 se
1372 2641 1613 2698 mulieres
1633 2638 1855 2711 pallidas
1883 2638 2101 2705 ’aciunt,
2119 2637 2159 2690 l.

642 2709 1055 2780 275.1ttliciunt,
1095 2709 1347 2778 colorant,
1382 2711 1423 2766 l.

2323 1862 2449 1917 280.
2475 1860 3140 1933 lnvalidam,particulam,
3164 1860 3285 1933 dicit
3311 1860 3573 1929 feminam,
3596 1875 3708 1931 qut?
3734 1861 3830 1932 fuit

2251 1934 2480 2001 corporis
2506 1934 2651 1998 Adae,
2684 1934 2745 1987 de
2774 1930 2911 1987 costa
2942 1934 3183 2003 formata,
3205 1930 3244 1985 ι.

2323 2006 2448 2059 282.
2473 2003 2651 2069 Cultu,
2681 2005 2878 2070 habitu,
2906 2003 2945 2058 Ι.

2323 2077 2450 2130 285.
2482 2077 2701 2142 Heroas,
2731 2076 2861 2128 viros
2890 2076 3363 2140 fortem—Aspera,
3392 2073 3568 2141 fortia,
3592 2072 3633 2127 l.

2323 2146 2450 2199 286.
2476 2147 2711 2212 Niteant,
2763 2146 3083 2216 splendeant.
3106 2175 3177 2185 —
3196 2145 3434 2198 Geuuina
3484 2145 3651 2216 leves.
3680 2144 3832 2216 pestis

2255 2218 2530 2278 naturalis,
2577 2214 2837 2286 ingenita;
2878 2218 3105 2279 luxuria,
3135 2216 3447 2285 interjective
3471 2214 3764 2286 dicendum,
3790 2214 3829 2267 Ι.

2327 2288 2453 2341 287.
2482 2287 2613 2351 Eoo,
2635 2285 3179 2351 orientali.——Petitis,
3208 2286 3489 2353 acquisitis,
3523 2285 3566 2338 1.

2327 2357 2452 2411 288.
2480 2357 2767 2411 Ramorum
2800 2356 3010 2427 spoliis,
3028 2358 3254 2411 arboreis
3274 2356 3488 2409 vestibus
3507 2372 3526 2411 :
3550 2356 3603 2408 in
3633 2357 3835 2410 Oriente

2267 2430 2400 2481 enim
2429 2433 2630 2482 arbores
2657 2440 2797 2491 sunt,
2828 2428 2911 2480 ubi
2938 2428 3213 2497 stepissime
3236 2427 3486 2495 reperitur
3510 2427 3745 2481 sericum.
3770 2457 3835 2465 —

2259 2497 2572 2562 Fluitantes,
2598 2498 2959 2567 superbientes,
2986 2500 3025 2553 l.

2337 2568 2463 2624 289.
2492 2571 2709 2633 Durum,
2746 2572 2947 2639 fortem,
2978 2572 3203 2637 firmum.
3228 2570 3569 2633 —Scutulis,
3610 2569 3833 2632 variatis,

2268 2642 2537 2695 scutulatis
2578 2641 2791 2695 vestibus
2822 2658 2915 2712 pro
2945 2642 3081 2694 omni
3126 2655 3257 2696 veste
3282 2684 3297 2705 ,
3326 2657 3474 2712 opere
3512 2642 3656 2695 vario
3685 2641 3834 2694 inter-

2269 2722 2423 2778 serta,
2453 2710 3097 2781 ponitur.—Perfundcre,
3142 2710 3367 2782 induere,
3398 2713 3437 2768 l.
3480 2738 3495 2744 -

1984 2885 2537 2943 COMMENTARIUS.

578 3052 755 3114 tyrum
782 3042 1383 3114 Cmsaraugustusutile
1422 3039 1644 3114 vinclum
1680 3054 1708 3114 εΔ
1742 3052 1862 3114 nam
1901 3040 2155 3108 quidquid

578 3110 771 3177 suitur.
802 3114 959 3167 sutile
986 3110 1087 3167 est.
1120 3110 1265 3179 Ald.,
1291 3110 1441 3176 Fab.,
1474 3110 1611 3175 Gis.,
1642 3110 1817 3165 minus
1841 3111 1997 3175 bene,
2017 3114 2155 3166 scul-

578 3183 1066 3255 ptilibus.Weitzius
1094 3185 1144 3237 in
1176 3181 1715 3255 contextusutilibus,
1739 3181 2155 3255 adeoquemen-

578 3252 708 3310 dum
738 3269 816 3309 est
844 3254 1113 3309 subtilibus
1146 3255 1197 3307 in
1228 3252 1543 3306 lectionibus
1567 3252 1915 3307 variantibus.
1941 3252 2156 3306 Sichar-

581 3326 683 3381 dus
732 3327 895 3380 etiam
942 3326 1183 3379 ediderat
1228 3324 1476 3377 sutilibus.
1510 3323 1821 3392 Pignorius,
1874 3324 1940 3377 de
1988 3327 2158 3378 servis

649 3412 701 3466 g.
730 3397 857 3462 200,
890 3397 1106 3451 exhibet
1136 3396 1489 3449 instrumenta
1521 3394 1789 3466 delineata
1836 3397 2011 3449 cultus
2043 3410 2160 3448 mu-

2265 3044 2330 3099 ad
2361 3060 2600 3100 sororem
2629 3062 2641 3097 :
2676 3044 2823 3111 Quod
2863 3060 2924 3097 ne
2964 3044 3233 3112 femineum
3260 3050 3370 3113 post
3398 3041 3505 3094 ha'c
3548 3042 3665 3111 quis
3701 3056 3834 3110 sper-

2266 3131 2382 3169 nere
2425 3133 2598 3169 sexum
2644 3117 2877 3182 Audeat,
2925 3116 3005 3168 hic
3049 3116 3224 3182 paucis
3276 3114 3434 3167 visunt
3469 3120 3545 3165 est
3584 3113 3834 3166 ostendere

2266 3187 2449 3253 verbis,
2478 3197 2583 3242 etc.

2334 3258 2458 3312 278.
2484 3256 2716 3312 lmitatio
2759 3256 3026 3319 Maronis,
3080 3255 3230 3323 cujus
3275 3255 3389 3309 ltzec
3443 3264 3564 3310 sunt
3606 3256 3833 3309 :irarunt

2263 3331 2475 3399 fluctuat
2526 3339 2685 3392 testu;
2724 3342 2963 3381 curarum
3011 3328 3225 3395 fluctuat
3263 3335 3418 3390 testu;
3461 3328 3603 3380 rario
3632 3326 3833 3394 nequid-

2264 3416 2415 3469 quam
2441 3401 2656 3467 ﬂuctuat
2686 3410 2831 3452 testu.

602 3458 767 3522 iebris
790 3508 807 3534 ,
844 3458 975 3536 quae
1019 3467 1144 3520 olim
1194 3466 1475 3520 exstabant
1522 3464 1705 3537 Roma:
1752 3466 1887 3537 apud
1938 3466 2159 3537 Laelium
2187 3458 2234 3522 C
2276 3458 2287 3469 ”
2336 3458 2461 3524 28οξ
2488 3469 2607 3523 Vat.
2639 3472 2678 3523 Α
2710 3487 2735 3520 a
2772 3469 2937 3537 prima
2969 3483 3150 3535 manu,
3180 3484 3331 3521 carne
3356 3468 3591 3521 recisam.

580 3534 978 3601 Paschalinnm,
1001 3537 1208 3591 scilicet
1234 3550 1421 3589 aureas
1450 3551 1580 3589 acus
1611 3534 1862 3600 crinales,
1883 3536 2165 3592 nonnullas

580 3622 765 3679 puras,
792 3610 1071 3679 nonnullas
1097 3618 1413 3679 geminatus,
1440 3606 1697 3679 viriolam
1715 3620 1745 3659 e
1773 3608 1992 3661 minutis
2024 3622 2165 3661 sma-

581 3676 761 3747 ragdis
787 3719 802 3743 ,
835 3687 888 3734 et
913 3676 1155 3745 brachio,
1189 3687 1242 3731 et
1272 3678 1412 3731 collo
1439 3684 1614 3745 aptam
1642 3720 1655 3743 ,
1686 3676 1923 3731 iuaurem
1967 3693 2163 3731 aeream

583 3750 810 3818 gemmis
842 3750 1025 3802 vitreis
1054 3757 1317 3813 ornatam,
1351 3747 1686 3811 stalagmium
1732 3748 1883 3818 crudi
1916 3749 2163 3817 amethy-

582 3817 690 3882 ito,
722 3821 961 3883 inaures,
991 3820 1213 3872 alteram
1240 3834 1304 3871 ex
1336 3832 1464 3871 auro
1498 3826 1685 3879 totam,
1728 3817 1947 3869 alteram
1977 3819 2164 3872 distin-

584 3898 723 3943 ctam
754 3889 1074 3957 margaritis,
1106 3889 1258 3941 binos
1281 3888 1533 3957 elenchos
1555 3928 1569 3949 ,
1616 3901 1709 3957 seu
1736 3890 2047 3956 margaritas
2073 3888 2165 3943 ob-

586 3957 793 4027 longas.
828 3956 956 4013 Rem
987 3959 1217 4012 illustrat
1245 3958 1327 4010 his
1352 3956 1627 4010 Prndentii
1660 3956 1923 4011 versibus.

655 4030 779 4084 269.
804 4030 982 4099 Prag.,
1016 4028 1157 4083 cellis
1188 4042 1284 4098 pro
1321 4028 1487 4099 sertis,
1523 4038 1794 4097 corrupte.

655 4101 781 4156 270.
807 4097 1200 4154 Cha'millardus
1230 4112 1375 4152 recte
1404 4097 1612 4152 lsonem
1659 4098 1875 4163 refellit,
1919 4098 2057 4168 quod
2090 4099 2168 4151 vi-

587 4173 734 4228 rides
761 4172 951 4226 baccas
974 4170 1199 4225 uniones
1224 4171 1603 4238 interpretatns
1638 4168 1791 4223 fuerit
1811 4187 1821 4220 :
1841 4184 1961 4222 cum
1992 4170 2165 4237 potius

588 4244 698 4299 sint
728 4242 1013 4308 smaragdi.
1038 4242 1267 4295 Consule
1292 4233 1518 4293 Plinium
1541 4249 1596 4294 ct
1624 4239 1908 4304 lsidorum,
1932 4233 2021 4293 liii.
2056 4256 2163 4307 xvn,

589 4329 710 4369 cum
742 4315 879 4367 notis
905 4312 1109 4368 Grialii.

660 4385 786 4438 272.
814 4384 935 4438 Boi.
966 4424 980 4445 ,
1028 4383 1170 4436 rubet
1210 4397 1372 4435 coma.
1418 4380 1666 4434 Heinsius
1714 4380 1805 4434 lib.
1860 4396 1875 4433 l
1910 4378 2161 4445 Advers.,

591 4469 710 4524 cap.
748 4456 832 4518 l7,
865 4455 971 4519 ait,
1021 4454 1243 4507 fortasse
1273 4461 1545 4524 praestare
1578 4467 1706 4504 nexa
1753 4465 1845 4520 pro
1895 4458 2068 4524 texta,
2113 4460 2168 4504 et

593 4521 744 4594 plura
793 4526 987 4577 similia
1036 4524 1275 4591 exempla
1337 4523 1575 4592 congerit
1627 4540 1640 4575 :
1693 4524 1880 4591 neque
1914 4521 2164 4589 pauciora

596 4597 809 4657 congeri
842 4602 1059 4659 pessent
1086 4609 1180 4659 pro
1212 4602 1365 4644 texta.

665 4662 788 4715 275.
817 4663 873 4715 In
918 4661 1067 4729 Egm.
1119 4672 1171 4713 et
1216 4661 1328 4713 Pal.
1382 4676 1487 4713 non
1517 4661 1671 4715 video
1701 4660 1824 4729 quid
1859 4660 2022 4714 lateat
2066 4661 2165 4714 sub

528 4744 535 4745 ’
597 4733 696 4787 hac
726 4748 854 4786 voce
885 4733 1019 4785 edita
1049 4747 1145 4795 pro
1175 4731 1342 4785 tazdet.
1370 4730 1570 4784 Prazter
1594 4731 1899 4799 Pignorium
1925 4730 2164 4784 Guascus

520 4862 525 4867 ,
597 4804 652 4858 in
681 4818 841 4896 opere
862 4804 999 4896 uelle
1030 4800 1283 4896 Ornatriei
1306 4818 1431 4855 ann.
1459 4801 1779 4896 1.775.:nultjt
1805 4802 2013 4896 erudite
2038 4815 2164 4896 co_n-
2190 4836 2241 4896 Β

596 4870 822 4945 gerit,ct
847 4873 913 4927 de
933 4874 1183 4927 costnelis
1212 4872 1324 4927 sive
1354 4872 1709 4945 ornatricibus
1738 4871 1894 4925 docte
1922 4870 2159 4945 disserit,

597 4940 660 5000 ac
691 4946 867 5014 plures
896 4945 1269 5011 inscriptiones
1296 4944 1621 5011 sepulcrales
1650 4940 2158 5014 earumexscribit:

600 5026 655 5070 ut
681 5013 981 5070 communia
1022 5013 1145 5066 olim
1176 5023 1328 5067 erant
1374 5015 1486 5067 hinc
1515 5014 1686 5081 elogia
1715 5013 1884 5067 servis
1912 5024 1968 5066 et
1993 5013 2158 5067 ancil-

600 5088 684 5150 lis,
716 5088 825 5139 sive
856 5103 881 5136 a
914 5085 1242 5153 prepinquis,
1276 5085 1387 5153 sive
1408 5099 1437 5137 a
1467 5084 1695 5137 dominis
1728 5088 1917 5153 posita.

667 5157 792 5211 275.
821 5156 937 5209 Vat.
968 5152 1047 5215 Α,
1079 5156 1256 5217 Alex.,
1286 5152 1625 5221 Urb.,,blar.,
1658 5168 1688 5207 a
1718 5152 1947 5208 Secunda
1982 5170 2163 5221 manu,

599 5228 869 5281 lleinsiani
916 5226 1182 5297 pigmentis
1224 5238 1350 5297 cum
1396 5218 1619 5297 Widm.
1648 5240 1804 5293 supra
1831 5235 1950 5297 ,get
1984 5218 2166 5297 iPalat.

602 5299 787 5353 Melius
820 5298 869 5350 id
896 5294 1161 5359 estquam
1202 5295 1455 5365 ﬁgmentis
1488 5294 1540 5345 in
1571 5294 1749 5362 Prag.,
1779 5295 1925 5361 Ald.,
1969 5296 2081 5350 Gis.
2117 5296 2169 5349 iu

603 5379 890 5429 contextu,
940 5377 991 5420 et
1021 5363 1266 5419 Weitzio'.
1300 5363 1568 5430 Piqmenta
1612 5379 1706 5432 pro
1752 5367 2021 5433 unguentis
2066 5381 2171 5420 non

602 5440 764 5493 semel
798 5447 996 5501 noster,
1029 5448 1083 5491 et
1115 5436 1430 5493 Dracontius
1462 5436 1514 5487 in
1544 5434 1895 5489 llexaemeru.

673 5510 795 5562 276.
820 5508 931 5561 Gis.
964 5507 1027 5561 ad
1056 5522 1228 5570 oram,
1259 5506 1395 5575 quod
1433 5506 1527 5573 fuit
1557 5520 1620 5558 ea:
1650 5503 1802 5574 falso.

673 5580 796 5632 277.
824 5578 1019 5632 Widm.
1063 5591 1243 5643 supra,
1274 5578 1375 5629 imo
1408 5592 1501 5644 pro
1536 5583 1695 5628 arcto.
1739 5575 2045 5631 Muliebrem
2088 5590 2170 5631 se-

604 5664 727 5704 xum
763 5650 1107 5703 inlirmiorem
1138 5662 1254 5702 esse
1274 5688 1289 5708 .
1338 5661 1523 5701 omnes
1552 5662 1657 5700 uno
1684 5660 1777 5699 ore
1806 5648 2169 5701 consentiunt.

605 5724 743 5776 Cave
776 5732 946 5773 tamen
977 5721 1041 5773 ab
1068 5720 1129 5772 iis
1153 5760 1167 5783 ,
1194 5716 1285 5786 qui
1326 5716 1551 5771 feminas
1590 5719 1640 5771 in
1688 5717 1899 5771 diversa
1940 5718 2168 5786 quadam

607 5792 674 5847 ab
704 5792 1004 5851 hominibus
1028 5790 1204 5861 specie
1227 5786 1512 5846 collocant.
1536 5786 1666 5847 Vide
1695 5787 1961 5847 Alcimum
1990 5788 2045 5845 in
2073 5788 2172 5849 lib.

2337 3542 2461 3595 281.
2490 3542 2676 3595 Petrus
2704 3536 2972 3608 apostolus
3006 3540 3177 3606 Epist.
3203 3538 3220 3591 l
3249 3552 3368 3606 cap.
3403 3554 3482 3602 Ill,
3513 3540 3545 3592 7
3579 3555 3593 3591 :
3629 3536 3737 3590 Viri
3758 3536 3828 3608 si-

2268 3610 2455 3665 militer
2494 3607 2834 3664 cohabitantes
2880 3609 3156 3663 secundum
3200 3610 3480 3671 scientiam,
3511 3610 3667 3679 quasi
3691 3607 3834 3667 inﬁr-

2268 3684 2416 3735 miori
2458 3681 2664 3734 vasculo
2708 3681 2943 3734 muliebri
2971 3680 3315 3748 impartientes
3348 3678 3609 3733 honorem.
3647 3678 3836 3731 Pratler

2268 3751 2628 3821 Tiraquellum
2682 3752 2784 3806 loc.
2831 3751 2921 3805 cit.
2972 3752 3093 3821 vide
3143 3750 3201 3821 Ρ.
3248 3748 3476 3821 Fabrum
3508 3765 3523 3802 ι
3552 3751 3835 3821 Semestr.,

2268 3837 2385 3892 cap.
2415 3818 2521 3877 ⁷16.
2574 3822 2710 3875 Nihil
2761 3823 2840 3892 his
2889 3820 3130 3876 versibus
3164 3819 3434 3892 Prudentii
3466 3819 3746 3892 nervosius
3774 3818 3835 3869 ad

2269 3890 2584 3947 feminarum
2639 3890 3023 3955 immodicum,
3076 3891 3495 3959 muliebremque
3564 3890 3836 3945 hominum

2270 3964 2449 4017 luxum
2483 3964 2926 4032 rcdarguendmn.
2960 3960 3108 4016 Adde
3140 4007 3153 4028 ,
3188 3961 3231 4014 si
3263 3963 3457 4028 placet,
3507 3960 3838 4032 illaboratam

2267 4030 3023 4104 Clirysostomi'eloquentiam
3068 4033 3119 4085 in
3162 4032 3345 4085 Matth.
3392 4032 3578 4104 homil.
3610 4030 3701 4093 50,
3734 4030 3839 4104 sive

2269 4104 2339 4159 49
2367 4100 2394 4155 ε’
2408 4104 2665 4169 Quantum
2705 4100 2840 4157 vobis
2871 4105 3083 4156 dedecus
3114 4118 3218 4156 esse
3268 4103 3454 4169 putatis
3473 4142 3487 4165 ,
3540 4118 3659 4154 cum
3684 4100 3839 4154 serica

2270 4174 2407 4238 licia,
2431 4192 2542 4243 qua:
2573 4191 2665 4227 nec
2693 4174 2907 4227 vestibus
2935 4176 3136 4243 quidem
3166 4175 3240 4225 vir
3269 4174 3453 4243 probus
3476 4187 3700 4238 unquam
3729 4169 3842 4222 sub-

2270 4242 2493 4310 texerat,
2536 4244 2806 4316 diligenter
2855 4244 3105 4316 inseri_tis.'
3130 4244 3335 4316 quantis
3381 4242 3475 4316 hoc
3514 4243 3726 4316 dignum
3757 4256 3839 4316 ca-

2269 4316 2466 4369 chinnis
2491 4310 2839 4368 arbitramur?
2982 4312 3165 4367 Dicitis
3192 4315 3325 4367 enim
3360 4311 3546 4381 pedum
3576 4310 3841 4365 sublevatis

2270 4388 2592 4440 deambulant
2632 4389 2682 4438 in
2724 4386 2924 4454 plateis,
2964 4385 3121 4438 nimio
3165 4385 3459 4454 plerumque
3486 4382 3607 4436 inde
3637 4395 3840 4454 mertare

2269 4458 2501 4525 confecti,
2534 4474 2594 4510 ne
2616 4450 2752 4525 caeno
2787 4458 2836 4509 in
2863 4457 3041 4517 hieme,
3066 4450 3385 4525 aut'pulvere'
3402 4454 3657 4525 intestate
3686 4450 3837 4525 calcei

2269 4529 2349 4580 sui
2367 4520 2715 4581 'mac’ulentur.
2754 4526 2888 4592 Quid
2933 4526 3093 4595 facis,
3126 4520 3401 4577 homo?....
3430 4523 3583 4588 Quod
3608 4526 3654 4576 si
3685 4533 3736 4574 tu
3778 4520 3835 4571 ab

2269 4597 2563 4668 hujusmodi
2598 4598 2709 4650 labe
2736 4596 2929 4668 munda
2958 4596 3101 4664 cupis
3134 4596 3471 4649 calceamenta
3496 4608 3718 4659 servare,
3742 4605 3839 4645 cer-

2269 4667 2460 4720 vicibus
2486 4669 2607 4733 tuis,
2639 4677 2726 4720 aut
2754 4667 2908 4735 capiti
2935 4676 3188 4720 connects.

2336 4737 2459 4792 286.
2488 4739 2653 4793 Gisel.
2704 4733 2823 4793 cum
2874 4737 3149 4790 Pultnanni
3212 4750 3344 4790 mss.
3373 4778 3388 4803 ,
3442 4744 3497 4789 et
3542 4733 3796 4789 Daventr.
3826 4777 3839 4798 ,

2270 4808 2391 4863 Rat.
2435 4827 2462 4861 a
2506 4810 2677 4879 prima
2720 4822 2899 4873 manu,
2951 4808 3129 4879 P_r_ag.,
3158 4806 3289 4860 Mar.
3325 4821 3353 4879 a
3386 4806 3621 4859 secunda
3663 4819 3835 4879 manu,

2268 4876 2705 4949 Weitz.,—Egm..
2749 4879 2939 4946 Bong.,
2980 4876 3441 4949 Widm.aprima
3484 4877 3823 4949 manu,_l_ev_es

2272 4951 2415 5004 Idem
2447 4943 2707 5005 Alexand.
2737 4943 3073 5017 cnm'glossa
3111 4943 3330 5017 flabilés.
3364 4944 3537 5001 Oxon.
3579 4961 3645 5017 ex
3689 4943 3843 4997 Hein-

2274 5022 2458 5086 sianis,
2493 5021 2678 5076 Urbin.
2707 5030 2760 5075 et
2791 5023 2870 5073 Iso
2892 5061 2907 5087 ,
2938 5020 3067 5085 lues,
3098 5018 3236 5087 quod
3281 5017 3468 5083 Aldus,
3500 5016 3701 5084 aliique
3728 5021 3842 5066 sunt

2274 5092 2464 5146 secuti.

2349 5162 2476 5216 287.
2506 5159 2706 5215 Plinius
2729 5160 2797 5215 de
2825 5160 3013 5214 Serum
3040 5159 3279 5224 regione,
3302 5169 3355 5212 et
3383 5157 3609 5212 vestium
3638 5152 3845 5223 cpiﬂcio

2278 5232 2371 5287 lib.
2403 5249 2472 5295 vr,
2503 5247 2620 5301 cap.
2657 5231 2722 5286 16
2748 5249 2759 5282 :
2783 5230 2913 5284 Tam
2938 5228 3227 5301 multiplici
3248 5244 3421 5297 opere,
3452 5238 3557 5301 tam
3578 5226 3844 5301 longinquo

2278 5303 2395 5356 orbe
2421 5292 2625 5373 petitur,
2655 5311 2709 5353 ut
2741 5313 2969 5373 matrona
2998 5302 3051 5354 in
3090 5292 3291 5369 publica
3332 5292 3843 5373 transluceatf'Apud

2280 5363 2439 5428 Seres
2466 5388 2496 5427 e
2523 5363 2787 5427 frondium
2818 5372 3064 5440 lanugine
3090 5363 3287 5424 'vestes
3329 5369 3525 5440 hebant
3554 5368 3740 5440 sericae
3766 5363 3845 5416 dt-

2278 5452 2397 5497 eue.
2450 5445 2520 5497 De
2562 5444 2798 5498 vestibus
2853 5436 3184 5512 bombycinis
3234 5440 3376 5495 idem
3405 5439 3608 5493 Plinius
3649 5436 3741 5491 lib.
3777 5447 3843 5497 st,

2280 5516 2750 5662 Lafzfimzéileinsius
2778 5597 2898 5662 cum
2921 5580 3080 5662 Festo
3097 5575 3847 5662 scribit-sentitis.‘l‘.lost‘riseu:

2282 5656 2400 5711 talis
2432 5671 2549 5708 cum
2579 5656 2701 5709 Ald.
2730 5697 2744 5721 ,
2780 5654 2923 5709 Sich.
2953 5694 2968 5720 ,
3001 5653 3112 5708 Gis.
3145 5652 3179 5703 2
3216 5652 3347 5706 edit.
3394 5660 3449 5705 et
3491 5648 3633 5704 aliis.
3664 5645 3848 5702 Vestes

2279 5728 2567 5794 scutulatte,
2600 5740 2719 5798 qua:
2748 5725 2999 5783 orbiculis
3028 5722 3445 5795 distinguuntur.
