4092 6344
280 431 406 487 1955
1604 428 2135 487 llAMARTlGENIA.
3382 428 3516 485 1058

444 543 673 601 ltludant
698 546 871 602 varias
899 547 1150 603 distincto
1185 548 1414 603 stamine
1445 547 1662 615 formas.
1868 551 1923 609 Α
2122 545 2442 602 Perversum
2475 544 2564 614 jus
2590 558 2750 601 onme
2781 543 2945 615 viget,
2973 542 3100 598 dum
3130 542 3387 615 quidquid
3422 545 3513 605 lia-

451 636 518 692 Ut
542 652 767 709 quaeque
793 646 876 694 est
899 640 1094 710 lanugo
1118 640 1230 696 lere
1259 639 1566 694 mollissima
1592 646 1754 703 tactu,
3191 636 3442 709 [bendnm

449 726 701 782 l‘ectitur.
733 727 884 784 Hunc
914 730 1095 785 videas
1128 730 1359 785 lascivas
1387 737 1621 799 prchcte
1647 741 1809 783 cursu
2125 726 2474 800 Omnipotens
2502 727 2746 794 dederat,
2780 726 2954 783 studia
2993 727 3045 783 in
3095 728 3361 783 contraria
3397 744 3515 783 ver-

458 817 750 875 Venantem
775 819 1007 890 tunicas,
1031 821 1206 876 avium
1232 834 1442 890 quoque
1461 819 1842 875 versicolorum
3283 820 3443 893 [tnnt.

272 910 377 967 295
450 908 763 965 Indumenta
794 911 947 967 novis
975 919 1243 967 texentem
1274 910 1484 980 plumea
1514 909 1631 965 telis
1658 927 1671 961 :

450 1000 597 1055 Illum
630 1000 911 1071 pigmentis
938 1001 1328 1069 redolentibus,
1355 1009 1411 1057 et
1440 1001 1721 1072 peregrino

454 1092 612 1165 523
666 1091 890 1149 Pulvere
943 1092 1204 1149 femineas
1260 1100 1595 1162 spargentem
1648 1092 1848 1163 tupiter
1953 1094 2057 1152 510

1573 1184 1771 1255 [auras.

455 1274 643 1330 Omnia
671 1274 825 1330 luxus
861 1274 1021 1329 habet
1048 1283 1245 1330 nostra:
1273 1275 1608 1345 vegetamina
1634 1275 1787 1341 vitae,

453 1362 710 1422 Sensibus
756 1366 810 1421 in
858 1366 1094 1437 quinque
1144 1376 1385 1423 statuens
1439 1382 1558 1439 qua:
1614 1367 1853 1424 condidit

1551 1460 1779 1533 [auctor.

455 1547 689 1603 Auribus
711 1556 871 1620 atque
895 1548 1089 1617 oculis,
1117 1559 1226 1605 tum
1250 1550 1467 1606 naribus
1494 1559 1652 1621 atque
1677 1551 1851 1621 palato

454 1641 723 1709 Qtueritur
754 1642 984 1699 infectus
1016 1645 1228 1699 vitiosis
1256 1645 1461 1700 artibus
1492 1661 1641 1701 usus.

461 1737 579 1802 Ipse
609 1732 791 1801 etiam,
821 1744 932 1790 toto
963 1735 1125 1806 pollet
1148 1736 1240 1806 qui
1266 1750 1515 1807 corpore,
1549 1743 1743 1803 tactus,

456 1829 740 1898 Palpamen
772 1838 1009 1885 tenerum
1031 1830 1240 1885 blandis
1266 1846 1296 1885 e
1324 1830 1519 1886 fotibus
1544 1830 1733 1885 ambit.

457 1920 597 1976 Proh
622 1922 795 1989 dolor,
821 1923 1077 1994 ingenuas
1105 1931 1308 1977 natum
1339 1922 1655 1979 occumbere
1685 1923 1849 1993 leges,
1885 1936 1932 1998 Β

276 2014 385 2072 503
458 2014 812 2086 Captivasque
844 2016 978 2072 trahi
1006 2024 1259 2087 regnante
1284 2014 1504 2073 libidine
1524 2016 1705 2072 dotes!

1955 1642 2058 1699 515

2124 911 2420 980 idcircone,
2450 928 2599 983 rogo,
2635 913 2955 983 speculatrix
2996 912 3194 984 pupula
3226 914 3374 969 molli

2131 1002 2353 1059 Subdita
2384 1002 2655 1072 palpebra}
2689 1012 2792 1069 est,
2834 1012 2892 1058 ut
2933 1004 3107 1073 turpia
3146 1003 3518 1061 semivirorum

2130 1094 2364 1150 Membra
2393 1091 2641 1149 theatrali
2670 1104 2876 1164 spectet
2912 1096 3176 1165 vertigine
3205 1095 3350 1160 ferri,

2131 1183 2401 1241 locestans
2428 1184 2653 1239 miseros
2693 1184 2835 1240 findo
2861 1184 3213 1241 oblectamine
3240 1188 3429 1245 visust

2129 1276 2291 1351 524
2317 1276 2424 1331 Al"
2451 1275 2572 1331 ideo
2600 1277 2825 1346 spirant,
2866 1276 3145 1347 mediaque
3171 1293 3234 1333 ex
3276 1294 3400 1334 arce
3432 1295 3515 1335 cc-

3289 1369 3452 1441 [rebri

2130 1459 2423 1514 Demittunt
2453 1460 2691 1528 geminas
2719 1458 2917 1514 sociata
2948 1458 3205 1514 foramina
3236 1476 3417 1525 nares,

2132 1549 2200 1605 Ut
2222 1549 2367 1605 bibat
2396 1548 2680 1606 illecebras
2708 1549 2846 1606 male
2877 1550 3157 1606 conciliata
3186 1552 3452 1622 voluptas,

2133 1642 2279 1710 Quas
2300 1642 2629 1712 pigmentato
2658 1642 2911 1697 meretrix
2931 1644 3063 1712 jacit
3084 1644 3323 1713 improha
3348 1645 3528 1700 crine?

2136 1734 2271 1790 Num
2306 1742 2523 1805 propter
2551 1735 2731 1805 lyrica:
2755 1735 3117 1791 modulamina
3144 1752 3278 1792 vana
3311 1737 3525 1808 puellas,

2130 1828 2533 1899 Nervorumque
2562 1842 2745 1895 sonos,
2781 1838 2835 1884 et
2862 1829 3139 1885 convivale
3168 1830 3390 1886 calentis

2134 1919 2361 1975 Carmen
2392 1920 2666 1989 nequitiae,
2694 1919 2903 1989 patulas
2934 1921 3073 1976 Dens
3107 1920 3309 1977 addidit
3345 1937 3523 1985 aures,
3578 1912 3581 1915 ⁷

2134 2012 2339 2083 Perque
2366 2025 2688 2067 cavernosos
2713 2012 2878 2080 jussit
2909 2020 3190 2091 penetrare
3212 2023 3421 2069 meatus

1568 2144 1851 2203 GLOSSA‘J
1893 2142 2241 2225 versans.

350 2263 476 2319 291.
502 2262 747 2327 llludant,
779 2260 1024 2327 colerent,
1050 2261 1087 2315 Ι.

351 2333 479 2389 292.
504 2332 657 2396 Fere,
688 2348 866 2402 prope,
896 2332 936 2385 1.

352 2404 479 2459 295.
505 2400 756 2468 Pectilnr,
786 2400 1019 2466 ornatur,
1045 2400 1085 2454 ι.

350 2474 479 2530 291.
506 2474 821 2537 Venantem,
854 2469 1612 2537 cntentem.—Versicolorum,
1644 2471 1860 2525 diversis

278 2544 557 2607 coloribus,
590 2544 627 2597 Ι.

2041 2256 2165 2310 501.
2197 2255 2479 2325 lngcttuas,
2512 2256 2724 2310 nobiles.
2752 2257 3045 2325 naturales,
3075 2256 3112 2309 Ι.

2039 2327 2163 2380 505.
2198 2324 2385 2393 Dotes,
2410 2326 2707 2379 donationes
2734 2324 2848 2390 Dei,
2878 2326 2915 2379 Ι.

2040 2396 2163 2451 506.
2190 2396 2532 2468 ξεῖνοι-ευρ),
2565 2412 2809 2468 perverse.
2842 2425 2909 2433 —
2940 2395 3106 2466 Viget,
3137 2400 3391 2468 prwvalet,
3419 2403 3458 2458 Ι.

2040 2468 2166 2522 507.
2198 2465 2443 2529 Vcrtnnt,
2475 2466 2721 2530 homines,
2751 2467 2788 2519 I.

2040 2538 2164 2593 508.
2196 2535 2366 2613 Rogo,
2399 2536 2674 2606 interrogo.
2700 2564 2767 2577 ——
2795 2535 3015 2607 Pupula,
3051 2539 3245 2607 pupilla
3270 2550 3316 2593 et
3338 2545 3533 2613 pupula

352 2615 478 2670 295.
505 2613 740 2677 Plumea,
763 2613 960 2677 mollia,
996 2610 1035 2665 I.
1058 2611 1245 2666 Pluma
1265 2614 1584 2666 dicituracus
1620 2654 1634 2678 ,
1662 2610 1795 2664 unde
1812 2610 1867 2663 in
1973 2609 2106 2664 idem
2127 2616 2267 2673 sunt,
2303 2607 2339 2660 Ι.

280 2684 600 2740 Bibliotheca
628 2685 811 2754 legitur
837 2697 999 2751 opere
1031 2684 1309 2751 plumario,
1344 2683 1461 2736 V'at.
1494 2682 1556 2736 A.

355 2756 483 2811 296.
509 2755 814 2821 Peregrino,
845 2754 1059 2816 exotico,
1090 2755 1126 2807 Ι.

356 2827 485 2881 298.
516 2823 720 2888 Luxus,
753 2824 979 2886 luxuria,
1005 2824 1222 2878 vanitas.
1247 2822 1865 2893 —V’egctamina,virtu-

286 2907 389 2965 tes,
422 2896 793 2962 fortitudinem,
822 2898 899 2946 vel
922 2895 1233 2960 virilitatem,
1271 2892 1649 2960 commotiones,
1686 2892 1725 2965 Ι.

363 2965 758 3090 300.IAurtbus
795 2974 953 3033 atque
998 2965 1187 3029 oculis,
1238 2968 1436 3031 auditu,
1467 2966 1596 3028 risu,
1644 2964 1861 3033 olfactu,

363 3047 463 3090 stu.
514 3075 527 3090 .

325 3047 463 3101 ustu,
492 3047 527 3090 Ι.

284 3057 805 3173 θυὲδιί.¹ῥυωιίιιιι·,
846 3104 908 3158 ab
938 3104 1043 3159 illis
1075 3104 1324 3171 sensibus,
1348 3105 1423 3158 vel
1440 3105 1600 3158 nobis.
1625 3132 1691 3142 —--
1719 3103 1862 3158 lnl'e-

286 3188 431 3241 ctus,
462 3186 754 3244 corruptus,
785 3178 822 3229 1.

365 3248 491 3305 505.
522 3243 830 3314 Palpamen,
865 3246 1127 3299 amictum.
1156 3273 1223 3285 —-
1250 3244 1493 3311 Fotibus,
1518 3243 1860 3299 nutrimentis.

289 3348 362 3361 —
388 3318 587 3384 Ambit,
618 3317 777 3389 cupit,
808 3315 1081 3381 desiderat,
1115 3315 1155 3370 Ι.
1245 3357 1251 3366 .

2047 2679 2170 2735 509.
2195 2676 2619 2751 §emivirorunt,
2664 2675 3068 2751 effeminatorum
3097 2682 3463 2751 cunuchorum,
3490 2684 3531 2739 l.

2045 2751 2168 2802 510.
2195 2748 2485 2815 Vertigine,
2519 2746 2833 2814 circuitione,
2860 2751 3125 2813 rotatione,
3152 2751 3191 2803 Ι.

2043 2822 2167 2875 5H.
2224 2818 2521 2885 lncestans,
2572 2818 2821 2885 polluens.
2857 2847 2928 2859 —
2962 2818 3126 2875 Ftedo
3160 2822 3533 2889 oblectamine,

1971 2894 2107 2962 turpi
2136 2890 2484 2962 delectatione,
2521 2890 2559 2944 l.

2041 2958 2160 3017 511.
2186 2958 2492 3033 illecebras,
2519 2959 2799 3033 fmditates,
2821 2960 3108 3015 sorditates.
3130 2992 3200 3002 —
3216 2962 3532 3033 Conciliata,

1968 3032 2337 3101 conglutinata,
2367 3030 2443 3084 vel
2465 3032 2758 3098 conjuncta,
2784 3030 2824 3085 Ι.

2038 3100 2162 3156 515.
2209 3100 2367 3165 Jacit,
2391 3102 2607 3169 spargit,
2638 3100 2677 3154 l.

2037 3170 2164 3226 516.
2196 3168 2423 3241 Lyricaa,
2451 3168 2749 3238 cytharalis,
2774 3170 2849 3241 vel
2871 3172 3081 3241 jocalis,
3112 3172 3148 3224 Ι.

2040 3241 2162 3296 517.
2193 3239 2451 3306 Calentis,
2482 3240 2739 3309 ferventis,
2772 3240 2813 3293 l.

2040 3311 2164 3367 519.
2193 3309 2547 3374 Cavernosos,
2587 3309 2930 3379 ﬂexibiles.—
2947 3310 3172 3381 Meatus,
3206 3316 3468 3383 transitus,
3498 3317 3538 3371 l.

1626 3449 2179 3507 COMMENTARIUS.

364 3572 488 3629 291.
513 3570 688 3636 Sicb.,
716 3570 875 3635 male,
902 3568 1094 3637 famine
1121 3567 1265 3621 telas.

361 3642 488 3699 292.
512 3640 657 3707 Ald.,
676 3634 872 3709 scripti
903 3634 1207 3702 Heinsiani,
1238 3646 1293 3692 et
1308 3650 1451 3709 quos
1476 3634 1868 3709 _vidit__blariet-

293 3726 403 3780 tus,
428 3718 579 3784 ferae;
601 3705 656 3784 et
682 3705 1278 3784 suspicaturﬁeinsius,
1306 3705 1677 3784 legendumUt
1697 3706 1874 3784 cuique

298 3794 369 3840 est
390 3775 585 3852 lanugo
611 3780 752 3847 ferte.
776 3775 954 3845 Alex.,
984 3778 1136 3844 Urb.,
1158 3775 1379 3844 Weitz.,
1401 3780 1539 3843 Gis.,
1579 3780 1704 3847 fere,
1732 3775 1873 3847 quod

332 3856 488 3909 lacet.

296 3872 493 3975 milii:
518 3919 761 3974 Lascivae
793 3918 988 3972 tunicae
1009 3926 1133 3971 sunt
1158 3927 1250 3973 aut
1282 3918 1489 3982 sericae,
1514 3926 1606 3971 aut
1629 3916 1875 3972 obscenis

300 3991 481 4056 figuris
534 3988 790 4053 variata,
844 3998 901 4041 ut
944 3988 1245 4056 suspicatur
1280 3986 1693 4041 Chamillardus.
1740 3986 1872 4039 Nam

300 4007 334 4046 II
374 4007 481 4044 111⁵18
534 4007 790 4053 νςιτιιιιω,
844 4007 901 4041 ιιι
944 4007 1245 4056 suspicatur
1280 4007 1693 4041 unanuttaruus.
1740 4007 1872 4039 nam

299 4007 549 4117 libidines
591 4068 832 4112 veterum
880 4058 931 4111 in
978 4057 1203 4126 poculis'
1231 4058 1360 4125 ipsis
1405 4066 1459 4110 et
1504 4056 1726 4126 panibus
1756 4070 1877 4126 *θι-

302 4146 501 4201 pressa:
538 4127 903 4201 intolerabiles
941 4123 1115 4182 erant.
1154 4123 1282 4183 Vide
1318 4127 1623 4196 Pignorium
1654 4125 1722 4179 dc
1751 4123 1875 4179 Ser-

300 4198 404 4268 vis,
439 4215 556 4270 pag.
578 4198 649 4270 76,7
677 4208 731 4253 et
757 4213 908 4266 seqq.

367 4265 745 4336 291.'Widm.,
778 4265 1066 4334 mendose,
1093 4274 1393 4321 ventantem.
1428 4265 1675 4321 Heinsius
1703 4273 1873 4331 notat,

298 4356 425 4396 suos
465 4344 693 4407 scriptos
737 4339 935 4393 habere
977 4339 1147 4391 avium
1175 4352 1369 4404 quoque
1394 4336 1783 4407 versicolorum;
1822 4345 1877 4407 c_t

298 4413 371 4466 ita
400 4420 545 4467 certe
576 4404 787 4464 habent
838 4408 1027 4462 nostri.
1076 4408 1131 4463 In
1173 4408 1412 4462 Giselitto
1454 4406 1667 4477 quidem
1704 4406 1728 4458 1
1765 4414 1816 4477 et
1841 4404 1879 4459 2

296 4483 428 4539 edit.
456 4480 540 4537 es't
567 4480 953 4544 versiculorum,
978 4478 1071 4533 sed
1098 4478 1349 4533 mendum
1384 4476 1533 4546 puto,
1562 4492 1668 4530 non
1694 4476 1876 4530 lcetio-

297 4553 382 4607 nis
406 4551 739 4606 varietatem.

368 4621 494 4678 295.
520 4622 575 4675 in
622 4623 797 4691 glossa
828 4620 944 4675 Vat.
974 4619 1041 4683 A,
1078 4617 1442 4673 Bibliothecam
1472 4617 1724 4691 intelligo
1754 4631 1876 4672 esse

300 4692 470 4748 Biblia
516 4690 667 4747 sacra
693 4730 708 4753 .
736 4706 855 4760 qua:
897 4707 961 4745 eo
990 4690 1208 4744 nomine
1238 4704 1268 4743 a
1298 4690 1569 4745 veteribus
1606 4702 1751 4760 saepe
1778 4703 1876 4754 ap-

299 4757 863 4833 pellabantur._Locus
908 4769 1091 4815 exstat
1136 4776 1148 4812 l
1188 4760 1368 4833 Exodi
1396 4774 1557 4833 _vers.
1594 4760 1621 4811 1
1652 4774 1663 4809 :
1691 4757 1876 4810 Decem

284 4828 525 4889 cortinas
558 4831 622 4884 de
666 4831 812 4899 bysso
837 4839 1025 4884 retorta
1045 4870 1059 4893 ,
1101 4837 1147 4880 et
1178 4828 1483 4896 hyacintho,
1505 4844 1584 4899 iac
1605 4842 1872 4899 purpura,

297 4918 549 4972 coccoque
573 4902 646 4953 bis
675 4896 830 4954 tincto
860 4901 1079 4972 variatas
1117 4913 1264 4972 apere
1293 4898 1548 4972 plumario
1588 4897 1765 4964 facies.
1786 4896 1871 4972 lle

297 4964 536 5029 vestibus
585 4986 702 5040 quae
731 4986 797 5026 ex
843 4970 1034 5040 plumis
1083 4964 1246 5040 variis
1286 4964 1870 5040 contexebantnrvide

298 5044 561 5100 Senecam
602 5037 701 5109 cp.
748 5037 1163 5096 9l.’Plumarius
1198 5041 1491 5109 vocabatur
1535 5037 1865 5109 antiquitus,

297 5116 387 5183 qui
438 5105 940 5183 httjusmodivestes
969 5108 1317 5183 conticiebat,
1368 5118 1460 5161 aut
1497 5108 1655 5179 etiam
1696 5106 1784 5183 qui
1817 5105 1869 5159 in

299 5176 540 5239 vestibus
583 5196 681 5234 acu
713 5181 891 5235 clavos
921 5189 973 5233 ct
1018 5178 1250 5232 scutulas
1276 5218 1291 5241 ,
1341 5186 1395 5231 et
1423 5193 1483 5231 ea
1514 5176 1631 5245 qua:
1661 5176 1871 5244 plumas

299 5256 479 5306 avium
511 5251 768 5316 referunt,
799 5250 1080 5320 pingebat._
1098 5248 1226 5301 Vide
1254 5248 1490 5320 Turneb.
1517 5248 1745 5320 Advers.
1773 5246 1867 5299 lib.

302 5338 377 5388 χι,
409 5338 525 5391 cap.
552 5320 644 5383 25,
677 5317 821 5375 nom.
852 5317 977 5386 549,
1020 5317 1085 5372 ad
1117 5320 1275 5391 verba
1306 5317 1593 5391 Yon“:th
1622 5317 1822 5391 Qantso
1853 5333 1866 5368 :

224 5398 225 5401 ‘
302 5386 571 5461 ριξυηαίιάε
613 5388 1475 5461 difﬁcultatepernobiles..Pntat
1527 5386 1868 5461 Prudentium

302 5455 537 5518 indicare
559 5455 734 5517 vestes
764 5462 816 5515 in
844 5455 1037 5530 quibus
1057 5459 1164 5512 sine
1189 5468 1475 5512 assumento
1500 5474 1592 5510 acu
1614 5455 1868 5525 pingendo

300 5534 491 5603 plumis
517 5532 682 5603 avium
702 5532 1007 5599 referuntur.

374 5604 498 5658 296.
523 5600 718 5656 Weitz.
743 5596 766 5668 ,’
789 5610 835 5655 et
880 5600 1163 5671 peregrino.
1213 5598 1401 5661 Aldus,
1431 5614 1511 5671 ex.
1544 5596 1812 5671 Giselinus
1844 5596 1869 5650 1

302 5682 358 5728 et
389 5672 422 5726 2
451 5672 579 5728 edit.
614 5667 771 5725 habet
796 5680 841 5725 et
864 5667 984 5725 cum
1000 5667 1279 5739 plerisque
1308 5668 1685 5723 vetustissimis
1710 5667 1868 5734 Man,

305 5743 452 5808 Rau,
485 5742 667 5810 Prag.,
699 5740 819 5810 _Vat.
847 5743 890 5795 A
921 5752 974 5796 et
999 5740 1137 5795 aliis.

373 5814 500 5870 297.
561 5808 713 5880 Α“ιιυ‹1
764 5810 1045 5865 Weitzium
1095 5810 1162 5864 Μ.
1216 5811 1370 5879 Berg.
1418 5809 1543 5878 legit
1584 5822 1729 5862 aures
1777 5820 1871 5876 pro

305 5900 479 5942 auras.

587 5980 856 6041 ΡΑτιιοι..
902 5973 1062 6038 LIX.

1893 3566 1940 3628 Ο
2042 3562 2168 3619 299.
2204 3561 2564 3637 Pulcherrima
2606 3564 2893 3637 descriptio
2932 3567 3162 3637 quinque
3199 3550 3452 3629 sensuum
3492 3584 3542 3632 et

1977 3634 2297 3706 corruptela:
2322 3648 2426 3704 qua
2454 3634 2522 3706 ab
2548 3634 2852 3690 hominibus
2880 3634 3273 3706 pervertuntur.

2045 3704 2168 3759 500.
2199 3702 2375 3772 Prag.,
2410 3704 2566 3771 male,
2598 3714 2697 3758 tam
2722 3721 2817 3770 pro
2844 3702 2972 3765 tum.

2049 3775 2173 3850 501.
2206 3774 2401 3850 0xo_n.,
2423 3774 2598 3850 Prag.,
2629 3786 2683 3831 et
2704 3775 2831 3832 Mar.
2866 3794 2895 3831 a
2925 3780 3157 3835 secunda
3187 3798 3369 3850 manu,
3398 3794 3547 3838 artu-

1978 3847 2088 3902 bus.
2121 3844 2423 3915 Legendum
2453 3848 2662 3900 artibus.

2049 3916 2171 3971 502.
2210 3916 2450 3970 Alcimus
2497 3918 2683 3971 Avitus
2724 3918 2815 3971 lib.
2846 3934 2883 3983 ι,
2925 3935 3064 3973 vers.
3109 3919 3215 3975 85:
3249 3923 3439 3979 Tactus
3480 3928 3549 3980 ad

1977 3987 2236 4062 haecsolus
2260 3995 2362 4062 toto
2378 3988 2464 4055 qui
2484 4003 2696 4062 corp_ore
2706 3990 2873 4057 jndex
2887 3989 3104 4055 Sentiat,
3130 4000 3232 4045 etc.
3256 3994 3466 4058 Cicero,
3483 4012 3544 4062 11,

1977 4056 2269 4133 denNatnra
2297 4055 2555 4133 deorum:
2588 4055 2973 4133 Tac-tueantur:
2999 4070 3340 4133 totocorpare
3373 4055 3549 4133 atquo-'-

1980 4126 2146 4179 biliter
2175 4127 2320 4193 fusus
2346 4136 2438 4188 est,
2472 4132 2577 4180 etc.
2609 4126 2726 4181 Alia
2757 4127 2824 4181 ibi
2861 4130 2926 4180 de
2957 4130 3202 4183 sensibus
3220 4126 3435 4186 Cicero.

2051 4196 2172 4250 505.
2216 4196 2372 4260 Man,
2416 4204 2503 4261 et;
2530 4210 2708 4265 supra,
2738 4213 2785 4251 e.
2830 4196 3009 4265 Prag.,
3036 4198 3260 4263 Widm.,
3285 4212 3352 4255 et.
3383 4203 3551 4257 Aldus

1978 4274 2031 4319 et
2080 4265 2214 4335 apud
2249 4266 2529 4320 Weitzium
2571 4264 2855 4329 Giselinns,
2902 4264 3004 4328 ea;
3043 4269 3135 4324 sed
3180 4271 3339 4324 altum
3383 4276 3553 4328 voluit

1934 4352 1937 4355 ·
1978 4336 2177 4413 dicere,
2211 4335 2626 4413 nanvGiselinus
2653 4338 2861 4413 Redit.
2900 4336 3057 4393 habet
3104 4355 3165 4403 e;
3191 4342 3271 4395 vel
3301 4342 3549 4413 intelligit

1980 4405 2238 4461 Weitzius
2265 4406 2553 4461 editionem
2586 4408 2609 4459 1
2645 4407 2883 4461 Giselini.

2049 4476 2172 4548 507.
2207 4476 2431 4548 limitatio
2457 4476 2813 4548 Maronisilib.
2846 4493 2904 4540 tt,
2930 4480 3103 4534 studia
3126 4482 3178 4535 in
3206 4485 3482 4536 contraria.
3604 4539 3614 4548 ,

2049 4547 2175 4602 508.
2213 4547 2509 4601 Notandum
2556 4559 2638 4601 est
2676 4547 3092 4605 Cliamillardum
3133 4551 3196 4605 ad
3253 4568 3397 4611 vers.
3437 4556 3547 4610 874

1978 4632 2217 4691 errorem
2230 4633 2393 4691 suum
2418 4617 2719 4685 agnovisse,
2738 4633 2848 4691 quo
2869 4620 3133 4689 pupulum,
3157 4638 3275 4691 quae
3295 4633 3379 4679 est
3404 4626 3549 4682 oculi

1981 4688 2197 4756 pupilla,
2228 4689 2604 4757 interpretatus
2634 4696 2716 4741 est
2738 4687 2824 4742 hic
2852 4687 3094 4756 puellam.

2055 4758 2177 4813 ‘5l0.
2226 4758 2441 4813 Theatri
2482 4760 2681 4812 veteris
2724 4758 3027 4814 obscenitas
3058 4762 3159 4816 hoc
3197 4762 3316 4819 loco
3345 4764 3546 4819 indica-

1980 4836 2089 4889 tur,
2133 4829 2200 4899 de
2229 4845 2332 4896 qua
2381 4830 2511 4882 satis
2560 4837 2771 4899 Constat
2811 4846 2822 4879 ε
2862 4844 3162 4899 quanquam
3213 4849 3318 4887 non
3359 4836 3547 4889 dubito

1981 4899 2113 4969 quin
2130 4898 2187 4969 in,
2212 4899 2413 4951 recenti
2444 4902 2648 4969 theatro
2672 4898 2835 4950 multa
2862 4899 2971 4954 sint
2999 4898 3118 4969 qua:
3139 4906 3380 4957 incestcut
3400 4907 3546 4960 mise-

1976 4982 2059 5019 ros
2090 4968 2223 5037 ftedo
2251 4967 2578 5020 oblectamine
2606 4982 2760 5021 visus.

2047 5037 2175 5091 512.
2210 5037 2353 5101 ι’ὶξιι.,
2385 5037 2690 5107 atqueitleo,
2730 5052 2832 5091 non
2864 5039 2930 5092 ita
2964 5039 3118 5093 bene.

2052 5107 2176 5161 515.
2211 5108 2355 5170 Ald.,
2383 5109 2559 5175 Prag.,
2585 5107 2811 5175 Widm.,
2836 5110 3117 5163 dimittunt.

2052 5178 2174 5253 515.
2211 5175 2328 5253 γει.
2504 5177 2644 5253 Quis
2674 5178 2982 5253 pigmentato
3026 5182 3262 5235 meretrix
3279 5184 3419 5253 jacet
3448 5185 3545 5238 im-

1978 5250 2145 5319 proba
2166 5248 2323 5319 crine.
2356 5247 2541 5301 Melius
2563 5248 2672 5319 alii,
2696 5265 2819 5317 quas
2836 5250 2987 5319 jacit.
3266 5294 3271 5297 .

2053 5318 2175 5371 516.
2203 5316 2540 5371 Citharmdas
2582 5316 2713 5371 olim
2754 5321 2804 5369 in
2834 5316 3131 5375 ministerio
3173 5322 3339 5377 fuisse
3365 5325 3550 5379 obser-

1980 5396 2070 5442 vat
2096 5387 2375 5461 Pignorius
2398 5388 2463 5442 de
2480 5389 2659 5461 Servis
2680 5402 2801 5455 pag.
2831 5388 2896 5442 7S
2917 5399 2972 5461 et
2998 5390 3082 5452 79,
3103 5392 3189 5457 qui
3218 5393 3546 5461 epitaphium

1983 5459 2207 5512 Auxesis
2244 5458 2551 5513 citharmdm
2580 5462 2805 5526 proteri,
2833 5468 2885 5511 et
2915 5458 3015 5513 hoc
3055 5458 3412 5517 ministerium
3440 5467 3550 5519 ele-

1980 5537 2166 5599 ganter
2193 5528 2429 5596 tetigisse
2458 5526 2800 5599 Prudentium
2840 5528 3085 5585 advertit.
3120 5531 3270 5599 Apud
3297 5536 3544 5589 eumdem

1984 5597 2169 5653 videre
2197 5601 2397 5667 poteris
2421 5599 2625 5666 aliquot
2650 5597 2870 5668 cithara:
2896 5604 3104 5668 species
3134 5597 3449 5657 delitteatns.

2052 5669 2176 5724 517.
2200 5666 2356 5740 ᾈΙιΙη
2380 5668 2663 5740 etcouvivae
2700 5666 2987 5740 recalentis,
3016 5671 3153 5740 quod
3185 5682 3394 5740 poterat
3418 5675 3551 5729 reti-

1980 5740 2124 5803 neri;
2155 5739 2247 5793 sed
2274 5739 2596 5792 membrana:
2633 5737 2924 5808 praeferunt
2961 5750 3007 5794 et
3032 5737 3301 5796 convivale
3341 5744 3552 5798 calentis

1978 5825 2177 5863 carmen
2219 5810 2468 5879 nequitia.

3175 5954 3251 6025 33
