4092 6344
253 488 383 547 1057

429 699 538 751 llna
583 696 890 757 voluntatis,
921 694 1078 763 juris,
1115 694 1347 756 virtutis,
1379 694 1600 746 amoris.

249 790 351 845 530
426 789 538 842 Non
567 798 743 842 tamen
769 787 967 840 Idcirco
994 786 1099 840 duo
1131 790 1372 848 numina,
1408 800 1505 838 nec
1521 785 1629 839 duo
1650 800 1832 840 rerum

425 885 707 947 Artifices;
739 883 989 951 quoniam
1020 881 1235 951 generis
1265 881 1535 934 dissensio
1564 881 1704 933 nulla
1730 890 1831 935 est.

427 977 584 1047 527
621 980 792 1044 Atque
847 975 966 1029 ideo
1014 973 1156 1028 nulla
1204 982 1287 1028 est
1329 975 1507 1043 operis
1544 973 1832 1038 distantia,

1435 1137 1438 1139 _
1580 1062 1597 1134 [
1621 1064 1762 1118 nulla

431 1158 663 1230 Ingenii;
693 1158 1004 1228 peperitque
1031 1156 1168 1211 bona
1193 1156 1372 1209 omnia
1401 1157 1648 1210 conditor
1677 1173 1832 1211 unus.

429 1254 508 1308 Nil
538 1253 738 1307 luteum
779 1251 845 1305 de
873 1250 1020 1304 fonte
1052 1249 1186 1311 ﬂuit,
1207 1263 1313 1303 .uec
1346 1249 1591 1303 turbidus
1626 1250 1817 1303 humor

251 1351 360 1404 555
436 1346 702 1408 Nascitur,
733 1353 823 1397 aut
846 1343 1030 1411 prima:
1059 1341 1289 1395 violatur
1319 1341 1526 1410 origine
1555 1356 1736 1404 vcnm;

439 1437 567 1502 Sed,
598 1437 722 1490 dum
753 1434 977 1488 liventes
1011 1432 1186 1502 liquor
1209 1433 1547 1502 incorruptus
1574 1446 1766 1496 arenas

436 1532 762 1597 Prmlambit,
789 1529 1080 1600 putrefacta
1116 1531 1254 1584 inter
1284 1530 1528 1598 contagia
1557 1529 1762 1585 sordet.

435 1626 680 1696 Nunquid
706 1641 896 1694 equus,
925 1622 1145 1687 ferrum,
1177 1632 1382 1688 taurus,
1417 1622 1521 1689 leo,
1546 1623 1702 1686 funis,
1736 1623 1834 1676 oli-

1607 1714 1764 1785 [vum

433 1811 488 1864 In
536 1824 594 1863 se
639 1808 742 1862 vim
784 1807 1038 1870 sceleris,
1069 1823 1189 1860 cum
1229 1806 1620 1869 formarentur,
1676 1808 1838 1862 babe-

1561 1898 1768 1971 Ibant?

249 1997 358 2054 560
435 1993 585 2061 Quod
633 1993 903 2062 iugulatur
936 1993 1119 2056 homo,
1166 2007 1271 2047 non
1303 1991 1501 2047 ferrum
1549 2006 1710 2046 causa
1754 1991 1838 2046 fu-
1869 1997 1916 2057 Β

1505 2088 1515 2096 '
1559 2086 1578 2155 ι
1601 2086 1758 2150 roris,

1589 484 2128 544 HAMARTIGENIA.

422 607 627 674 Quippe
660 619 819 658 unum
851 615 1037 657 natura
1063 603 1212 656 facit:
1237 617 1353 672 qum
1379 610 1595 656 constat
1621 600 1831 672 utrique
1859 603 1913 665 Α

1937 1063 2043 1118 δίιΞί

1945 1625 2048 1682 570

3385 487 3519 550 1058

2117 603 2222 660 Sed
2259 619 2448 659 manus
2496 611 2622 658 est:
2668 619 2765 660 nec
2811 607 3005 674 eq’uum
3051 606 3266 662 vesania
3317 606 3522 662 fervida

2693 749 2706 758 .
3280 698 3298 770 [
3320 699 3451 753 circi

2117 788 2404 841 Auctorem
2435 788 2667 844 levitatis
2701 788 2886 856 habet,
2920 789 3159 860 rapidive
3185 790 3429 861 fragoris.

2118 878 2264 932 Mens
2292 879 2436 948 vulgi
2467 879 2689 934 rationis
2715 881 2869 948 in0ps
2902 896 3005 934 non
3037 898 3228 935 cursus
3259 896 3521 950 equorum

2119 968 2379 1024 Perfurit:
2415 971 2598 1025 infami
2625 972 2806 1026 studio
2829 972 2970 1041 perit
3005 973 3134 1028 utile
3158 973 3380 1028 donum.

2116 1064 2205 1119 Sic
2236 1065 2668 1120 Lacedaemonias
2690 1065 2812 1119 oleo
2856 1066 3126 1121 maduisse
3155 1068 3433 1135 palwstras

2116 1157 2394 1224 Novintus,
2427 1167 2482 1214 et
2507 1157 2775 1228 placidum
2810 1159 3016 1215 servire
3046 1159 3114 1215 ad
3141 1162 3364 1216 crimina
3405 1175 3524 1218 suc«

3270 1257 3454 1328 [cum.

2117 1344 2419 1416 saslnde
2450 1359 2544 1415 per
2575 1346 2778 1401 aerium
2813 1347 3052 1416 pendens
3072 1349 3294 1403 audacia
3323 1349 3526 1416 funem,

2115 1441 2290 1494 Ardua
2321 1440 2522 1495 securis
2545 1441 2754 1495 scandit
2782 1441 3061 1509 proscenia
3089 1441 3309 1508 plantis.

2121 1534 2250 1588 lude
2279 1533 2422 1588 feras
2449 1533 2654 1588 volucri
2687 1536 2969 1589 temeraria
2991 1549 3218 1603 corpora
3248 1537 3386 1590 saltu

2122 1625 2472 1689 Transiliunt,
2499 1626 2796 1694 mortisque
2825 1626 2963 1679 inter
2983 1624 3296 1679 discrimina
3321 1625 3528 1691 ludunt,

2121 1718 2409 1787 Sanguinis
2441 1717 2658 1772 humani
2680 1717 2986 1784 spectacula
3011 1716 3254 1784 publicus
3279 1716 3390 1771 edit

2123 1809 2444 1874 Consessus,
2480 1807 2736 1878 legesque
2756 1806 2950 1876 jubent
2976 1807 3162 1861 venale
3191 1807 3366 1876 parari

2122 1901 2475 1970 Supplicium,
2515 1915 2623 1970 quo
2648 1899 2886 1955 membra
2930 1898 3230 1962 hominum,
3265 1899 3531 1969 discerpta

3182 1993 3194 2062 [
3221 1993 3461 2046 cruentis

2123 2087 2404 2153 Morsibus,
2436 2085 2708 2140 oblectent
2735 2084 2960 2139 hilarem
2991 2084 3058 2138 de
3085 2083 3274 2138 funere
3296 2083 3530 2154 plebem.

1571 2217 1858 2275 ϐιοδδῶ
1902 2219 2234 2276 VETERES.

330 2358 454 2413 554.
487 2356 595 2412 Nec
623 2353 865 2410 turbidus
889 2355 1100 2418 humor,
1137 2356 1281 2424 origo
1305 2361 1481 2407 nostra
1513 2370 1640 2425 pura
1685 2362 1731 2407 ct
1759 2355 1839 2408 in-

252 2430 548 2496 culpabilis,
577 2427 613 2480 Ι.

331 2500 458 2555 557.
496 2496 821 2559 Prmlantbit,
853 2505 1120 2565 prtcnalat,
1153 2495 1191 2548 Ι.

333 2573 458 2628 558.
493 2569 725 2630 Olivum,
761 2569 808 2618 in
839 2564 1108 2635 pala’stris,
1142 2566 1182 2628 1,
1206 2564 1322 2618 Vat.
1354 2565 1417 2620 A.

332 2643 457 2697 561.
491 2639 652 2703 Circi,
681 2638 791 2690 ludi
819 2637 980 2699 illius,
1015 2637 1052 2689 Ι.

235 2722 242 2729 ’
331 2712 453 2768 562.
489 2709 764 2774 Levitatis,
799 2709 1100 2762 velocitatis.
1151 2737 1220 2747 -—
1258 2705 1528 2777 Fragoris,
1563 2706 1844 2761 inordinati

252 2784 394 2842 soni.
427 2783 463 2836 I.
800 2787 815 2798 ‘

335 2854 457 2908 563.
501 2852 678 2919 Inops,
712 2850 864 2904 iners.
909 2849 947 2902 1.

330 2925 455 2978 36ε.
490 2921 698 2984 Infanti,
730 2921 886 2988 turpi.
911 2949 980 2959 —-
1009 2919 1235 2989 Donum,
1269 2933 1443 2988 equus,
1485 2919 1522 2973 Ι.

332 2995 457 3051 565.
487 2992 936 3056 Laceda-tnonias,
962 2990 1367 3055 Lacedwmonia,
1387 2994 1498 3057 ipsa
1521 2999 1591 3044 est
1621 2990 1838 3058 Sparta,

251 3069 436 3123 civitas
459 3062 690 3126 ercice,
715 3061 797 3115 ubi
819 3063 1036 3131 primum
1067 3078 1182 3114 usus
1225 3062 1317 3114 iste
1362 3071 1593 3129 repertus
1639 3072 1734 3117 est.
1774 3091 1837 3102 -—

1952 2357 2251 2431 Palaestras,
2286 2357 2617 2424 luctationes;
2671 2374 2827 2427 PALO,
2863 2359 2918 2412 id
2953 2368 3024 2414 est
3050 2361 3193 2431 fugio
3224 2363 3299 2415 vel
3340 2362 3534 2419 luctor:

1947 2428 2063 2480 inde
2090 2429 2364 2497 pala’strcv,
2400 2431 2436 2482 Ι.

2014 2497 2141 2553 566.
2175 2498 2426 2564 Succum,
2461 2501 2578 2559 olei.
2613 2500 2744 2554 Mar.

2018 2567 2141 2622 568.
2178 2569 2486 2635 Proscenia,
2538 2570 2818 2634 Vestibula,
2866 2575 2940 2625 vel
2984 2573 3116 2624 atria
3146 2584 3265 2626 ante
3309 2591 3532 2630 scenam.

1953 2635 2277 2713 l’qaltestrita,
2312 2643 2646 2706 colluctator;
2694 2645 2958 2713 proscenia
3007 2644 3143 2710 ipsos
3177 2662 3355 2708 fassus
3397 2647 3535 2713 funi's

1949 2709 2071 2782 dicit
2091 2714 2390 2777 ;proscenia
2419 2723 2463 2764 ct
2490 2709 2718 2782 pulpita,
2752 2714 2942 2782 gradus
2987 2709 3179 2779 scenar;
3208 2717 3272 2770 de
3303 2709 3534 2770 aduena-

1950 2780 2103 2845 batis,
2139 2783 2191 2832 id
2232 2796 2301 2834 est
2335 2780 2668 2851 funambulis,
2704 2784 2741 2838 Ι.

2023 2851 2148 2923 569.
2178 2851 2360 2923 Feras,
2395 2870 2568 2920 equos.
2601 2886 2668 2894 ——
2704 2856 2936 2923 Volucri,
2966 2857 3144 2920 veloci,
3174 2859 3209 2912 1.

2020 2922 2145 2994 570.
2183 2922 2519 2994 Discrimina,
2546 2926 2796 2994 pericula,
2847 2928 2884 2982 Ι.

2185 2993 2324 3066 Ιξῶιἓ
2350 2993 2562 3066 profert,
2586 2998 2768 3062 cernit,
2804 3000 2840 3051 Ι.

2027 3062 2152 3116 572.
2197 3062 2496 3132 Publicuut,
2527 3068 2728 3125 venale.
2756 3067 2859 3122 lso.

1634 3215 2192 3275 COMMENTARIUS.

335 3359 458 3416 358.
496 3357 615 3413 Vat.
652 3357 716 3418 A,
745 3356 884 3425 fecit,
915 3365 1099 3409 contra
1135 3365 1384 3410 metrum.

336 3431 461 3486 550.
496 3430 638 3492 liat.,
674 3444 760 3480 nec
792 3437 977 3480 tamen.

341 3503 463 3554 551.
498 3499 680 3568 Prag.,
706 3497 849 3550 nullii
876 3497 993 3550 sine
1015 3505 1107 3568 est.
1133 3496 1374 3552 Clericus
1413 3511 1848 3568 asserereausns

265 3583 351 3632 est
382 3567 626 3626 Niemnos
680 3569 866 3622 Patres
897 3568 1023 3621 nihil
1059 3567 1202 3622 aliud
1233 3575 1419 3622 contra
1447 3567 1628 3621 Arium
1656 3567 1847 3622 deﬁni-

266 3646 434 3709 visse,
481 3641 582 3694 nisi
626 3640 956 3692 divinitatem
993 3655 1096 3692 non
1143 3640 1193 3693 in
1233 3647 1340 3692 tres
1385 3638 1609 3692 diversa:
1650 3639 1847 3706 speciei

264 3725 506 3775 naturas,
541 3710 634 3763 sed
672 3711 722 3763 in
758 3719 866 3764 tres
907 3709 1142 3779 ejusdem
1189 3710 1371 3764 forma:
1399 3718 1450 3762 et
1499 3710 1716 3777 :rqualis
1755 3727 1845 3764 nr-

265 3785 410 3840 dinis
441 3781 700 3836 essentias
741 3795 862 3832 esse
902 3781 1208 3844 diductam;
1240 3792 1292 3834 et
1331 3780 1589 3834 vocabulo
1619 3779 1846 3835 homon-

268 3858 388 3910 siou
449 3853 620 3904 solum
673 3849 959 3917 signiticari
1011 3853 1323 3904 substantia:
1381 3853 1737 3918 :cqualitatcm
1794 3863 1848 3908 et

271 3944 306 3978 ιι
345 3934 477 3976 tura:
508 3918 910 3972 similitudinem
942 3921 1221 3985 quamdam
1249 3936 1344 3974 seu
1367 3921 1703 3982 aflinitatem,
1738 3938 1842 3978 non

271 4009 398 4046 vt'rtt
431 3990 780 4044 identitatem.
833 3989 1085 4041 liamdem
1135 3989 1495 4058 impudentem
1537 3989 1844 4058 Opinionem

272 4063 506 4117 inculcat
539 4062 589 4112 ln
621 4059 736 4112 Vita
772 4058 1064 4122 Prudentii,
1104 4067 1235 4113 tom.
1288 4059 1374 4112 XII
1420 4060 1552 4112 Bibl.
1607 4061 1840 4116 llnin'rs.

270 4135 360 4189 Ait
392 4133 663 4194 nimirum,
687 4128 1031 4182 Prudentium
1055 4128 1157 4183 hoc
1178 4144 1330 4184 versu
1358 4143 1574 4197 negare,
1598 4146 1716 4184 esse
1740 4142 1848 4185 tres

271 4204 504 4259 artifices
537 4213 736 4265 rerum,
760 4201 939 4268 specie
967 4215 1060 4254 seu
1083 4215 1280 4270 genere
1305 4200 1575 4254 diversos:
1609 4205 1846 4269 quoniam

269 4275 467 4342 generis
516 4273 760 4324 dissensio
805 4270 946 4322 nulla
984 4281 1075 4323 est.
1139 4270 1274 4342 Quid
1321 4273 1490 4339 magis
1536 4270 1767 4342 alienum
1815 4289 1848 4326 ιι

270 4337 548 4400 l’rudentii
581 4349 761 4394 mente
792 4342 914 4408 llngi
939 4342 1154 4408 potest?
1183 4340 1369 4394 Nonne
1391 4337 1687 4408 s'wpissime
1718 4341 1848 4396 Pru-

276 4417 491 4470 dentius
519 4428 676 4482 genus
725 4425 820 4480 pro
869 4423 1052 4465 natura
1090 4413 1282 4480 accipit
1306 4413 1329 4465 ’ἶ
1371 4428 1548 4466 nonne
1595 4422 1706 4466 toto
1747 4416 1847 4469 hoc

269 4489 405 4540 libro
453 4485 505 4538 itt
553 4499 618 4536 eo
663 4492 747 4536 est
791 4492 848 4534 ut
892 4483 1079 4549 probet
1121 4482 1364 4537 eamdem
1420 4500 1538 4536 esse
1588 4484 1637 4536 in
1678 4485 1847 4538 tribus

273 4559 516 4625 personis
545 4563 810 4619 naturam,
842 4562 895 4606 et
926 4569 1038 4625 non
1079 4569 1238 4621 posse
1269 4553 1402 4607 duos
1435 4563 1622 4625 natura
1654 4553 1845 4608 distin-

269 4622 384 4681 ctos
415 4626 544 4679 deos
567 4625 863 4678 consistere
891 4625 913 4676 ?
946 4622 1078 4677 Vide
1109 4639 1265 4692 supra
1293 4640 1432 4678 vers.
1476 4623 1540 4677 47
1566 4643 1574 4674 ;
1606 4625 1752 4677 Ausit
1800 4635 1848 4678 et

257 4700 426 4752 unius
454 4704 646 4749 natura:
685 4694 911 4747 scindere
934 4695 1080 4748 vires.
1107 4693 1278 4746 Genus
1304 4709 1400 4760 pro
1423 4707 1605 4748 natura
1631 4697 1699 4748 ab
1726 4696 1845 4750 aliis

267 4771 426 4823 etiam
462 4765 621 4828 sumi,
679 4763 852 4817 notavi
912 4764 977 4816 ad
1020 4779 1156 4817 vers.
1189 4763 1274 4817 55.
1309 4767 1506 4817 Confer
1534 4782 1650 4832 qum
1679 4766 1841 4819 Joan-

268 4854 366 4894 nes
400 4838 612 4892 Lamius
639 4834 894 4887 adversus
923 4832 964 4887 C
985 4833 1114 4887 erici
1149 4837 1330 4886 Artem
1354 4837 1592 4888 criticam
1621 4837 1840 4890 disserit

267 4911 320 4964 in
350 4910 620 4962 dissertat.
653 4905 720 4958 de
752 4904 910 4957 Recta
941 4904 1158 4958 Patrum
1196 4904 1531 4958 Nicmnorum
1564 4905 1714 4970 Fide,
1751 4906 1839 4960 ubi

264 4981 747 5051 egregienostrum
780 4984 984 5051 poetam
1015 4975 1270 5051 defendit.
1297 5047 1306 5051 _
1387 5023 1394 5031 ,

337 5045 460 5105 553.
492 5048 624 5116 Prag
654 5087 667 5111 ,
701 5047 1150 5116 peperitquoniam
1171 5047 1361 5098 omnia.
1395 5045 1520 5098 Mar.
1552 5061 1578 5098 a
1610 5046 1841 5100 secunda

269 5137 452 5184 manu,
480 5115 656 5188 Egtn.,
694 5117 845 5176 Fab..
877 5115 989 5170 Gis.
1025 5116 1092 5188 ad
1112 5131 1282 5188 oram,
1321 5116 1472 5179 Urb.,
1527 5118 1837 5188 peperitque.

269 5186 546 5247 Giselinus
565 5190 613 5240 in
633 5195 905 5249 contextu,
927 5187 1114 5257 peperit
1138 5186 1268 5240 bona
1285 5203 1399 5238 nam
1417 5189 1610 5239 omnia.
1638 5186 1842 5240 Vetusti

267 5264 355 5316 alii
387 5261 575 5330 peperit
604 5258 734 5311 bona
777 5259 1122 5330 omniaynon
1176 5257 1306 5330 eliso
1349 5275 1379 5308 a
1423 5257 1473 5308 in
1523 5259 1674 5320 bona,
1699 5257 1842 5326 quod

269 5329 561 5388 l'ruilcntio
588 5344 692 5383 non
721 5343 840 5382 esse
869 5329 1104 5382 insolens
1127 5329 1276 5381 tnulti
1309 5336 1515 5394 putant.

341 5404 463 5458 557.
497 5403 673 5469 Prag.,
701 5399 816 5455 Vat.
845 5399 907 5469 Α,
930 5415 955 5450 a
984 5399 1210 5469 secunda
1242 5414 1422 5462 manu,
1455 5399 1583 5451 Mar.
1615 5416 1640 5450 a
1671 5401 1839 5466 prima

271 5489 451 5536 manu,
483 5468 703 5525 sordent.
761 5468 886 5535 Alii,
936 5468 1127 5534 sordet,
1155 5469 1293 5537 quod
1338 5469 1517 5524 sensui
1568 5471 1838 5523 convenit.

272 5546 446 5598 Verbo
476 5541 750 5612 prtelambo
781 5539 912 5612 alias
939 5555 1066 5593 usus
1093 5550 1175 5612 est
1199 5549 1372 5612 poeta.
1404 5539 1669 5612 Lambere,
1708 5557 1843 5592 mor-

269 5617 410 5678 dere,
439 5610 705 5683 stringere,
738 5611 936 5683 radere,
972 5611 1168 5680 passim
1216 5610 1520 5664 [luminibus
1565 5610 1834 5683 tribuitur.

338 5686 461 5740 561.
497 5681 682 5746 Aldus,
715 5681 874 5747 male,
909 5697 1026 5734 nece
1047 5697 1158 5732 cum
1190 5697 1284 5750 pro
1313 5698 1403 5734 nec
1435 5695 1638 5750 equum.
1671 5681 1836 5735 Isido-
1869 5684 1871 5686 ’

270 5765 359 5810 rus
389 5756 480 5809 lib.
514 5769 636 5808 xvm
671 5752 868 5820 Etym.,
907 5765 1024 5820 cap.
1059 5752 1163 5806 59:
1199 5750 1349 5804 Nihil
1373 5768 1476 5804 esse
1519 5751 1658 5805 debet
1691 5750 1834 5804 Chri-

269 5830 434 5881 stiano
456 5839 570 5878 cum
600 5823 809 5876 circensi
832 5823 1051 5876 insania.

337 5897 461 5954 362.
498 5897 610 5949 [tuo
638 5892 908 5948 veterrimi
939 5893 1230 5955 lleinsiani,
1262 5891 1408 5957 Rot.,
1441 5892 1616 5959 Alere,
1650 5892 1858 5958 rabidi,-

270 5969 475 6036 quodin
500 5962 1454 6031 ChamillardodisplicuitGallandio.
1486 5964 1615 6018 Mar.
1638 5973 1839 6018 utrum-

1873 4735 1924 4798 D

1872 3355 1918 3419 ρ
1951 3351 2274 3426 qu_e,ra_bi_di
2320 3361 2378 3426 et
2423 3353 2614 3426 rapidi.
2664 3353 2765 3407 Alii
2800 3355 3058 3424 plerique,
3089 3362 3278 3426 rapidi.
3338 3364 3540 3420 Statius

1957 3422 2282 3545 lib.ltt|Silv.
2316 3423 2381 3476 ad
2412 3423 2707 3490 Claudiam,
2754 3437 2845 3478 nec
2889 3422 2976 3481 aut
3028 3422 3197 3495 rapidi
3245 3435 3462 3487 mulcent
3491 3446 3540 3489 te

1957 3512 2058 3545 nra'
2086 3511 2133 3545 ιιι
2155 3509 2293 3545 στι-ει.

1993 3509 2133 3547 ι’(ιίιιι
2155 3509 2293 3545 εδει.

2389 3563 2850 3641 Lacedazmonicas.
2900 3566 2974 3620 De
3023 3569 3103 3623 his
3141 3570 3450 3641 Propertius
3481 3585 3538 3631 et

1951 3637 2063 3714 alii.
2091 3635 2536 3714 _Ely_tt_tologLam,
2578 3650 2738 3714 quam
2784 3638 2962 3705 glossa
3003 3635 3536 3714 attittgtt,'cxplat;at

1952 3706 2170 3762 Servius
2213 3705 2303 3757 lib.
2340 3722 2373 3758 II
2403 3703 2730 3773 Georgicum.

2023 3778 2145 3854 36].
2182 3775 2519 3854 lli_'fere_ntio
2547 3788 2807 3854 vocantur
2832 3778 3144 3854 funambuli,
3178 3784 3297 3838 aliis
3338 3789 3535 3854 {mure-

1950 3850 2023 3919 pi,
2051 3849 2170 3900 aliis
2194 3846 2548 3902 sclnenobatw.
2576 3847 2817 3904 Manilius
2843 3849 2935 3903 lib.
2963 3867 2992 3905 v
3015 3867 3201 3907 eorum
3235 3846 3404 3911 artem
3438 3858 3534 3913 de-

1954 3920 2161 3974 scribit.

2023 3989 2143 4042 369.
2176 3985 2445 4041 Giselinus
2474 3988 2708 4042 attditum
2737 4004 2766 4042 a
2797 4006 2856 4045 se
2885 3991 3068 4054 refert.
3113 3995 3410 4051 istiusmodi
3443 3999 3531 4054 lu-

1952 4060 2076 4111 dum
2108 4057 2244 4133 apud
2287 4058 2440 4109 Italo:
2484 4073 2676 4133 magno
2705 4073 2826 4133 esse
2867 4061 2936 4133 in_
2968 4065 3163 4130 pretio,
3198 4081 3302 4133 quo
3351 4077 3532 4125 taurus

1953 4122 2270 4181 acuminatis
2312 4138 2365 4180 et
2407 4122 2719 4181 ardt-nlihns
2749 4122 2980 4183 calamis
3014 4122 3426 4192 castimitlantes
3476 4122 3530 4195 in

1951 4200 2150 4252 rabiem
2175 4206 2356 4276 agunt.
2398 4197 2587 4276 Verum
2619 4199 2662 4276 si
2705 4216 2807 4276 qua
2836 4209 2918 4276 est
2956 4217 3015 4255 ea
3046 4204 3235 4270 gloria,
3273 4208 3532 4276 "Epﬂo-

1952 4284 2068 4323 rum
2097 4269 2307 4345 propria
2326 4280 2432 4345 est.
2459 4267 2587 4345 Vide
2608 4271 2723 4345 ejus
2767 4271 2880 4345 ludi
2905 4267 3170 4345 amoenam
3204 4267 3528 4345 descriptio-

1953 4355 2074 4394 ncm
2107 4341 2156 4393 in
2191 4337 2397 4392 Prtedio
2422 4339 2619 4392 rustico
2673 4339 2904 4394 Vanieri.
2947 4343 3144 4401 Confer
3178 4337 3528 4406 Claudiattum

1950 4410 2225 4484 _carm._l7,
2255 4423 2395 4484 vers.
2413 4409 2524 4484 29b
2549 4420 2602 4484 et
2631 4424 2780 4480 seqq.
2804 4412 2870 4484 de
2902 4429 3004 4484 poti
3031 4429 3091 4482 pa
3115 4419 3532 4484 amphitheatra-

1952 4481 2009 4557 lt,
2026 4477 2524 4557 Δει-ϐιιδειιιιίίιι-ἱιιιιι
2549 4477 2726 4557 li_b._v,
2748 4477 2919 4557 epist.
2937 4477 3217 4557 ‘Theodori
3253 4495 3391 4557 regis
3433 4493 3526 4557 42,

1952 4552 2038 4604 ubi
2067 4552 2213 4618 plura
2241 4549 2306 4603 de
2329 4549 2705 4623 simili_|udoin
2729 4552 3122 4621 amphitheatro
3147 4549 3527 4623 RomuimTiti;

1949 4632 2004 4677 et
2032 4623 2146 4696 haec
2175 4623 2240 4674 de
2271 4621 2406 4696 saltu
2430 4640 2440 4674 :
2469 4621 2621 4696 ATunc
2659 4622 2711 4675 in
2757 4637 2873 4676 aere
2893 4625 3030 4678 saltu
3056 4631 3287 4694 corporis
3315 4621 3525 4696 elrrato,

1949 4695 2094 4769 quasi
2127 4702 2282 4745 restes
2313 4693 2578 4746 levissima:
2617 4695 2854 4760 supinata
2891 4701 3112 4769 membra
3143 4702 3434 4769 jiciuntur,
3484 4693 3534 4757 ei

1951 4765 2339 4837 qnidaut‘arcus
2366 4779 2642 4837 corporeus
2683 4780 2839 4837 supra
2882 4765 3098 4818 bellnam
3141 4765 3375 4837 libratus,
3404 4765 3530 4826 dum

1947 4851 2117 4908 moras
2151 4833 2446 4886 discedendi
2489 4834 2632 4902 facit,
2664 4835 2754 4886 sub
2791 4835 2900 4903 ipso
2947 4837 3181 4892 velocitas
3215 4833 3380 4908 ferina
3424 4845 3532 4898 dis-

1945 4906 2096 4957 cedit.

2017 4976 2144 5048 572.
2179 4975 2326 5048 Put.,
2377 4971 2702 5048 Rot.,__Mar.
2740 4989 2768 5026 a
2812 4975 2978 5044 prima
3013 4995 3190 5042 manu,
3231 4997 3527 5048 consensus,

1948 5044 2091 5113 quod
2129 5046 2461 5116 recentiores
2483 5042 2716 5116 editores
2773 5042 2922 5116 sequi
2968 5050 3290 5104 maluerunt.
3343 5042 3527 5107 'l'ent-o

1949 5131 2215 5188 consessus
2237 5131 2358 5168 cum
2389 5115 2570 5188 Al_ex_.,
2603 5113 2720 5168 Vat.
2753 5116 2821 5182 A,
2853 5113 3026 5187 Prag.,
3057 5121 3184 5175 Urb.
3227 5132 3279 5174 et
3335 5122 3525 5188 pleris-

1949 5185 2374 5258 quealiislcum
2399 5185 2576 5244 editis.
2613 5195 2722 5239 tum
2754 5203 2885 5241 mss.
2931 5185 3090 5242 cotltl.
3139 5185 3388 5258 Virgilius
3434 5194 3525 5246 lib.

1947 5273 1978 5307 v
2003 5257 2162 5310 1En.:
2194 5255 2368 5309 Circus
2413 5267 2540 5319 erat,
2569 5273 2667 5323 quo
2695 5275 2746 5311 se
2776 5259 2950 5311 multis
2972 5275 3084 5312 cum
3127 5255 3348 5315 millibus
3378 5265 3526 5316 heros

1949 5327 2195 5380 Cons-essu
2233 5327 2397 5380 medio
2422 5328 2558 5394 tulit,
2584 5336 2929 5396 exstructoque
2969 5331 3270 5386 resedit"...
3325 5333 3422 5385 llic
3451 5344 3527 5386 to-

1949 5406 2066 5470 tum,
2106 5413 2267 5470 cavea:
2296 5414 2585 5450 consessum
2619 5399 2956 5470 ingentis...”
2990 5402 3297 5456 clamoribus
3328 5404 3523 5470 implet.

1951 5469 2152 5542 9mitto
2203 5468 2519 5542 Ciceronem
2561 5468 2810 5542 etpalios.
2851 5469 3183 5542 Prudentius
3231 5475 3346 5542 ipse
3400 5468 3433 5527 ιι
3473 5476 3525 5529 in

1951 5539 2351 5609 Symmachum,
2380 5555 2520 5609 vers.
2557 5537 2721 5594 1090:
2756 5538 2888 5593 Inde
2917 5541 2984 5593 ad
3011 5537 3300 5597 consessum
3340 5560 3523 5601 carere.

1953 5607 2219 5664 Arnobius
2246 5611 2336 5663 lib.
2371 5626 2406 5664 ιι
2429 5625 2445 5661 :
2479 5607 2778 5675 lnterﬁcere
2798 5626 2852 5663 se
2877 5612 3008 5665 alios
3035 5614 3228 5668 nullius
3259 5615 3320 5672 ob
3361 5617 3527 5669 meriti

1949 5697 2176 5744 causam,
2221 5682 2307 5734 sed
2353 5681 2406 5732 in
2433 5689 2632 5750 gratam
2689 5682 2999 5750 voluptatem
3041 5699 3411 5738 consessorum.
3465 5687 3523 5741 In

1947 5753 2121 5820 glossa
2147 5752 2260 5819 lege
2289 5769 2300 5804 :
2331 5750 2561 5813 Venale,
2584 5751 2876 5820 publicum.
2947 5806 2951 5809 ,
3392 5807 3394 5810 .

2017 5823 2139 5876 574.
2174 5821 2318 5896 [ξυιη
2349 5820 2493 5896 Ald,
2519 5819 2914 5896 hilaram,rcump
2937 5824 3090 5880 Alex.
3107 5833 3160 5880 et
3181 5825 3296 5881 Vat.
3321 5826 3364 5882 A
3384 5844 3396 5892 ;
3418 5841 3526 5896 quo

1948 5901 2151 5960 spectat
2183 5893 2357 5960 Egm.,
2381 5890 2655 5957 phileram.
2685 5893 2807 5960 Alii,
2843 5894 3081 5961 hilarem,
3135 5906 3188 5952 et
3231 5913 3296 5953 es
3325 5890 3524 5953 nostris

1950 5964 2103 6024 Man,
2132 5963 2276 6028 ltat.,
2308 5962 2486 6030 Prag.,
2521 5961 2646 6016 Utb.
