4092 6344
299 352 420 411 11141

467 469 621 538 531
653 468 857 523 inccrat
886 467 1085 536 lapides
1117 469 1349 523 fumosos
1378 469 1679 525 idololatrix

292 562 390 614 ιυδ
468 559 708 628 llelligio,
745 572 797 615 et
816 561 993 616 surdis
1020 561 1225 631 pallens
1255 561 1555 626 advolvitur
1581 564 1705 618 aris.

468 654 577 707 lleu
626 654 835 722 quantis
880 654 1101 710 mortale
1137 668 1306 724 genus
1352 654 1547 724 premit
1584 654 1858 722 improbus

1601 746 1788 819 [hostis

465 840 788 910 Arinigeris!
819 848 1016 910 quanto
1047 840 1242 896 ferrata
1272 840 1503 896 satellite
1531 839 1719 895 ductor

467 933 609 987 Bella
629 933 797 1003 gerit;
827 942 1023 1004 quanta
1054 934 1221 990 victos
1248 932 1449 989 ditione
1476 932 1794 1002 triumphat!

468 1025 647 1096 Surgit
680 1026 731 1080 in
782 1026 1039 1081 auxilium
1076 1025 1415 1091 Chananeus,
1462 1035 1622 1095 atque
1651 1026 1860 1096 agmina

1582 1117 1791 1189 [denset

284 1210 391 1268 410
462 1208 683 1265 Casside
713 1210 985 1275 terribilis,
1016 1220 1253 1266 setarum
1283 1210 1518 1279 pondera
1550 1219 1730 1263 mento

461 1302 821 1372 Concutiens,
881 1302 1226 1374 dextramque
1276 1304 1420 1374 gravi
1470 1318 1589 1357 cum
1634 1300 1856 1371 cuspide

1485 1396 1786 1467 [quassans

464 1490 561 1542 Ast
591 1488 690 1542 alia
712 1487 778 1542 de
804 1496 952 1555 parte
980 1485 1161 1541 furens
1190 1485 1459 1542 exercitus
1486 1486 1638 1541 ardet

464 1578 623 1650 532
639 1579 797 1648 Regis
812 1579 1109 1634 Amorrbaei
1128 1596 1141 1632 :
1157 1587 1266 1632 tum
1290 1576 1454 1631 millia
1473 1576 1860 1645 Gergeseorum

464 1669 755 1724 Effundunt
782 1671 951 1725 aciem
982 1677 1092 1724 toto
1119 1668 1392 1722 volitantia
1422 1681 1612 1738 campo
1638 1686 1653 1722 :

286 1760 391 1818 415
461 1761 684 1818 Eminus
714 1763 765 1817 lti
792 1762 1013 1830 feriunt,
1040 1761 1330 1832 conﬂigunt
1360 1764 1602 1816 cominus
1631 1762 1724 1816 illi.

1644 354 2177 413 ιΙΛΜΛΙΗΙῢΙΞΜΛ.

1882 476 1935 535 Δ

3404 351 3534 417 1042

2138 479 2275 531 Ecce
2301 477 2592 532 Jebnsaiuu
2624 476 2824 532 fervent
2852 479 2914 533 ad
2945 482 3125 551 prselia
3156 491 3365 546 turmm,

2138 574 2313 626 Aurea
2347 573 2447 626 tela
2472 574 2682 640 quibus,
2707 572 2772 626 de
2795 577 3047 639 sanguine
3079 578 3237 630 tincta
3260 574 3527 633 draconis,

2144 662 2413 719 Mart-fero
2458 663 2741 733 Splendore
2791 664 2981 733 nitent,
3038 667 3370 732 radiantque,
3432 679 3530 717 ne-

3187 755 3457 826 [eantque

2141 846 2354 901 Necnon
2388 847 2643 901 terrilieas
2674 846 2792 916 pilis
2819 837 3029 901 armare
3056 855 3297 901 catervas

2146 938 2221 993 Te
2251 938 2486 1003 Cetluee,
2512 939 2660 1002 juvat
2686 957 2700 993 :
2723 940 2817 995 sed
2844 953 2973 1010 gens
3000 938 3231 995 Pbereza
3259 939 3465 1009 sagittis

2143 1029 2587 1084 Insultat‘virtute
2616 1031 2747 1098 pari,
2783 1031 2874 1085 sed
2902 1030 3115 1099 dispare
3147 1030 3305 1087 ferro.

2144 1121 2476 1176 Postremum
2505 1138 2733 1178 cuneum
2757 1138 2854 1178 rex
2886 1134 3161 1192 promovet
3183 1124 3533 1191 Heraeorum,

2141 1212 2493 1282 Squatnosum
2524 1212 2740 1268 thoraca
2769 1229 2959 1283 gerens
2982 1215 3048 1270 de
3074 1216 3209 1285 pelle
3233 1216 3463 1272 colubri.

2144 1306 2235 1361 llis
2263 1307 2486 1362 subnixa
2518 1306 2647 1361 viris
2672 1306 2932 1362 scelerum
2954 1322 3204 1377 perversa
3233 1317 3468 1377 potestas

2142 1398 2368 1452 Edomat
2397 1398 2653 1452 invalidas
2679 1407 2886 1453 mentes
2911 1414 3061 1469 :qna:
3086 1400 3427 1469 simplicitate

2139 1490 2296 1561 533
2323 1490 2606 1555 Indociles,
2631 1489 2863 1559 bellique
2880 1489 3040 1545 rudes
3060 1492 3161 1546 sub
3177 1491 3378 1548 lcedere
3406 1492 3540 1549 falso
3563 1538 3566 1545 .

2140 1580 2331 1635 Tristis
2356 1581 2602 1636 amicitias
2633 1582 2862 1651 primum
2885 1582 3029 1637 socia
3055 1583 3265 1652 agmina
3292 1584 3535 1652 credunt,

2148 1674 2645 1746 Mammoneamque
2696 1674 2852 1731 Iidem
2894 1675 3039 1746 pacis
3085 1676 3188 1732 sub
3229 1691 3412 1733 amore
3457 1693 3542 1733 se-

3192 1768 3466 1841 [quuntur.

1968 938 2075 993 420

1964 1395 2067 1453 425

1604 1853 1892 1911 GLOSSE
1935 1857 2267 1916 VETERES.

352 1948 476 2003 404.
511 1949 844 2017 Idololatrix,
873 1950 1015 2004 idola
1044 1950 1239 2015 colens,
1268 1948 1420 2003 idolis
1450 1948 1688 2015 serviens,
1718 1947 1759 2003 l.

353 2022 479 2076 405.
508 2020 841 2084 Advolvitur,
865 2022 1165 2080 inclinatur.
1201 2022 1239 2075 I.

352 2091 479 2161 406.
524 2090 739 2157 Premit,
771 2092 1087 2161 constringit,
1122 2092 1161 2144 Ι.

351 2159 477 2215 407.
512 2161 823 2230 Armigeris,
870 2159 1025 2228 vitiis,
1050 2164 1272 2217 insidiis.
1310 2191 1379 2205 -
1408 2162 1650 2227 Ferrata,
1699 2162 1848 2216 dura.

283 2260 353 2272 —
382 2230 646 2294 Satellile,
680 2234 859 2294 milite,
892 2232 932 2285 1.

352 2300 478 2357 408.
511 2303 844 2372 Triumphat,
876 2313 1107 2370 superat,
1139 2304 1178 2357 I.

353 2372 497 2445 409._
512 2372 850 2445 Chananeus,
882 2376 1132 2445 populus;
1160 2376 1522 2443 interpretatur
1566 2381 1726 2426 motus
1764 2388 1855 2425 eo-

282 2459 393 2497 rum
418 2459 437 2498 :
459 2442 639 2502 Citam.
665 2442 890 2509 calidus,
912 2442 1190 2498 commotus
1219 2442 1610 2512 interpretatur;
1641 2458 1856 2496 comme-

281 2516 619 2586 moratmodo
637 2515 720 2569 hic
746 2528 931 2586 septem
956 2527 1126 2585 gentes
1146 2532 1258 2583 qua:
1280 2517 1659 2569 insurrexerunt
1676 2524 1853 2567 contra

281 2584 419 2657 ﬁlios
446 2584 630 2650 Israel,
652 2588 738 2639 sed
770 2584 861 2653 pro
881 2584 1066 2657 septem
1095 2589 1261 2653 posuit
1288 2587 1442 2651 vitiis,
1489 2601 1575 2639 seu
1605 2585 1854 2657 nequitias

280 2655 571 2725 spirituales
596 2658 843 2721 insinuat,
869 2654 983 2725 qua:
1012 2660 1280 2728 insurgunt
1309 2665 1484 2728 contra
1512 2656 1785 2728 hominem,

354 2728 479 2783 410.
502 2729 738 2792 Casside,
759 2723 924 2798 galea.
943 2758 1012 2768 —
1028 2723 1296 2794 Setarum,
1322 2726 1520 2792 barbas;
1542 2729 1593 2779 in
1616 2725 1791 2794 barba,
1812 2723 1853 2777 I.

352 2798 478 2851 411.
507 2798 756 2867 Cuspide,
785 2799 951 2865 hasta,
984 2801 1023 2855 I.

352 2867 478 2922 412.
504 2868 731 2935 Furens,
760 2872 941 2924 iratus.
974 2899 1045 2910 —
1070 2869 1257 2933 Ardet,
1287 2869 1486 2935 stridet,
1520 2867 1560 2922 I.

354 2940 463 2993 415
508 2941 824 3006 Amorrbtei,
863 2942 1069 2995 tristitia
1114 2938 1458 3003 Amorrltazus,
1510 2954 1737 3001 amarus,
1777 2935 1857 2991 vel
1872 2952 1877 2955 '

283 3011 515 3136 loquens.
536 3010 1029 3079 —-Gergeseorum,
1053 3010 1348 3082 Gergeseus,
1373 3012 1608 3064 colonum
1628 3008 1855 3078 ejiciens,

284 3098 340 3136 ve
384 3081 578 3136 advena
604 3084 941 3136 moninauus.
972 3082 1008 3136 I.

284 3081 360 3137 vel
384 3081 578 3137 advena
604 3084 941 3153 propinquus,
972 3082 1008 3136 l.

1885 1954 1933 2014 Β
2032 1951 2158 2006 414.
2189 1951 2494 2013 Volitanlia.

2526 1961 2732 2021 propter
2752 1952 3061 2006 celeritate»:
3083 1968 3342 2019 equorum,
3376 1955 3479 2011 Iso.

2032 2023 2157 2079 415.
2209 2024 2449 2098 Eminus,
2499 2023 2666 2095 longe.
2710 2034 2908 2098 contra.
2955 2053 3026 2063 —
3069 2024 3386 2095 Conﬂigunt,
3436 2043 3535 2098 pu-

1960 2103 2145 2164 gnant.
2177 2125 2244 2134 —
2274 2093 2757 2164 Cominustprope,
2792 2093 2831 2147 I.

2029 2163 2155 2219 416.
2184 2164 2498 2288 Jebuslaictc,
2538 2162 2808 2230 Jeb'useus,
2830 2164 2886 2218 id
2914 2173 2987 2219 est
3011 2164 3258 2228 calcatus,
3278 2166 3380 2221 sive
3407 2184 3539 2239 priv-

2029 2251 2081 2288 οε
2108 2251 2301 2288 eorum.
2372 2274 2380 2286 .

1963 2250 2081 2305 sepe
2108 2251 2301 2299 eorum,
2345 2250 2380 2288 ι.

2032 2306 2157 2360 417.
2201 2310 2374 2360 Aurea
2415 2304 2542 2367 tela,
2586 2304 2822 2359 avaritia.
2850 2306 3151 2372 —'I‘ineta,
3195 2318 3461 2372 venenata,
3492 2308 3535 2363 I.

2032 2375 2157 2430 420.
2189 2376 2403 2431 Cethme
2423 2420 2436 2441 ,
2502 2374 2753 2438 Cet/nens,
2791 2377 3041 2430 abscissus
3076 2394 3107 2429 α
3135 2376 3535 2435 Christianitate.

1961 2477 2029 2487 —
2060 2446 2238 2520 Juvat,
2269 2447 2499 2520 delectat.
2530 2475 2599 2485 —
2631 2444 2884 2512 Pliereza,
2912 2445 3216 2514 Plterezeus,
3247 2460 3537 2520 separatus,

1964 2519 2254 2589 vetulisque
2275 2533 2455 2589 muro,
2476 2517 2516 2589 Ι.

2034 2584 2322 2653 422.’Βεκ,
2354 2587 2605 2641 diabolus.
2631 2614 2702 2627 —-
2731 2584 3078 2655 Hevreorum,
3132 2586 3352 2644 Hevazus
3394 2592 3531 2661 [era-

1964 2657 2050 2712 lis.
2082 2660 2158 2712 vel
2178 2659 2357 2712 'l'erox.
2388 2658 2427 2712 Ι.

1986 2659 2050 2721 is,
2082 2660 2158 2713 vel
2178 2659 2357 2721 ferox,
2388 2659 2427 2713 Ι.

2034 2719 2158 2784 4Ξ5.
2183 2719 2448 2801 Thoraca,
2473 2725 2680 2794 tlt'orax,
2712 2719 2904 2797 p'ectus,
2927 2729 3003 2782 vel
3018 2729 3193 2798 cassis,
3216 2730 3336 2800 quia
3365 2739 3539 2801 pectus

1933 2836 1939 2842 -
1965 2801 2209 2869 cooperit,
2242 2799 2282 2853 I.

2034 2864 2160 2929 421.
2189 2870 2444 2935 Subnixa,
2465 2869 2691 2939 subjecta
2711 2910 2725 2935 ,
2756 2870 2968 2923 elevata.
2995 2901 3064 2910 —
3086 2871 3246 2937 Viris,
3291 2872 3446 2935 vitiis,
3494 2864 3539 2927 Ι.

2033 2940 2160 2994 4‘28.
2190 2940 2698 3013 Mammoneamque,
2731 2940 3059 3010 diabolicam,
3083 2944 3430 3013 pecuniosam,
3465 2944 3542 2997 vel

1963 3013 2283 3082 stecularem,
2309 3027 2538 3077 avaram,
2568 3011 2608 3065 I.

1630 3168 2189 3226 COMMENTARIUS.

347 3274 483 3340 £04.
514 3286 679 3342 Aldus
707 3286 945 3342 ediderat
991 3284 1325 3353 idololatria,
1376 3284 1608 3338 correxit
1652 3284 1861 3337 incurrat
1887 3283 1934 3347 ο
1966 3274 2293 3347 Comment.,
2322 3281 2523 3337 docens
2573 3283 2709 3354 sumi
2755 3297 2851 3349 pro
2900 3285 3143 3351 pondere.
3176 3284 3321 3340 Multi
3360 3286 3544 3354 hujus-

288 3358 481 3427 lapides
508 3359 731 3423 fumosos
780 3358 1049 3421 idolatres,
1097 3370 1375 3424 perperam
1402 3357 1635 3427 iactarat,
1670 3365 1717 3408 et
1746 3355 1860 3409 ido—

288 3424 462 3481 ltitres.
493 3428 600 3482 Nec
623 3428 812 3482 inelius
840 3443 1024 3482 recens
1051 3435 1325 3481 corrector
1347 3426 1397 3479 in
1423 3424 1568 3489 Rat.,
1596 3441 1724 3478 vana
1747 3428 1866 3479 deo-

289 3516 404 3551 rum
418 3514 514 3568 pro
527 3498 845 3563 idololatrix,
862 3513 953 3553 seu
967 3496 1272 3552 idololatris.
1287 3496 1861 3568 Gronovio,Qbservat.

289 3566 485 3624 eccles.
527 3585 645 3635 cap.
676 3571 731 3633 5,
780 3570 973 3638 placuit
1023 3567 1349 3634 idololatris,
1395 3581 1568 3633 neque
1596 3566 1866 3638 displicuit

292 3639 507 3695 lleinsio
536 3642 757 3711 aliisque
782 3636 1188 3696 recentioribus
1223 3638 1515 3711 editoribus
1535 3655 1566 3711 ;AV
1586 3648 1651 3711 et
1677 3636 1863 3711 facilis

290 3712 503 3776 quidem
548 3708 705 3765 fuerit
737 3716 956 3765 mutatio
982 3730 1005 3765 δ
1038 3713 1088 3765 in
1120 3728 1155 3764 a:
1176 3712 1244 3765 ob
1273 3711 1389 3765 soni
1434 3708 1858 3763 similitudinem.

290 3781 395 3835 Sed
428 3782 607 3847 scripti
658 3781 846 3848 jubent
890 3783 989 3850 legi
1034 3783 1351 3846 idololatrix,
1383 3789 1437 3835 et
1468 3782 1581 3834 Iunt:
1613 3779 1707 3832 fuit
1728 3793 1861 3833 con-

291 3853 518 3903 suetudo
552 3852 842 3913 I’rudentii,
875 3852 1094 3919 ejusque
1123 3854 1317 3916 rotatis,
1349 3860 1407 3905 ut
1434 3851 1679 3919 quaedam,
1706 3864 1863 3903 voca-

292 3921 414 3973 bula
447 3919 843 3990 Gnaeo-Latina
872 3918 1140 3983 terminet,
1170 3930 1229 3974 ut
1258 3921 1638 3990 primoplastus.
1670 3918 1728 3971 In
1750 3920 1861 3973 edi-

294 3990 436 4112 tionle
466 3988 735 4111 Pgrmensi
762 4000 986 4044 metrum
1014 3988 1320 4060 corruptum
1350 3998 1432 4044 est
1473 3990 1661 4042 inccrat
1694 3994 1863 4058 {umo-

294 4074 373 4112 sos
419 4075 502 4112 am
542 4076 613 4112 es.

289 4074 373 4113 sos
400 4074 613 4126 tapiaes.
1280 4122 1283 4127 ,

362 4130 795 4185 406.Corrector
833 4130 884 4185 io
934 4130 1079 4194 Rat.,
1131 4130 1300 4186 erasis
1346 4128 1633 4199 prioribus,
1684 4129 1863 4198 inepte

290 4200 561 4272 substituit
611 4200 721 4255 Heu
767 4212 887 4272 quot
933 4202 1146 4272 mortale
1188 4216 1345 4272 genus
1382 4201 1563 4272 premit
1607 4201 1863 4272 improbus

290 4271 449 4323 hostis
480 4270 749 4326 Militibus.
780 4270 916 4341 (iis,
960 4271 1143 4335 Fabr.,
1187 4270 1322 4325 Cell.
1354 4270 1635 4341 ediderunt
1681 4271 1863 4337 premit

289 4358 468 4411 genus.
499 4343 618 4413 Ald.
646 4352 697 4397 et
728 4340 915 4411 nostri,
956 4359 1109 4413 genus
1144 4342 1345 4413 premit.
1399 4340 1450 4395 Id
1484 4340 1650 4413 tenuit
1675 4341 1852 4395 Heins.

359 4413 485 4467 408.
533 4412 816 4483 Trium‘plio
861 4412 1029 4469 active
1077 4415 1129 4467 in
1178 4412 1422 4483 Vulgata;
1450 4412 1713 4476 reperitur
1742 4427 1861 4483 seu

290 4482 454 4537 verbo
483 4485 549 4536 itzt
580 4486 659 4537 usi
701 4481 824 4539 sunt
851 4487 1063 4552 Livius,
1111 4484 1347 4553 Taeiuts,
1396 4481 1619 4551 Plinius,
1659 4482 1864 4539 scilicet

288 4554 577 4622 triumphor
603 4554 830 4623 passive.

358 4624 485 4678 409.
522 4625 686 4679 Aldus
719 4628 943 4694 primum
988 4626 1154 4679 edidit
1187 4625 1532 4689 Chanantcus,
1580 4633 1728 4693 atque
1766 4641 1858 4694 ag-

287 4693 429 4762 minq
466 4698 657 4758 denset,
694 4708 875 4764 postea
908 4694 1576 4760 emendavitClzananmus,
1594 4706 1641 4749 et
1656 4693 1860 4765 agmina

286 4766 481 4818 denset.
513 4765 779 4820 Giselinus
809 4768 906 4820 hoc
942 4777 1267 4833 postremum
1313 4767 1588 4834 amplexus
1619 4775 1718 4819 est.
1762 4765 1863 4818 La-

287 4836 451 4907 tinius
480 4836 531 4907 in
561 4837 725 4891 Torn.
752 4838 874 4904 legit
901 4836 1239 4900 Cltanantvus,
1268 4848 1418 4907 atque
1438 4836 1642 4907 agmina
1663 4837 1858 4907 denset,

286 4906 383 4958 sed
435 4906 808 4961 animadvertit
849 4907 1125 4975 legendum
1168 4908 1251 4960 vel
1293 4904 1595 4958 Chananeus
1627 4905 1859 4975 trisylla-

288 4976 439 5040 bum,
473 4978 577 5039 vel,
622 4979 665 5030 si
689 4972 1137 5047 quadrisyllabum
1179 4977 1274 5040 sit,
1314 4975 1654 5038 Cltanantrus,
1693 4972 1741 5028 et
1772 4992 1864 5047 ag-

285 5048 445 5098 mina.
492 5047 544 5099 ln
598 5047 729 5101 Bibl.
770 5046 957 5101 Latinii
996 5046 1241 5100 mendum
1279 5047 1493 5117 opinor
1517 5060 1637 5100 esse
1672 5046 1863 5117 surgite

286 5131 387 5186 pro
415 5119 596 5188 surgit.
630 5119 819 5187 Scripti
850 5118 1165 5180 Chananeus,
1193 5126 1340 5184 atque
1363 5116 1565 5186 agmina
1587 5116 1782 5188 denset2
1806 5126 1863 5169 ut

284 5190 359 5240 sit
404 5185 765 5255 dipbtbongus
795 5206 901 5243 eus.
940 5188 1068 5242 Vide
1099 5188 1151 5239 in
1184 5188 1379 5254 Apotb.
1417 5202 1560 5242 vers.
1594 5187 1698 5240 982
1728 5185 1860 5238 Mat-

287 5256 457 5311 theus.
511 5256 612 5312 Pro
661 5261 830 5313 denset
872 5260 1027 5327 Prag.
1078 5260 1275 5321 densat,
1320 5268 1373 5311 et
1402 5257 1540 5323 apud
1578 5257 1861 5309 Weitzium

285 5328 580 5394 Giselinus,
611 5330 697 5400 qui
730 5338 904 5383 tamen
939 5326 991 5383 in
1018 5330 1105 5382 ed.
1135 5329 1169 5380 Ξ
1200 5328 1356 5380 Μυγι
1386 5326 1865 5400 ἀθυρμᾼιιρεοιοίς

286 5414 408 5451 cant
459 5397 943 5469 interpretatiOnem
999 5400 1185 5452 harum
1234 5400 1505 5469 natiwnum
1557 5397 1862 5469 videapud

290 5466 678 5527 Lanretnm'in
722 5472 865 5526 Silva
896 5471 1300 5540 Allegoriarum,
1334 5468 1425 5538 qui
1474 5469 1590 5523 loca
1636 5467 1733 5523 SS.
1766 5466 1864 5521 Pa-

288 5550 432 5593 trum
461 5542 649 5595 similia
678 5544 895 5596 indicat.

364 5612 491 5664 410.
523 5613 669 5676 Ald.,
696 5614 940 5677 terribili;
961 5618 1168 5677 czeteri,
1196 5610 1454 5664 terribilis.
1480 5608 1751 5663 Fabricius
1771 5624 1865 5675 pro

286 5684 519 5753 pondera
552 5694 716 5737 mento
756 5684 968 5738 excudit
992 5683 1407 5754 ponderamento.
1433 5695 1624 5754 errore
1651 5694 1770 5754 _non_
1788 5692 1869 5748 ty-

290 5750 623 5822 pograpbico
666 5771 679 5806 :
726 5770 845 5806 nam
910 5754 961 5808 in
993 5750 1200 5807 ’Indiee
1243 5750 1470 5822 advertit
1525 5751 1865 5822 Prudentium

290 5821 449 5879 usum
496 5825 709 5880 nomine
754 5824 1236 5895 ponderantentum;
1289 5821 1430 5892 quod
1480 5821 1760 5877 conlirmat
1814 5822 1865 5874 in

1970 3354 2113 3408 modi
2142 3368 2353 3408 errores
2380 3370 2445 3407 ex
2475 3352 2849 3421 conjunctione
2892 3369 3080 3409 vocum
3114 3357 3163 3410 in
3196 3352 3541 3413 Prudentium

1968 3426 2320 3495 irrepserunt.
2354 3426 2641 3495 Acrevera
2675 3425 2725 3477 in
2755 3424 2887 3479 Aldo
2912 3425 3102 3493 legitur
3124 3426 3539 3495 ponderantento.

2040 3496 2163 3549 411.
2193 3494 2373 3565 Prag.,
2402 3494 2636 3549 vibrans:
2668 3509 2848 3563 supra,
2875 3494 3144 3565 quassans.

2036 3565 2169 3636 415.
2192 3564 2311 3619 Vat.
2344 3566 2409 3628 A,
2439 3566 2709 3628 mendose,
2743 3564 2917 3636 greges
2957 3580 3133 3619 eorum
3155 3582 3249 3635 pro
3272 3568 3543 3636 Gergeseo-

1967 3652 2101 3710 rum.
2130 3635 2195 3710 _H_i
2221 3651 2409 3710 omnes
2435 3646 2602 3710 erant
2629 3635 2806 3703 populi
2841 3646 2995 3691 terra:
3019 3636 3293 3701 Chanaan.
3335 3640 3402 3695 de
3422 3641 3541 3710 qui-

1966 3708 2064 3761 bus
2094 3705 2214 3759 vide
2243 3706 2405 3761 Josue
2434 3707 2528 3761 lib.
2555 3715 2608 3760 et
2635 3712 2969 3774 interpretes.

2038 3776 2170 3852 416ἱ
2188 3776 2588 3852 Put.,Egm;_et_
2610 3776 2729 3830 Vat.
2758 3781 2818 3852 A_,
2840 3776 3147 3852 Zebusiacae.
3174 3779 3329 3848 Man,
3355 3780 3536 3852 Prag.,

1968 3847 2105 3913 Gis.,
2137 3846 2433 3903 Jebusaicai.
2473 3847 2664 3904 Weitz.
2697 3857 2754 3902 et
2780 3846 2934 3917 Urb.,
2960 3847 3261 3905 Jebusiacae.
3299 3846 3544 3908 Aldus'et

1964 3920 2144 3983 Ales,
2177 3918 2489 3974 Gebusaicaa.

2036 3989 2161 4043 418.
2208 3989 2353 4061 Ald.,
2404 3990 2532 4043 Mar.
2579 3988 2800 4061 aiprima
2842 4004 3023 4061 manu.
3074 3989 3298 4057 Widm.,
3346 3992 3533 4061 Bong.,

1965 4059 2175 4122 micant,
2198 4060 2521 4124 radiantque,
2551 4060 2857 4127 micantque.
2890 4060 2945 4113 In
2963 4059 3121 4128 Prag.
3146 4061 3352 4115 videtur
3374 4059 3539 4117 fuisse

1964 4130 2172 4195 micant,
2196 4129 2518 4196 radiantque,
2551 4137 2851 4197 nutantque,
2880 4130 3019 4197 quod
3050 4142 3220 4184 metro
3260 4142 3533 4200 repugnat.

1967 4199 2021 4253 In
2055 4200 2476 4265 Oxon.,micant,
2505 4200 2813 4267 radiantque
2837 4202 3115 4265 nitentque.
3142 4200 3299 4255 Fabr.
3324 4199 3377 4256 et
3397 4202 3534 4267 Gis.,

1968 4270 2148 4333 nitent,
2198 4269 2520 4338 radiantque,
2570 4270 2874 4339 micantqae.
2928 4270 3253 4325 Vetustiores
3301 4272 3541 4341 plerique

1967 4341 2174 4405 micant,
2205 4340 2527 4408 radiantque,
2558 4350 2854 4407 necantque.
2887 4341 3260 4395 Emendandus
3283 4352 3366 4397 est
3388 4340 3541 4397 error

1968 4412 2377 4482 typograpbicus
2425 4410 2675 4466 editionis
2713 4410 3038 4469 Parmensis.
3080 4411 3401 4482 radiantque,
3452 4430 3539 4468 ne—

1965 4492 2160 4534 eatque.

2200 4551 2349 4616 'Put.,
2410 4549 2613 4621 Cittee;
2652 4551 2838 4621 Egm.,
2891 4552 3082 4607 Chitee.
3132 4553 3256 4617 Alii,
3313 4552 3539 4617 Cetlu'ee;

1966 4623 2134 4679 Gisel.
2162 4638 2290 4679 vero
2319 4623 2354 4677 2
2381 4622 2547 4693 (δάιε.Σ
2576 4620 2788 4693 ίϐειΙὶεε.
2841 4622 2895 4676 Iit
2940 4622 3109 4693 Put.,g
3136 4640 3256 4693 gens
3287 4621 3539 4690 Phereza,

1965 4695 2105 4763 quod
2129 4710 2345 4761 sequor,
2371 4708 2490 4748 nam
2516 4691 2789 4747 Pherezwa
2810 4692 3029 4747 carmini
3050 4691 3381 4747 adversatur.
3401 4695 3542 4748 Cha-

1964 4766 2244 4820 millardus
2279 4765 2439 4819 vellet
2466 4763 2675 4830 Bettwe,
2719 4764 2763 4817 si
2806 4772 3031 4818 metrum
3060 4773 3354 4831 pateretur.
3387 4764 3540 4818 Alius

1964 4850 2115 4889 error
2165 4836 2248 4889 hic
2294 4834 2902 4904 occurritAinﬂeditione
2945 4832 3377 4904 Parmensi,_sed
3419 4851 3547 4904 gens

1967 4904 2226 4958 Pherezae
2254 4905 2471 4973 sagittis.
2521 4902 2738 4957 Teolius
2770 4904 2993 4973 fortasse
3048 4904 3215 4973 voluit
3244 4902 3538 4957 Pheraeum.

2036 4975 2161 5030 49.2.
2193 4971 2338 5035 PutI,
2368 4973 2515 5035 Rot.,
2543 4972 2690 5032 Ald.,
2716 4972 2852 5035 PaL,
2876 4972 3055 5041 Egm.,
3086 4971 3394 5027 Euveorum.
3422 4974 3539 5026 Vat.

1966 5044 2013 5097 A
2037 5054 2091 5098 et
2115 5045 2304 5112 Bong.,
2331 5058 2616 5096 aeveorum.
2635 5042 2790 5108 Man,
2814 5041 3005 5113 Prag.,
3028 5042 3243 5108 Weitz.,
3268 5042 3541 5097 Eurorum.

1965 5116 2094 5180 Alii,
2115 5114 2457 5177 Bevaeorum;
2479 5113 2568 5166 alii
2601 5113 2756 5181 paulo
2785 5114 2958 5169 aliter.
2984 5116 3039 5168 In
3069 5114 3340 5168 nonnullis
3374 5115 3540 5184 vulg,

1966 5194 2239 5253 prtvmovet
2262 5200 2358 5253 pro
2385 5191 2664 5252 promovet.

2037 5256 2166 5309 421i.
2210 5254 2474 5310 Scelerum
2518 5261 2763 5323 potestas,
2796 5264 2852 5309 ut
2880 5260 3103 5323 potestas
3143 5254 3461 5309 tenebrarum
3491 5255 3543 5309 in

1968 5340 2119 5379 sacra
2151 5340 2362 5394 pagina.

2043 5341 2463 5450 iieiatgiiiiéim
2511 5410 2577 5451 eo
2617 5410 2786 5466 sensu,
2821 5409 2926 5464 quo
2970 5393 3169 5466 hymno
3205 5398 3239 5451 5
3273 5396 3541 5460 Catbem.,
3578 5402 3581 5407 '

1969 5480 2114 5521 vers.
2150 5468 2276 5531 111,
2301 5466 2554 5530 diximus,
2596 5465 2816 5519 indocile
2844 5465 3020 5535 accipi
3049 5480 3206 5535 posse
3242 5482 3337 5536 pro
3366 5466 3541 5531 docili,

1970 5546 2028 5591 ut
2050 5538 2297 5606 infractus
2327 5553 2421 5605 pro
2451 5542 2633 5606 fracto.

2042 5608 2167 5662 4‘27.
2202 5608 2442 5661 Imitatur
2492 5606 2621 5660 illud
2653 5606 2886 5661 Maronis
2924 5606 3019 5661 lib.
3046 5624 3080 5662 ιι
3132 5608 3372 5673 Ᾱῐηθίά.,
3405 5610 3543 5662 socia

1969 5680 2179 5748 agmina
2203 5681 2411 5732 credens
2443 5675 2668 5742 Inscius,
2695 5686 2750 5731 et
2791 5677 2893 5748 alia
2919 5693 3039 5747 quae
3058 5691 3376 5747 sequuntur.
3416 5679 3547 5734 Vide

1969 5747 2132 5806 etiam
2161 5764 2302 5805 vers.
2334 5749 2432 5805 551
2464 5760 2517 5804 et
2545 5761 2696 5817 seqq.
2730 5747 3184 5819 Psychomacbiae.
