4092 6344
557 286 691 345 1045

1653 288 1925 346 AUBEIJI
1966 284 2330 343 PRUDENTII
2369 283 2689 340 CAllMlNA.

3665 279 3806 336 1044

639 399 645 405 ”
734 401 849 456 Mox
880 401 1060 457 faciles
1088 402 1151 455 ad
1182 402 1353 456 vincla
1386 403 1518 471 rapi,
1557 403 1681 472 iuga
1713 402 1843 456 dura
1875 403 2110 456 volentes
2138 404 2191 464 Α
2217 399 2322 455 445
2395 397 2624 460 Credite,
2657 396 2846 465 captivi
2880 395 3147 458 mortales,
3185 393 3384 447 hostica
3414 405 3545 461 quos
3573 392 3682 461 jam

553 489 659 545 430
733 492 976 548 Addictis
1000 493 1226 548 subeunt
1252 491 1572 560 cervicibus,
1598 502 1652 547 et
1679 493 2000 548 nebulonum

727 584 1018 655 Spirituum
1047 585 1209 652 jussis
1235 585 1437 642 servire
1467 585 1730 642 ferocibus
1753 595 1952 655 optant.

729 675 840 741 Ille,
869 678 1214 746 supervacuis
1243 695 1446 748 augens
1472 681 1786 749 patrimonia
1819 678 2014 744 fundis,

731 765 1098 837 Finitimisque
1123 769 1332 823 inhians
1360 780 1665 839 contempto
1689 772 1851 825 limite
1880 771 2082 840 agellis,

729 857 947 913 Ducitur
969 860 1197 914 innexus
1225 862 1470 927 manicis,
1497 871 1547 915 et
1579 861 1724 915 mille
1744 861 1947 915 catenis

728 947 867 1004 Ante
891 949 1239 1019 triumphales
1268 966 1456 1006 currus
1487 961 1605 1022 post
1655 962 1800 1020 terga
1832 953 2118 1017 revinctus,

725 1039 833 1096 Nec
854 1057 912 1096 se
939 1041 1230 1098 barbaricis
1255 1043 1522 1099 addictum
1545 1045 1714 1100 sentit
1744 1045 1960 1100 habenis
1989 1064 2000 1098 :

729 1131 846 1197 llic,
873 1132 964 1201 qui
994 1141 1232 1188 ventosae
1257 1133 1463 1188 scandit
1486 1133 1692 1202 fastigia
1725 1133 1895 1195 tantm,

726 1223 1048 1295 lnllaturque
1072 1240 1202 1282 cavo
1233 1241 1442 1295 pumpre
1475 1225 1744 1293 popularis
1771 1226 1992 1289 honore,

548 948 653 1002 455

729 1313 830 1382 Qui
855 1331 1142 1383 summum,
1179 1314 1514 1388 solidumque
1541 1317 1735 1370 bonum
1774 1325 1921 1384 putat
1955 1315 2122 1369 ambi-

1872 1409 2052 1480 [tiOttls

549 1499 662 1556 440.

1859 1682 2054 1754 [fasces

722 1773 1016 1846 Frangere,
1055 1775 1320 1830 terribiles
1351 1775 1526 1846 legum
1557 1790 1808 1830 exercere
1830 1789 2066 1842 secures,
2153 1782 2200 1842 Β

724 1864 781 1918 In
815 1851 1062 1934 laqueum
1089 1865 1198 1935 jam
1226 1865 1361 1921 colla
1386 1865 1550 1930 dedit,
1579 1865 1688 1935 jam
1711 1865 1967 1934 compede
1987 1867 2116 1924 dura

721 1955 979 2024 Nectitur,
1012 1967 1064 2018 et
1089 1956 1312 2027 pedibus
1341 1957 1556 2012 servilia
1583 1957 1788 2012 vincula
1818 1957 1984 2012 limat.

727 1498 987 1560 CI‘CSCGI‘G
1016 1514 1285 1565 81100855“,
1336 1515 1644 1570 praeconum
1674 1513 1804 1554 νοω
1834 1507 2122 1570 trementes

727 1590 1236 1666 535.5;8nimare
1263 1609 1408 1660 reos,
1458 1595 1774 1651 miserorum
1821 1592 1872 1648 in
1900 1606 2121 1661 corpora

2403 489 2694 544 Damnatos
2724 486 2975 541 cohibent
3001 484 3283 552 ergastula,
3308 498 3441 551 quos
3462 483 3713 536 famulatu

2403 585 2685 640 Pmnarutn
2717 584 2886 637 virtus
2914 597 3016 636 non
3050 581 3314 636 intellecta
3346 589 3594 634 coercet:

2405 677 2526 732 Haec
2557 664 2641 732 illa
2668 685 2749 731 est
2767 676 3021 746 Babylon,
3048 674 3160 728 haec
3185 671 3578 742 transmigratio
3601 680 3792 725 nostra:

2408 769 2614 834 Gentis,
2638 777 2689 822 et
2717 766 2986 822 horribilis
3017 765 3234 818 victoria
3256 749 3521 831 principis
3543 767 3727 824 Assur,

2226 859 2330 914 450
2400 856 2649 912 Carmine
2680 857 2910 913 luctifico
2935 871 3092 926 quam
3120 855 3321 909 deflens
3358 854 3628 919 leremias,

2401 952 2649 1006 Orbatam
2683 951 2910 1020 propriis
2937 949 3160 1004 ululavit
3188 948 3394 1003 civibus
3424 948 3630 1001 urbem.

2404 1042 2537 1096 Nunt
2566 1043 2709 1104 latet.
2738 1051 2829 1096 aut
2849 1043 3064 1097 dubium
3095 1050 3198 1108 est,
3252 1039 3456 1095 animas
3483 1039 3549 1094 de
3579 1040 3780 1092 sentiae

3544 1132 3726 1199 [laenh

2406 1224 2672 1279 Exsilium
2703 1224 2905 1293 gentile
2934 1224 3038 1293 pati
3067 1241 3077 1275 :
3109 1238 3239 1294 quas
3272 1223 3482 1278 Persica
3513 1237 3670 1292 regna

2399 1311 2556 1387 535
2593 1315 2839 1385 Captivos
2869 1316 3097 1371 retinent
3122 1356 3134 1380 ,
3186 1325 3347 1383 atque
3378 1315 3430 1368 in
3465 1328 3558 1367 sua
3597 1312 3797 1365 fmdera

3462 1406 3676 1478 [cogunt
3700 1407 3722 1458 ?

2225 1501 2329 1554 455
2402 1500 2513 1556 Illic
2542 1501 2702 1555 natali
2733 1501 3054 1555 desuescunt
3087 1509 3260 1554 vivere
3291 1501 3421 1563 ritu,

2403 1591 2633 1646 Moribus
2664 1601 2716 1647 et
2747 1593 2928 1661 patriis
2955 1603 3149 1657 exutas,
3180 1591 3233 1644 in
3262 1590 3490 1644 barbara
3514 1604 3629 1658 tura

2408 1684 2775 1754 Degenerrnt,
2825 1685 3161 1754 linguamque
3212 1699 3438 1747 novam,
3487 1691 3796 1750 vestemque

3386 1774 3723 1847 [sequuntur,

2405 1869 2583 1939 Deque
2607 1869 2886 1939 profanato
2912 1869 3124 1924 discunt
3153 1867 3465 1922 sordescere
3488 1867 3654 1931 cultu,

2406 1959 2782 2032 Nutriccmqne
2812 1960 3026 2018 abolent
3055 1959 3306 2029 petulanti
3337 1974 3366 2013 e
3399 1965 3611 2026 rectore
3641 1955 3791 2011 Sion.

1851 2072 2134 2140 GLOSSlE
2174 2073 2505 2133 VETERES.

551 2233 560 2238 _
588 2163 736 2245 .450.
771 2163 1030 2245 Addictis,
1054 2164 1360 2238 subjugatis,
1382 2163 1657 2231 deputatis.
1685 2193 1748 2203 ——
1772 2162 2114 2230 Nebulosum,

547 2233 826 2303 nigrorum,
855 2233 894 2288 l.
1137 2233 1153 2238 ⁷
1209 2233 1218 2235 ἡ
1688 2278 1694 2284 .

615 2303 738 2366 452.
768 2304 883 2368 Ille,
915 2305 1123 2370 aliquis,
1151 2306 1379 2371 quidam.
1421 2333 1486 2343 —-
1513 2303 1888 2371 Supervacuis,
1913 2321 2002 2372 per
2032 2321 2117 2357 ra-

542 2372 716 2445 pinam
743 2373 1134 2441 abundantibus.
1159 2402 1228 2414 —-—
1254 2374 1452 2445 Fundis
1471 2415 1484 2437 ,
1533 2375 1760 2445 praediis,
1802 2376 2116 2428 hrrreditati-

546 2444 659 2508 bus,
684 2445 939 2514 wdiﬁciis,
987 2445 1133 2499 terris
1161 2446 1238 2498 vel
1280 2444 1511 2513 prtediis;
1535 2444 1734 2514 fundus
1761 2445 1945 2498 dicitur
1974 2462 2113 2513 ager,

540 2528 597 2565 eo
617 2517 751 2584 quod
777 2516 918 2568 nobis
945 2516 1126 2584 fundat
1149 2515 1367 2583 fructus,
1397 2514 1432 2567 Ι.

505 2603 513 2615 ·
610 2583 734 2640 456.
768 2583 1086 2647 Barbaricis.
1135 2585 1402 2644 diabolicis
1437 2614 1498 2624 -—
1525 2584 1778 2646 Habentis.
1809 2585 2043 2645 uinculis.
2076 2586 2112 2639 Ι.

543 2721 585 2777 v
774 2657 887 2721 llic,
931 2656 1163 2726 quidam,
1202 2656 1407 2724 aliquis,
1443 2656 1478 2709 Ι.
1508 2683 1576 2695 -
1610 2654 1876 2722 νειιιοεειξ,
1919 2672 2111 2721 vacuw,

593 2738 617 2774 a
649 2763 661 2775 .
745 2765 758 2778 .

693 2759 758 2779 ιι.

611 2794 734 2850 438.
768 2795 932 2861 Cavo,
965 2812 1143 2861 vacuo,
1172 2797 1212 2850 l.

567 2895 572 2901 -
612 2864 736 2918 459.
773 2866 1111 2930 Ambitionis,
1142 2869 1388 2934 avaritia’,
1420 2866 1460 2921 l.

608 2934 734 3012 440.
758 2936 1040 3000 Successu,
1072 2940 1423 3012 prosperitate.
1448 2967 1512 2978 —
1547 2937 1883 3004 Tremenles,
1935 2936 2112 2992 timeno

542 3005 734 3146 (iﬁlli.
769 3073 1112 3146 Exanimare,
1145 3078 1472 3145 morti/icore.
1500 3109 1569 3118 —
1601 3078 1814 3142 Fasces,
1840 3077 2109 3146 potentias,

541 3143 832 3212 dignitates,
860 3144 901 3198 1.

611 3213 733 3269 442.
761 3214 1044 3280 Exercere,
1065 3233 1265 3286 augere.
1287 3248 1353 3257 —
1369 3219 1614 3288 Secures,
1634 3236 1778 3272 arma
1796 3220 2052 3282 lictorum,
2073 3217 2110 3270 l.

2294 2167 2420 2220 444.
2457 2167 2644 2234 Limat,
2681 2177 2886 2235 purgat,
2917 2168 2956 2219 I.

2293 2236 2416 2290 445.
2453 2237 2683 2299 Hostica,
2715 2237 2942 2301 hostilia,
2972 2237 3008 2289 Ι.

2290 2308 2417 2362 446.
2442 2307 2720 2371 Coltibent,
2751 2307 3122 2376 constringunt.
3158 2332 3221 2343 -—
3249 2303 3546 2371 Ergastula,
3594 2317 3781 2376 Bacon,

2221 2394 2378 2447 opus;
2420 2379 2534 2432 inde
2563 2379 2887 2448 ergastulum,
2923 2374 3066 2431 locus
3090 2376 3174 2430 ubi
3204 2381 3461 2428 exercetur
3487 2374 3786 2425 constructio

2221 2450 2442 2502 alicuius
2471 2451 2656 2502 oneris.
2693 2449 2731 2502 Ι.

2221 2465 2352 2501 atscu
2351 2467 2376 2514 1
2385 2465 2442 2500 us
2471 2466 2656 2514 opem,
2693 2465 2731 2502 I.

2294 2467 2442 2573 alii?
2454 2467 2890 2587 {Egit’dlirigens
2917 2519 3298 2588 interpretatur,
3329 2515 3368 2569 I.

2294 2589 2419 2644 450.
2452 2589 2640 2656 Quam,
2671 2599 2883 2658 gentem,
2918 2590 2956 2643 I.

2295 2659 2419 2712 451.
2450 2660 2720 2719 Orbatam.
2751 2661 3028 2714 viduatam.
3057 2689 3128 2700 —
3150 2658 3400 2726 Ululavit,
3435 2657 3699 2710 lamentat.
3724 2682 3790 2693 —

2231 2730 2448 2798 Urbem,
2473 2729 2774 2795 Jerusalem,
2797 2729 2837 2784 Ι.

2295 2800 2419 2870 452.
2449 2801 2604 2863 Num,
2639 2803 2888 2870 nunquid,
2925 2801 2962 2853 I.

2296 2869 2419 2924 455.
2449 2871 2681 2937 Persica,
2715 2869 2989 2934 diabolica,
3023 2869 3060 2923 Ι.

2294 2940 2420 3012 4ξξ6.
2455 2941 2705 3012 Barbara,
2738 2958 2960 3012 pagana,
2993 2942 3030 2994 l.

2294 3009 2420 3066 458.
2448 3009 2749 3077 Prolanato,
2781 3009 3009 3076 sordido,
3037 3011 3074 3064 Ι.

2294 3081 2419 3136 459.
2471 3081 2718 3145 Abolent,
2765 3083 3147 3144 obliviscuntur,
3197 3079 3405 3134 illorum
3453 3079 3786 3151 malignorum

2223 3169 2378 3208 suasu
2401 3169 2419 3217 ;
2449 3154 2686 3206 alienatio
2710 3161 2782 3206 est
2810 3151 3163 3206 abominabilis
3197 3151 3434 3221 perditio,
3461 3151 3501 3204 Ι.

1901 3275 2454 3369 COMMENTARIUS.
2753 3391 2756 3398 ι

613 3402 735 3477 ῥός).
770 3403 942 3472 Egon,
992 3404 1208 3472 Weitz.,
1256 3407 1362 3471 lso,
1408 3409 1570 3464 Gisel.
1608 3409 1672 3464 ad
1715 3424 1884 3473 oram,
1935 3407 2108 3461 Gifan.
2140 3405 2188 3469 C
2218 3409 2378 3471 vitiis,
2411 3423 2526 3476 quae
2555 3407 2731 3477 specie
2758 3407 2965 3462 virtutis
2994 3403 3283 3477 decipiunt.
3315 3401 3580 3477 Cellarius
3617 3402 3780 3477 interr

542 3473 658 3528 Ind.
692 3472 928 3530 anret..
955 3477 1119 3530 verbo
1149 3492 1392 3541 VESTIRE,
1435 3495 1498 3532 ex
1522 3489 1626 3534 vet.
1658 3480 1775 3543 lib.,
1816 3472 2115 3532 nebulosum

541 3543 693 3619 quasi
720 3544 1096 3619 nebulosorum.
1141 3547 1212 3619 Ita
1245 3549 1403 3619 etiarn
1441 3549 1558 3603 Rat.
1592 3566 1710 3603 cum
1750 3549 1925 3619 glossa
1962 3549 2116 3618 falla-

540 3615 695 3685 ciam,
719 3616 1164 3685 tenebricosorum.
1196 3618 1470 3685 Plerique,
1504 3631 1558 3673 tit
1583 3615 1776 3684 Alex,
1797 3615 2111 3683 Urb.,’lllar.

540 3683 662 3737 Vat.
693 3685 756 3749 Α,
805 3684 983 3752 Prag.,
1039 3687 1330 3752 lleinsiani,
1363 3683 1699 3743 nebulonum.
1747 3683 1854 3744 Nec
1895 3688 2114 3743 dubium

541 3754 676 3828 qui_n_
693 3754 892 3828 ncb_ulo,
916 3765 972 3808 ut
994 3756 1283 3828 nebulosus,
1303 3759 1370 3812 de
1391 3760 1602 3815 diabolo
1625 3761 1864 3828 oppesite
1887 3759 2110 3811 dicatur.

613 3822 737 3900 451,
771 3824 919 3892 Fgm.
951 3827 1167 3900 et_Ald.,
1200 3837 1414 3900 aptant;
1443 3829 1554 3894 alii,
1589 3822 1782 3900 Oplant.
1809 3828 1864 3881 ln
1895 3829 2027 3884 Mar.
2050 3845 2114 3882 ex

543 3893 811 3963 ferocibus
824 3904 967 3946 recte
996 3895 1190 3948 factum
1222 3893 1489 3963 ferocibus.

609 3962 742 4037 455.
771 3961 886 4016 Vat.
919 3963 957 4037 ᾼ
989 3972 1042 4024 el
1080 3961 1254 4037 Eng,
1283 3975 1514 4021 contento
1545 3969 1723 4035 limite,
1749 3969 1898 4037 quasi
1926 3976 2115 4022 exten-

543 4029 745 4104 to;gvel
771 4047 889 4104 cum
922 4033 1028 4086 lim-
1050 4049 1075 4087 s
1107 4029 1221 4104 ipse
1243 4029 1332 4090 isit
1361 4049 1662 4104 contentus,
1711 4029 1955 4092 homines
2002 4039 2118 4102 fitti-

543 4102 900 4176 timisagellis
930 4102 1367 4176 inltianLMelius
1387 4110 1589 4169 cazlcri,
1614 4102 1921 4176 contempto.
1951 4109 2120 4163 liora-

541 4173 646 4248 titts
677 4173 770 4248 lib.
799 4188 856 4241 tt,
908 4184 1005 4248 sat.
1042 4176 1108 4229 6:
1139 4175 1182 4229 0
1219 4178 1261 4230 si
1286 4183 1501 4248 angulus
1536 4178 1630 4232 ille
1661 4173 1938 4232 Proximus
1970 4196 2112 4231 acce-

542 4243 651 4318 dat,
683 4244 770 4312 qui
790 4260 922 4296 nunc
955 4247 1218 4311 denormat
1244 4243 1486 4318 agellum.
1520 4248 1736 4302 Teolins
1763 4263 1948 4312 omnes
1974 4249 2112 4303 Valt.

543 4313 738 4388 allegat
765 4328 860 4382 pro
884 4324 1198 4388 contempto,
1252 4313 1419 4372 velut
1468 4320 1582 4388 ipse
1611 4319 1796 4373 scribit
1842 4328 2112 4374 contemta.

545 4383 722 4436 Facile
754 4384 922 4448 potuit
948 4403 979 4438 η
1003 4387 1167 4440 videri
1187 4383 1318 4442 esse
1348 4406 1416 4452 m,
1445 4383 1535 4442 aut
1565 4398 1768 4444 contra.

614 4454 740 4509 455.
771 4455 882 4508 Mos
909 4454 991 4510 hic
1017 4467 1134 4510 erat
1152 4457 1380 4512 ducendi
1403 4461 1642 4529 captivos
1669 4468 1791 4515 ante
1823 4458 2118 4530 triumpha-

543 4522 646 4575 lem
682 4538 916 4576 currum.

615 4591 743 4644 440.
776 4591 955 4672 Frag,
983 4597 1143 4672 miale
1169 4613 1476 4672 successum.
1527 4600 1794 4672 Prterconis
1826 4601 1964 4656 inter
2012 4601 2116 4656 alia

548 4676 739 4735 munus
764 4669 882 4735 erat
906 4661 1102 4735 judicia
1133 4674 1184 4717 et
1213 4669 1502 4723 sententias
1530 4671 1823 4735 publicare.

615 4728 740 4809 Ml.
779 4731 952 4809 tigrin,
987 4733 1154 4809 Wid.,
1203 4736 1400 4809 Mar._a_
1441 4728 1670 4793 secunda
1713 4755 1894 4805 manu,
1931 4740 2111 4809 Prag.,

549 4800 664 4880 Vat:
698 4802 759 4865 Α,
797 4802 937 4865 Διά..
984 4807 1292 4880 examinare.
1337 4806 1524 4862 Mirum
1556 4809 1694 4876 quod
1727 4810 1810 4863 hic
1849 4800 2000 4864 error
2032 4800 2118 4876 Tot

544 4871 753 4948 codices
810 4878 1180 4948 occupaverit.
1238 4877 1461 4948 Metrum
1520 4871 1750 4948 postulat
1807 4882 2113 4946 exanimare,

543 4942 698 5009 quod“
713 4948 886 4994 exstat
916 4943 965 4994 in
996 4945 1132 4999 aliis.
1168 4947 1221 5000 ln
1253 4947 1373 5002 Rat.
1408 4957 1492 5003 est
1520 4942 1829 5004 exanimare
1864 4966 1894 5004 a
1925 4942 2114 5006 recenQ

547 5012 665 5086 tiori
694 5026 850 5064 manu
873 5028 891 5086 ;Δ
917 5012 1110 5086 alioqui
1141 5027 1254 5068 erat
1281 5021 1592 5074 examinare.
1628 5022 1681 5074 In
1713 5015 1963 5086 AleXan.,
1993 5038 2115 5075 exa-

544 5083 771 5160 nimare;
801 5081 898 5160 sed
925 5081 1101 5150 glossa
1131 5086 1451 5160 inuestigare,
1480 5092 1628 5160 quasi
1663 5092 1707 5144 is
1737 5093 1822 5160 qui
1854 5081 2114 5150 glossema

546 5151 768 5226 addidit,
801 5152 1018 5226 legisset
1044 5151 1354 5226 exatiiinare.
1389 5151 1532 5224 Aldf,
1569 5151 1766 5226 Alex,
1792 5160 1944 5225 Urb.,
1975 5161 2112 5226 Gis.,

473 5274 478 5279 ,
544 5222 599 5296 in
629 5237 873 5296 corpora,
905 5231 962 5296 ut
999 5225 1197 5296 hymno
1236 5225 1292 5296 S.
1333 5222 1573 5283 Cassiani
1619 5222 1757 5285 vers.
1803 5229 1895 5296 47,
1933 5222 1996 5284 in
2025 5222 2115 5285 ora

548 5293 784 5360 frangere
804 5293 1034 5346 tabellas.
1066 5294 1312 5350 Heinsius
1343 5297 1469 5351 nihil
1500 5311 1683 5354 contra
1715 5316 1778 5355 ex
1807 5293 1918 5356 suis
1945 5301 2114 5355 adno-

550 5363 700 5443 tavit.
730 5361 882 5443 alar“
908 5379 1136 5443 corpore,
1167 5376 1381 5421 recente
1413 5385 1568 5422 manu
1596 5372 1647 5423 in
1683 5387 1910 5442 corpore.
1941 5373 2118 5443 Prag.,

549 5431 943 5504 [metm-itte,
971 5431 1025 5486 in
1055 5450 1282 5504 corpore.

619 5501 743 5554 446.
767 5502 980 5580 _Glos_sas
1016 5501 1152 5559 adde
1184 5506 1478 5580 esglsidoro
1509 5508 1599 5562 lib.
1623 5525 1711 5575 xv,
1749 5525 1864 5578 cap.
1901 5512 1954 5575 6,
1983 5515 2123 5580 quod

549 5573 811 5660 erga-stula
839 5575 996 5627 etiam
1025 5578 1273 5644 sunt,ubi
1297 5579 1620 5648 deputantur
1648 5573 1791 5634 naxii
1818 5573 1886 5634 ad
1908 5573 2120 5650 aliquod

549 5656 752 5766 OM37.
781 5714 1191 5784 Chlmillardus,
1222 5720 1377 5772 virtus
1409 5737 1506 5774 non
1529 5720 1784 5778 intellecta
1816 5723 1998 5790 accipit
2029 5740 2124 5792 pro

2222 3473 2460 3544 pretatur
2500 3480 2566 3534 de
2585 3473 2728 3533 'vera
2772 3473 3010 3542 virtute,
3043 3473 3160 3544 quie
3208 3474 3576 3544 ignorantiam
3612 3473 3690 3524 sui
3740 3480 3790 3524 et

2221 3542 2582 3615 contemptum
2613 3547 2846 3602 vindicat
2890 3542 3144 3609 famulatu
3189 3560 3486 3612 prunarum.
3543 3542 3792 3615 Fortasse

2221 3620 2412 3682 melius
2440 3611 2599 3674 uirtus
2626 3635 2727 3673 non
2747 3617 3004 3672 intellecta
3032 3611 3237 3672 dicetur
3264 3629 3384 3670 esse
3417 3617 3493 3667 vis
3547 3611 3788 3682 quadam

2220 3690 2423 3744 occnlta
2452 3703 2505 3744 et
2537 3706 2638 3743 non
2669 3688 2932 3742 intellecta
2962 3689 3028 3740 ab
3057 3688 3185 3755 ipsis
3211 3686 3297 3753 qui
3327 3685 3499 3748 poenis
3525 3696 3643 3755 sunt
3666 3681 3790 3755 snh-

2217 3758 2364 3826 jecti.
2415 3759 2504 3814 Sic
2544 3774 2703 3827 supra
2743 3773 2882 3812 vers.
2926 3759 3028 3814 4'56
3055 3753 3214 3811 {Nec
3255 3773 3307 3818 se
3335 3754 3611 3808 barbaricis
3643 3753 3786 3803 addi-

2223 3841 2364 3888 ctunt
2382 3832 2531 3884 sentit
2555 3829 2780 3884 habenis.
3061 3844 3067 3847 ‘
3738 3886 3746 3893 _

2248 3893 2252 3896 ’
2291 3897 2414 3954 MS.
2445 3900 2643 3954 Widm.
2674 3914 2852 3968 supra,
2886 3908 3081 3958 nostra,
3113 3897 3284 3950 minus
3314 3897 3465 3968 bene.
3496 3894 3673 3968 Pergit
3695 3893 3787 3968 de.-

2222 3969 2527 4035 clamarein
2560 3973 2706 4036 vitia,
2743 3965 2858 4034 qur
2902 3969 3078 4033 specie
3120 3968 3329 4020 virtutis
3365 3966 3574 4036 fallunt,
3615 3965 3788 4036 horni—

2224 4034 2421 4106 nesqtte
2451 4034 2700 4108 captivo;
2734 4042 2782 4091 in
2829 4040 3137 4091 servitutem
3183 4039 3446 4102 t-e-lignnt.
3505 4035 3580 4090 De
3614 4034 3794 4103 huius-

2222 4112 2361 4175 modi
2398 4113 2536 4165 vitiis
2563 4110 2833 4168 iuvenalis
2861 4109 3020 4162 satira
3057 4109 3137 4162 14.

2294 4181 2415 4236 450.
2461 4182 2718 4236 Jrremias
2757 4194 2871 4245 cap.
2907 4179 3165 4242 tThren.,
3221 4193 3357 4232 vers.
3391 4177 3421 4228 ιι
3471 4193 3483 4228 :
3527 4175 3795 4241 Quomodo

2220 4251 2352 4304 sedet
2377 4255 2486 4305 so'a
2511 4253 2700 4314 civitas,
2731 4249 2880 4315 plena
2911 4249 3097 4318 papula
3137 4264 3154 4301 :
3183 4248 3317 4314 facta
3348 4256 3417 4308 est
3464 4247 3615 4316 quasi
3645 4248 3794 4299 uidua

2223 4321 2428 4374 domina
2451 4324 2689 4390 gentium.

2293 4391 2418 4446 459..
2451 4387 2538 4446 Ἐκ
2578 4391 2784 4452 diversa
2822 4390 3084 4446 scribendi
3131 4389 3334 4442 ratione
3377 4389 3534 4458 Prag.
3566 4399 3621 4443 et
3649 4387 3790 4450 Bat.,

2222 4462 2360 4520 aud;
2393 4462 2538 4531 Egrn.
2575 4471 2627 4514 ct
2656 4461 2770 4514 \lat.
2803 4463 2866 4523 Α,
2900 4462 3036 4514 haud
3068 4476 3163 4527 pro
3194 4471 3301 4511 aut.

2294 4529 2632 4600 455.'Prag.,
2668 4547 2809 4599 quos,
2849 4543 2900 4586 et
2945 4547 3096 4584 versu
3139 4546 3249 4596 seq.
3290 4529 3541 4598 captiuos,
3593 4544 3700 4582 non
3724 4529 3794 4581 ita

2223 4601 2360 4655 bene
2389 4617 2449 4656 ac
2478 4619 2603 4668 quas
2634 4611 2688 4656 et
2712 4605 2956 4665 captivas,
2989 4617 3064 4656 sc.
3091 4601 3313 4656 animas.

2295 4673 2419 4726 455.
2454 4672 2570 4726 Vat.
2606 4675 2644 4727 Α
2678 4673 2857 4735 scribit
2894 4672 3204 4725 disuescunt.

2149 4769 2199 4830 θ
2298 4744 2421 4824 45b.
2457 4743 2601 4830 lla-tn
2633 4760 2695 4796 ex
2734 4743 2941 4830 patriis;
2980 4741 3158 4822 Pr:ig..
3188 4743 3346 4822 eruti,
3376 4748 3443 4830 'lll
3469 4751 3796 4830 supraﬂquos

2225 4815 2472 4881 captivos.
2507 4813 2627 4868 Haec
2655 4810 2831 4868 omnia
2859 4813 3020 4868 videri
3047 4822 3266 4880 possunt
3294 4815 3343 4865 in
3376 4810 3796 4870 Lamentatinni-

2224 4881 2324 4936 bus
2353 4883 2613 4938 Jeremia-.

2297 4953 2420 5006 458.
2476 4954 2679 5021 Captivi
2711 4953 2982 5017 lsrarlitre,
3014 4963 3069 5007 et
3093 4953 3177 5020 qui
3202 4952 3264 5003 ad
3295 4951 3576 5022 .Egyplum
3612 4949 3794 5004 confu-

2223 5031 2434 5090 gerant,
2467 5024 2531 5076 ad
2568 5024 2828 5080 idolorum
2855 5024 3051 5077 cultum
3085 5032 3434 5089 secesserant,
3479 5037 3616 5092 quos
3645 5022 3792 5076 Jcre-

2226 5095 2364 5146 mins
2389 5094 2708 5159 objurgavit.

2299 5163 2424 5217 459.
2461 5164 2625 5218 Palat.
2651 5205 2665 5228 ,
2691 5164 2889 5218 Widtn.
2919 5207 2932 5228 ,
2967 5165 3115 5231 ligni.
3162 5178 3255 5230 pro
3298 5163 3506 5218 diversa
3547 5164 3794 5221 lectione,

2230 5231 2449 5304 Weitz.,
2481 5233 2597 5286 Vat.
2625 5233 2668 5288 A
2689 5275 2703 5297 ,
2735 5236 3012 5304 petulantia
3041 5245 3258 5304 pectora.
3304 5233 3576 5288 Heinsiani
3598 5273 3611 5291 .
3656 5243 3796 5302 petu-

2233 5303 2362 5355 lanti
2383 5321 2408 5354 e
2435 5312 2650 5369 pectore,
2685 5321 2803 5359 cum
2832 5306 2948 5358 Ald.
2983 5314 3036 5357 et
3062 5307 3197 5357 aliis.
3226 5305 3349 5358 Mar.
3375 5320 3402 5357 a
3435 5306 3599 5372 prima
3620 5318 3793 5359 manu.

2235 5374 2378 5430 Rat.
2417 5374 2596 5438 Prag.,
2629 5375 2873 5438 petulanti
2900 5386 3114 5441 pectore.
3152 5375 3204 5425 ln
3240 5375 3441 5429 Mariet.
3472 5377 3648 5427 a'icna
3693 5387 3800 5422 ιυτιο

2234 5460 2302 5497 nn
2352 5462 2382 5496 a
2424 5445 2502 5497 vel
2541 5461 2568 5497 e
2617 5453 2830 5510 pectore.
2875 5446 2930 5498 S.
2967 5445 3216 5503 Paulinus
3252 5445 3381 5510 psal.
3415 5460 3642 5498 cxxxvr:
3675 5442 3797 5495 Cum

2233 5515 2452 5580 patrium
2481 5515 2688 5566 memori
2717 5514 3026 5566 traheremus
3071 5527 3266 5582 pectore
3307 5514 3452 5569 Sion.
3502 5515 3602 5568 Ubi
3641 5514 3797 5567 etiam

2239 5585 2543 5650 producitur
2575 5587 2740 5648 prima
2774 5584 2974 5638 vocalis
2999 5626 3013 5645 ,
3043 5601 3198 5652 qnam
3234 5584 3554 5638 Fortunatus
3590 5597 3798 5651 quoque

2174 5674 2177 5676 ·
2235 5653 2507 5720 produxit.
2546 5655 2674 5708 Vide
2721 5655 2821 5710 alia
2865 5656 3104 5721 exempla
3155 5655 3204 5708 in
3248 5655 3420 5710 indice
3465 5654 3689 5708 Fabricii
3734 5652 3797 5703 ad

2237 5735 2418 5792 poetas
2442 5725 2789 5782 Christianos.
2826 5725 2926 5778 Alii
2953 5726 3245 5794 corripiunt
3274 5727 3413 5794 quod
3443 5727 3492 5780 in
3527 5726 3611 5779 his
3633 5724 3795 5779 nomi-
