4092 6344
264 307 398 367 ιειε

1493 519 1760 592 [frangunt

437 611 672 679 Organa,
716 617 771 664 et
811 610 1016 665 externi
1050 610 1263 666 laudant
1293 613 1626 667 anathemata
1660 618 1826 685 regni.

440 700 623 754 Nonne
669 700 764 754 fuit
795 702 1018 770 melius,
1053 717 1248 756 saevum
1294 702 1651 773 Memphitidis
1694 707 1829 760 aula:

439 790 598 861 536
649 790 930 860 imperium
963 793 1222 848 tolerasse
1261 803 1474 862 patres,
1516 796 1828 864 penitusque

1510 887 1761 957 [sinistris

437 975 712 1032 Assedisse
734 975 908 1032 locis?
935 979 1139 1048 positos
1163 978 1454 1032 Pharaonis
1481 980 1644 1048 iniqui

259 1072 368 1127 405
444 1073 554 1129 Sub
583 1076 804 1144 pedibus
824 1117 838 1143 ,
868 1079 993 1133 limo
1015 1120 1029 1145 ,
1072 1087 1125 1133 et
1151 1079 1320 1146 paleis
1347 1078 1550 1133 servire
1579 1088 1791 1146 paratos
1814 1121 1827 1141 ,

433 1163 620 1220 Carnis
643 1176 699 1222 et
724 1168 1022 1223 immodicae
1047 1182 1242 1238 spurco
1271 1169 1564 1222 ructamine
1595 1169 1832 1223 crudos?

433 1255 547 1320 Quo
580 1268 782 1314 tantum
814 1260 996 1315 auxilii
1031 1277 1123 1329 per
1153 1262 1462 1332 prodigialia
1486 1263 1633 1331 signa

436 1348 628 1405 Ell'udit
657 1343 941 1419 Dominus,
976 1353 1223 1424 populum
1252 1353 1375 1408 dum
1409 1354 1540 1409 forte
1572 1354 1827 1409 rebellem

435 1439 621 1495 Servat
642 1457 745 1512 ope
770 1443 1056 1511 immerita,
1094 1446 1279 1501 vinclis
1303 1447 1427 1500 dum
1460 1445 1668 1501 subdita
1695 1446 1828 1501 colla

291 1530 360 1582 ‘70
435 1530 638 1596 Solvit,
675 1544 729 1589 et
769 1533 1060 1606 IEgypuim
1108 1538 1253 1608 virga
1292 1547 1541 1608 serpente
1578 1549 1788 1594 coercet
1810 1541 1831 1590 ’ξ

433 1621 566 1688 Quid
591 1624 739 1692 juvat
767 1641 1098 1696 aequoreum,
1122 1630 1306 1699 pelago
1335 1631 1576 1695 cedente,
1611 1630 1830 1700 profun-

1614 1722 1758 1794 [dum

441 1808 697 1866 Pulverea
725 1811 958 1868 calcasse
983 1814 1066 1868 via
1094 1832 1103 1867 :
1135 1830 1255 1869 cum
1279 1817 1490 1871 conscia
1519 1818 1663 1884 ponti

435 1900 574 1958 Saxa
595 1903 693 1958 sub
723 1902 902 1975 ignoto
923 1912 1209 1974 patuerunt
1237 1907 1440 1976 prodita
1464 1908 1620 1970 caelo,

1603 311 2134 372 llAMARTlGENlA.

262 423 364 476 ‘60
440 421 552 476 lam
605 421 789 490 patriai
840 422 1147 479 meminisse
1197 424 1338 493 piget
1382 441 1394 480 :
1453 424 1558 494 jam
1607 429 1824 498 mystica
1855 433 1905 491 Α

3369 321 3504 379 1046

2107 431 2259 487 Aruit
2288 441 2341 486 ct
2370 433 2542 485 medio
2569 433 2756 485 sitiens
2788 434 2838 485 in
2865 432 3071 502 gurgite
3095 432 3293 485 limus?

1932 523 2036 577 475
2112 523 2166 580 Si
2192 523 2360 577 victor
2387 524 2580 578 virtute
2612 524 2724 588 Dei,
2757 523 3066 592 mediasque
3089 523 3338 578 tenebras

2113 619 2252 672 Luce
2281 619 2574 674 columnari
2602 619 2852 674 scindens
2883 620 3148 675 exercitus
3171 619 3318 684 olim,

2113 711 2348 766 Perdidit
2406 713 2601 766 inventi
2650 712 2839 766 vallem
2903 713 3180 783 llotryonis
3228 712 3500 780 opimam?

2113 801 2268 873 537
2299 802 2355 857 Si
2387 803 2553 857 nescit
2586 817 2798 858 versare
2838 803 3008 856 solum
3032 805 3164 873 ,_cni
3211 803 3371 856 melle
3412 819 3500 872 pc-

2875 897 2904 920 "
3061 870 3096 894 ’
3257 870 3431 965 [renni

2088 985 2271 1052 _Gleha
2317 987 2485 1042 ﬂuens
2532 988 2718 1042 niveos
2771 989 3054 1055 permiscet
3104 987 3268 1042 lactea
3314 989 3456 1040 rivos

1933 1077 2038 1131 480
2110 1079 2163 1131 Si
2194 1078 2446 1133 domitam
2479 1079 2732 1134 Jericlton
2763 1079 2938 1143 lituis,
2968 1093 3127 1147 atque
3160 1082 3273 1132 'a-re
3305 1094 3501 1132 canoro

2113 1168 2318 1225 Rursus
2345 1171 2394 1224 in
2421 1172 2665 1238 antiquos
2697 1170 2890 1238 patitur
2926 1184 3248 1238 consurgere
3276 1183 3455 1222 muros

2108 1259 2162 1312 Si
2197 1260 2326 1326 ripis
2358 1258 2506 1314 reﬂui
2541 1259 2786 1314 Jordanis
2815 1259 3026 1325 pellitur
3049 1302 3062 1321 ,
3093 1259 3271 1328 ctjam

2113 1350 2317 1405 Deserit
2363 1352 2651 1420 ascriptum
2689 1351 2928 1404 dimensa
2963 1350 3014 1403 in
3049 1351 3230 1417 jugera
3263 1351 3506 1403 sortem?

2098 1426 2417 1514 Βείιίιμιοέἰ
2468 1453 2722 1501 structam
2766 1442 2924 1496 tantis
2970 1441 3253 1495 sudoribus
3293 1442 3500 1504 urbem,

1931 1542 2038 1600 48ιῖ
2116 1543 2179 1595 Ει
2216 1555 2335 1609 qua:
2365 1537 2654 1606 nubigenas
2683 1534 3070 1588 transcemlunt
3098 1533 3329 1587 culmina
3370 1533 3503 1586 nim-

3297 1624 3436 1692 lbos,

2117 1724 2406 1778 Defensare
2433 1719 2656 1791 nequit?
2680 1717 2720 1771 si
2752 1717 2950 1781 nescit,
2981 1715 3099 1786 quis
3142 1715 3275 1784 lapis
3312 1714 3399 1767 ille
3422 1721 3505 1766 est

2117 1817 2366 1871 Hostibus
2396 1813 2682 1878 obsistens,
2714 1819 2770 1864 ut
2801 1809 3203 1879 inexpugnabile
3235 1807 3394 1861 turris

2123 1908 2466 1964 Praesidium:
2516 1921 2670 1975 quem
2715 1919 2818 1959 non
2851 1912 3013 1957 :rrato
3052 1901 3290 1956 machina
3336 1909 3508 1955 rtstro

1575 2020 1856 2077 CLOSSIE
1898 2022 2228 2078 VETERES.

325 2105 466 2184 461.
498 2107 736 2184 Organa,
769 2109 945 2184 laudes
978 2109 1518 2184 Dei.--—Anathetnata
1543 2159 1555 2181 ,
1589 2117 1831 2184 perditio-

252 2193 364 2235 nes.
399 2177 746 2243 alienat’iones,
780 2177 818 2231 I.
847 2181 1211 2244 Alienationes,
1241 2182 1354 2237 Vat.
1381 2183 1441 2238 Τ.

329 2248 451 2320 462.
493 2248 867 2320 Memphitidis,
895 2249 1236 2320 Egyptiaca‘,
1275 2253 1311 2306 l.
1593 2283 1614 2317 ο

335 2318 462 2392 M35.
493 2319 794 2392 Tolerasse,
824 2318 1292 2388 pati.;-Sinistris,
1321 2327 1608 2392 contrariis,
1636 2327 1676 2380 Ι.

281 2388 448 2514 Γ46ἶ.
503 2389 820 2455 Pharaonis,
873 2394 956 2460 qui
1006 2393 1358 2447 nominabatur
1403 2388 1620 2459 Cenclis,
1670 2398 1834 2451 Clien-

303 2475 368 2514 ts.
427 2502 438 2514 .

249 2475 368 2520 “IS.
403 2475 438 2514 Ι.

327 2531 448 2602 465.
493 2534 604 2588 Sub
631 2531 872 2602 pedibus,
899 2529 1260 2598 dominatione,
1289 2545 1550 2602 potes'ate,
1586 2537 1618 2588 1.

324 2601 449 2657 466.
484 2601 781 2676 lmmOdicte
805 2643 818 2667 ,
856 2619 1086 2676 magnae,
1120 2604 1170 2656 in
1208 2601 1553 2660 multitudine.
1587 2607 1792 2676 SpurCo
1819 2649 1832 2668 ,

252 2674 518 2746 immunda
543 2674 1186 2746 eructatione.—-Crudos,
1217 2686 1494 2741 saturatos,
1527 2674 1719 2746 plenos,
1752 2679 1834 2732 in-

155 2769 158 2771 -
252 2743 474 2810 digestos
490 2787 503 2804 ,
537 2745 574 2798 1.

329 2814 453 2884 467.
487 2815 622 2884 Quo,
653 2831 741 2868 cur
766 2817 888 2876 illic,
915 2815 954 2868 l.

329 2881 453 2940 468.
481 2881 774 2950 liebellem,
806 2886 1084 2954 inﬁdelem,
1119 2887 1166 2940 Ι.

501 2957 634 3028 Qpe,
664 2957 899 3028 auxilio,
917 2956 956 3009 l.

330 3024 467 3080 470:
507 3024 676 3095 Virga,
707 3028 827 3096 quia
857 3024 996 3097 uirga
1030 3037 1223 3080 mutata
1256 3037 1329 3081 est
1361 3031 1408 3080 in
1443 3039 1830 3097 serpentem.—

1940 2117 2219 2185 Serpente.
2250 2115 2490 2168 existente
2510 2156 2522 2176 ,
2554 2113 2588 2185 l.

2010 2182 2132 2241 472.
2167 2186 2433 2244 Calcasse.
2465 2182 2746 2243 ambulare,
2781 2182 2816 2234 l.

2011 2259 2134 2312 475.
2170 2255 2406 2316 Prodita,
2439 2263 2657 2318 ostensa,
2704 2253 2741 2304 Ι.

2010 2331 2133 2382 477.
2163 2325 2428 2388 Perdidit,
2468 2340 2560 2390 pro
2587 2319 3146 2390 perdit.—Bolryonis,
3178 2329 3360 2370 terram
3395 2332 3509 2383 pro-

1945 2394 2566 2461 missionis.-—0pitnam,-
2585 2393 2828 2460 fertilem,
2873 2390 2911 2442 Ι.

2015 2470 2137 2523 478.
2182 2458 2425 2526 Versare,
2476 2458 2623 2516 arare
2659 2473 2863 2523 terram,
2915 2460 3210 2519 subvertere,
3249 2458 3428 2519 colere,
3469 2458 3503 2508 Ι.

2016 2540 2140 2595 480.
2167 2536 2437 2599 Jcrichon,
2472 2533 2717 2586 civitatem
2747 2531 2958 2593 diaboli,
2989 2537 3160 2582 sancta
3185 2528 3510 2594 prtedictione

1945 2622 2255 2678 superatam,
2284 2611 2322 2664 1.

2013 2674 2136 2734 λ84.
2174 2682 2489 2744 Sudorihns.
2526 2681 3094 2740 lallot'lllll.~‘.—Urbelll,
3125 2674 3432 2738 Jerusalem,
3466 2677 3503 2729 l.

2011 2752 2134 2805 485.
2164 2751 2427 2812 Culmina.
2451 2756 2669 2810 rirtutes,
2693 2754 2737 2804 d.
2758 2755 2965 2815 air/cria,
2992 2753 3030 2805 I.

2011 2821 2138 2878 486.
2169 2823 2359 2893 Lapis,
2402 2825 2634 2878 Christus
2681 2833 2788 2886 est;
2826 2824 2911 2892 qui
2941 2838 3116 2878 murus
3137 2865 3150 2886 ,
3182 2835 3229 2877 et
3275 2825 3404 2893 lapis
3439 2831 3508 2877 est

1943 2891 2387 2961 inexslingui'bilis,
2417 2904 2462 2948 et
2493 2893 2788 2963 praesidium
2813 2891 3127 2962 inde/ideas,
3152 2894 3186 2947 Ι.

2010 2964 2132 3019 4δ8.
2173 2964 2278 3030 Vis,
2313 2966 2537 3019 immissa
2566 2981 2677 3018 cum
2705 2965 3018 3033 fortitudine,
3053 2965 3090 3018 1.
3159 3025 3163 3029 ,

1624 3121 2171 3178 COMMENTARIUS.

259 3213 421 3266 nibus
457 3211 568 3266 ﬁeri
600 3227 776 3280 posse,
814 3215 992 3266 n‘tonui
1021 3214 1070 3265 in
1106 3215 1304 3279 rroleg.
1332 3215 1370 3266 Ιεί
1391 3213 1590 3266 .ludzeis
1621 3215 1832 3281 capti-Vi-
1863 3213 1908 3274 C
1942 3231 2041 3268 non
2082 3217 2372 3268 conceditur
2427 3217 2500 3268 uti
2527 3216 2549 3266 ?

262 3293 378 3336 tate
405 3282 719 3352 Babylonica
747 3283 998 3348 detentis,
1029 3283 1267 3336 nonnulli
1291 3293 1443 3338 erant
1472 3285 1557 3350 qui
1590 3285 1838 3338 recorda-

260 3353 600 3424 renlurrSion
633 3363 685 3407 et
716 3354 977 3406 idolorum
1011 3356 1206 3424 cultum
1238 3353 1547 3415 horrerent,
1585 3365 1638 3406 ut
1676 3356 1839 3424 liquet

261 3438 328 3476 ex
357 3423 559 3490 psalmo
581 3427 672 3477 cit.
703 3441 714 3474 :
737 3424 904 3493 Super
923 3425 1134 3492 [Iuntina
1159 3423 1438 3493 Babylonis-
1457 3424 1564 3477 illic
1593 3423 1834 3488 sedimus,

264 3503 314 3547 et
346 3495 597 3562 ﬂeuimus,
629 3510 744 3546 cum
773 3496 1150 3548 recordaremur
1175 3495 1322 3548 Sion.
1365 3495 1678 3548 Prudentius
1721 3495 1839 3549 illos

267 3578 392 3616 cum
416 3565 642 3618 .leremia
669 3564 1133 3635 reprehendit,qui
1160 3565 1393 3634 gentium
1430 3584 1456 3614 ιι
1482 3580 1603 3619 ores
1628 3577 1676 3619 et
1709 3567 1840 3621 ritus

271 3635 486 3688 inerunt
508 3637 694 3689 secuti.

343 3705 464 3759 460.
501 3705 647 3776 Apud
675 3706 988 3776 Weitziutn,
1024 3705 1219 3760 Widm.
1242 3750 1256 3773 ,
1294 3722 1410 3760 nam
1449 3719 1544 3776 pro
1567 3709 1698 3776 jam.
1735 3707 1838 3761 Sed

276 3789 380 3827 non
422 3775 654 3842 explicat
697 3775 953 3829 Weitzins
1011 3777 1150 3829 sitne
1194 3793 1311 3829 nam
1357 3775 1572 3843 patriae,
1612 3794 1677 3828 an
1725 3795 1840 3830 nam

277 3845 510 3914 mystica,
545 3861 608 3895 an
641 3853 922 3910 tttrttmque
957 3864 967 3914 ;
1003 3861 1124 3897 nam
1156 3846 1236 3899 bis
1263 3851 1519 3911 repetitur
1541 3850 1669 3914 jam.
1705 3849 1840 3900 (Iliu-

279 3913 557 3982 millardus
601 3914 906 3982 opinionem
951 3913 1160 3966 Pinedze
1199 3915 1291 3967 lib.
1327 3931 1394 3966 vn
1433 3918 1499 3968 de
1535 3918 1838 3982 Salomone,

278 3995 393 4049 cap.
453 3981 533 4045 l0,
566 3981 729 4034 refert
756 3982 968 4036 Judzeos
999 3985 1232 4037 citharas
1261 3999 1388 4036 suas
1413 3986 1729 4052 appendisse
1759 4003 1844 4039 5::-

281 4051 496 4123 liribus,
527 4067 645 4120 quia
687 4063 840 4106 erant
868 4061 990 4107 ante
1039 4055 1146 4106 lleli
1171 4054 1323 4123 lovis
1352 4051 1602 4120 templum
1645 4057 1695 4108 in
1733 4058 1842 4123 ipsa

282 4121 702 4202 urbeuliahylmie
723 4138 825 4202 ,__ex
853 4122 1285 4202 interpretatione
1315 4125 1500 4192 psalmi
1522 4139 1713 4178 cxxxvt
1737 4121 1763 4179 :i
1783 4126 1843 4180 In

281 4193 520 4263 slicibtts
547 4193 598 4245 in
628 4194 791 4246 medio
821 4195 929 4262 ejus
956 4195 1305 4262 suspendimus
1335 4210 1525 4263 organa
1555 4206 1724 4247 nostra
1744 4237 1758 4256 ,
1793 4205 1846 4251 et

283 4263 334 4316 in
365 4262 548 4316 eadem
595 4264 845 4331 opinione
873 4264 1033 4316 fuisse
1069 4262 1406 4317 Prudentium
1438 4264 1684 4319 allirmat.
1718 4265 1842 4321 Mihi

285 4334 334 4387 id
361 4347 461 4386 non
488 4333 650 4400 liquet
674 4352 685 4386 :
714 4348 832 4388 nam
855 4333 1172 4389 Prudentius
1189 4333 1401 4388 Judaeos
1423 4335 1537 4388 illos
1560 4338 1845 4403 reprehen-

282 4405 358 4456 dit
387 4404 472 4470 qui
507 4419 700 4473 organa
729 4403 1012 4472 fregerant,
1055 4420 1159 4459 non
1187 4405 1274 4472 qui
1300 4405 1706 4471 suSpeuderant.
1745 4407 1846 4460 Ne-

283 4490 388 4543 que
408 4475 710 4542 opinionem
733 4473 944 4529 Pinedre
966 4476 1220 4543 approbat
1237 4474 1484 4540 Lorinus,
1507 4476 1596 4543 qui
1615 4475 1726 4530 fuse
1749 4478 1846 4530 do-

284 4555 474 4609 ctoque
503 4544 600 4614 hoc
620 4545 688 4598 de
712 4559 768 4598 re
789 4545 853 4598 ad
881 4560 999 4614 eum
1033 4546 1300 4613 psalmum
1322 4545 1572 4614 disputat.

353 4614 476 4669 461.
523 4613 576 4666 In
610 4614 727 4667 Vat.
767 4615 810 4668 A
849 4613 1177 4685 desideratur
1209 4628 1254 4669 et
1287 4626 1406 4685 post
1448 4632 1658 4684 organa.
1706 4620 1844 4671 Ana-

285 4687 507 4737 themata-
534 4685 617 4738 hic
658 4695 779 4738 sunt
829 4683 1108 4751 sacrilicia,
1151 4683 1328 4739 mores
1357 4697 1409 4739 et
1445 4687 1575 4740 titus
1618 4689 1846 4753 profani.

285 4758 565 4808 Anathema
596 4769 691 4822 pro
725 4754 940 4808 homine
969 4756 1281 4808 exsecrabili
1319 4771 1418 4808 vox
1455 4759 1809 4812 ecclesiastica
1833 4803 1846 4822 ,

286 4838 338 4877 ut
385 4824 817 4878 anathematizare
860 4824 995 4893 apud
1049 4826 1103 4879 S.
1172 4825 1548 4894 Hieronymum
1599 4837 1651 4878 et
1696 4829 1882 4882 alios.-

287 4895 500 4947 Teolius
533 4904 710 4947 monet
750 4899 1105 4966 anathemata,
1153 4895 1310 4966 priori
1346 4907 1607 4966 porrecta,
1646 4907 1697 4948 ut
1730 4899 1810 4951 hic
1834 4943 1848 4966 ,

286 4979 406 5018 esse
437 4966 652 5018 donaria
697 4964 896 5017 numini
919 4965 1112 5018 dicata.
1146 4964 1396 5018 Fortasse
1425 4965 1663 5020 scribere
1689 4964 1851 5021 voluit

207 5061 210 5064 ι
286 5038 434 5088 tertia
460 5043 711 5104 porrecta.
742 5033 941 5102 Conjici
975 5044 1154 5104 posset
1188 5036 1512 5090 anademata.
1555 5035 1710 5090 Lucr.
1756 5038 1848 5090 lih.

285 5121 358 5169 tv,
383 5106 682 5158 anademata
713 5107 894 5158 mitraz.
1382 5170 1388 5175 ι
1717 5117 1720 5120 ·

356 5176 901 5248 462._l.ongiss_imum
940 5187 1080 5248 esset
1108 5191 1168 5230 ea
1202 5177 1390 5248 omnia
1411 5176 1648 5248 proferre
1674 5193 1793 5248 quae
1821 5194 1851 5233 e

287 5247 452 5298 sacris
483 5246 697 5299 Litteris
724 5245 882 5299 Poeta
903 5247 1100 5299 indicat
1128 5255 1216 5298 aut
1238 5246 1421 5302 rell-rt.
1453 5248 1581 5312 Quae
1609 5245 1710 5301 hoc
1739 5250 1854 5302 loco

286 5317 524 5382 attingit,
565 5316 726 5369 videri
763 5326 979 5387 possunt
1008 5317 1174 5370 Exod.
1206 5331 1326 5386 cap.
1360 5334 1395 5382 ι,
1421 5318 1453 5370 5
1483 5326 1536 5371 et
1561 5332 1710 5387 seqq.

356 5387 479 5440 466.
532 5387 808 5454 Ait-poeta
850 5385 1120 5442 lsraelitas
1160 5385 1318 5442 carne
1369 5385 1648 5441 immodica
1675 5385 1756 5442 se
1802 5391 1852 5442 in

286 5455 517 5526 Egypto
552 5457 819 5521 reiecisse,
851 5460 970 5526 quia
1008 5458 1108 5525 ipsi
1149 5458 1312 5512 Exod.
1343 5473 1454 5522 art,
1480 5459 1532 5522 3,
1565 5458 1809 5513 dixerunt
1837 5478 1847 5510 :

288 5526 498 5599 U_tinarn
525 5529 713 5580 mortui
741 5543 962 5580 essemus
991 5544 1082 5599 per
1119 5544 1324 5581 manum
1371 5527 1575 5599 Domini
1617 5529 1668 5581 in
1717 5539 1851 5582 terra

277 5595 532 5664 .Egypti,
567 5599 771 5664 quando
809 5595 1099 5652 sedc-bamus
1140 5614 1296 5662 super
1335 5598 1465 5652 ollas
1509 5600 1760 5662 carnium,
1806 5611 1852 5652 et

276 5666 662 5736 'rmnedebamus
694 5685 873 5736 panem
901 5670 952 5722 in
984 5672 1263 5722 saturitate.

350 5732 474 5791 M7.
516 5719 767 5792 Horatius
780 5719 800 5791 l
830 5719 877 5793 hi.
904 5719 959 5802 iv,
987 5719 1337 5809 bno
1366 5739 1491 5793 mihi
1521 5719 1850 5808 fortunam-si

2015 3284 2140 3338 472.
2172 3285 2439 3340 Cauchius
2475 3301 2539 3338 ex
2577 3285 2774 3351 scripto
2808 3297 2904 3336 suo
2947 3282 3174 3335 malebat
3212 3299 3466 3348 purpurea
3495 3324 3506 3336 .

1940 3357 2064 3425 quia
2108 3369 2288 3410 sermo
2317 3367 2400 3410 est
2435 3355 2502 3409 de
2549 3354 2679 3407 mari
2719 3352 2921 3425 Rubro.
2967 3351 3070 3425 Sed
3109 3353 3381 3425 venustius
3430 3361 3509 3404 est

1946 3420 2180 3496 pulverea
2223 3440 2343 3479 eum
2388 3423 2883 3496 reliquisgscriptis,
2923 3422 3073 3490 quasi
3109 3420 3360 3496 Israelita:
3406 3436 3509 3496 non

1945 3492 2118 3550 solum
2155 3498 2298 3552 sicco
2353 3495 2487 3562 pede
2531 3494 2838 3562 trajecerint
2877 3507 3042 3554 mare,
3086 3492 3176 3546 sed
3225 3493 3383 3544 etiam
3427 3494 3508 3544 via

1947 3581 2094 3621 mare
2127 3582 2218 3634 per
2243 3567 2473 3621 medium
2503 3564 2661 3618 fuerit
2691 3563 3072 3634 pulverulenta.
3106 3563 3194 3616 Sic
3223 3576 3346 3634 mox
3378 3564 3510 3634 aruit

1946 3633 2136 3690 limus.
2162 3638 2412 3691 Paulinus
2445 3637 2603 3689 etiam
2632 3634 2752 3688 Nat.
2785 3634 2818 3688 9
2854 3633 2987 3686 dixit
3016 3644 3184 3685 arente
3215 3633 3470 3701 profundo
3495 3672 3507 3692 ,

1945 3718 1998 3763 et
2026 3707 2378 3778 puluerulenta
2407 3706 2616 3778 uestigia
2648 3705 2720 3778 de
2741 3703 2966 3778 transitu
2993 3703 3259 3778 lordanis.

2015 3773 2137 3831 474.
2169 3777 2360 3834 Weitz.
2395 3785 2449 3831 et
2477 3773 2612 3840 Gi's.,
2642 3776 2732 3829 sub
2754 3775 2968 3844 gurgite.
3003 3773 3293 3834 Heinsiani,
3325 3773 3431 3825 Pal.
3461 3780 3514 3823 et

1949 3851 2116 3901 riuslri
2145 3849 2327 3912 codd.,
2355 3849 2405 3901 in
2437 3848 2650 3919 gurgite.

2017 3921 2141 3972 475.
2176 3920 2291 3971 Vat.
2323 3923 2361 3971 A
2389 3915 2635 3986 et'Eg‘mq
2668 3918 2740 3970 sic
2765 3917 2941 3978 victor,
2972 3915 3127 3986 male.
3491 3930 3494 3932 ‘

2020 3989 2139 4040 477.
2193 3989 2442 4041 Martialis
2467 3985 2568 4039 lilu
2591 4004 2672 4048 xt,
2705 3989 2876 4053 epigr.
2901 3987 3003 4040 58:
3043 3985 3150 4038 Nec
3176 3986 3381 4050 dignata
3415 3993 3514 4036 toto

1951 4071 1996 4110 te
2027 4060 2266 4126 botryone
2299 4067 2460 4123 putat.
2501 4058 2602 4110 Alii
2645 4057 2726 4108 hic
2758 4057 3054 4126 intelligunt
3094 4068 3358 4107 racemum
3399 4069 3514 4126 nvai

1949 4125 2270 4190 condit-idae,
2296 4128 2381 4178 alii
2413 4142 2509 4179 ova
2543 4127 2838 4193 sepiarum,
2874 4128 2988 4179 sive
3020 4125 3280 4192 liquamen
3313 4139 3374 4174 ex
3401 4125 3517 4175 ovis

1951 4199 2193 4266 piscium.
2226 4198 2491 4250 Palladius
2518 4207 2663 4251 certe
2694 4209 2790 4262 pro
2811 4211 2940 4266 ora:
2970 4209 3182 4266 racemo
3213 4194 3385 4260 posuit
3425 4195 3517 4246 bo-

1953 4277 2195 4337 tryonem.
2234 4267 2549 4321 Prudentius
2601 4266 2830 4337 loquitur
2871 4265 2937 4337 de
2967 4265 3135 4317 botris
3171 4266 3518 4337 seu_raeemis

1955 4333 2106 4390 terr-.e
2157 4337 2549 4407 promissionis.
2601 4333 2832 4389 Consule
2887 4334 3040 4388 Num.
3088 4348 3202 4398 χιιι,
3254 4333 3416 4386 .losue
3468 4349 3517 4385 Vl
3597 4371 3606 4380 .

1951 4417 2003 4462 et
2022 4420 2299 4532 .Ald.
2324 4477 2510 4532 scribit
2533 4475 2759 4540 Hierico,
2781 4474 2871 4528 alii
2890 4473 3153 4538 Hierieon,
3181 4483 3272 4528 aut
3291 4472 3519 4539 Jerieon,

1873 4560 1926 4622 ι)
1950 4557 2048 4622 aut
2065 4548 2324 4622 Ierichon.

2021 4618 2146 4672 482.
2204 4618 2349 4684 Ald.,
2392 4618 2549 4681 riuis;
2600 4617 2690 4671 alii
2736 4618 2879 4688 ripis.
2931 4616 3046 4670 Vat.
3101 4616 3166 4679 A,
3214 4615 3389 4684 reﬂuis
3429 4628 3522 4681 pro

1949 4705 2116 4742 reum.
2355 4706 2365 4718 ⁸

2179 4758 2302 4822 Ald,
2337 4758 2496 4814 habet
2532 4757 2664 4813 illest
2691 4773 2786 4827 pro
2813 4757 2902 4811 ille
2927 4766 3019 4810 est.
3062 4755 3401 4827 Perspicuum
3444 4765 3524 4827 est

1953 4829 2222 4884 Christum
2285 4831 2424 4883 hunc
2465 4844 2584 4883 esse
2636 4825 2887 4896 lapidem.
2939 4827 3005 4879 de
3057 4839 3162 4896 quo
3218 4825 3407 4878 Paulus
3454 4825 3518 4878 ad

1954 4899 2150 4967 Ephes.
2199 4915 2264 4957 ιι.
2295 4900 2450 4967 20¥et
2490 4912 2639 4966 seqq.
2689 4895 2819 4967 Vide
2859 4897 3015 4950 etiam
3059 4895 3408 4950 Dittochaeum
3440 4903 3516 4948 te“-

1957 4965 2215 5023 trasticho
2241 4968 2330 5033 5i,
2362 4965 2532 5020 Pinna
2559 4965 2750 5032 templi.

1967 5072 1970 5074 -
2028 5039 2149 5092 487.
2187 5039 2332 5094 Sich.
2355 5048 2407 5092 et
2439 5038 2605 5105 Bong.
2638 5051 2665 5087 a
2697 5037 2864 5105 prima
2893 5051 3049 5090 manu
3073 5076 3087 5101 ,
3122 5036 3266 5087 terris
3293 5049 3386 5102 pro
3411 5043 3516 5087 tur-

1953 5109 2042 5160 ris.
2077 5109 2192 5162 Vat.
2228 5112 2294 5174 A,
2327 5107 2601 5172 mendose,
2633 5107 3063 5178 inexpugnabilis.

2029 5179 2154 5234 488.
2203 5180 2276 5232 lta
2333 5179 2514 5246 legunt
2553 5174 2842 5231 veterrimi'
2873 5177 2988 5230 Put.
3031 5184 3086 5246 et
3124 5174 3330 5228 'l'huan.
3383 5175 3524 5246 apud

1959 5249 2236 5304 Heiusium
2266 5257 2320 5304 et
2361 5244 2515 5303 Alex.
2557 5264 2586 5300 a
2628 5249 2796 5317 prima
2827 5261 3004 5317 manu.
3041 5245 3246 5317 Cmtera
3284 5244 3524 5317 quaesiit

1959 5319 2179 5382 addunt,
2211 5318 2475 5388 superﬂua
2499 5313 2702 5374 suot'et
2731 5314 3378 5388 tautologiamredolent,
3407 5313 3527 5388 [los-

1959 5390 2089 5443 tibus
2118 5385 2378 5450 obsistens,
2403 5388 2645 5452 hosticus,
2669 5387 2844 5440 arietis
2863 5386 2936 5437 vis
2952 5385 3131 5452 quatit,
3159 5385 3377 5448 arietat,
3401 5385 3526 5437 insi-

1962 5459 2107 5513 liens.
2137 5459 2404 5514 Giselinus
2435 5477 2448 5513 :
2489 5458 2826 5522 Prwsidium,
2859 5469 3005 5524 quem
3037 5471 3136 5509 non
3169 5455 3343 5524 fragor
3370 5455 3528 5507 hosts-

1963 5546 2071 5592 cus,
2115 5530 2288 5583 arietis
2323 5539 2412 5584 aut
2453 5543 2600 5596 quem
2658 5525 2748 5580 Vis
2782 5527 3008 5591 impacta
3045 5527 3227 5595 quatit,
3284 5539 3383 5577 non
3410 5525 3528 5596 reris

1960 5600 2196 5652 machina
2234 5611 2399 5654 rostro
2439 5595 2633 5652 Arietat
2691 5597 2941 5660 insiliens,
2993 5611 3082 5649 nec
3135 5597 3297 5665 ferrea
3326 5595 3528 5665 verbera

1958 5680 2246 5736 quaeaut;
2288 5681 2340 5725 et
2387 5669 2451 5722 ad
2485 5683 2656 5730 oram,
2689 5682 2787 5719 non
2821 5681 2954 5718 cerea
2998 5664 3254 5719 machina.
3314 5664 3482 5736 Aldus
3509 5705 3526 5730 ,

1960 5735 2293 5806 Praesidium,
2337 5754 2483 5812 quem
2532 5754 2631 5791 non
2690 5739 2865 5809 fragor
2917 5737 3142 5792 hosticus
3195 5735 3386 5801 arietis,
3439 5744 3529 5792 aut
