4092 6344
545 377 678 433 1047

722 492 929 553 Arietat
955 488 1221 554 insiliens,
1251 502 1350 544 nec
1375 487 1543 543 ferrea
1565 488 1786 543 verbera
1812 488 2112 558 quassant?
2140 495 2193 553 Α

491 535 500 548 1
546 581 648 638 190
722 535 1497 658 géguangulus'hic‘porue
1533 579 1586 632 in
1639 535 1972 647 capitejest:
2025 576 2111 632 hic

1543 668 1801 740 [continet
1826 681 2041 722 omnem

707 766 969 820 Saxorum
992 760 1212 825 seriem,
1239 767 1647 829 constructaque
1682 758 1863 813 limina
1889 758 2069 812 ﬁrmat
2095 773 2109 811 :

722 859 892 925 Quem
916 855 1010 924 qui
1027 853 1128 907 rite
1156 851 1267 913 suis
1296 865 1390 921 per
1419 849 1810 921 propugnacula
1841 850 2008 904 muris

720 946 942 1002 Noverit
964 946 1257 1011 insertum,
1292 956 1489 1010 seque,
1522 955 1584 995 ac
1613 954 1707 993 sua
1739 939 1931 994 mtenia
1974 937 2115 993 vallo

724 1037 1022 1107 Praecingat
1080 1033 1295 1103 triplici,
1336 1033 1477 1087 celsa
1527 1041 1673 1085 stans
1726 1031 1933 1085 eminus
1967 1044 2114 1097 arce,

737 1130 925 1184 Fretus
956 1142 1139 1181 amore
1178 1136 1361 1194 petraa,
1394 1124 1554 1179 castis
1591 1133 1645 1177 et
1674 1121 1892 1192 pervigil
1920 1122 2113 1176 armis:

729 1222 845 1277 Non
875 1220 1022 1275 illum
1055 1216 1236 1286 regina
1257 1216 1405 1286 Tyri,
1436 1229 1539 1269 non
1571 1214 1747 1269 accola
1775 1214 1951 1282 magni

724 1311 1009 1381 Euphratis
1042 1308 1264 1363 Parthus
1294 1309 1495 1375 rapiet,
1531 1321 1634 1361 non
1667 1306 1882 1360 decolor
1913 1304 2073 1359 Indus
2101 1345 2117 1371 ,

734 1403 1002 1471 Tempora
1032 1399 1274 1470 pennatis
1299 1382 1577 1453 redimitus
1602 1398 1748 1467 nigra
1777 1397 2003 1467 sagittis.

726 1495 892 1562 Quin,
935 1495 980 1549 si
1032 1493 1312 1547 fulmineos
1344 1505 1539 1561 cogens
1578 1490 1644 1543 ad
1692 1490 1827 1544 bella
1878 1491 2121 1558 gigantas

726 1585 1041 1656 Allophylus
1097 1592 1180 1638 tua
1214 1592 1385 1637 castra
1452 1582 1578 1637 velit
1618 1581 1798 1637 delere
1842 1590 2121 1652 tyrannus,

728 1677 899 1732 Tutus
923 1676 1030 1731 eris
1055 1692 1068 1728 :
1100 1690 1202 1729 nec
1225 1684 1277 1728 te
1305 1674 1452 1727 ﬁrma
1482 1673 1709 1728 statione
1736 1674 1969 1728 movebit

734 1767 853 1836 Ipse
880 1766 1093 1822 Charon
1119 1765 1319 1833 mundi,
1362 1778 1557 1817 numen
1608 1764 1923 1818 Marcivnis:
1968 1764 2118 1833 ipse,

728 1861 830 1929 Qui
858 1862 993 1937 regit
1016 1860 1159 1914 aerio
1189 1874 1351 1912 vanas
1382 1858 1481 1912 sub
1501 1857 1613 1911 sole
1639 1858 1903 1913 tenebras.

730 1954 888 2025 539
931 1953 1063 2007 Nam
1102 1966 1325 2015 vanum,
1373 1949 1623 2019 quidquid
1675 1949 1754 2003 sol
1794 1948 2022 2018 aspicit:
2054 1962 2120 2002 ex

1748 2046 2050 2119 [elementis

556 2139 661 2198 505
729 2140 929 2198 Cuncta
983 2140 1325 2207 solubilibus,
1377 2141 1619 2211 ﬂuxoque
1678 2140 1945 2193 creamine
1990 2152 2121 2193 cono

1868 2231 2052 2301 [stanL

554 1588 655 1644 500

1625 369 1899 428 AURELII
1934 364 2296 426 PRUDENTII
2333 365 2653 423 CARMINA.

2152 1894 2200 1953 B

3649 346 3781 409 tota

2394 483 2563 547 Falto,
2592 487 2891 537 creaturam
2918 478 3019 533 nisi
3046 476 3232 532 doctor
3260 472 3547 544 Apostolus
3573 487 3780 527 omnem

2296 630 2303 637 ,
2396 571 2702 642 Subjeotam
2723 570 2874 624 vanis
2902 582 3009 624 non
3040 574 3231 638 sponte
3260 563 3532 619 laboribus
3561 577 3735 629 orsus,

2392 665 2616 734 Perjuro
2645 662 2902 733 ingemuit
2929 661 3188 715 miserans
3214 658 3421 714 servire
3451 655 3667 709 latroni.

2392 756 2578 821 Errat,
2610 756 2713 819 ait,
2742 754 2831 825 qui
2857 752 3122 807 luctamen
3143 764 3266 806 cum
3288 748 3547 821 sanguine
3578 744 3748 809 nobis,

2394 849 2460 905 Et
2486 863 2666 917 carne,
2698 855 2752 902 et
2781 846 2930 901 venis
2960 842 3310 907 ferventibus,
3338 849 3393 895 et
3419 840 3617 894 vitioso

2396 939 2541 995 Felle
2584 947 2758 1008 putat,
2793 933 3085 1004 calidisque
3126 932 3357 988 animam
3405 945 3630 1001 peccare
3675 944 3785 983 me-

2217 850 2321 907 510

3518 1022 3718 1094 [ἀιιηίς.

2386 1104 2515 1182 ’Νοη
2549 1134 2778 1199 mentem
2800 1137 2894 1178 sua
2922 1121 3159 1177 membra
3192 1126 3471 1190 premunt,
3494 1132 3594 1172 nec
3624 1127 3791 1171 terrea

3530 1208 3718 1280 [virtus

2400 1307 2681 1377 Oppugnat
2706 1321 2894 1361 sensus
2922 1304 3169 1376 liquidos,
3204 1302 3411 1358 bellove
3442 1301 3653 1355 lacessit
3679 1318 3691 1351 :

2393 1398 2495 1454 Sed
2525 1414 2642 1451 eum
2664 1399 2936 1466 spiritibus
2962 1396 3262 1452 tenebrosis
3287 1402 3446 1450 nocte
3473 1394 3666 1463 dieque

2225 1487 2329 1545 515
2399 1490 2819 1559 Cougredimur,
2866 1504 3093 1559 quorum
3139 1485 3499 1542 dominatibus
3546 1484 3791 1539 humidus

3581 1577 3726 1651 [iate,

2409 1677 2471 1731 Et
2500 1676 2661 1746 pigris
2682 1675 2879 1731 densus
2906 1674 3114 1730 nebulis
3142 1674 3476 1744 obtemperat
3496 1688 3608 1728 aer.

2403 1767 2617 1824 Scilicet
2663 1768 2763 1822 hoc
2809 1766 3072 1833 medium,
3110 1765 3304 1822 caelum
3340 1765 3496 1832 inter,
3528 1775 3581 1819 et
3616 1764 3793 1829 inﬁma

3554 1855 3733 1925 [terras

2402 1950 2553 2018 Quod
2580 1958 2753 2019 patet,
2777 1958 2831 2005 et
2852 1963 3018 2005 vacuo
3043 1948 3212 2004 nubes
3251 1946 3528 2017 suspendit
3553 1946 3697 2001 hiatu
3718 1986 3734 2010 ,

2404 2040 2582 2095 Frena
2614 2048 2938 2111 potestatum
2968 2040 3236 2094 variarum
3267 2038 3613 2101 sustinet,-ac
3638 2036 3736 2090 sub

2229 2132 2332 2189 520
2404 2131 2649 2202 Principe
2679 2131 2822 2186 Belia
2851 2131 3149 2187 rectoribus
3180 2130 3363 2185 horret
3385 2130 3601 2199 iniquis.

2406 2224 2498 2307 His
2527 2224 2880 2281 colluctamur
2905 2223 3265 2295 praedonibus,
3291 2234 3347 2278 ut
3367 2237 3521 2278 sacra
3552 2222 3696 2278 nobis

1859 2336 2143 2394 GLOSSA“.
2183 2333 2519 2393 VETERES.
2576 2380 2579 2383 .

632 2437 756 2492 489.
809 2438 1033 2500 Ανὶεδωι,
1079 2437 1277 2502 sternit,
1313 2444 1607 2490 commovet.
1632 2464 1699 2477 -—-
1724 2433 1981 2501 lnsiliens,
2016 2449 2128 2487 eum

558 2518 758 2562 tumore
787 2508 1351 2573 sa.’icns.—Qnassant,
1384 2508 1597 2570 lcedunt,
1629 2506 1665 2559 l.

628 2578 751 2632 49!.
794 2578 1021 2642 Serietn,
1049 2580 1296 2643 ordinent,
1335 2579 1372 2630 l.

627 2647 752 2701 494.
798 2648 1036 2710 Eminus,
1066 2665 1093 2702 e
1119 2648 1549 2712 contra.—Arce,
1578 2646 1679 2699 alte
1704 2663 1720 2710 ;
1748 2647 1867 2715 fide,
1899 2645 1939 2700 1.

627 2718 752 2771 495.
801 2717 1013 2782 Fretus,
1046 2719 1291 2785 conﬁsus,
1325 2718 1429 2771 lso.

625 2786 753 2841 496.
803 2788 999 2856 Regina
1030 2787 1174 2857 Tyri,
1201 2788 1438 2852 ararilia,
1476 2788 1515 2840 Ι.

626 2857 752 2912 497.
808 2854 1687 2925 Parthus,'lucrcticus.—llapict,
1729 2856 1915 2909 scilicet
1964 2854 2125 2924 capti-

556 2927 947 2989 vum—Indus,
970 2928 1292 2980 immunditiis
1310 2970 1322 2991 ,
1351 2927 1389 2978 Ι.

625 2999 753 3052 499.
805 2997 1076 3066 Gigantas,
1103 3012 1338 3066 sequaces
1369 2996 1582 3060 diaboli,
1616 2995 1655 3053 1.

628 3066 754 3138 500.
802 3066 1116 3137 Allophylus
1138 3111 1150 3134 ,
1189 3068 1417 3138 diabolus
1447 3086 1465 3130 ;
1502 3067 1797 3123 Philistaaus
1830 3084 1849 3133 ;
1877 3084 1969 3138 pro
2015 3069 2126 3120 dia-

562 3137 678 3208 bolo
702 3138 891 3208 posuit,
918 3136 1200 3207 alienigena
1220 3155 1251 3189 a
1278 3136 1406 3205 Deo,
1436 3138 1475 3192 Ι.

630 3207 751 3264 501.
776 3208 962 3274 Tutus,
987 3216 1238 3277 protectus
1257 3249 1272 3273 ,
1300 3208 1339 3261 1.

2304 2430 2445 2504 502ζ
2481 2432 2718 2500 Charon,
2761 2433 3024 2504 navigator
3066 2431 3281 2500 inferni,
3326 2430 3581 2485 diabolus.
3607 2430 3799 2485 —Ntt-

2234 2515 2379 2563 men,
2408 2501 2580 2569 Deus;
2607 2506 2773 2558 malus
2796 2501 2941 2567 deus,
2968 2502 3009 2557 Ι.

2304 2573 2428 2628 505.
2458 2574 2649 2640 Fluxo,
2679 2574 2851 2640 labili,
2882 2574 3163 2642 deficienti,
3193 2572 3231 2627 1.

2301 2642 2427 2699 506.
2459 2643 2630 2710 Fallo,
2659 2644 2895 2710 mentior,
2924 2644 3145 2713 decipio,
3174 2644 3213 2696 I.

2303 2713 2429 2782 507.
2463 2715 2650 2782 Orsus,
2675 2716 2918 2780 dixisset,
2950 2711 2993 2767 1.

2300 2781 2427 2858 ξρξ.
2457 2783 2700 2858 Ρειυῇυτο,
2730 2784 2929 2858 fallaci.
2953 2816 3023 2858 1—
3053 2783 3301 2848 Latroni,
3333 2782 3561 2858 diabolo,
3588 2784 3638 2858 Vl.

2304 2852 2428 2911 509.
2460 2852 2579 2923 Ait,
2607 2852 2879 2928 Apostolus
2904 2872 2923 2910 :
2957 2856 3091 2923 Quia
3115 2872 3216 2910 non
3244 2867 3315 2910 est
3346 2855 3489 2910 nobis
3512 2856 3798 2911 colluctatio

2234 2925 2483 2997 aduersus,
2501 2925 2707 2982 carnem
2730 2939 2776 2983 et
2801 2928 3099 2997 sanguinem
3115 2968 3128 2991 ,
3165 2928 3200 2979 Ι.

2305 2996 2428 3068 515.
2460 2996 2868 3068 gingredimur,
2898 2996 3215 3068 prwliantur,‘
3248 2996 3285 3051 Ι.

2303 3067 2430 3123 519.
2464 3066 2665 3136 Frena,
2695 3068 3085 3131 dominationes,
3114 3066 3150 3122 Ι.

2305 3138 2429 3191 520.
2462 3138 2603 3193 Belia
2621 3183 2637 3207 ,
2665 3138 2891 3204 diabolo,
2918 3139 2954 3193 Ι.

2307 3208 2431 3263 521.
2465 3208 2563 3276 Ut,
2593 3211 2754 3273 sicut,
2780 3209 2819 3262 Ι.

1913 3315 2463 3374 COMMENTARIUS.

1562 3349 1569 3354 ς
1913 3317 2354 3374 COMMENTARI
2451 3359 2463 3371 .

563 3428 710 3483 quem
744 3410 1319 3483 Vis_inipacta_quatit,
1378 3428 1477 3465 non
1531 3412 1647 3465 teris
1693 3410 1929 3464 machina
1970 3408 2210 3483 rostroC
2242 3317 2538 3483 sagigfndo
2580 3410 2798 3483 valent,
2830 3409 3037 3483 sagittis
3088 3411 3275 3483 solitos
3322 3418 3481 3483 caput
3529 3406 3795 3483 redimire.

558 3478 770 3536 Arietat.
794 3478 1072 3547 Weitzius,
1105 3478 1433 3552 Praesidium,
1467 3497 1617 3549 quem
1648 3497 1746 3535 non
1771 3485 1943 3552 fragor
1968 3478 2129 3534 hosti-

559 3568 678 3616 cus,
720 3553 891 3604 arietis
919 3560 1007 3604 aut
1036 3552 1107 3604 vis
1138 3551 1368 3605 Concutit
1399 3554 1626 3616 impacta
1650 3596 1663 3617 ,
1711 3561 1796 3605 aut
1831 3551 1989 3603 (erato
2022 3568 2131 3604 ma-

560 3623 709 3675 china
742 3631 907 3675 rostro
947 3621 1164 3674 Arietat.
1207 3620 1322 3676 Gis.
1359 3623 1382 3676 1
1417 3621 1547 3677 edit.
1585 3624 1647 3674 ad
1694 3637 1886 3687 marg.,
1937 3620 2130 3674 Pressi-

560 3692 704 3744 dium
725 3732 740 3756 ,
767 3708 913 3761 quem
939 3707 1039 3743 non
1064 3695 1237 3759 fragor
1266 3692 1486 3744 hosticus
1507 3732 1524 3753 ,
1553 3692 1726 3744 arietis
1749 3701 1834 3757 aut
1862 3706 2006 3758 quem
2042 3690 2130 3745 Vis

559 3763 724 3824 quatit
744 3762 998 3829 impacta,
1030 3772 1190 3814 mrato
1217 3777 1317 3814 non
1344 3764 1583 3814 machina
1616 3770 1782 3813 rostro
1808 3761 2017 3815 Arietat.
2049 3762 2130 3816 Si-

561 3831 811 3900 chardus,
838 3829 1166 3894 Prwsidium,
1197 3847 1345 3899 quem
1376 3847 1476 3882 non
1499 3831 1675 3900 fragor
1697 3832 1936 3892 hosticus,
1956 3831 2129 3887 arietis

558 3902 633 3953 vis
680 3898 911 3954 Concutit
954 3898 1217 3965 impacto,
1248 3910 1335 3952 aut
1377 3906 1536 3953 wralo
1568 3898 1667 3953 non
1696 3900 1933 3953 machina
1961 3911 2139 3969 rostro

559 3970 776 4023 Arietat.
821 3970 893 4039 Ita
925 3969 991 4023 ad
1027 3983 1175 4039 oram
1204 3986 1215 4021 :
1255 3985 1374 4023 nam
1407 3971 1461 4023 in
1494 3978 1637 4039 textu
1678 3969 1912 4025 cohaeret
1943 3969 2126 4039 primae

560 3984 776 4023 arietat.
822 3984 893 4023 Ita
925 3984 991 4023 au
1027 3984 1175 4022 oram
1204 3986 1215 4021 :
1255 3985 1374 4023 nam
1407 3986 1461 4023 tn
1494 3984 1504 4021 l
1537 3984 1637 4025 ,χιιι
1678 3984 1912 4025 εοιιειιτθι
1943 3985 2126 4039 primae

560 4039 783 4095 editioni
821 4038 1406 4096 Giselini.Memhran:e
1450 3984 1603 4107 sedne
1639 4041 1777 4095 inter
1823 4056 1881 4096 se
1927 4041 2128 4097 discre-

556 4119 701 4178 pant.
719 4110 845 4165 Cum
872 4111 1097 4166 Weitzlo
1118 4110 1317 4165 faciunt
1339 4112 1481 4175 εἶτα..
1507 4112 1688 4180 Prag.,
1706 4112 1833 4165 Mar.
1857 4126 1887 4164 a
1908 4122 2123 4169 recente

558 4196 741 4244 manu,
773 4190 827 4235 et
867 4181 1041 4250 Egm.,
1096 4181 1193 4235 nisi
1238 4183 1378 4251 quod
1422 4182 1474 4235 in
1503 4182 1602 4237 hoe
1645 4183 1834 4250 legitur
1871 4181 2125 4238 mendose

556 4252 747 4305 arietus
800 4266 893 4319 pro
936 4254 1128 4305 arietis.
1174 4252 1304 4306 Tres
1343 4253 1553 4307 codices
1600 4253 1747 4313 V'att.
1794 4265 1889 4320 pro
1940 4251 2123 4307 eadem

560 4322 787 4376 lectione
812 4321 1025 4375 Teolius
1050 4322 1260 4390 allegat.
1298 4322 1418 4376 Mihi
1445 4324 1601 4376 aliter
1626 4325 1818 4376 visutn.
1852 4321 2124 4377 Mariettus

558 4405 589 4443 a
608 4393 775 4458 prima
804 4406 980 4454 manu,
1007 4391 1250 4444 Hosticus
1271 4394 1443 4445 arietis
1464 4403 1552 4444 aut
1584 4392 1672 4447 Vis
1693 4394 1918 4453 impacta
1937 4394 2121 4461 quatit,

556 4477 657 4513 non
678 4470 837 4514 cerato
858 4462 1093 4514 machina
1120 4473 1302 4516 rostro.
1333 4463 1604 4516 Mariellus
1631 4478 1737 4517 non
1767 4463 1902 4525 bene
1926 4461 2123 4529 allega-

555 4531 1051 4602 veratSichartlum
1073 4572 1088 4596 ,
1117 4532 1286 4602 quiin
1311 4547 1403 4585 sua
1429 4534 1593 4602 prima
1618 4533 1852 4587 editione
1875 4545 1903 4587 ει
1936 4547 2021 4602 me
2047 4534 2123 4587 vi-

556 4613 672 4661 sus,
712 4601 783 4652 ita
814 4599 979 4652 edidit
1014 4609 1072 4652 ut
1114 4599 1272 4654 modo
1316 4599 1445 4657 dixi.
1478 4603 1630 4657 Alex.
1658 4604 1721 4657 ad
1753 4618 1926 4661 oram.
1967 4601 2120 4667 Urb.,

555 4667 1141 4740 0;0n.,‘_Prwsidium,
1186 4686 1331 4736 quem
1372 4689 1472 4724 non
1514 4673 1690 4740 fragor
1740 4673 1993 4733 hosticus,
2035 4684 2123 4727 aut

556 4739 729 4791 arietis
770 4737 853 4792 Vis
890 4741 1110 4807 impacta
1149 4742 1343 4807 quatit,
1373 4737 1653 4794 nonterato
1683 4743 1915 4795 machina
1955 4751 2120 4795 rostro

554 4817 740 4882 contra
772 4818 1017 4863 metrum.
1050 4810 1103 4863 In
1137 4809 1258 4864 Rot.
1289 4820 1343 4865 et
1374 4812 1540 4865 tribus
1566 4812 1745 4877 Turn,
1785 4811 1874 4865 Vis
1900 4812 2119 4882 impacta

550 4879 734 4946 quatit,
760 4894 905 4948 quem
924 4891 1079 4932 wrato
1111 4882 1343 4935 machina
1368 4892 1551 4935 rostro.

626 4949 762 5021 {90.
806 4948 879 5002 De
908 4949 1139 5015 thristo,
1172 4950 1343 5018 lapide
1364 4950 1625 5019 angulari,
1669 4952 1755 5020 qui
1797 4962 1849 5006 et
1886 4951 2117 5021 parietes

554 5026 610 5091 et
635 5017 1321 5091 fundamen‘tttmcontinet,
1353 5017 1473 5077 vide
1501 5017 1935 5091 Chrysostomuin
1968 5022 2113 5079 hom.

554 5088 610 5152 6,
633 5102 752 5156 cap.
782 5104 841 5149 ιι.
867 5088 933 5141 ad
962 5088 1161 5157 Ephes.

622 5158 749 5233 494.
808 5158 994 5224 Weit.,
1034 5158 1172 5224 Gis.,
1204 5160 1483 5229 praecingit.
1519 5163 1662 5227 ΒΜ..
1692 5163 1982 5233 prwcingit,
2024 5170 2118 5217 aut

585 5230 841 5283 rarcinaet.
1146 5254 1151 5260 -

548 5245 841 5299 praecinget.
1146 5254 1151 5260 -

620 5298 749 5369 496.
768 5300 961 5369 inepte
999 5300 1161 5369 aliqui
1185 5300 1251 5354 ad
1278 5301 1512 5367 reginam
1547 5302 1683 5356 Saba
1705 5346 1719 5367 ,
1746 5304 1836 5358 alii
1860 5302 1923 5358 ad
1952 5301 2113 5357 Dido-

552 5382 676 5423 nem
727 5368 779 5441 id
827 5368 1231 5441 transtulerunt.
1283 5369 1754 5441 Tyriosintelligit
1799 5374 2120 5429 Prudentius

547 5451 667 5511 esse
697 5439 781 5511 vel
822 5439 1099 5511 avaritiam
1123 5481 1140 5507 ,
1170 5442 1250 5495 vel
1282 5440 1583 5511 superbiam
1608 5482 1623 5507 ,
1657 5439 1773 5511 quae
1799 5459 1892 5511 per
1921 5443 2118 5510 Tyrum

548 5508 833 5581 allegorice
860 5510 1206 5580 signiﬁcatur.
1246 5511 1374 5581 Vide
1400 5508 1881 5575 Ezechielﬁxxv'tn,
1908 5508 2118 5581 Ruper-

547 5587 661 5702 mm
689 5580 1031 5702 e'fuitientem
1061 5595 1177 5650 cap.
1212 5598 1263 5636 ix
1295 5580 1449 5647 Osee,
1482 5591 1536 5636 et
1566 5582 1781 5652 Sylvam
1813 5580 2113 5655 allegoriar.

626 5665 689 5702 ur
747 5668 785 5702 ι.

592 5661 785 5705 aureu.
839 5703 845 5709 ,

480 5744 483 5745 ν
548 5787 563 5794 _
588 5720 743 5794 _i98.
776 5721 1001 5794 Carolus
1028 5722 1358 5794 Paschalius,
1387 5723 1454 5778 de
1478 5722 1703 5779 Coronis
1734 5739 1849 5794 pag.
1878 5724 1982 5779 200
2006 5766 2020 5791 .
2049 5740 2114 5779 ex

548 5787 633 5847 his
656 5793 898 5850 vorsibus
919 5793 1118 5864 colligit
1140 5794 1317 5865 ludos,
1348 5802 1399 5849 et
1431 5794 1481 5849 in
1515 5795 1592 5849 his
1617 5787 1944 5861 Bactrianos,
1972 5787 2113 5867 quod

2148 4779 2201 4840 D

2308 3480 2433 3537 499.
2478 3481 2671 3551 Scripti
2707 3476 2977 3537 Heinsiani
3008 3488 3063 3535 et
3096 3480 3277 3551 Alex"
3301 3476 3579 3551 gigantas;
3609 3476 3799 3551 aliiigi-

2237 3562 2434 3621 gantes.
2470 3550 2667 3606 Harum
2696 3552 2928 3621 gentium
2957 3550 3230 3605 vocabulis
3261 3550 3632 3621 intelliguntur
3672 3550 3799 3601 vitis

2219 3619 2350 3703 qua:
2374 3622 2453 3677 eis
2469 3619 2870 3704 .quoilamZmodo
2892 3622 3343 3704 dominabantur,
3377 3619 3467 3675 aut
3504 3619 3796 3679 daemones.

2232 3693 2319 3760 qui
2348 3707 2410 3746 ea
2433 3693 2557 3746 vitia
2581 3693 2860 3761 inspirant.
2892 3691 3026 3746 Vide
3053 3692 3275 3761 glossas.

2469 3759 2577 3843 Cur
2601 3762 2659 3843 _in
2697 3761 3000 3843 Antiophylus
3028 3763 3428 3843 yicorripiatttr,
3458 3761 3802 3843 dixiinprn-

2230 3830 2336 3900 leg.
2369 3831 2685 3902 Allophylus
2713 3830 2901 3887 Graece
2933 3830 3090 3887 sonat
3129 3830 3437 3901 alienigena.
3468 3833 3512 3885 Α
3542 3830 3798 3886 Christia-

2232 3902 2315 3956 nis
2343 3901 2689 3970 scriptoribus
2727 3903 2921 3963 nassim
2963 3917 3062 3971 pro
3104 3902 3370 3957 Philistaeo
3409 3904 3712 3969 accipitur;
3750 3909 3804 3955 et

2230 3971 2649 4043 proPhilistaais
2678 3971 2818 4027 LXX
2863 3972 3183 4043 interpretes
3226 3982 3443 4027 vertunt
3486 3974 3798 4043 allophglos.

2230 4041 2291 4096 S.
2335 4041 2601 4096 Orientius
2649 4044 2700 4096 in
2745 4041 3026 4098 Common}
3058 4044 3148 4098 lib.
3192 4059 3208 4097 ι
3245 4058 3393 4098 nova:
3436 4041 3805 4097 collectaEd-

2230 4112 2412 4183 mundi
2435 4111 2671 4183 Μαι-18ης
2700 4127 2823 4183 pag.
2856 4112 2915 4167 11
2948 4130 2960 4166 :
2992 4111 3150 4167 Illum
3178 4114 3394 4181 miriﬁco
3434 4115 3689 4183 fumosum
3720 4128 3801 4165 ro-

2229 4180 2346 4253 bore
2376 4182 2597 4253 ngson
2627 4180 2821 4237 Forma
2858 4185 3029 4237 decem
3067 4184 3210 4237 saevis
3250 4180 3458 4236 tradidit
3489 4181 3797 4253 Allophylis.

2227 4251 2285 4305 S.
2312 4251 2560 4307 Paulinus
2587 4254 2755 4308 Natali
2783 4253 2815 4307 8
2840 4271 2854 4309 :
2886 4253 3086 4309 Credite
3108 4295 3123 4319 ,
3153 4271 3253 4308 non
3281 4256 3454 4320 armis,
3504 4251 3663 4322 neque
3682 4251 3801 4305 rixi-

2229 4322 2318 4393 bus
2336 4338 2455 4393 esse
2483 4325 2728 4378 timendos
2754 4323 3090 4393 Allophylum
3116 4326 3351 4393 populos.
3386 4324 3450 4377 Et
3480 4324 3533 4377 in
3563 4324 3799 4377 carmine

2231 4390 2297 4463 ad
2320 4391 2629 4461 Cytherium
2653 4394 2719 4447 de
2748 4390 3025 4463 naufragio
3057 4390 3354 4448 hlartiniani
3386 4394 3661 4463 Allophgla
3687 4409 3796 4444 ηιαο

2227 4461 2323 4514 lier
2353 4471 2426 4534 est
2456 4464 2579 4517 mihi
2618 4464 2701 4518 lea:
2730 4461 3081 4519 carnem—Alia
3124 4465 3292 4518 videri
3336 4461 3657 4534 possunt‘in
3704 4463 3773 4517 Sc

2225 4544 2353 4585 vero
2380 4532 2640 4600 Sulpicio:
2671 4535 2722 4588 in
2749 4535 2944 4589 Attone
2970 4535 3036 4589 de
3063 4532 3348 4589 obsidione
3367 4535 3611 4590 Lutetiae.

2455 4603 2654 4674 Frag"
2682 4607 2849 4674 varias
2880 4619 2975 4672 pro
3002 4621 3179 4659 vanas.

2297 4672 2421 4744 ξος.
2453 4672 2677 4744 YahA,
2707 4673 2827 4727 Jam
2858 4690 3061 4728 vanum.
3092 4675 3269 4744 Prag.,
3307 4674 3443 4729 Nam
3484 4690 3666 4728 uanum
3699 4682 3789 4728 est.

2296 4739 2421 4797 505.
2451 4743 2587 4808 PaL,
2610 4755 2790 4797 cuncta
2819 4745 3142 4809 volubilibus,
3184 4739 3358 4800 minus
3388 4747 3543 4800 bene.

2294 4811 2419 4868 506.
2454 4813 2510 4866 In
2536 4815 2804 4868 nonnullis
2831 4815 2996 4883 vnlg.,
3026 4818 3182 4883 male,
3218 4825 3509 4870 creaturam
3537 4830 3634 4883 pro
3658 4830 3795 4868 crea-

2224 4891 2413 4939 turam.
2447 4884 2617 4951 Epist.
2639 4884 2705 4938 ad
2737 4883 2889 4941 Rom.
2918 4901 3007 4938 VIII
3028 4925 3044 4949 ,
3071 4884 3139 4940 20
3165 4902 3178 4939 ;
3222 4884 3443 4940 Vanitan'
3477 4892 3611 4939 enim
3652 4903 3789 4939 crea-

2223 4961 2341 5005 tura
2383 4954 2607 5023 subjecta
2633 4963 2704 5008 est
2745 4970 2847 5007 non
2874 4954 3067 5022 volens,
3089 4964 3229 5010 etc.:
3259 4958 3447 5010 scimus
3494 4957 3627 5010 enim
3662 4954 3792 5021 quod

2224 5023 2387 5074 omnis
2413 5034 2647 5095 creatura
2687 5024 3084 5095 inge_miscit.....
3108 5035 3154 5080 et
3198 5026 3295 5095 ipsi
3335 5027 3473 5079 intra
3519 5042 3613 5078 nos
3640 5025 3791 5094 gemi-

2225 5108 2361 5158 mus,
2391 5094 2714 5159 adoptionem
2743 5093 2969 5160 ﬁliorum
3001 5095 3099 5149 Dei
3120 5093 3465 5164 exspectantes
3492 5093 3788 5165 redemptio-

2224 5178 2338 5216 nem
2364 5166 2587 5218 cornoris
2614 5166 2790 5218 nostri.

2297 5231 2419 5307 509.
2452 5231 2575 5307 [iace
2608 5250 2715 5307 non
2758 5250 2824 5290 ex
2867 5235 3103 5307 Epistula
3145 5237 3211 5290 ad
3250 5236 3549 5301 Romanos,
3583 5232 3675 5307 sed
3714 5248 3782 5307 ex

2226 5302 2327 5356 alia
2354 5303 2419 5357 ad
2450 5304 2707 5373 Ephesios
2732 5318 2783 5360 vr
2802 5346 2817 5369 ,
2845 5302 2938 5373 η’,
2968 5307 3130 5361 sumit
3160 5307 3499 5371 Prudentius,
3525 5305 3675 5375 cujus
3713 5306 3789 5359 in-

2227 5375 2659 5448 terpretationem
2674 5376 3067 5448 vindicarimus
3098 5378 3297 5448 proleg.
3321 5392 3441 5447 cap.
3469 5377 3523 5431 9.

2297 5444 2419 5498 518.
2454 5443 2563 5513 Qis.
2588 5456 2643 5499 et
2670 5445 2850 5513 Fabr.,
2873 5464 2934 5501 ac
2958 5443 3137 5503 vacuo.

2296 5514 2418 5588 520.
2450 5512 2840 5588 Egm.,_Bellia.
2869 5518 3047 5588 Vulg.,
3071 5517 3259 5573 Belial.
3294 5517 3656 5580 Velustiores,
3686 5513 3783 5588 Be-

2224 5585 2317 5656 lia.
2345 5584 2418 5637 lta
2448 5584 2590 5656 enim
2636 5585 2951 5656 Prudentius
2974 5584 3295 5656 'hujusmodi
3330 5590 3542 5645 nomina
3572 5585 3782 5654 propria

2223 5655 2413 5728 eﬁ'erre
2432 5653 2598 5728 ‘solet
2628 5654 2802 5725 Helia,
2830 5658 2992 5724 Belia,
3021 5653 3187 5724 Iuda,
3221 5676 3340 5728 «pne
3379 5653 3609 5728 alioquin
3651 5653 3701 5728 in
3728 5668 3801 5709 as'

2221 5720 2593 5780 termintfntur.
2631 5720 2987 5791 Quod'autern'
3016 5730 3069 5784 in
3112 5720 3287 5793 Belia,
3327 5739 3418 5783 aut
3458 5720 3625 5783 Belial
3668 5726 3786 5782 dua

2223 5794 2410 5866 primae
2434 5793 2502 5849 ab
2527 5794 2647 5850 aliis
2670 5799 3039 5870 corripiantur,
3071 5801 3201 5858 nihil
3230 5800 3413 5858 refert.
