4092 6344
288 332 427 390 1049

459 448 577 503 Oris
606 447 881 518 apostolici
909 448 1059 503 testis
1081 446 1342 503 sententia
1368 447 1563 517 prodit.

460 538 621 611 5&0
661 539 828 595 Nemo
869 539 1104 596 habitum
1148 548 1382 607 naturae,
1421 547 1512 593 aut
1559 538 1850 595 irritamina

458 631 482 665 ⁴
1534 629 1783 701 [peccans

461 722 712 793 Corporis
736 732 987 779 accuset:
1020 721 1175 779 facile
1201 730 1284 779 est
1308 723 1520 779 frenare
1545 722 1774 778 rebelles

458 813 693 870 Affectus
723 815 929 882 carnis,
958 814 1254 885 nimiosque
1282 814 1569 869 retundere
1600 813 1783 883 pulsus

457 906 687 962 Materia:
711 905 935 976 fragilis,
962 914 1018 962 et
1040 906 1246 961 viscera
1276 906 1412 960 victa
1438 903 1677 960 domare.

458 995 662 1068 Quippe
676 996 884 1052 animus
897 996 1052 1068 longe
1069 995 1427 1066 przestantior,
1442 1002 1628 1066 utpote
1643 1009 1853 1050 summo

455 1087 677 1143 lEthere
696 1088 984 1154 demissus,
1015 1088 1287 1157 subjectos
1313 1088 1359 1143 si
1383 1088 1513 1144 velit
1537 1096 1713 1149 artus,

459 1179 685 1249 Imperio
713 1193 969 1249 quassare
994 1180 1173 1249 gravi,
1199 1179 1470 1250 iussisque
1490 1180 1695 1235 severis

275 1269 381 1325 550
458 1270 681 1338 Dedere,
706 1272 950 1342 regnanti
985 1271 1202 1326 domino
1228 1271 1310 1327 vis
1337 1271 1481 1327 nulla
1508 1272 1741 1327 resistet.

457 1365 620 1431 Major
649 1364 788 1419 inest
815 1364 893 1419 vis
918 1364 1005 1419 illa
1036 1364 1273 1429 homini,
1301 1379 1424 1435 quas
1452 1362 1617 1420 ﬂatile
1647 1365 1795 1419 virus

464 1457 693 1524 Ingerit,
719 1465 773 1511 et
801 1465 1012 1511 tenuem
1043 1456 1188 1512 tenui
1218 1456 1340 1512 ferit
1363 1471 1488 1512 aere
1514 1464 1769 1513 mentem.

456 1549 698 1604 Parthica
727 1564 830 1604 non
862 1565 1013 1620 asque
1051 1559 1239 1605 ventos
1270 1550 1586 1607 transcurrit
1620 1550 1848 1615 arundo,

454 1641 615 1709 Cujus
644 1639 746 1696 iter
777 1641 952 1696 nullus
982 1641 1119 1712 potis
1141 1650 1224 1697 est
1248 1641 1638 1712 comprendere
1665 1641 1812 1697 visus
1836 1659 1849 1695 :

452 1731 668 1802 Praepes
702 1733 877 1799 enim,
910 1733 1151 1789 volucres
1181 1733 1309 1788 dum
1334 1733 1527 1803 pennis
1556 1733 1855 1789 transvolat

1579 1826 1777 1898 [auras,

454 1920 739 1991 lmprovisa
769 1921 943 1984 venit,
978 1934 1075 1974 nec
1105 1920 1304 1975 stridor
1331 1920 1539 1975 nuntiat
1558 1928 1683 1976 ante

454 2014 748 2069 Adventum
779 2012 926 2075 lethi,
960 2027 1114 2081 quam
1151 2012 1383 2081 pectoris
1408 2010 1585 2065 abdita
1618 2018 1852 2080 rumpat,

456 2104 710 2161 Securam
740 2105 955 2174 rapiens
982 2103 1244 2159 medicato
1272 2103 1493 2159 vulnere
1514 2103 1701 2158 vitam.

456 2198 564 2253 Sed
592 2199 759 2269 magis
792 2199 987 2268 aligera
1024 2207 1138 2264 est,
1173 2199 1342 2268 magis
1365 2208 1420 2254 et
1459 2199 1720 2255 medicata
1764 2212 1852 2254 sa-

1598 2283 1779 2360 [gitta’,

271 2380 385 2437 540
458 2380 612 2455 541
654 2380 822 2449 Quam
846 2381 974 2451 jacit
1017 2379 1252 2436 umbrosi
1300 2378 1593 2434 dominatio
1644 2379 1848 2435 lubrica

446 2456 451 2464 ’
1542 2474 1781 2545 [mumli,

455 2566 683 2623 Eludens
713 2582 934 2623 excussa
964 2558 1164 2629 oculos,
1192 2567 1485 2637 calamique
1511 2568 1751 2622 volantis

270 1732 380 1788 535

1621 331 2151 391 llAMARTIGENIA.

1875 456 1928 514 A

1879 1840 1930 1901 Β

3390 345 3490 402 105
3509 352 3524 402 l

2131 452 2370 521 Praspete
2393 458 2700 509 transcursu
2725 452 2904 509 cordis
2936 456 3222 524 penetralia
3267 458 3450 527 tigcns.

2132 540 2239 598 Nec
2276 541 2453 612 segnis
2490 552 2677 598 natura
2722 545 2916 599 animae
2954 553 3064 615 est,
3106 555 3196 601 aut
3241 548 3390 601 tarda
3433 564 3523 604 ca-

2704 634 2708 638 Α
3273 640 3451 710 [vendj

2135 723 2418 782 Vulneris:
2447 726 2669 797 ignitum
2701 727 2948 797 quoniam
2974 727 3114 783 Deus
3145 730 3333 785 indidit
3360 732 3453 787 olli

1956 812 2062 871 545
2135 814 2438 885 Ingenium,
2468 832 2690 887 purum,
2716 819 2954 889 sapiens,
2986 820 3204 887 subtile,
3240 837 3485 878 serenum
3508 863 3525 890 ,

2133 904 2350 971 Mobile,
2374 906 2657 963 sollicitum
2676 949 2691 974 ,
2712 908 2865 964 velox
2882 950 2897 967 .
2925 906 3244 981 vegetabile,
3271 924 3481 967 acutum
3509 933 3521 969 :

2137 996 2419 1054 Factorem
2451 999 2608 1055 modo
2633 1010 2778 1056 casta
2808 1016 2961 1057 suum
2984 1013 3291 1071 veneretur,
3314 1015 3366 1061 ct
3392 1008 3491 1074 ipsi

2130 1089 2350 1155 Militct,
2377 1105 2439 1145 ac
2464 1091 2660 1145 victum
2693 1093 2963 1162 proculcet
2995 1094 3171 1149 sobria
3208 1097 3489 1162 mundum;

2132 1179 2216 1235 Nil
2235 1182 2302 1235 de
2331 1181 2593 1249 pestiferis
2615 1182 2825 1252 opibus.
2851 1193 2942 1239 aut
2972 1184 3265 1241 falsificatis

2132 1272 2415 1327 Terrarum
2440 1274 2623 1341 spoliis
2646 1273 2810 1329 stulto
2834 1275 3185 1332 oblectamine
3218 1277 3411 1343 libans,

2134 1363 2210 1419 Ne
2234 1366 2333 1419 sub
2364 1365 2504 1421 fasce
2524 1366 2732 1435 jacens,
2764 1365 2939 1422 alieno
2961 1378 3015 1421 ct
3036 1368 3209 1423 dedita
3244 1386 3405 1440 regno

2132 1455 2245 1511 Non
2272 1465 2429 1525 queat
2453 1467 2669 1527 argutas
2699 1458 2865 1512 hostis
2889 1458 3054 1514 vitare
3082 1462 3321 1529 sagittas.

2134 1548 2235 1605 Sed
2264 1548 2387 1617 quid
2416 1563 2515 1618 ego
2553 1564 2715 1606 omne
2745 1552 2939 1604 malum
2991 1552 3310 1621 mundique.
3359 1552 3528 1609 horni—

2954 1642 3210 1713 [numque
3241 1644 3453 1713 maligni

2134 1731 2311 1788 Hostis
2346 1731 2411 1787 ad
2445 1732 2693 1788 invidiam
2736 1733 3068 1803 detorqueo:
3100 1749 3220 1789 cum
3255 1737 3389 1790 mala
3427 1751 3524 1791 no-

3260 1868 3263 1869 ν
3301 1826 3455 1898 [stra,
3518 1874 3525 1879 .

2134 1919 2209 1973 Ex
2241 1920 2439 1974 nostris
2466 1929 2711 1975 concreta
2759 1920 2972 1987 animis,
3004 1934 3191 1991 genus,
3234 1930 3290 1977 et
3335 1928 3526 1990 caput,

3222 2012 3296 2085 [et
3330 2013 3457 2067 vim.

2132 2102 2291 2175 542
2313 2103 2447 2170 Quid
2475 2104 2610 2170 sint,
2634 2104 2760 2175 quid
2786 2105 3014 2172 valeant,
3040 2114 3253 2161 sumant
3281 2105 3348 2158 de
3367 2101 3529 2158 corde

2616 2252 2619 2257 .
3181 2196 3457 2268 [parentet

2134 2286 2224 2341 lllc
2254 2285 2468 2357 quidem
2516 2286 2685 2343 fomes
2714 2298 3052 2355 nostrorum,
3090 2297 3145 2343 et
3174 2303 3329 2343 causa
3364 2288 3531 2343 maloa

2220 2374 2229 2389 ‘
2976 2424 2982 2431 .
3190 2382 3326 2452 [rum
3355 2390 3457 2436 est.

2139 2471 2242 2527 Sed
2286 2481 2489 2529 tantum
2531 2474 2746 2530 turbare
2780 2482 2981 2545 potest,
3014 2486 3103 2530 aut
3136 2473 3320 2529 fallere
3357 2487 3527 2542 quam

3326 2568 3456 2638 [tum

1959 1272 2063 1328 550

1957 1916 2062 1973 555

1582 2680 1622 2733 G
1632 2677 1860 2736 LOSS/E
1900 2676 2228 2736 VETERES.

350 2798 471 2856 522.
502 2798 713 2862 Prodit.
740 2799 898 2865 dicit,
928 2797 1032 2853 lso.

349 2870 473 2925 523.
506 2870 832 2934 lrritamina,
862 2868 1241 2935 provocantina,
1271 2866 1666 2934 provocationes,
1694 2867 1841 2935 quia,

268 2956 489 3009 corpore
518 2950 815 3009 provocante
840 2948 885 2994 et
914 2948 1231 3009 suggerente,
1261 2937 1433 2989 anima
1462 2937 1705 2991 consentit
1732 2953 1847 3007 pec-

270 3021 449 3065 catum
478 3012 775 3079 aliquando,
806 3011 847 3065 Ι.

349 3081 478 3136 5‘25.
509 3081 764 3145 Allectus,
790 3080 1039 3134 desideria
1059 3120 1072 3141 ,
1099 3080 1138 3132 l.

351 3150 477 3207 527.
525 3150 900 3217 Prmstantior,
951 3150 1161 3213 melior,
1212 3147 1433 3202 nobilior
1486 3148 1673 3201 scilicet
1726 3161 1839 3200 cor-

268 3236 418 3293 pore.
451 3223 490 3277 l-

345 3285 791 3418 529.lQuassare,
839 3292 1081 3363 fatigare,
1132 3292 1397 3356 edomare,
1446 3304 1691 3355 premere,
1744 3285 1844 3341 do-

345 3379 439 3418 rre.
496 3400 512 3416 .

270 3378 439 3429 mare,
472 3378 512 3418 ι.

346 3434 473 3504 550.
507 3433 731 3504 Dedere,
763 3449 1027 3504 occupare.
1053 3431 1222 3485 animo
1254 3432 1472 3504 tradere.
1500 3457 1571 3470 --
1599 3428 1847 3493 Domino,

266 3503 468 3558 animo.
491 3534 559 3543 —
585 3503 678 3558 Vis
709 3504 849 3558 nulla
872 3500 895 3568 ,⁷
919 3504 1108 3557 scilicet
1135 3502 1381 3573 corporis,
1414 3500 1453 3573 l.

347 3576 469 3628 551.
502 3575 689 3643 Major,
724 3575 787 3629 de
813 3577 983 3627 animo
1012 3573 1156 3629 dicit.
1178 3569 1249 3613 —'—
1278 3572 1362 3627 Vis
1411 3569 1843 3643 illa,diaboli;l.

343 3643 467 3699 552.
500 3639 722 3712 Ingerit,
746 3646 989 3699 immittit.
1008 3674 1077 3684 -—
1096 3644 1333 3713 Tenuem
1352 3683 1367 3707 ,
1392 3642 1726 3713 fragilem.—
1752 3639 1849 3694 Fe-

268 3714 372 3777 rit,
402 3717 720 3781 percutit.—-
745 3717 904 3777 Aere,
932 3716 1276 3782 persuasione,
1307 3712 1347 3766 l.

354 3784 480 3841 553.
510 3783 709 3853 .‘Eque,
755 3785 1012 3852 similiter,
1054 3801 1152 3839 non
1192 3786 1286 3839 sic.
1308 3812 1377 3825 —
1402 3783 1620 3840 Arundo
1639 3824 1655 3851 ,
1686 3786 1849 3855 sagit-

1958 2804 2040 2859 ta,
2076 2794 2113 2847 Ι.

2024 2866 2148 2919 555.
2183 2864 2416 2933 Ρηῐτβεε,
2447 2866 2620 2928 velox,
2648 2866 2685 2921 Ι.

2024 2937 2150 2992 558.
2184 2936 2463 3001 Medicato,
2494 2937 2647 3001 illito,
2682 2937 2922 3003 toxicato,
2951 2935 2985 2987 Ι.

2022 3006 2142 3062 559.
2176 3007 2381 3071 Aligera
2401 3048 2415 3070 ,
2448 3008 2610 3061 celox.
2634 3036 2703 3046 —-
2736 3006 2985 3060 Meditata
3005 3051 3018 3073 ,
3046 3016 3285 3061 venenata
3303 3052 3315 3070 ,
3348 3009 3385 3063 I.

2020 3077 2145 3131 540.
2188 3076 2465 3143 Umbrosi,
2500 3078 2768 3131 tenebrosi.
2795 3107 2860 3117 —-
2892 3078 3099 3139 Mundi,
3131 3079 3350 3144 diaboli,
3380 3079 3417 3132 Ι.

2020 3147 2157 3219 541.
2179 3146 2435 3219 Eludens,
2468 3149 2743 3219 decipiens.
2769 3178 2837 3187 ~—
2863 3148 3096 3203 Excussa
3113 3189 3127 3214 ,
3164 3150 3431 3218 sagittata.
3456 3181 3491 3190 -ί
3508 3176 3524 3189 -

1959 3216 2159 3274 Calami
2178 3258 2193 3282 ,
2220 3218 2336 3284 teli,
2368 3217 2408 3269 l.

2026 3286 2149 3341 546.
2181 3287 2463 3356 Agitabile,
2494 3286 2695 3352 mobile,
2724 3287 2761 3341 Ι.

2024 3358 2153 3414 550.
2184 3357 2401 3425 Libens,
2426 3358 2654 3427 cupiens,
2683 3358 2721 3411 Ι.

2025 3428 2147 3483 551.
2182 3427 2371 3494 Fasce,
2405 3444 2574 3492 onere,
2604 3427 2642 3481 l.

2024 3499 2151 3554 552.
2185 3499 2431 3567 Argutas,
2458 3499 2648 3552 scilicet
2674 3497 2815 3563 viles,
2842 3498 2877 3554 I.

2024 3570 2148 3624 554.
2183 3570 2502 3639 Detorqueo,
2526 3577 2780 3632 converto,
2808 3568 2847 3623 1.

2022 3639 2149 3694 555.
2180 3639 2468 3704 Concreto,
2496 3639 2798 3708 coagulata,
2831 3639 2929 3694 Iso.

1992 3710 2150 3834 '5d57.
2184 3709 2307 3836 Illis,
2347 3709 2690 3765 diabolus.—
2718 3708 2929 3774 Fomes,
2970 3709 3302 3775 incentivum,
3330 3711 3405 3764 vrl
3444 3710 3522 3763 in-

1992 3798 2044 3836 m
2085 3797 2217 3836 tum.
2275 3818 2292 3835 .

1952 3782 2189 3837 cendium
2202 3825 2217 3850 ,
2249 3782 2292 3836 1.

1606 3936 2166 3995 COMMENTARIUS.

344 4048 467 4105 525.
498 4048 649 4117 Mar.,
679 4050 985 4122 nimiosque,
1024 4049 1118 4107 sed
1147 4064 1307 4122 supra
1335 4051 1619 4108 recentiori
1655 4067 1842 4120 manu,

274 4121 626 4189 minimasque.
873 4121 879 4122 “
1218 4121 1224 4122 “
1536 4174 1542 4181 ,

345 4191 471 4246 550.
502 4191 655 4245 Alex.
684 4206 804 4246 cum
838 4192 1140 4249 lleinsianis
1170 4192 1439 4249 nonnullis
1472 4192 1689 4246 resistet.
1720 4192 1840 4246 Ald.

272 4263 437 4334 et_alii
460 4262 587 4334 editi
607 4276 726 4334 cum
755 4262 881 4318 Urb.
906 4265 1131 4334 aliisque
1158 4280 1311 4330 mss.,
1339 4264 1556 4316 resistit:
1582 4262 1721 4332 quod
1748 4277 1845 4318 ne-

270 4330 388 4386 scio
419 4348 512 4386 cur
550 4332 795 4387 Heinsius
844 4330 1060 4390 damnet
1104 4352 1115 4386 :
1161 4350 1281 4389 nam
1332 4334 1469 4388 idem
1512 4330 1611 4386 est'
1630 4346 1839 4386 sensus.

270 4400 556 4523 Serperam
577 4414 751 4458 autem
773 4405 969 4475 vulgati
996 4404 1391 4474 distinguebant
1408 4403 1592 4457 dedere
1610 4404 1845 4473 regnanti

311 4488 506 4523 01111110.

311 4488 506 4526 οηιιηο.

341 4543 465 4617 555.
498 4544 677 4612 Prag.,
704 4546 1010 4600 transcendit
1038 4562 1143 4617 pro,
1159 4545 1474 4599 transcurrit.
1508 4542 1714 4617 Verati,
1744 4558 1837 4598 seu

271 4613 363 4683 teli
385 4627 599 4667 cursum
631 4617 901 4683 eleganter
926 4613 1097 4672 dici'a
1130 4616 1376 4671 Lucretio
1405 4623 1553 4670 notat
1574 4613 1834 4681 Gilanins,

269 4693 325 4736 et
347 4682 457 4757 _h_o_c
487 4682 754 4757 Prudentii
786 4688 1090 4754 exemplum
1116 4688 1329 4757 allegat.

344 4754 467 4808 555.
495 4755 639 4818 Ald.,
665 4756 879 4817 Weitz.,
908 4757 1069 4820 Man,
1099 4754 1347 4821 volucris,
1377 4756 1569 4811 melius
1606 4756 1727 4820 alii,
1753 4771 1841 4809 va-

269 4822 466 4888 lncres;
496 4824 547 4877 in
578 4840 707 4881 mss.
735 4826 963 4895 antiquis
996 4841 1151 4881 casus
1191 4827 1490 4894 huiusmodi
1535 4840 1676 4894 saepe
1706 4826 1756 4879 in
1794 4827 1839 4879 is

271 4896 645 4965 terminantur,
669 4912 733 4950 ex
764 4912 868 4965 quo
894 4912 954 4951 ea
978 4898 1206 4951 varietas
1232 4896 1358 4951 oriri
1391 4896 1580 4964 potuit.

337 4963 460 5086 I5'37.
515 4956 705 5031 Fabia,
753 4956 955 5035 Doug,
1006 4969 1167 5031 Mar.,
1222 4956 1408 5031 Sich.,
1451 4967 1678 5035 rumpit,
1732 4980 1838 5020 non

379 5050 429 5086 e.

270 5047 429 5087 male.

340 5103 465 5159 538.
501 5104 686 5174 Egm.,
734 5122 763 5159 a
813 5107 1043 5163 secunda
1094 5122 1282 5169 tnanu,
1334 5107 1534 5175 Bong.,
1577 5104 1724 5160 Sich.
1772 5105 1840 5159 ad

268 5188 447 5241 oram,
474 5175 613 5242 Put.,
639 5177 836 5242 Oxon.,
861 5178 1093 5243 Thuan.,
1124 5187 1413 5247 penetrans.
1440 5176 1590 5246 Egm.
1618 5190 1645 5228 a
1671 5177 1840 5245 prima

272 5259 462 5313 manu,
504 5248 683 5313 Alex.,
728 5247 879 5312 Urb.,
924 5246 1131 5318 aliique
1163 5246 1330 5301 nostri
1375 5261 1494 5301 cum
1539 5247 1713 5315 vulg.,
1757 5262 1841 5298 ra-
1880 5268 1885 5275 ·

269 5330 431 5383 prcus.

305 5385 674 5510 Γ545.ι1ἳςῐιι.,
700 5388 872 5457 segni,
905 5404 1008 5442 non
1037 5388 1193 5456 bene,
1226 5402 1323 5458 pro
1347 5388 1531 5457 segnis.
1568 5386 1714 5454 Ald.,
1749 5398 1837 5449 ut;

326 5473 359 5510 II
379 5498 394 5510 .
419 5473 484 5510 au
512 5495 526 5510 .

271 5468 359 5510 attt
379 5498 394 5522 ,
419 5468 526 5510 aut.

338 5528 461 5584 546.
492 5528 695 5596 Legunt
715 5528 878 5582 nobile
898 5527 1015 5583 Rat.
1042 5543 1068 5580 a
1094 5528 1264 5596 prima
1290 5527 1637 5591 manu,Mar.,
1657 5526 1835 5595 Prag.,

268 5594 487 5666 Writz.,
517 5594 628 5652 Gi's.
667 5599 774 5654 Sed
803 5600 853 5653 in
894 5594 1140 5653 omnibus
1183 5598 1395 5661 lleins.,
1432 5598 1584 5660 Ald.,
1616 5597 1733 5650 Vat.
1758 5600 1832 5658 A,

270 5671 445 5736 Aleae,
481 5669 600 5722 Rat.
629 5681 659 5720 a
695 5670 924 5724 secunda
953 5685 1110 5724 manu
1133 5709 1145 5732 ,
1178 5667 1379 5722 mobile.
1404 5669 1490 5722 Sic
1528 5668 1719 5722 melius
1754 5676 1837 5719 est

266 5739 537 5808 vegetabile
558 5752 678 5808 cum
707 5739 917 5796 'l‘huan.
947 5756 975 5794 a
1004 5757 1158 5794 manu
1188 5746 1371 5808 prima.
1398 5739 1576 5800 Alex”
1608 5738 1835 5808 Boherio

270 5805 589 5879 pervetusto.
624 5807 755 5865 Nam
796 5812 1061 5881 agitabile,
1102 5805 1240 5880 quod
1286 5808 1373 5863 alii
1414 5809 1645 5873 habent,
1690 5805 1829 5862 idem

1948 4062 2102 4107 sonat
2131 4067 2193 4108 ac
2220 4052 2420 4106 mobile.
2454 4051 2568 4107 Non
2606 4061 2686 4107 est
2725 4060 2901 4107 autem
2932 4052 3315 4106 contemnenda
3362 4052 3519 4107 lectio

1949 4122 2134 4187 nobile,
2164 4121 2424 4192 agitabile,
2455 4138 2574 4191 qua:
2600 4131 2773 4177 exstat
2810 4124 2863 4192 in
2893 4120 3024 4176 Urb.
3051 4131 3102 4175 et
3132 4122 3270 4175 aliis.
3303 4123 3344 4175 Τ
3347 4124 3521 4179 eolius

1950 4194 1999 4245 in
2032 4206 2137 4246 uno
2165 4191 2364 4246 tantum
2396 4192 2514 4247 Vat.
2540 4192 2670 4246 vidit
2697 4191 2882 4246 nobile.

2018 4263 2142 4317 547.
2175 4262 2368 4331 Optimi
2422 4263 2721 4328 lleinsiani,
2754 4262 2905 4327 Mar.,
2946 4262 3098 4327 Rat.,
3129 4264 3278 4318 Alex.
3299 4304 3313 4327 ,
3343 4262 3514 4328 Sich.,

1950 4330 2163 4400 Weitz.,
2191 4330 2350 4386 casta.
2376 4331 2493 4385 Vat.
2520 4336 2585 4399 A,
2614 4333 2758 4397 Ald.,
2786 4332 2927 4398 Gis.,
2956 4332 3109 4398 Urb.,
3138 4335 3292 4402 facta.

2020 4404 2144 4458 549.
2177 4403 2231 4456 In
2262 4402 2382 4457 Rat.
2414 4403 2509 4456 fuit
2537 4403 2891 4472 falsiﬁcantis,
2919 4403 3010 4455 sed
3051 4421 3082 4457 n
3111 4412 3191 4456 est
3218 4404 3513 4456 inductum.

1950 4469 2225 4541 Falsi/icus
2249 4473 2416 4527 Plauti
2439 4469 2546 4527 est.
2567 4469 2892 4528 Fasciolatus
2916 4473 3189 4596 falsigcare
3202 4474 3266 4525 ad
3291 4474 3515 4527 barbara

1951 4543 2166 4596 reiecit.
2192 4558 2310 4596 cum
2339 4543 2484 4596 nlura
2508 4545 2608 4596 alia
2637 4544 2801 4596 verba
2829 4543 2997 4596 solius
3067 4544 3294 4596 rudentii
3332 4554 3515 4596 aucto-

1951 4543 2166 4609 rejecit,
2192 4558 2310 4597 cum
2339 4543 2484 4612 plura
2508 4545 2608 4597 alia
2637 4544 2801 4598 verba
2829 4543 2997 4597 solius
3024 4543 3294 4597 Prudentii
3332 4554 3519 4597 aucto-

1950 4612 2107 4667 ritate
2136 4614 2274 4668 inter
2297 4613 2483 4667 Latina
2506 4614 2852 4682 reposuisset.
2884 4613 2937 4666 In
2964 4613 3197 4667 editione
3215 4613 3249 4665 ἓ
3271 4613 3514 4675 Giselini.

1949 4693 2004 4737 et
2058 4685 2109 4738 in
2162 4684 2389 4752 quodam
2442 4684 2734 4753 exemplari
2787 4683 3038 4739 editionis
3088 4683 3399 4738 Weitziane
3450 4685 3516 4738 ad

1950 4768 2142 4823 marg.,
2169 4755 2247 4807 vel
2278 4770 2372 4823 pro
2400 4763 2509 4823 aut.

2018 4822 2145 4880 551.
2180 4825 2336 4889 Man,
2362 4822 2577 4888 Wcitz.,
2607 4841 2698 4887 ne;
2739 4825 2862 4889 alii,
2890 4842 3000 4879 nec.
3032 4824 3173 4887 Rat.,
3215 4842 3336 4879 non.
3374 4824 3518 4877 Non-

1862 4884 1916 4943 D
1946 4893 2076 4966 nulli
2105 4895 2299 4966 vulgati
2324 4884 2483 4966 vntale
2523 4884 2858 4966 distinguunt
2896 4911 2985 4947 uec
3024 4895 3115 4947 sub
3163 4884 3299 4961 fasce
3336 4899 3516 4966 jacens

1946 4964 2147 5035 alieno,
2181 4972 2227 5016 et
2265 4965 2436 5017 dedita
2466 4979 2639 5035 regno.
2684 4964 2739 5017 ltt
2772 4965 2988 5020 lleinsiu
3026 4966 3274 5018 mendum
3314 4964 3397 5018 est
3426 4980 3517 5018 nec

1945 5033 2037 5087 sub
2069 5032 2195 5097 face.

2017 5104 2141 5157 55:2.
2179 5106 2363 5170 Aldus,
2397 5120 2459 5156 ne
2489 5118 2583 5168 pro
2611 5120 2731 5159 non.

2019 5173 2144 5227 553.
2178 5174 2371 5229 Weitz.
2392 5216 2405 5238 ,
2435 5174 2615 5227 mundi
2643 5175 3037 5243 hominumque;
3065 5174 3242 5228 caeteri
3261 5218 3274 5239 ,
3310 5174 3512 5243 νηωειέέ-
3588 5230 3593 5234 ,

1948 5260 2064 5314 que,
2097 5245 2478 5312 hominumque,
2511 5246 2723 5299 reetius.
2755 5244 2884 5297 Ctnn
2912 5242 3357 5298 demonstraverit
3385 5242 3513 5296 Pru-

1947 5316 2161 5369 dentius
2204 5316 2367 5370 Deum
2420 5329 2521 5367 non
2562 5324 2685 5368 esse;
2712 5316 2912 5381 peccati
2945 5327 3244 5373 auctorem,
3275 5314 3366 5368 sed
3399 5315 3515 5366 dia-

1950 5384 2128 5438 bolum
2160 5402 2277 5439 enm
2307 5400 2424 5440 esse
2445 5387 2530 5453 qui
2560 5384 2803 5438 homines
2841 5386 2892 5438 in
2924 5393 3133 5451 peccata
3163 5386 3414 5444 traxerit,
3448 5398 3514 5437 nc

1945 5453 1996 5506 in
2019 5458 2338 5509 contrariam
2364 5467 2565 5524 partem
2588 5454 2859 5508 declinare
2886 5455 3146 5518 videatur,
3169 5462 3249 5517 ct,
3275 5464 3328 5506 ut
3351 5454 3511 5507 alium

1945 5524 2370 5579 Marcionitarmn
2409 5539 2644 5577 ctrnretn
2677 5534 2911 5588 evertat,
2941 5526 3006 5579 ad
3041 5526 3337 5579 libertatein
3374 5525 3513 5577 arbi-

1943 5595 2029 5647 trii
2057 5595 2438 5650 ostendendam
2463 5593 2784 5661 aggreditur.

2010 5664 2135 5719 556.
2169 5667 2269 5731 Alii
2304 5666 2498 5719 habent
2519 5664 2582 5715 de
2602 5666 2754 5717 corde
2787 5664 3004 5731 parenti.
3030 5665 3302 5719 Sententia
3331 5677 3513 5729 sump-

1942 5743 1993 5788 ta
2024 5743 2103 5788 est
2133 5751 2195 5788 ex
2226 5736 2406 5790 Matth.
2433 5750 2517 5795 xv,
2544 5734 2608 5788 19
2635 5752 2647 5786 :
2680 5735 2753 5788 De
2774 5736 2924 5788 corde
2948 5736 3081 5788 enim
3109 5745 3289 5789 caseum
3318 5734 3511 5803 regite:

1942 5806 2101 5859 tiones
2130 5807 2301 5873 mulce,
2330 5805 2627 5871 homicidia,
2656 5815 2758 5861 etc.
