4092 6344
553 294 684 356 1051

721 407 826 464 Nos
858 407 1129 462 volumus:
1159 407 1247 478 qui
1269 406 1544 475 decrepito
1573 414 1820 475 suggesta
1853 406 1998 460 leoni
2141 407 2194 478 Α

550 499 655 555 560
713 501 1066 555 'Armamenta
1095 497 1309 552 damus:
1340 497 1497 568 friget
1531 497 1640 552 fera
1665 496 1812 552 futile
1842 494 2112 561 frendens,

717 589 946 646 Humani
973 587 1183 658 generis
1208 587 1262 641 ni
1293 602 1386 656 per
1405 587 1656 656 suﬂ‘ragia
1682 587 1891 656 gliscat.

649 672 652 674 ’
723 683 998 753 Gignimus
1021 695 1181 736 omne
1211 680 1407 748 malum
1439 679 1656 751 preprio
1676 679 1744 735 de
1772 691 1997 747 corpore
2026 691 2121 731 no-

701 841 706 844 _
1810 769 1999 842 [atrum
2030 786 2044 821 :

726 862 793 918 Ut
819 864 1001 933 genuit
1032 862 1192 918 David
1212 907 1226 932 ,
1254 862 1384 918 alias
1414 871 1565 932 pater
1595 861 1851 932 optimus,
1885 875 2046 914 unum

722 956 936 1012 Crimen
992 956 1342 1014 Abessalon:
1393 964 1588 1010 tetrum
1650 964 1802 1023 pater
1848 953 1970 1019 ille,
2027 951 2121 1006 sed

1867 1044 2048 1115 [unum

552 1142 656 1197 565
730 1119 989 1196 Innocuas
1015 1141 1151 1198 inter
1177 1141 1390 1196 soboles
1413 1139 1598 1210 genuit
1625 1138 1934 1209 patricidam
1965 1153 1977 1188 :

729 1241 902 1292 Ausus
943 1237 996 1292 in
1035 1247 1308 1292 auctorem
1348 1237 1561 1305 generis
1591 1235 1681 1306 qui
1725 1235 1989 1303 stringere
2020 1234 2125 1289 fer-

1878 1329 2016 1399 [rum
2035 1369 2048 1392 .

728 1423 806 1474 Alt
840 1422 1033 1485 pietas!
1064 1420 1228 1490 signis
1258 1421 1524 1475 contraria
1554 1421 1702 1488 signa
1737 1421 1972 1488 paternis

730 1511 870 1582 Egit,
900 1521 955 1566 et
978 1512 1132 1566 unius
1153 1511 1424 1566 commisit
1446 1511 1722 1580 sanguinis
1745 1525 1912 1564 arma.

727 1586 914 1660 Nostra
945 1603 1122 1660 itidem
1151 1603 1296 1658 diros
1327 1614 1515 1659 urente
1547 1604 1834 1672 propagine
1867 1611 2020 1656 natos

732 1699 953 1754 Pecto:a
983 1699 1280 1776 parturiunt
1305 1714 1321 1754 :
1348 1701 1518 1755 versis
1542 1699 1634 1769 qui
1661 1699 1902 1768 protinus
1942 1700 1993 1754 in
2027 1715 2124 1753 nos

557 1699 587 1754 5

594 1698 658 1752 70

1643 289 1916 349 AURELII
1958 288 2319 348 PRUDENTII
2357 286 2672 345 CARMINA.

3655 289 3799 357 loss

2400 402 2636 472 Viscera,
2666 410 2719 455 et
2747 398 2964 454 interitu
2992 398 3240 469 genitalis
3260 399 3441 468 stirpis
3467 400 3700 454 aluntur.

2401 496 2710 566 Progeniem
2741 508 2925 549 verum
2971 493 3058 549 ille
3087 508 3235 548 suam
3254 536 3269 560 ,
3310 509 3402 548 rex
3432 502 3616 562 utpote
3643 509 3793 548 sum-

3549 589 3566 659 ι,
3582 603 3714 650 IIIIS,

2259 683 2360 737 575
2398 682 2570 750 Atque
2591 679 2680 735 Dei
2705 687 2868 743 vates,
2897 679 3146 747 pariturae
3166 687 3219 732 et
3242 678 3462 748 virginis
3488 688 3688 738 auctor.

2403 773 2665 827 Tristibus
2706 779 2866 840 atque
2901 771 3000 840 piis
3036 773 3364 836 variaverat,
3400 781 3456 825 ut
3490 771 3804 826 Salomonis

2401 864 2584 928 Frater
2598 863 2893 918 Abessalon
2915 870 3121 916 sereret
3145 876 3237 916 sua
3256 862 3478 916 crimina
3502 863 3650 929 iustis

2401 956 2736 1026 Pignoribus,
2754 956 3071 1025 dulcemque
3085 954 3301 1009 domum
3325 956 3562 1011 turbaret
3576 959 3800 1010 amaris.

2377 1050 2506 1126 llos
2531 1050 2750 1120 dignum
2781 1050 3068 1107 Salomone
3093 1050 3226 1104 nihil
3254 1068 3266 1103 :
3309 1065 3408 1105 nos
3434 1051 3666 1120 degener
3698 1054 3804 1104 im-

3588 1142 3730 1212 [plet

2262 1234 2364 1289 580
2401 1233 2560 1289 Solus
2586 1233 2900 1299 Abessalon,
2930 1233 3170 1287 lacerans
3185 1234 3269 1300 pia
3293 1233 3493 1290 viscera
3519 1233 3682 1288 ferro.
3759 1307 3764 1310 _

2400 1327 2456 1380 Si
2480 1326 2604 1380 licet
2633 1341 2696 1379 ex
2723 1325 2914 1380 ethicis
2935 1325 3224 1394 quidquam
3255 1340 3574 1392 praesumere
3597 1369 3611 1390 ,
3641 1328 3724 1378 vel
3755 1328 3806 1380 si

2405 1423 2478 1478 De
2527 1421 2760 1492 physicis
2797 1422 3024 1489 exempli
3065 1420 3299 1488 aliquid;
3349 1421 3425 1475 sic
3484 1422 3700 1487 vipera.
3743 1433 3804 1475 ut

2568 1578 2576 1586 _
2991 1580 2994 1587 ἦ
3527 1511 3536 1579 [
3558 1512 3726 1576 aiunt,

2405 1603 2660 1660 Dentibus
2685 1603 2942 1659 emoritur
2969 1601 3098 1656 fusae
3121 1617 3214 1670 per
3236 1603 3438 1656 viscera
3468 1603 3654 1671 prolis.

2405 1695 2568 1767 5“
2594 1696 2760 1751 Mater
2791 1705 2964 1750 morte
2982 1709 3102 1759 sua,
3129 1709 3381 1748 nonsexu
3401 1694 3610 1758 fertilis,
3635 1695 3809 1749 auide

729 1789 885 1861 543
925 1790 1185 1846 Morsibus
1227 1792 1537 1846 insuescunt
1576 1792 1887 1861 gignentum
1933 1793 2121 1846 vivere
2155 1789 2200 1849 B
2262 1788 2368 1844 585
2404 1786 2701 1841 Concubitu
2727 1786 2958 1840 distenta
3000 1793 3244 1850 uterum;
3271 1785 3363 1838 5rd
3389 1800 3506 1838 eum
3531 1785 3669 1839 calet
3698 1787 3804 1853 igni

1881 1899 2014 1939 (BHIS
2041 1902 2053 1937 Ζ

1881 1899 2014 1939 cenis
2041 1902 2053 1937 :

737 1973 1132 2044 Depopulantur
1160 1977 1301 2033 enim
1336 1976 1555 2032 nimium
1585 1883 2118 2044 fecundairiarentutn

2411 1879 2614 1944 Percita
2635 1877 2864 1933 femineo
2886 1917 2900 1942 ,
2937 1879 3250 1930 moriturum
3282 1877 3513 1931 obscena
3551 1874 3805 1944 maritum

2403 1972 2508 2026 Ore
2530 1971 2643 2024 sitit
2675 1970 2852 2040 patulo
2876 1985 2891 2033 ;
2920 1977 3077 2038 caput
3099 1969 3284 2023 inserit
3310 1967 3402 2023 ille
3424 1970 3672 2040 trilingue

1846 2093 2127 2147 εἶιοδὸᾹέ
2170 2090 2505 2146 VETERES.

626 2179 749 2236 559-.
784 2180 1061 2252 Decrepito
1082 2223 1097 2248 ,
1139 2184 1378 2249 antiquo,
1426 2185 1567 2245 seni,
1618 2193 1865 2235 veterano.
1893 2213 1960 2222 —
1985 2183 2122 2252 Sug-

556 2260 704 2319 gesta
721 2294 734 2316 ,
757 2251 1158 2310 subministrata.
1185 2283 1252 2294 —
1283 2253 1479 2316 Leoni,
1505 2253 1669 2317 hosti,
1697 2253 1732 2306 Ι.

629 2319 1160 2394 590._Armamenta,
1192 2326 1459 2382 utensilia.
1506 2340 1678 2386 arma,
1724 2325 1799 2377 vel
1842 2323 2123 2394 adeutoria.

564 2419 630 2428 —
662 2388 854 2454 Futile,
883 2391 1124 2458 inaniter,
1150 2388 1422 2458 inutiliter,
1450 2395 1489 2448 1.

630 2459 750 2530 551.
785 2460 1073 2530 Suﬂragia,
1097 2465 1313 2518 auxilia.
1337 2494 1405 2506 -—
1435 2463 1666 2528 Glist-at,
1697 2473 1920 2525 crescat,
1955 2465 1990 2516 I.

633 2528 755 2584 564.
789 2528 1037 2598 Tetrum,
1074 2534 1354 2603 infaustum
1376 2578 1388 2599 ,
1432 2535 1709 2603 infelicem.
1742 2535 2043 2598 Abessalon,
2083 2543 2128 2585 et

565 2601 783 2654 Absalon
815 2613 1080 2669 utrumque
1104 2601 1338 2668 dicimus,
1369 2606 1407 2658 I.

560 2736 563 2737 ν
789 2672 1252 2747 Ρθιτίεἰάθιηηᾳιιί
1281 2685 1473 2747 patrem
1503 2676 1718 2737 occidit,
1745 2677 1783 2729 1.

592 2749 594 2751 ’
631 2739 754 2814 565.
788 2742 871 2807 In,
906 2749 1109 2814 contra.
1137 2739 1201 2783 4—3
1222 2739 1525 2814 Stringere,
1576 2761 1693 2797 nam
1739 2746 1894 2799 voluit
1938 2757 2131 2809 patrem

565 2811 866 2878 interﬁcere,
895 2813 935 2866 l.

632 2880 757 2955 557.
791 2882 900 2955 Ab!
933 2885 1067 2940 heu!
1090 2886 1170 2939 ubi
1206 2895 1277 2940 est
1317 2886 1463 2940 modo
1494 2887 1690 2954 pietas?
1724 2886 2003 2955 interjectio
2042 2884 2134 2935 do-

565 2949 732 3023 lentis,
758 2981 824 3023 -έ
857 2954 1047 3023 Signa,
1070 2955 1284 3013 vexilla.
1316 2955 1354 3010 l.
1494 2949 1504 2954 ’
1850 2949 1861 2955 ⁷
2043 2981 2046 2989 ι

636 3021 759 3094 568.
803 3021 946 3092 Egit,
996 3025 1248 3094 portavit,
1290 3025 1526 3086 elevavit,
1572 3026 1751 3087 duxit,
1801 3027 2036 3091 portavit.
2068 3053 2133 3062 —-

573 3089 766 3164 Unius,
811 3089 1036 3164 proprii;
1076 3094 1286 3148 Judwos
1325 3111 1439 3146 cum
1481 3095 1699 3148 Judwis.
1727 3089 1809 3134 —'
1827 3097 2131 3156 Commisit,

570 3162 976 3235 feci_t_con_imitti.
1001 3194 1070 3205 —
1099 3167 1256 3218 Arma
1275 3206 1291 3229 ,
1322 3165 1466 3218 civile
1495 3166 1706 3229 bellum,
1743 3167 1778 3218 Ι.

642 3229 764 3285 569.
799 3232 1010 3297 Itidem,
1047 3235 1186 3288 item.
1211 3263 1279 3274 --
1307 3235 1630 3304 Propagine,
1675 3238 2038 3301 procreatione.
2069 3265 2135 3274 —-

571 3298 753 3375 Natos,
788 3305 1045 3375 suasiones
1074 3298 1440 3375 malignorum,
1472 3298 1572 3359 rso.

637 3370 762 3446 571.
803 3371 1146 3446 Gignentum,
1176 3370 1400 3444 patrum,
1422 3376 1541 3446 quia
1572 3375 1668 3444 ipsi
1697 3377 1911 3444 peccatis
1948 3377 2132 3429 nostris

566 3444 936 3511 excruciantur,
967 3445 1007 3497 Ι.

2233 2534 2423 2584 sanctis

2301 2179 2423 2234 574.
2467 2180 2688 2247 ,νενυηῃ
2722 2179 2835 2241 sed,
2871 2181 2906 2230 Ι.

2298 2250 2421 2303 575.
2465 2249 2714 2318 Virginis,
2752 2248 3160 2317 Mariae,quiade
3183 2265 3361 2318 genere
3392 2249 3554 2303 David
3582 2249 3679 2315 fuit
3714 2247 3808 2302 Dei

2229 2322 2469 2391 genitrix,
2497 2320 2535 2372 l.

2300 2390 2421 2443 576.
2461 2380 2748 2451 Tristibus,
2783 2389 2930 2442 malis
2960 2389 3111 2442 natis.
3145 2418 3212 2428 —
3235 2389 3338 2442 Piis
3365 2431 3377 2449 ,
3403 2390 3575 2446 bouis,
3616 2389 3655 2443 Ι.

2299 2463 2424 2541 577.
2460 2460 2660 2541 illusus!
2694 2461 2966 2529 fratribus,
2998 2461 3076 2512 vel
3108 2462 3296 2512 sanctis
3325 2463 3512 2513 scilicet
3546 2462 3807 2528 operibus,

2303 2534 2423 2584 actis
2447 2532 2567 2598 ﬁliis
2586 2571 2600 2592 ,
2635 2532 2672 2582 I.
3020 2535 3025 2540 “

2303 2603 2424 2656 5ῖ8.
2471 2599 2804 2669 l’ignoribus,
2855 2598 2996 2667 filiis.
3031 2629 3098 2642 —
3127 2599 3367 2665 Amaris,
3404 2603 3595 2654 scilicet
3634 2602 3802 2666 operi-

2234 2675 2355 2731 bus.
2400 2672 2435 2725 Ι.

2302 2743 2428 2796 579.
2469 2742 2774 2804 Salomone,
2807 2740 3290 2812 Salomonemvocat
3309 2742 3588 2812 justitiam.
3633 2773 3678 2782 —
3717 2743 3807 2795 Ni-

2236 2813 2328 2877 hil,
2361 2813 2545 2866 scilicet
2594 2813 2795 2880 agimus
2837 2812 2912 2864 vel
2954 2811 3225 2876 habemus,
3254 2811 3372 2878 quia
3405 2830 3495 2865 nos
3534 2814 3667 2865 vit-iis
3695 2814 3808 2880 plus

2234 2884 2495 2947 iinplemus
2516 2898 2664 2948 quam
2697 2881 2990 2945 Salomone,
3023 2883 3110 2946 qui
3131 2883 3385 2950 signiﬁcat
3415 2884 3620 2936 virtutes
3639 2929 3652 2944 ,
3689 2884 3728 2935 Ι.

2305 2954 2428 3006 580.
2472 2951 2765 3023 Abessalon
2790 2952 2968 3023 .gvitia.
2995 2981 3062 2990 —
3093 2951 3372 3008 Lacerans.
3407 2970 3731 3023 oppugnatis,
3766 2953 3805 3004 Ι.

2304 3023 2427 3077 581.
2472 3023 2648 3085 Licet,
2681 3021 2874 3074 licitum
2902 3032 2991 3074 est.
3027 3052 3095 3060 —
3125 3023 3324 3077 Etlticis
3349 3065 3362 3084 ,
3398 3021 3706 3087 moralibus,
3746 3025 3809 3074 de

2237 3095 2476 3146 moribus.
2500 3121 2569 3132 --
2599 3093 2948 3156 Praisumerc,
2981 3109 3175 3145 sumere
3197 3135 3209 3153 ,
3249 3096 3528 3158 attingere.
3561 3096 3598 3148 Ι.

2308 3164 2434 3219 582.
2478 3163 2550 3216 De
2575 3162 2825 3232 physicis,
2857 3163 3196 3227 naturalibus,
3225 3164 3286 3218 de
3305 3167 3572 3232 scripturis
3603 3173 3810 3218 natura-

2243 3234 2366 3286 lium
2393 3250 2584 3298 rerum,
2609 3233 2670 3284 de
2696 3233 2911 3295 naturis,
2939 3233 2976 3286 I.

2311 3305 2433 3358 585.
2479 3303 2735 3368 Distenta,
2764 3303 2974 3367 repleta,
3005 3304 3079 3356 rel
3112 3305 3348 3372 gravida,
3380 3305 3416 3357 Ι.

2311 3375 2435 3428 586.
2483 3374 2682 3426 Pereita
2703 3415 2715 3434 .
2745 3374 3022 3435 insaniens,
3058 3375 3095 3427 I.

2311 3445 2433 3498 587.
2479 3439 2636 3508 εἰιίὶ,
2673 3443 2829 3513 cupit.
2861 3472 2928 3484 --
2977 3444 3250 3515 Trilingue
3279 3487 3292 3509 ,
3324 3463 3547 3513 serpens,
3586 3461 3762 3515 quamr-
3787 3459 3810 3494 s

1903 3533 2454 3592 COMMENTARIUS.

1903 3541 1942 3592 C
2099 3537 2230 3592 ENT
2282 3537 2344 3591 Ill
2417 3541 2454 3590 ‘.

641 3624 760 3682 559.
795 3626 1044 3700 Diabolus
1079 3629 1218 3685 leoni
1246 3628 1475 3700 rugienti
1505 3638 1844 3699 comparatur
1878 3539 2126 3699 Epishtifi,
2160 3627 2207 3691 C
2232 3537 3019 3700 Itiumliabliis,misceretcrimina.
3038 3627 3357 3682 Utrumlibet
3379 3638 3551 3696 potest
3579 3630 3816 3684 retineri.

572 3694 687 3749 Pet.
712 3712 764 3759 v,
795 3699 846 3751 8.

640 3766 766 3840 559.
801 3767 854 3840 [η
885 3768 1013 3822 Mar.
1045 3768 1142 3823 fuit
1171 3768 1356 3836 [uttule
1379 3783 1476 3839 pro
1506 3771 1670 3840 futile.
1703 3780 1967 3838 corrupte.

643 3835 767 3910 551.
800 3837 856 3891 S.
889 3835 1242 3910 Augustinus,
1285 3835 1397 3910 sive
1439 3835 1610 3910 potius
1648 3835 1907 3894 Cresarius
1949 3841 2132 3895 Arela-

574 3904 738 3980 tens_is
775 3904 1026 3980 sermone
1063 3909 1147 3980 57
1181 3909 1411 3977 append.
1525 3911 1830 3980 Augustini,
1877 3912 2006 3965 alias
2038 3912 2137 3964 197

572 3977 638 4050 de.
667 3974 948 4046 Tempore,
976 3974 1391 4050 diabolum'cani
1420 3974 1634 4048 alligati?
1661 3996 1996 4050 comparans,
2024 3984 2092 4034 ait
2121 4000 2132 4033 :

574 4043 784 4099 Latrare
804 4043 994 4120 potest,
1023 4047 1301 4103 sollicitare
1327 4059 1490 4120 potest
1508 4043 1540 4117 ξ
1553 4043 2011 4109 mordere-munitio
2039 4068 2135 4104 non

572 4124 761 4183 potest,
793 4119 891 4171 nisi
915 4124 1181 4175 volentem.

641 4187 778 4262 56:):
805 4188 948 4262 Ald.,
979 4188 1161 4253 Fabr.,
1187 4189 1354 4262 Bong.
1392 4206 1510 4247 cum
1541 4192 1680 4258 aliis,
1708 4193 1770 4245 de
1798 4207 2010 4260 corpo-e
2050 4208 2139 4246 no-

571 4263 692 4308 stro.
725 4255 989 4327 Plerique,
1021 4268 1268 4313 nostrum.
1304 4255 1329 4262 ⁷
1668 4255 1676 4258 Ἴ
1724 4319 1728 4322 .

607 4326 769 4399 '564.
803 4326 892 4381 Ita
913 4327 1052 4382 LXX
1097 4329 1413 4399 interpretes
1461 4331 1686 4386 ell'erunt
1716 4333 2023 4398 Abessalon,
2052 4333 2138 4398 qni

572 4394 624 4473 in
645 4396 889 4473 ynlgatis
932 4399 1112 4452 Bibliis
1143 4394 1336 4473 dicitur
1363 4401 1629 4467 Absalom,
1665 4404 1730 4458 de
1762 4419 1867 4473 quo
1900 4394 2019 4472 lege
2045 4394 2163 4456 lib.

576 4465 615 4518 ll
645 4465 844 4538 Regum
874 4483 943 4521 xv
970 4479 1023 4522 et
1046 4484 1196 4538 seqq.
1225 4469 1325 4524 Alii
1350 4473 1588 4526 scribunt
1617 4465 1910 4527 dbxssolon.

801 4538 913 4611 liis.
941 4538 1004 4611 ad
1034 4535 1178 4611 oram
1197 4579 1210 4602 ,
1241 4541 1520 4611 parieidam
1552 4558 1646 4611 pro
1675 4546 1995 4603 patricidam.

647 4605 769 4657 567.
803 4605 1028 4659 lmitatio
1057 4605 1252 4661 Lucani
1276 4611 1424 4672 initio
1454 4605 1758 4665 Pharsalizc.

585 4691 589 4700 ι
646 4673 768 4751 5'69.
804 4674 1054 4751 Weitaius
1080 4679 1354 4751 produros
1386 4683 1577 4750 allegat
1614 4684 1753 4746 Ald.,
1791 4683 1972 4751 Fabr.,
2009 4683 2132 4736 Bun-

577 4756 691 4807 gar.
722 4746 824 4798 Sed
855 4746 1017 4802 Aldus
1057 4748 1185 4800 milii
1218 4749 1377 4804 habet
1405 4746 1564 4805 diros.
1604 4751 1657 4805 In
1700 4746 2138 4807 Fabricio'ctiam

578 4814 694 4896 lego
725 4816 884 4868 diros.
916 4815 1023 4869 Οἱς.
1145 4834 1339 4896 φεμ-ς..
1371 4821 1551 4896 duros,
1572 4822 1720 4896 quod
1751 4825 1800 4896 in
1834 4824 1999 4891 prima
2028 4825 2140 4896 edi-

579 4889 723 4938 tione
768 4896 1024 4962 tenuerat.
1072 4889 1256 4943 Melius
1301 4893 1512 4955 caateri,
1559 4894 1716 4946 diros.
1769 4889 1846 4947 De
1889 4893 2137 4962 peccatis,

577 4970 692 5022 qua!
723 4972 789 5010 ex
823 4958 983 5010 corde
1015 4967 1232 5023 parente
1254 4972 1444 5015 exeunt
1465 5001 1479 5024 ,
1505 4977 1682 5017 sermo
1707 4974 1808 5017 est.

651 5025 776 5079 572.
822 5027 938 5081 Vat.
973 5029 1033 5086 A,
1060 5029 1432 5098 depOpulatur;
1461 5041 1603 5086 recte
1621 5048 1776 5087 manu
1808 5034 2004 5088 recenti
2039 5034 2142 5087 fac-

583 5103 698 5168 tum,
722 5098 1116 5168 depOpnlantur.

617 5235 628 5246 .
654 5164 776 5246 574.
807 5164 1070 5246 Cauchius
1095 5183 1158 5222 ex
1189 5171 1516 5246 coniectura,
1542 5189 1657 5228 vero
1687 5189 1782 5242 pro
1812 5189 1840 5226 υ
1860 5189 2002 5246 rum.
2031 5172 2142 5246 Non

582 5235 758 5314 video,
791 5239 876 5314 qui
909 5239 1054 5291 locus
1083 5253 1203 5293 esse
1233 5241 1353 5294 huic
1380 5235 1702 5312 conjecturre
1733 5246 1929 5314 possit,
1965 5244 2142 5298 invitis

583 5307 926 5362 membranis.

654 5377 775 5431 576.
818 5376 1010 5452 Tristes
1048 5394 1151 5452 pro
1176 5381 1352 5452 malis
1387 5395 1481 5435 seu
1513 5381 1765 5446 improbis
1811 5384 1895 5438 hic
1931 5385 2098 5452 accipi
2127 5425 2142 5446 ,

583 5455 710 5522 nota
736 5463 798 5500 ex
821 5450 1015 5515 glossa.
1042 5450 1316 5519 Significat
1345 5454 1501 5505 etiam
1530 5453 1688 5506 tristis
1709 5455 1920 5522 iratum,
1954 5450 2145 5508 diffici-

584 5517 965 5587 lemtsaavum,
1001 5517 1272 5587 asperum,
1304 5522 1586 5576 infelicem.

651 5585 772 5660 577.
807 5585 959 5643 Alex.
989 5630 1002 5653 ,
1029 5585 1145 5643 Pin.
1171 5633 1185 5656 ,
1220 5585 1426 5646 'l‘huan.
1459 5635 1471 5657 ,
1507 5593 1630 5647 Rot.
1657 5636 1674 5660 ,
1697 5593 1849 5659 Egm.
1873 5633 1887 5657 ,
1915 5594 2082 5648 Palat.
2115 5609 2143 5646 a

583 5657 950 5731 primamanu,
983 5661 1339 5727 Caucltianus,
1368 5673 1548 5716 sereret
1575 5657 1671 5722 sua
1699 5657 1943 5725 crimina;
1977 5679 2144 5731 neque
2183 5667 2190 5669 ’

583 5726 786 5782 abludit
814 5728 926 5784 Vat.
956 5735 1020 5783 Α.
1048 5731 1238 5786 Verum
1261 5726 1412 5797 Man,
1441 5733 1591 5799 Urb.,
1624 5731 2000 5802 Ald.,Weitz.,
2029 5726 2141 5789 Gis.

916 5906 976 5920 ε...
1083 5905 1104 5915 -
1212 5895 1270 5905 -ν
1300 5897 1308 5906 ι

2312 3698 2436 3752 578.
2465 3698 2660 3762 Vat.A,
2681 3697 2956 3761 turbasset;
2986 3699 3180 3752 rectius
3201 3714 3382 3768 supra,
3411 3702 3673 3752 turbaret:
3697 3715 3818 3752 imm

2241 3785 2402 3843 versu
2427 3778 2657 3843 Sllp_._8$i
2687 3775 2889 3843 sereret.
3092 3840 3099 3843 _
3159 3841 3164 3843 Α

2312 3840 2434 3893 58L
2469 3838 2612 3896 Ald.,
2645 3837 2922 3901 mendose,
2943 3855 3002 3891 ex
3031 3837 3241 3892 ethnicis
3274 3855 3369 3906 pro
3397 3857 3458 3892 ea:
3480 3840 3656 3891 ethicis
3683 3857 3694 3890 :
3728 3841 3815 3904 qui

2243 3925 2394 3965 error
2450 3909 2732 3962 nonnullos
2773 3916 2980 3961 veteres
3009 3911 3222 3964 codices
3256 3910 3481 3970 insedit,
3511 3924 3579 3976 ,ιιι
3607 3911 3735 3965 Mur.
3763 3922 3815 3963 et

2245 3983 2420 4042 Prae”
2456 3981 2506 4033 in
2530 3978 2720 4045 quibus
2747 3990 2959 4032 recente
2985 3996 3139 4033 manu
3157 3980 3680 4047 correcliuadltibita
3712 3992 3815 4036 es’t.

2242 4052 2298 4105 lu
2326 4051 2470 4112 llat.,
2498 4058 2542 4100 et
2571 4049 2746 4101 ethicis
2763 4063 2857 4116 pro
2884 4065 2945 4101 ea:
2971 4051 3166 4103 ethicis.
3200 4049 3376 4116 Neque
3406 4050 3815 4115 Chatnillardus,

2245 4135 2415 4190 neque
2437 4119 2664 4178 Teolius,
2693 4135 2862 4188 neque
2875 4120 3133 4173 Cellarins
3157 4122 3327 4173 insuis
3347 4120 3606 4173 indicibus
3626 4120 3815 4173 advers

2246 4200 2440 4254 terunt,
2467 4190 2562 4242 ein
2580 4190 2904 4256 ethicis,qum
2924 4190 3076 4256 longa
3105 4205 3205 4254 esr,
3232 4205 3259 4242 a
3282 4190 3569 4243 Prudentia
3597 4193 3812 4258 corripi.

2316 4261 2436 4313 58"}.
2479 4259 2736 4313 Oliservat
2765 4259 3030 4314 Giselinus
3070 4271 3212 4313 recte
3255 4261 3486 4327 adjicere
3522 4271 3731 4323 poetam
3764 4273 3815 4312 ut

2243 4333 2423 4394 aiunt;
2451 4343 2633 4382 revera
2663 4330 2804 4384 enim
2846 4328 3019 4383 fabula
3051 4341 3132 4384 est
3158 4346 3185 4384 a
3216 4331 3383 4384 Plinio
3414 4331 3642 4399 aliisque.
3673 4341 3817 4384 vete-

2245 4402 2392 4456 ribus
2417 4400 2682 4468 adOptata.
2714 4400 2898 4453 Obiter
2921 4401 3149 4454 monebo
3183 4417 3285 4455 non
3335 4415 3558 4469 peccare
3587 4404 3807 4470 scriptu.

2246 4485 2332 4525 res
2361 4473 2475 4540 pios
2496 4513 2508 4532 ,
2537 4480 2627 4524 aut
2657 4470 2930 4541 deprava'i
2953 4471 3136 4538 judicii
3161 4487 3280 4526 esse
3307 4473 3641 4541 arguendos,
3675 4473 3814 4541 quod

2249 4541 2548 4609 Itujusmodi
2584 4540 2885 4593 historiolas
2915 4550 3004 4594 aut
3031 4541 3194 4593 falsas
3215 4586 3228 4608 ,
3257 4540 3466 4596 autnon
3500 4545 3632 4595 satis
3665 4540 3809 4594 coiti-

2249 4613 2497 4679 probatns
2532 4612 2581 4661 in
2613 4611 2912 4676 exemplum
2942 4614 3005 4663 ad
3036 4610 3400 4666 informandos
3433 4627 3611 4667 mores
3645 4622 3814 4666 trans-

2249 4682 2455 4744 ferunt;
2479 4680 2668 4749 quibus
2691 4681 2776 4734 illi-
2798 4689 3044 4750 tanquam
3077 4683 3212 4735 veris
3241 4683 3412 4747 factis,
3446 4684 3488 4734 si
3518 4687 3807 4740 evenerint.

2246 4763 2332 4804 aut
2369 4763 2613 4820 tanquam
2642 4751 2881 4819 apologis
2907 4795 2919 4817 ,
2948 4753 2990 4804 si
3023 4753 3213 4806 fuerint
3241 4752 3482 4807 COIIﬁleI‘.
3509 4797 3521 4811 ,
3557 4771 3654 4806 suo
3697 4755 3812 4820 jure

2248 4832 2485 4875 utuntur.
2520 4820 2759 4874 Teolium
2794 4838 2896 4873 non
2922 4823 3174 4890 intelligo,
3209 4825 3294 4890 qui
3355 4826 3427 4876 ait
3470 4824 3809 4876 Prudentium

2243 4892 2396 4945 aliter
2426 4906 2544 4945 esse
2573 4893 2896 4955 locuturum,
2933 4894 2974 4944 si
3009 4894 3060 4945 in
3086 4893 3184 4946 hoc
3217 4903 3452 4947 nostrum
3483 4910 3654 4948 :evnm
3689 4895 3807 4946 luis.

2171 4995 2222 5055 Β
2246 4970 2327 5016 set
2348 4962 2585 5044 delatus,
2621 4978 2734 5014 cum
2764 4972 2952 5042 constet
3002 4965 3171 5016 omnia
3197 4965 3440 5055 aniina'ia
3467 4968 3810 5055 cujuscunque

2247 5033 2445 5104 generis
2486 5049 2547 5104 ea:
2575 5048 2663 5084 oro
2692 5033 2862 5095 nasci,
2905 5035 2953 5083 in
2995 5050 3090 5098 quo
3138 5045 3253 5086 sunt
3299 5033 3537 5102 for-inata.
3581 5036 3808 5104 Νιιεοιιιρ

2292 5103 2562 5156 rudentius
2605 5117 2667 5156 ex
2710 5116 2852 5164 ovo,
2907 5105 2958 5154 in
2999 5117 3104 5171 quo
3145 5114 3226 5157 est
3275 5107 3496 5158 l'nrtnatn
3526 5147 3539 5167 ,
3577 5103 3804 5172 viperam

2249 5176 2431 5226 nasci?
2485 5172 2652 5242 (Elaris
2698 5173 2873 5224 verbis
2921 5186 3096 5238 postea
3144 5176 3210 5226 ait
3243 5215 3256 5232 ,
3305 5185 3573 5242 postquam
3625 5179 3806 5228 semine

2207 5245 2216 5254 '
2247 5243 2441 5304 adulto,
2474 5239 2577 5295 etc.
2606 5243 2805 5294 Plinius
2838 5243 2931 5294 lib.
2964 5259 3017 5308 Χ,
3049 5260 3164 5311 cap.
3199 5245 3265 5298 62
3295 5239 3311 5296 :7
3345 5239 3539 5298 Rursus
3562 5248 3807 5299 iutcrrcso

2248 5312 2409 5384 tribus
2433 5327 2522 5364 ova
2552 5313 2755 5384 pariunt
2787 5323 3150 5384 serpentes.....
3180 5313 3378 5383 Vipera:
3418 5333 3528 5368 mas
3554 5327 3706 5384 caput
3734 5319 3806 5368 in.
3895 5364 3911 5377 ,

2246 5383 2365 5436 serit
2390 5383 2446 5454 in
2476 5400 2548 5441 os,
2583 5384 2716 5448 quod
2743 5382 2833 5434 itla
2858 5382 3057 5437 abradit
3084 5382 3350 5454 roluptatis
3378 5382 3662 5440 dulcedine.
3693 5385 3802 5438 Ter-

2251 5453 2481 5524 restrium
2504 5454 2679 5505 eadem
2708 5454 2816 5505 sola
2844 5454 2975 5505 intra
2997 5471 3048 5507 se
3068 5456 3198 5524 parit
3230 5472 3318 5509 ora
3345 5459 3490 5509 unius
3514 5458 3699 5510 coloris
3721 5497 3734 5521 ,
3762 5465 3816 5506 τι·

2252 5523 2429 5603 mollia
2452 5563 2467 5587 ,
2502 5533 2553 5575 ut
2569 5524 2754 5603 pisces.
2790 5524 2859 5576 De
2891 5523 3105 5578 insectis
3131 5526 3213 5578 illa
3246 5537 3323 5580 est
3353 5528 3609 5596 qua-stic,
3643 5544 3705 5580 an
3745 5541 3807 5579 ex

2253 5601 2412 5660 putri,
2448 5603 2503 5643 ut
2533 5601 2700 5658 aiunt,
2735 5603 3038 5648 nascmtur.

2325 5663 2444 5714 584.
2484 5663 2680 5726 Vat.A,
2715 5680 2864 5716 sexus
2890 5679 2982 5729 pro
3013 5682 3152 5720 sexu.

2323 5731 2444 5786 587.
2481 5734 2642 5786 Aldus
2691 5735 2855 5787 edidit
2902 5735 3185 5808 trilingutt’,
3232 5738 3535 5795 emendavit
3573 5739 3811 5815 triligne;
