  <div class='ocr_page' id='page_1' title='image "/cluster/home/n/w/nwhite01/storage/ocr_20150623/59/hvd.32044015471626/534.png"; bbox 0 0 4092 6344; ppageno 0'>
   <div class='ocr_carea' id='block_1_1' title="bbox 236 363 362 421">
    <p class='ocr_par' dir='ltr' id='par_1_1' title="bbox 236 363 362 421">
     <span class='ocr_line' id='line_1_1' title="bbox 236 363 362 421; baseline -0.008 -3"><span class='ocrx_word' id='word_1_1' title='bbox 236 363 362 421; x_wconf 79' lang='lat' dir='ltr'><strong>I057</strong></span> 
     </span>
    </p>
   </div>
   <div class='ocr_carea' id='block_1_2' title="bbox 1595 354 2127 411">
    <p class='ocr_par' dir='ltr' id='par_1_2' title="bbox 1595 354 2127 411">
     <span class='ocr_line' id='line_1_2' title="bbox 1595 354 2127 411; baseline -0.006 -1"><span class='ocrx_word' id='word_1_2' title='bbox 1595 354 2127 411; x_wconf 78' lang='lat' dir='ltr'><strong>&quot;AMARTICENIA.</strong></span> 
     </span>
    </p>
   </div>
   <div class='ocr_carea' id='block_1_3' title="bbox 3341 347 3475 401">
    <p class='ocr_par' dir='ltr' id='par_1_3' title="bbox 3341 347 3475 401">
     <span class='ocr_line' id='line_1_3' title="bbox 3341 347 3475 401; baseline -0.015 0"><span class='ocrx_word' id='word_1_3' title='bbox 3341 347 3475 401; x_wconf 65' lang='lat' dir='ltr'><strong>I058</strong></span> 
     </span>
    </p>
   </div>
   <div class='ocr_carea' id='block_1_4' title="bbox 402 448 3472 546">
    <p class='ocr_par' dir='ltr' id='par_1_4' title="bbox 402 448 3472 546">
     <span class='ocr_line' id='line_1_4' title="bbox 402 448 3472 546; baseline -0.008 -16"><span class='ocrx_word' id='word_1_4' title='bbox 402 473 566 546; x_wconf 61' lang='lat'><strong>55.9</strong></span> <span class='ocrx_word' id='word_1_5' title='bbox 586 448 860 543; x_wconf 84' lang='lat' dir='ltr'><strong>Concipiat</strong></span> <span class='ocrx_word' id='word_1_6' title='bbox 881 473 1078 528; x_wconf 79' lang='lat' dir='ltr'><strong>ﬂexura</strong></span> <span class='ocrx_word' id='word_1_7' title='bbox 1099 487 1279 527; x_wconf 86' lang='lat' dir='ltr'><strong>sonos.</strong></span> <span class='ocrx_word' id='word_1_8' title='bbox 1307 472 1398 526; x_wconf 80' lang='lat' dir='ltr'><strong>Est</strong></span> <span class='ocrx_word' id='word_1_9' title='bbox 1418 471 1642 541; x_wconf 85' lang='lat' dir='ltr'><strong>perdere</strong></span> <span class='ocrx_word' id='word_1_10' title='bbox 1664 472 1790 526; x_wconf 88' lang='lat' dir='ltr'><strong>tanti</strong></span> <span class='ocrx_word' id='word_1_11' title='bbox 1820 478 1868 534; x_wconf 79' lang='grc' dir='ltr'>Α</span> <span class='ocrx_word' id='word_1_12' title='bbox 1896 470 1999 527; x_wconf 87' lang='grc'><strong>665</strong></span> <span class='ocrx_word' id='word_1_13' title='bbox 2074 468 2232 541; x_wconf 83' lang='lat'><strong>550</strong></span> <span class='ocrx_word' id='word_1_14' title='bbox 2259 464 2384 521; x_wconf 86' lang='lat' dir='ltr'><strong>Labi</strong></span> <span class='ocrx_word' id='word_1_15' title='bbox 2414 462 2645 519; x_wconf 87' lang='lat' dir='ltr'><strong>hominis</strong></span> <span class='ocrx_word' id='word_1_16' title='bbox 2670 501 2687 528; x_wconf 92' lang='lat'><strong>,</strong></span> <span class='ocrx_word' id='word_1_17' title='bbox 2734 471 2950 515; x_wconf 83' lang='lat' dir='ltr'><strong>servare</strong></span> <span class='ocrx_word' id='word_1_18' title='bbox 2981 456 3073 511; x_wconf 89' lang='lat' dir='ltr'><strong>Dei</strong></span> <span class='ocrx_word' id='word_1_19' title='bbox 3110 462 3187 511; x_wconf 86' lang='lat' dir='ltr'><strong>est</strong></span> <span class='ocrx_word' id='word_1_20' title='bbox 3214 474 3228 521; x_wconf 86' lang='lat'><strong>;</strong></span> <span class='ocrx_word' id='word_1_21' title='bbox 3270 454 3472 508; x_wconf 85' lang='lat' dir='ltr'><strong>meritis</strong></span> 
     </span>
    </p>
   </div>
   <div class='ocr_carea' id='block_1_5' title="bbox 405 564 1691 635">
    <p class='ocr_par' dir='ltr' id='par_1_5' title="bbox 405 564 1691 635">
     <span class='ocr_line' id='line_1_5' title="bbox 405 564 1691 635; baseline -0.002 -15"><span class='ocrx_word' id='word_1_22' title='bbox 405 567 736 621; x_wconf 78' lang='lat' dir='ltr'><strong>Exstinctum</strong></span> <span class='ocrx_word' id='word_1_23' title='bbox 776 565 899 619; x_wconf 75' lang='lat' dir='ltr'><strong>vita:</strong></span> <span class='ocrx_word' id='word_1_24' title='bbox 928 564 1161 619; x_wconf 83' lang='lat' dir='ltr'><strong>officium</strong></span> <span class='ocrx_word' id='word_1_25' title='bbox 1192 565 1257 620; x_wconf 90' lang='lat' dir='ltr'><strong>de</strong></span> <span class='ocrx_word' id='word_1_26' title='bbox 1288 577 1435 635; x_wconf 86' lang='lat' dir='ltr'><strong>parte</strong></span> <span class='ocrx_word' id='word_1_27' title='bbox 1465 565 1691 630; x_wconf 75' lang='lat' dir='ltr'><strong>cerebri,</strong></span> 
     </span>
    </p>
   </div>
   <div class='ocr_carea' id='block_1_6' title="bbox 401 658 1800 728">
    <p class='ocr_par' dir='ltr' id='par_1_6' title="bbox 401 658 1800 728">
     <span class='ocr_line' id='line_1_6' title="bbox 401 658 1800 728; baseline -0.002 -14"><span class='ocrx_word' id='word_1_28' title='bbox 401 660 697 715; x_wconf 91' lang='lat' dir='ltr'><strong>Immunem</strong></span> <span class='ocrx_word' id='word_1_29' title='bbox 728 658 888 714; x_wconf 90' lang='lat' dir='ltr'><strong>modo</strong></span> <span class='ocrx_word' id='word_1_30' title='bbox 916 673 1034 714; x_wconf 89' lang='lat' dir='ltr'><strong>sese</strong></span> <span class='ocrx_word' id='word_1_31' title='bbox 1061 660 1260 728; x_wconf 88' lang='lat' dir='ltr'><strong>anima,</strong></span> <span class='ocrx_word' id='word_1_32' title='bbox 1290 668 1667 728; x_wconf 80' lang='lat' dir='ltr'><strong>expertemque</strong></span> <span class='ocrx_word' id='word_1_33' title='bbox 1707 674 1800 711; x_wconf 86' lang='lat' dir='ltr'><strong>ne-</strong></span> 
     </span>
    </p>
   </div>
   <div class='ocr_carea' id='block_1_7' title="bbox 822 749 1733 820">
    <p class='ocr_par' dir='ltr' id='par_1_7' title="bbox 822 749 1733 820">
     <span class='ocr_line' id='line_1_7' title="bbox 822 749 1733 820; baseline 0.009 -25"><span class='ocrx_word' id='word_1_34' title='bbox 822 794 825 795; x_wconf 65' lang='lat'><strong>,</strong></span> <span class='ocrx_word' id='word_1_35' title='bbox 1570 749 1733 820; x_wconf 76' lang='lat' dir='ltr'><strong>[fandi</strong></span> 
     </span>
    </p>
   </div>
   <div class='ocr_carea' id='block_1_8' title="bbox 231 838 1591 908">
    <p class='ocr_par' dir='ltr' id='par_1_8' title="bbox 231 838 1591 908">
     <span class='ocr_line' id='line_1_8' title="bbox 231 838 1591 908; baseline -0.004 -11"><span class='ocrx_word' id='word_1_36' title='bbox 231 843 334 900; x_wconf 82' lang='lat'><strong>655</strong></span> <span class='ocrx_word' id='word_1_37' title='bbox 404 839 653 908; x_wconf 76' lang='lat' dir='ltr'><strong>Auditus,</strong></span> <span class='ocrx_word' id='word_1_38' title='bbox 679 839 805 895; x_wconf 80' lang='lat' dir='ltr'><strong>felix</strong></span> <span class='ocrx_word' id='word_1_39' title='bbox 833 839 1023 894; x_wconf 89' lang='lat' dir='ltr'><strong>stolida</strong></span> <span class='ocrx_word' id='word_1_40' title='bbox 1051 847 1330 895; x_wconf 76' lang='lat' dir='ltr'><strong>conservet</strong></span> <span class='ocrx_word' id='word_1_41' title='bbox 1354 838 1420 894; x_wconf 88' lang='lat' dir='ltr'><strong>ab</strong></span> <span class='ocrx_word' id='word_1_42' title='bbox 1446 853 1591 893; x_wconf 88' lang='lat' dir='ltr'><strong>aure.</strong></span> 
     </span>
    </p>
   </div>
   <div class='ocr_carea' id='block_1_9' title="bbox 408 929 1694 1001">
    <p class='ocr_par' dir='ltr' id='par_1_9' title="bbox 408 929 1694 1001">
     <span class='ocr_line' id='line_1_9' title="bbox 408 929 1694 1001; baseline -0.004 -13"><span class='ocrx_word' id='word_1_43' title='bbox 408 934 540 1001; x_wconf 85' lang='lat' dir='ltr'><strong>Quis</strong></span> <span class='ocrx_word' id='word_1_44' title='bbox 570 933 706 987; x_wconf 87' lang='lat' dir='ltr'><strong>ferat</strong></span> <span class='ocrx_word' id='word_1_45' title='bbox 727 931 840 986; x_wconf 64' lang='lat' dir='ltr'><strong>haec</strong></span> <span class='ocrx_word' id='word_1_46' title='bbox 869 930 1062 1000; x_wconf 89' lang='lat' dir='ltr'><strong>injecta</strong></span> <span class='ocrx_word' id='word_1_47' title='bbox 1094 932 1203 986; x_wconf 86' lang='lat' dir='ltr'><strong>Deo</strong></span> <span class='ocrx_word' id='word_1_48' title='bbox 1230 932 1486 996; x_wconf 88' lang='lat' dir='ltr'><strong>convicia,</strong></span> <span class='ocrx_word' id='word_1_49' title='bbox 1516 929 1604 1001; x_wconf 89' lang='lat' dir='ltr'><strong>qui</strong></span> <span class='ocrx_word' id='word_1_50' title='bbox 1636 944 1694 983; x_wconf 90' lang='lat' dir='ltr'><strong>se</strong></span> 
     </span>
    </p>
   </div>
   <div class='ocr_carea' id='block_1_10' title="bbox 407 1023 1581 1092">
    <p class='ocr_par' dir='ltr' id='par_1_10' title="bbox 407 1023 1581 1092">
     <span class='ocr_line' id='line_1_10' title="bbox 407 1023 1581 1092; baseline -0.003 -13"><span class='ocrx_word' id='word_1_51' title='bbox 407 1024 609 1080; x_wconf 81' lang='lat' dir='ltr'><strong>Divinis</strong></span> <span class='ocrx_word' id='word_1_52' title='bbox 642 1024 882 1079; x_wconf 89' lang='lat' dir='ltr'><strong>meminit</strong></span> <span class='ocrx_word' id='word_1_53' title='bbox 910 1023 1216 1092; x_wconf 71' lang='lat' dir='ltr'><strong>praecellere</strong></span> <span class='ocrx_word' id='word_1_54' title='bbox 1249 1024 1581 1078; x_wconf 84' lang='lat' dir='ltr'><strong>nobilitatum</strong></span> 
     </span>
    </p>
   </div>
   <div class='ocr_carea' id='block_1_11' title="bbox 408 1114 1805 1182">
    <p class='ocr_par' dir='ltr' id='par_1_11' title="bbox 408 1114 1805 1182">
     <span class='ocr_line' id='line_1_11' title="bbox 408 1114 1805 1182; baseline -0.004 -10"><span class='ocrx_word' id='word_1_55' title='bbox 408 1115 749 1172; x_wconf 75' lang='lat' dir='ltr'><strong>Muneribus?</strong></span> <span class='ocrx_word' id='word_1_56' title='bbox 770 1115 932 1169; x_wconf 91' lang='lat' dir='ltr'><strong>multa</strong></span> <span class='ocrx_word' id='word_1_57' title='bbox 954 1125 1009 1168; x_wconf 94' lang='lat' dir='ltr'><strong>ut</strong></span> <span class='ocrx_word' id='word_1_58' title='bbox 1032 1123 1260 1179; x_wconf 83' lang='lat' dir='ltr'><strong>taceam,</strong></span> <span class='ocrx_word' id='word_1_59' title='bbox 1276 1117 1360 1169; x_wconf 90' lang='lat' dir='ltr'><strong>vel</strong></span> <span class='ocrx_word' id='word_1_60' title='bbox 1389 1116 1497 1169; x_wconf 80' lang='lat' dir='ltr'><strong>sola</strong></span> <span class='ocrx_word' id='word_1_61' title='bbox 1524 1114 1805 1182; x_wconf 83' lang='lat' dir='ltr'><strong>benignum</strong></span> 
     </span>
    </p>
   </div>
   <div class='ocr_carea' id='block_1_12' title="bbox 411 1207 1810 1279">
    <p class='ocr_par' dir='ltr' id='par_1_12' title="bbox 411 1207 1810 1279">
     <span class='ocr_line' id='line_1_12' title="bbox 411 1207 1810 1279; baseline -0.003 -15"><span class='ocrx_word' id='word_1_62' title='bbox 411 1208 519 1264; x_wconf 79' lang='lat' dir='ltr'><strong>Res</strong></span> <span class='ocrx_word' id='word_1_63' title='bbox 545 1208 737 1279; x_wconf 83' lang='lat' dir='ltr'><strong>probat</strong></span> <span class='ocrx_word' id='word_1_64' title='bbox 762 1221 883 1263; x_wconf 91' lang='lat' dir='ltr'><strong>esse</strong></span> <span class='ocrx_word' id='word_1_65' title='bbox 916 1208 1101 1271; x_wconf 85' lang='lat' dir='ltr'><strong>Deum,</strong></span> <span class='ocrx_word' id='word_1_66' title='bbox 1135 1207 1284 1262; x_wconf 91' lang='lat' dir='ltr'><strong>vetiti</strong></span> <span class='ocrx_word' id='word_1_67' title='bbox 1310 1208 1449 1277; x_wconf 91' lang='lat' dir='ltr'><strong>quod</strong></span> <span class='ocrx_word' id='word_1_68' title='bbox 1478 1221 1659 1261; x_wconf 87' lang='lat' dir='ltr'><strong>amore</strong></span> <span class='ocrx_word' id='word_1_69' title='bbox 1692 1222 1810 1275; x_wconf 88' lang='lat' dir='ltr'><strong>pcr-</strong></span> 
     </span>
    </p>
   </div>
   <div class='ocr_carea' id='block_1_13' title="bbox 1491 1296 1741 1369">
    <p class='ocr_par' dir='ltr' id='par_1_13' title="bbox 1491 1296 1741 1369">
     <span class='ocr_line' id='line_1_13' title="bbox 1491 1296 1741 1369; baseline 0.004 -19"><span class='ocrx_word' id='word_1_70' title='bbox 1491 1296 1741 1369; x_wconf 88' lang='lat' dir='ltr'><strong>[emptos</strong></span> 
     </span>
    </p>
   </div>
   <div class='ocr_carea' id='block_1_14' title="bbox 236 1388 1808 1458">
    <p class='ocr_par' dir='ltr' id='par_1_14' title="bbox 236 1388 1808 1458">
     <span class='ocr_line' id='line_1_14' title="bbox 236 1388 1808 1458; baseline -0.006 -7"><span class='ocrx_word' id='word_1_71' title='bbox 236 1393 341 1451; x_wconf 87' lang='lat'><strong>660</strong></span> <span class='ocrx_word' id='word_1_72' title='bbox 413 1390 620 1448; x_wconf 82' lang='lat' dir='ltr'><strong>Excitat</strong></span> <span class='ocrx_word' id='word_1_73' title='bbox 641 1404 671 1445; x_wconf 92' lang='lat' dir='ltr'><strong>e</strong></span> <span class='ocrx_word' id='word_1_74' title='bbox 694 1388 908 1443; x_wconf 89' lang='lat' dir='ltr'><strong>tumulis</strong></span> <span class='ocrx_word' id='word_1_75' title='bbox 939 1388 1202 1455; x_wconf 86' lang='lat' dir='ltr'><strong>homines,</strong></span> <span class='ocrx_word' id='word_1_76' title='bbox 1231 1389 1485 1458; x_wconf 88' lang='lat' dir='ltr'><strong>regnique</strong></span> <span class='ocrx_word' id='word_1_77' title='bbox 1520 1406 1611 1458; x_wconf 88' lang='lat' dir='ltr'><strong>per</strong></span> <span class='ocrx_word' id='word_1_78' title='bbox 1640 1404 1808 1442; x_wconf 66' lang='lat' dir='ltr'><strong>aevum</strong></span> 
     </span>
    </p>
   </div>
   <div class='ocr_carea' id='block_1_15' title="bbox 343 1480 1807 1555">
    <p class='ocr_par' dir='ltr' id='par_1_15' title="bbox 343 1480 1807 1555">
     <span class='ocr_line' id='line_1_15' title="bbox 343 1480 1807 1555; baseline -0.005 -15"><span class='ocrx_word' id='word_1_79' title='bbox 343 1548 353 1555; x_wconf 19' lang='grc' dir='ltr'><strong><em>ἡ</em></strong></span> <span class='ocrx_word' id='word_1_80' title='bbox 412 1483 705 1552; x_wconf 85' lang='lat' dir='ltr'><strong>Partieipes</strong></span> <span class='ocrx_word' id='word_1_81' title='bbox 730 1481 881 1551; x_wconf 88' lang='lat' dir='ltr'><strong>jubet</strong></span> <span class='ocrx_word' id='word_1_82' title='bbox 918 1495 1038 1536; x_wconf 91' lang='lat' dir='ltr'><strong>csse</strong></span> <span class='ocrx_word' id='word_1_83' title='bbox 1070 1482 1149 1535; x_wconf 89' lang='lat' dir='ltr'><strong>sui</strong></span> <span class='ocrx_word' id='word_1_84' title='bbox 1177 1500 1187 1534; x_wconf 94' lang='lat'><strong>:</strong></span> <span class='ocrx_word' id='word_1_85' title='bbox 1221 1482 1332 1550; x_wconf 91' lang='lat' dir='ltr'><strong>qui,</strong></span> <span class='ocrx_word' id='word_1_86' title='bbox 1363 1481 1409 1535; x_wconf 88' lang='lat' dir='ltr'><strong>si</strong></span> <span class='ocrx_word' id='word_1_87' title='bbox 1443 1480 1577 1535; x_wconf 83' lang='lat' dir='ltr'><strong>foret</strong></span> <span class='ocrx_word' id='word_1_88' title='bbox 1604 1490 1807 1546; x_wconf 86' lang='lat' dir='ltr'><strong>auctor,</strong></span> 
     </span>
    </p>
   </div>
   <div class='ocr_carea' id='block_1_16' title="bbox 413 1572 1812 1644">
    <p class='ocr_par' dir='ltr' id='par_1_16' title="bbox 413 1572 1812 1644">
     <span class='ocr_line' id='line_1_16' title="bbox 413 1572 1812 1644; baseline -0.005 -13"><span class='ocrx_word' id='word_1_89' title='bbox 413 1574 773 1644; x_wconf 86' lang='lat' dir='ltr'><strong>Servatorque</strong></span> <span class='ocrx_word' id='word_1_90' title='bbox 796 1573 944 1638; x_wconf 89' lang='lat' dir='ltr'><strong>mali,</strong></span> <span class='ocrx_word' id='word_1_91' title='bbox 968 1588 1236 1643; x_wconf 82' lang='lat' dir='ltr'><strong>nunquam</strong></span> <span class='ocrx_word' id='word_1_92' title='bbox 1276 1581 1394 1642; x_wconf 93' lang='lat' dir='ltr'><strong>post</strong></span> <span class='ocrx_word' id='word_1_93' title='bbox 1432 1572 1623 1627; x_wconf 88' lang='lat' dir='ltr'><strong>damna</strong></span> <span class='ocrx_word' id='word_1_94' title='bbox 1671 1572 1812 1625; x_wconf 83' lang='lat' dir='ltr'><strong>salu-</strong></span> 
     </span>
    </p>
   </div>
   <div class='ocr_carea' id='block_1_17' title="bbox 1611 1663 1743 1735">
    <p class='ocr_par' dir='ltr' id='par_1_17' title="bbox 1611 1663 1743 1735">
     <span class='ocr_line' id='line_1_17' title="bbox 1611 1663 1743 1735; baseline 0.015 -20"><span class='ocrx_word' id='word_1_95' title='bbox 1611 1663 1743 1735; x_wconf 71' lang='lat' dir='ltr'><strong>itis,</strong></span> 
     </span>
    </p>
   </div>
   <div class='ocr_carea' id='block_1_18' title="bbox 416 1755 1812 1827">
    <p class='ocr_par' dir='ltr' id='par_1_18' title="bbox 416 1755 1812 1827">
     <span class='ocr_line' id='line_1_18' title="bbox 416 1755 1812 1827; baseline -0.007 -10"><span class='ocrx_word' id='word_1_96' title='bbox 416 1760 842 1827; x_wconf 83' lang='lat' dir='ltr'><strong>Peecantumque</strong></span> <span class='ocrx_word' id='word_1_97' title='bbox 867 1756 1041 1812; x_wconf 89' lang='lat' dir='ltr'><strong>obitus</strong></span> <span class='ocrx_word' id='word_1_98' title='bbox 1069 1756 1357 1812; x_wconf 79' lang='lat' dir='ltr'><strong>redivivam</strong></span> <span class='ocrx_word' id='word_1_99' title='bbox 1390 1755 1525 1811; x_wconf 85' lang='lat' dir='ltr'><strong>ferre</strong></span> <span class='ocrx_word' id='word_1_100' title='bbox 1552 1755 1812 1809; x_wconf 80' lang='lat' dir='ltr'><strong>medelam</strong></span> 
     </span>
    </p>
   </div>
   <div class='ocr_carea' id='block_1_19' title="bbox 417 1846 1743 1918">
    <p class='ocr_par' dir='ltr' id='par_1_19' title="bbox 417 1846 1743 1918">
     <span class='ocr_line' id='line_1_19' title="bbox 417 1846 1743 1918; baseline -0.003 -13"><span class='ocrx_word' id='word_1_101' title='bbox 417 1850 609 1917; x_wconf 80' lang='lat' dir='ltr'><strong>Vellet,</strong></span> <span class='ocrx_word' id='word_1_102' title='bbox 638 1858 693 1905; x_wconf 88' lang='lat' dir='ltr'><strong>et</strong></span> <span class='ocrx_word' id='word_1_103' title='bbox 720 1848 943 1906; x_wconf 85' lang='lat' dir='ltr'><strong>amissos</strong></span> <span class='ocrx_word' id='word_1_104' title='bbox 969 1862 1133 1918; x_wconf 85' lang='lat' dir='ltr'><strong>opere</strong></span> <span class='ocrx_word' id='word_1_105' title='bbox 1164 1849 1460 1903; x_wconf 86' lang='lat' dir='ltr'><strong>instaurare</strong></span> <span class='ocrx_word' id='word_1_106' title='bbox 1487 1846 1743 1902; x_wconf 88' lang='lat' dir='ltr'><strong>secundo.</strong></span> 
     </span>
    </p>
   </div>
   <div class='ocr_carea' id='block_1_20' title="bbox 3076 550 3400 623">
    <p class='ocr_par' dir='ltr' id='par_1_20' title="bbox 3076 550 3400 623">
     <span class='ocr_line' id='line_1_20' title="bbox 3076 550 3400 623; baseline -0.012 -18"><span class='ocrx_word' id='word_1_107' title='bbox 3076 551 3244 623; x_wconf 87' lang='lat' dir='ltr'><strong>[perit</strong></span> <span class='ocrx_word' id='word_1_108' title='bbox 3267 550 3367 604; x_wconf 82' lang='lat' dir='ltr'><strong>iste</strong></span> <span class='ocrx_word' id='word_1_109' title='bbox 3388 566 3400 600; x_wconf 93' lang='lat'>:</span> 
     </span>
    </p>
   </div>
   <div class='ocr_carea' id='block_1_21' title="bbox 2083 640 3472 723">
    <p class='ocr_par' dir='ltr' id='par_1_21' title="bbox 2083 640 3472 723">
     <span class='ocr_line' id='line_1_21' title="bbox 2083 640 3472 723; baseline -0.012 -13"><span class='ocrx_word' id='word_1_110' title='bbox 2083 657 2174 712; x_wconf 89' lang='lat' dir='ltr'><strong>Ille</strong></span> <span class='ocrx_word' id='word_1_111' title='bbox 2190 656 2367 711; x_wconf 91' lang='lat' dir='ltr'><strong>abolet</strong></span> <span class='ocrx_word' id='word_1_112' title='bbox 2387 652 2657 723; x_wconf 84' lang='lat' dir='ltr'><strong>pereuntis</strong></span> <span class='ocrx_word' id='word_1_113' title='bbox 2681 662 2837 718; x_wconf 90' lang='lat' dir='ltr'><strong>opus,</strong></span> <span class='ocrx_word' id='word_1_114' title='bbox 2865 646 3215 715; x_wconf 87' lang='lat' dir='ltr'><strong>meritumque</strong></span> <span class='ocrx_word' id='word_1_115' title='bbox 3235 640 3472 720; x_wconf 86' lang='lat' dir='ltr'><strong>resolvit.</strong></span> 
     </span>
    </p>
   </div>
   <div class='ocr_carea' id='block_1_22' title="bbox 2085 736 3478 819">
    <p class='ocr_par' dir='ltr' id='par_1_22' title="bbox 2085 736 3478 819">
     <span class='ocr_line' id='line_1_22' title="bbox 2085 736 3478 819; baseline -0.012 -15"><span class='ocrx_word' id='word_1_116' title='bbox 2085 752 2464 819; x_wconf 77' lang='lat' dir='ltr'><strong>Argumentum</strong></span> <span class='ocrx_word' id='word_1_117' title='bbox 2496 746 2701 815; x_wconf 84' lang='lat' dir='ltr'><strong>ingens,</strong></span> <span class='ocrx_word' id='word_1_118' title='bbox 2734 740 3038 804; x_wconf 89' lang='lat' dir='ltr'><strong>Dominum,</strong></span> <span class='ocrx_word' id='word_1_119' title='bbox 3068 738 3156 808; x_wconf 88' lang='lat' dir='ltr'><strong>qui</strong></span> <span class='ocrx_word' id='word_1_120' title='bbox 3188 736 3312 791; x_wconf 83' lang='lat' dir='ltr'><strong>talia</strong></span> <span class='ocrx_word' id='word_1_121' title='bbox 3342 750 3478 803; x_wconf 74' lang='lat' dir='ltr'><strong>prie-</strong></span> 
     </span>
    </p>
   </div>
   <div class='ocr_carea' id='block_1_23' title="bbox 3250 832 3406 903">
    <p class='ocr_par' dir='ltr' id='par_1_23' title="bbox 3250 832 3406 903">
     <span class='ocr_line' id='line_1_23' title="bbox 3250 832 3406 903; baseline -0.013 -18"><span class='ocrx_word' id='word_1_122' title='bbox 3250 832 3265 903; x_wconf 71' lang='lat'><strong>|&#39;</strong></span> <span class='ocrx_word' id='word_1_123' title='bbox 3281 839 3406 895; x_wconf 88' lang='lat' dir='ltr'><strong>stet,</strong></span> 
     </span>
    </p>
   </div>
   <div class='ocr_carea' id='block_1_24' title="bbox 2086 926 3481 1002">
    <p class='ocr_par' dir='ltr' id='par_1_24' title="bbox 2086 926 3481 1002">
     <span class='ocr_line' id='line_1_24' title="bbox 2086 926 3481 1002; baseline -0.011 -10"><span class='ocrx_word' id='word_1_124' title='bbox 2086 937 2235 992; x_wconf 79' lang='lat' dir='ltr'><strong>Nolle</strong></span> <span class='ocrx_word' id='word_1_125' title='bbox 2266 934 2485 1000; x_wconf 86' lang='lat' dir='ltr'><strong>malum,</strong></span> <span class='ocrx_word' id='word_1_126' title='bbox 2520 947 2638 997; x_wconf 90' lang='lat' dir='ltr'><strong>nec,</strong></span> <span class='ocrx_word' id='word_1_127' title='bbox 2671 930 2809 1002; x_wconf 90' lang='lat' dir='ltr'><strong>quod</strong></span> <span class='ocrx_word' id='word_1_128' title='bbox 2841 926 3177 999; x_wconf 87' lang='lat' dir='ltr'><strong>postabluit,</strong></span> <span class='ocrx_word' id='word_1_129' title='bbox 3206 937 3329 981; x_wconf 85' lang='lat' dir='ltr'><strong>ante</strong></span> <span class='ocrx_word' id='word_1_130' title='bbox 3360 938 3481 994; x_wconf 86' lang='lat' dir='ltr'><strong>pro-</strong></span> 
     </span>
    </p>
   </div>
   <div class='ocr_carea' id='block_1_25' title="bbox 3231 1021 3410 1093">
    <p class='ocr_par' dir='ltr' id='par_1_25' title="bbox 3231 1021 3410 1093">
     <span class='ocr_line' id='line_1_25' title="bbox 3231 1021 3410 1093; baseline -0.017 -16"><span class='ocrx_word' id='word_1_131' title='bbox 3231 1021 3410 1093; x_wconf 78' lang='lat' dir='ltr'><strong>[bat&#39;e.</strong></span> 
     </span>
    </p>
   </div>
   <div class='ocr_carea' id='block_1_26' title="bbox 2085 1113 3370 1186">
    <p class='ocr_par' dir='ltr' id='par_1_26' title="bbox 2085 1113 3370 1186">
     <span class='ocr_line' id='line_1_26' title="bbox 2085 1113 3370 1186; baseline -0.008 -12"><span class='ocrx_word' id='word_1_132' title='bbox 2085 1122 2324 1174; x_wconf 87' lang='lat' dir='ltr'><strong>lnvitone</strong></span> <span class='ocrx_word' id='word_1_133' title='bbox 2354 1117 2543 1186; x_wconf 88' lang='lat' dir='ltr'><strong>aliquis</strong></span> <span class='ocrx_word' id='word_1_134' title='bbox 2578 1115 2715 1186; x_wconf 83' lang='lat' dir='ltr'><strong>potis</strong></span> <span class='ocrx_word' id='word_1_135' title='bbox 2741 1124 2825 1171; x_wconf 91' lang='lat' dir='ltr'><strong>est</strong></span> <span class='ocrx_word' id='word_1_136' title='bbox 2851 1129 3071 1184; x_wconf 88' lang='lat' dir='ltr'><strong>peccare</strong></span> <span class='ocrx_word' id='word_1_137' title='bbox 3107 1113 3370 1178; x_wconf 85' lang='lat' dir='ltr'><strong>Tonante,</strong></span> 
     </span>
    </p>
   </div>
   <div class='ocr_carea' id='block_1_27' title="bbox 1910 1208 3483 1276">
    <p class='ocr_par' dir='ltr' id='par_1_27' title="bbox 1910 1208 3483 1276">
     <span class='ocr_line' id='line_1_27' title="bbox 1910 1208 3483 1276; baseline -0.006 -8"><span class='ocrx_word' id='word_1_138' title='bbox 1910 1215 2013 1269; x_wconf 89' lang='lat'><strong>670</strong></span> <span class='ocrx_word' id='word_1_139' title='bbox 2084 1212 2182 1267; x_wconf 88' lang='lat' dir='ltr'><strong>Cui</strong></span> <span class='ocrx_word' id='word_1_140' title='bbox 2212 1210 2371 1266; x_wconf 79' lang='lat' dir='ltr'><strong>facile</strong></span> <span class='ocrx_word' id='word_1_141' title='bbox 2388 1218 2471 1265; x_wconf 90' lang='lat' dir='ltr'><strong>est</strong></span> <span class='ocrx_word' id='word_1_142' title='bbox 2497 1209 2548 1264; x_wconf 91' lang='lat' dir='ltr'><strong>in</strong></span> <span class='ocrx_word' id='word_1_143' title='bbox 2571 1209 2731 1265; x_wconf 90' lang='lat' dir='ltr'><strong>corde</strong></span> <span class='ocrx_word' id='word_1_144' title='bbox 2757 1208 2985 1263; x_wconf 89' lang='lat' dir='ltr'><strong>hominis</strong></span> <span class='ocrx_word' id='word_1_145' title='bbox 3013 1220 3335 1276; x_wconf 87' lang='lat' dir='ltr'><strong>componere</strong></span> <span class='ocrx_word' id='word_1_146' title='bbox 3364 1220 3483 1259; x_wconf 87' lang='lat' dir='ltr'><strong>sen-</strong></span> 
     </span>
    </p>
   </div>
   <div class='ocr_carea' id='block_1_28' title="bbox 3259 1297 3414 1367">
    <p class='ocr_par' dir='ltr' id='par_1_28' title="bbox 3259 1297 3414 1367">
     <span class='ocr_line' id='line_1_28' title="bbox 3259 1297 3414 1367; baseline 0 -18"><span class='ocrx_word' id='word_1_147' title='bbox 3259 1297 3414 1367; x_wconf 77' lang='lat' dir='ltr'><strong>[sus,</strong></span> 
     </span>
    </p>
   </div>
   <div class='ocr_carea' id='block_1_29' title="bbox 2091 1389 3454 1461">
    <p class='ocr_par' dir='ltr' id='par_1_29' title="bbox 2091 1389 3454 1461">
     <span class='ocr_line' id='line_1_29' title="bbox 2091 1389 3454 1461; baseline -0.004 -13"><span class='ocrx_word' id='word_1_148' title='bbox 2091 1392 2236 1460; x_wconf 85' lang='lat' dir='ltr'><strong>Quos</strong></span> <span class='ocrx_word' id='word_1_149' title='bbox 2259 1393 2442 1457; x_wconf 89' lang='lat' dir='ltr'><strong>libeat,</strong></span> <span class='ocrx_word' id='word_1_150' title='bbox 2473 1392 2739 1461; x_wconf 81' lang='lat' dir='ltr'><strong>fibrasque</strong></span> <span class='ocrx_word' id='word_1_151' title='bbox 2768 1405 2955 1446; x_wconf 89' lang='lat' dir='ltr'><strong>omnes</strong></span> <span class='ocrx_word' id='word_1_152' title='bbox 2984 1391 3219 1445; x_wconf 88' lang='lat' dir='ltr'><strong>animare</strong></span> <span class='ocrx_word' id='word_1_153' title='bbox 3250 1389 3454 1458; x_wconf 83' lang='lat' dir='ltr'><strong>pudicis</strong></span> 
     </span>
    </p>
   </div>
   <div class='ocr_carea' id='block_1_30' title="bbox 2091 1480 3490 1548">
    <p class='ocr_par' dir='ltr' id='par_1_30' title="bbox 2091 1480 3490 1548">
     <span class='ocr_line' id='line_1_30' title="bbox 2091 1480 3490 1548; baseline -0.004 -10"><span class='ocrx_word' id='word_1_154' title='bbox 2091 1483 2357 1547; x_wconf 90' lang='lat' dir='ltr'><strong>Pulsibus,</strong></span> <span class='ocrx_word' id='word_1_155' title='bbox 2389 1492 2443 1537; x_wconf 90' lang='lat' dir='ltr'><strong>et</strong></span> <span class='ocrx_word' id='word_1_156' title='bbox 2480 1491 2649 1537; x_wconf 90' lang='lat' dir='ltr'><strong>totum</strong></span> <span class='ocrx_word' id='word_1_157' title='bbox 2680 1482 2830 1537; x_wconf 88' lang='lat' dir='ltr'><strong>venis</strong></span> <span class='ocrx_word' id='word_1_158' title='bbox 2863 1481 3144 1548; x_wconf 79' lang='lat' dir='ltr'><strong>infundere</strong></span> <span class='ocrx_word' id='word_1_159' title='bbox 3176 1480 3490 1536; x_wconf 86' lang='lat' dir='ltr'><strong>honestum?</strong></span> 
     </span>
    </p>
   </div>
   <div class='ocr_carea' id='block_1_31' title="bbox 2089 1572 3282 1640">
    <p class='ocr_par' dir='ltr' id='par_1_31' title="bbox 2089 1572 3282 1640">
     <span class='ocr_line' id='line_1_31' title="bbox 2089 1572 3282 1640; baseline -0.003 -12"><span class='ocrx_word' id='word_1_160' title='bbox 2089 1573 2295 1640; x_wconf 87' lang='lat' dir='ltr'><strong>Nescis,</strong></span> <span class='ocrx_word' id='word_1_161' title='bbox 2327 1574 2508 1639; x_wconf 87' lang='lat' dir='ltr'><strong>stulte,</strong></span> <span class='ocrx_word' id='word_1_162' title='bbox 2536 1582 2638 1627; x_wconf 69' lang='lat' dir='ltr'><strong>tua:</strong></span> <span class='ocrx_word' id='word_1_163' title='bbox 2663 1572 2767 1627; x_wconf 92' lang='lat' dir='ltr'><strong>vim</strong></span> <span class='ocrx_word' id='word_1_164' title='bbox 2797 1572 3054 1627; x_wconf 83' lang='lat' dir='ltr'><strong>libertatis</strong></span> <span class='ocrx_word' id='word_1_165' title='bbox 3076 1572 3143 1625; x_wconf 87' lang='lat' dir='ltr'><strong>ab</strong></span> <span class='ocrx_word' id='word_1_166' title='bbox 3169 1572 3282 1640; x_wconf 92' lang='lat' dir='ltr'><strong>ipso</strong></span> 
     </span>
    </p>
   </div>
   <div class='ocr_carea' id='block_1_32' title="bbox 2094 1663 3422 1734">
    <p class='ocr_par' dir='ltr' id='par_1_32' title="bbox 2094 1663 3422 1734">
     <span class='ocr_line' id='line_1_32' title="bbox 2094 1663 3422 1734; baseline -0.005 -13"><span class='ocrx_word' id='word_1_167' title='bbox 2094 1667 2405 1721; x_wconf 83' lang='lat' dir='ltr'><strong>Formatore</strong></span> <span class='ocrx_word' id='word_1_168' title='bbox 2433 1665 2645 1719; x_wconf 83' lang='lat' dir='ltr'><strong>datam?</strong></span> <span class='ocrx_word' id='word_1_169' title='bbox 2676 1664 2866 1730; x_wconf 85' lang='lat' dir='ltr'><strong>nescis,</strong></span> <span class='ocrx_word' id='word_1_170' title='bbox 2898 1665 2966 1719; x_wconf 90' lang='lat' dir='ltr'><strong>ab</strong></span> <span class='ocrx_word' id='word_1_171' title='bbox 2993 1663 3199 1734; x_wconf 84' lang='lat' dir='ltr'><strong>origine</strong></span> <span class='ocrx_word' id='word_1_172' title='bbox 3225 1670 3422 1733; x_wconf 89' lang='lat' dir='ltr'><strong>quanta</strong></span> 
     </span>
    </p>
   </div>
   <div class='ocr_carea' id='block_1_33' title="bbox 1918 1755 3488 1825">
    <p class='ocr_par' dir='ltr' id='par_1_33' title="bbox 1918 1755 3488 1825">
     <span class='ocr_line' id='line_1_33' title="bbox 1918 1755 3488 1825; baseline -0.003 -11"><span class='ocrx_word' id='word_1_173' title='bbox 1918 1758 2022 1815; x_wconf 79' lang='lat'><strong>675</strong></span> <span class='ocrx_word' id='word_1_174' title='bbox 2093 1757 2174 1814; x_wconf 91' lang='lat' dir='ltr'><strong>Sit</strong></span> <span class='ocrx_word' id='word_1_175' title='bbox 2200 1771 2455 1813; x_wconf 88' lang='lat' dir='ltr'><strong>concessa</strong></span> <span class='ocrx_word' id='word_1_176' title='bbox 2500 1756 2593 1812; x_wconf 91' lang='lat' dir='ltr'><strong>tibi</strong></span> <span class='ocrx_word' id='word_1_177' title='bbox 2623 1756 2823 1811; x_wconf 88' lang='lat' dir='ltr'><strong>famulo</strong></span> <span class='ocrx_word' id='word_1_178' title='bbox 2855 1769 3018 1825; x_wconf 80' lang='lat' dir='ltr'><strong>super</strong></span> <span class='ocrx_word' id='word_1_179' title='bbox 3063 1755 3193 1809; x_wconf 89' lang='lat' dir='ltr'><strong>orbe</strong></span> <span class='ocrx_word' id='word_1_180' title='bbox 3234 1762 3488 1823; x_wconf 86' lang='lat' dir='ltr'><strong>potestas,</strong></span> 
     </span>
    </p>
   </div>
   <div class='ocr_carea' id='block_1_34' title="bbox 2106 1845 3349 1918">
    <p class='ocr_par' dir='ltr' id='par_1_34' title="bbox 2106 1845 3349 1918">
     <span class='ocr_line' id='line_1_34' title="bbox 2106 1845 3349 1918; baseline -0.002 -14"><span class='ocrx_word' id='word_1_181' title='bbox 2106 1849 2173 1904; x_wconf 86' lang='lat' dir='ltr'><strong>Et</strong></span> <span class='ocrx_word' id='word_1_182' title='bbox 2202 1863 2364 1918; x_wconf 88' lang='lat' dir='ltr'><strong>super</strong></span> <span class='ocrx_word' id='word_1_183' title='bbox 2390 1846 2604 1917; x_wconf 79' lang='lat' dir='ltr'><strong>ingenio</strong></span> <span class='ocrx_word' id='word_1_184' title='bbox 2636 1847 2868 1917; x_wconf 90' lang='lat' dir='ltr'><strong>proprio,</strong></span> <span class='ocrx_word' id='word_1_185' title='bbox 2902 1846 3141 1915; x_wconf 70' lang='lat' dir='ltr'><strong>lasthuo</strong></span> <span class='ocrx_word' id='word_1_186' title='bbox 3173 1845 3349 1901; x_wconf 77' lang='lat' dir='ltr'><strong>soluto</strong></span> 
     </span>
    </p>
   </div>
   <div class='ocr_carea' id='block_1_35' title="bbox 1520 1962 2186 2023">
    <p class='ocr_par' dir='ltr' id='par_1_35' title="bbox 1520 1962 2186 2023">
     <span class='ocr_line' id='line_1_35' title="bbox 1520 1962 2186 2023; baseline 0.002 -5"><span class='ocrx_word' id='word_1_187' title='bbox 1520 1962 1808 2020; x_wconf 66' lang='lat' dir='ltr'><strong>GLOSSE</strong></span> <span class='ocrx_word' id='word_1_188' title='bbox 1855 1963 2186 2023; x_wconf 72' lang='lat' dir='ltr'><strong>VETERES.</strong></span> 
     </span>
    </p>
   </div>
   <div class='ocr_carea' id='block_1_36' title="bbox 316 2052 3492 2128">
    <p class='ocr_par' dir='ltr' id='par_1_36' title="bbox 316 2052 3492 2128">
     <span class='ocr_line' id='line_1_36' title="bbox 316 2052 3492 2128; baseline 0 -18"><span class='ocrx_word' id='word_1_189' title='bbox 316 2056 443 2114; x_wconf 72' lang='lat'><strong>652.</strong></span> <span class='ocrx_word' id='word_1_190' title='bbox 474 2054 664 2128; x_wconf 83' lang='lat' dir='ltr'><strong>Tanti,</strong></span> <span class='ocrx_word' id='word_1_191' title='bbox 693 2054 882 2128; x_wconf 78' lang='lat' dir='ltr'><strong>pretii;</strong></span> <span class='ocrx_word' id='word_1_192' title='bbox 913 2052 1089 2106; x_wconf 88' lang='lat' dir='ltr'><strong>melius</strong></span> <span class='ocrx_word' id='word_1_193' title='bbox 1107 2093 1132 2128; x_wconf 85' lang='lat'><strong>._</strong></span> <span class='ocrx_word' id='word_1_194' title='bbox 1149 2053 1271 2106; x_wconf 81' lang='lat' dir='ltr'><strong>mihi</strong></span> <span class='ocrx_word' id='word_1_195' title='bbox 1297 2053 1566 2107; x_wconf 90' lang='lat' dir='ltr'><strong>amabilius</strong></span> <span class='ocrx_word' id='word_1_196' title='bbox 1591 2056 1821 2128; x_wconf 74' lang='lat' dir='ltr'><strong>,_placet_.</strong></span> <span class='ocrx_word' id='word_1_197' title='bbox 1853 2059 1901 2119; x_wconf 85' lang='lat' dir='ltr'><strong>B</strong></span> <span class='ocrx_word' id='word_1_198' title='bbox 1999 2059 2120 2113; x_wconf 90' lang='lat'><strong>666.</strong></span> <span class='ocrx_word' id='word_1_199' title='bbox 2165 2058 2279 2121; x_wconf 88' lang='lat' dir='ltr'><strong>Ille,</strong></span> <span class='ocrx_word' id='word_1_200' title='bbox 2314 2057 2581 2122; x_wconf 79' lang='lat' dir='ltr'><strong>Dominus,</strong></span> <span class='ocrx_word' id='word_1_201' title='bbox 2620 2057 2770 2113; x_wconf 87' lang='lat' dir='ltr'><strong>Deus.</strong></span> <span class='ocrx_word' id='word_1_202' title='bbox 2797 2087 2869 2100; x_wconf 93' lang='lat'><strong>—</strong></span> <span class='ocrx_word' id='word_1_203' title='bbox 2891 2058 3149 2124; x_wconf 76' lang='lat' dir='ltr'><strong>Resolvit,</strong></span> <span class='ocrx_word' id='word_1_204' title='bbox 3183 2069 3385 2128; x_wconf 79' lang='lat' dir='ltr'><strong>peccata</strong></span> <span class='ocrx_word' id='word_1_205' title='bbox 3414 2059 3492 2111; x_wconf 83' lang='lat' dir='ltr'><strong>di-</strong></span> 
     </span>
    </p>
   </div>
   <div class='ocr_carea' id='block_1_37' title="bbox 247 2123 1825 2250">
    <p class='ocr_par' dir='ltr' id='par_1_37' title="bbox 247 2123 1825 2250">
     <span class='ocr_line' id='line_1_37' title="bbox 247 2123 1825 2250; baseline -0.005 -65"><span class='ocrx_word' id='word_1_206' title='bbox 247 2128 434 2185; x_wconf 73' lang='lat' dir='ltr'><strong>Helius</strong></span> <span class='ocrx_word' id='word_1_207' title='bbox 466 2136 542 2250; x_wconf 61' lang='grc' dir='ltr'><strong>εῖτ</strong></span> <span class='ocrx_word' id='word_1_208' title='bbox 578 2126 622 2179; x_wconf 88' lang='lat' dir='ltr'><strong>si</strong></span> <span class='ocrx_word' id='word_1_209' title='bbox 670 2123 846 2178; x_wconf 87' lang='lat' dir='ltr'><strong>oculus</strong></span> <span class='ocrx_word' id='word_1_210' title='bbox 895 2132 1010 2175; x_wconf 85' lang='lat' dir='ltr'><strong>tuus</strong></span> <span class='ocrx_word' id='word_1_211' title='bbox 1056 2123 1132 2175; x_wconf 78' lang='lat' dir='ltr'><strong>uel</strong></span> <span class='ocrx_word' id='word_1_212' title='bbox 1174 2139 1259 2192; x_wconf 82' lang='lat' dir='ltr'><strong>pes</strong></span> <span class='ocrx_word' id='word_1_213' title='bbox 1306 2132 1420 2179; x_wconf 89' lang='lat' dir='ltr'><strong>tuus</strong></span> <span class='ocrx_word' id='word_1_214' title='bbox 1464 2124 1825 2179; x_wconf 74' lang='lat' dir='ltr'><strong>scandalizarit</strong></span> 
     </span>
     <span class='ocr_line' id='line_1_38' title="bbox 250 2210 538 2250; baseline 0 0"><span class='ocrx_word' id='word_1_215' title='bbox 250 2210 315 2250; x_wconf 80' lang='lat' dir='ltr'><strong>te.</strong></span> <span class='ocrx_word' id='word_1_216' title='bbox 340 2210 461 2250; x_wconf 84' lang='lat' dir='ltr'><strong>etc..</strong></span> <span class='ocrx_word' id='word_1_217' title='bbox 522 2235 538 2250; x_wconf 93' lang='lat'><strong>.</strong></span> 
     </span>
    </p>
   </div>
   <div class='ocr_carea' id='block_1_38' title="bbox 250 2210 538 2265">
    <p class='ocr_par' dir='ltr' id='par_1_38' title="bbox 250 2210 538 2265">
     <span class='ocr_line' id='line_1_39' title="bbox 250 2210 538 2265; baseline -0.017 -10"><span class='ocrx_word' id='word_1_218' title='bbox 250 2210 315 2265; x_wconf 85' lang='lat' dir='ltr'><strong>te,</strong></span> <span class='ocrx_word' id='word_1_219' title='bbox 340 2210 461 2261; x_wconf 83' lang='lat' dir='ltr'><strong>etc.,</strong></span> <span class='ocrx_word' id='word_1_220' title='bbox 492 2210 538 2251; x_wconf 91' lang='grc' dir='ltr'><strong>ι.</strong></span> 
     </span>
    </p>
   </div>
   <div class='ocr_carea' id='block_1_39' title="bbox 317 2262 1605 2333">
    <p class='ocr_par' dir='ltr' id='par_1_39' title="bbox 317 2262 1605 2333">
     <span class='ocr_line' id='line_1_40' title="bbox 317 2262 1605 2333; baseline -0.005 -9"><span class='ocrx_word' id='word_1_221' title='bbox 317 2269 440 2324; x_wconf 78' lang='lat'><strong>655.</strong></span> <span class='ocrx_word' id='word_1_222' title='bbox 470 2265 736 2328; x_wconf 78' lang='lat' dir='ltr'><strong>Ofﬁcium,</strong></span> <span class='ocrx_word' id='word_1_223' title='bbox 768 2279 933 2317; x_wconf 84' lang='lat' dir='ltr'><strong>aures.</strong></span> <span class='ocrx_word' id='word_1_224' title='bbox 966 2292 1036 2303; x_wconf 93' lang='lat'><strong><em>—</em></strong></span> <span class='ocrx_word' id='word_1_225' title='bbox 1062 2262 1299 2329; x_wconf 88' lang='lat' dir='ltr'><strong>Cerebri,</strong></span> <span class='ocrx_word' id='word_1_226' title='bbox 1331 2265 1532 2333; x_wconf 84' lang='lat' dir='ltr'><strong>capitis,</strong></span> <span class='ocrx_word' id='word_1_227' title='bbox 1564 2266 1605 2319; x_wconf 93' lang='lat' dir='ltr'><strong>l.</strong></span> 
     </span>
    </p>
   </div>
   <div class='ocr_carea' id='block_1_40' title="bbox 317 2333 1823 2402">
    <p class='ocr_par' dir='ltr' id='par_1_40' title="bbox 317 2333 1823 2402">
     <span class='ocr_line' id='line_1_41' title="bbox 317 2333 1823 2402; baseline -0.012 -8"><span class='ocrx_word' id='word_1_228' title='bbox 317 2339 442 2394; x_wconf 64' lang='lat'><strong>654.</strong></span> <span class='ocrx_word' id='word_1_229' title='bbox 476 2337 798 2401; x_wconf 90' lang='lat' dir='ltr'><strong>lmmtmem,</strong></span> <span class='ocrx_word' id='word_1_230' title='bbox 826 2333 1100 2401; x_wconf 81' lang='lat' dir='ltr'><strong>mundam,</strong></span> <span class='ocrx_word' id='word_1_231' title='bbox 1124 2350 1369 2388; x_wconf 86' lang='lat' dir='ltr'><strong>securam.</strong></span> <span class='ocrx_word' id='word_1_232' title='bbox 1401 2365 1468 2373; x_wconf 92' lang='lat'><strong>——</strong></span> <span class='ocrx_word' id='word_1_233' title='bbox 1493 2335 1681 2402; x_wconf 82' lang='lat' dir='ltr'><strong>Modo,</strong></span> <span class='ocrx_word' id='word_1_234' title='bbox 1711 2346 1823 2390; x_wconf 75' lang='grc' dir='ltr'><strong>ιαη.</strong></span> 
     </span>
    </p>
   </div>
   <div class='ocr_carea' id='block_1_41' title="bbox 248 2407 605 2472">
    <p class='ocr_par' dir='ltr' id='par_1_41' title="bbox 248 2407 605 2472">
     <span class='ocr_line' id='line_1_42' title="bbox 248 2407 605 2472; baseline -0.014 -7"><span class='ocrx_word' id='word_1_235' title='bbox 248 2409 532 2472; x_wconf 77' lang='lat' dir='ltr'><strong>tummodo,</strong></span> <span class='ocrx_word' id='word_1_236' title='bbox 565 2407 605 2463; x_wconf 87' lang='grc' dir='ltr'><strong>Ι.</strong></span> 
     </span>
    </p>
   </div>
   <div class='ocr_carea' id='block_1_42' title="bbox 320 2474 1188 2542">
    <p class='ocr_par' dir='ltr' id='par_1_42' title="bbox 320 2474 1188 2542">
     <span class='ocr_line' id='line_1_43' title="bbox 320 2474 1188 2542; baseline -0.008 -8"><span class='ocrx_word' id='word_1_237' title='bbox 320 2479 447 2534; x_wconf 89' lang='grc'><strong>656.</strong></span> <span class='ocrx_word' id='word_1_238' title='bbox 479 2476 752 2542; x_wconf 87' lang='lat' dir='ltr'><strong>Convicia,</strong></span> <span class='ocrx_word' id='word_1_239' title='bbox 784 2475 1114 2541; x_wconf 79' lang='lat' dir='ltr'><strong>imprOperia,</strong></span> <span class='ocrx_word' id='word_1_240' title='bbox 1148 2474 1188 2527; x_wconf 92' lang='lat' dir='ltr'><strong>l.</strong></span> 
     </span>
    </p>
   </div>
   <div class='ocr_carea' id='block_1_43' title="bbox 319 2546 1823 2616">
    <p class='ocr_par' dir='ltr' id='par_1_43' title="bbox 319 2546 1823 2616">
     <span class='ocr_line' id='line_1_44' title="bbox 319 2546 1823 2616; baseline -0.001 -13"><span class='ocrx_word' id='word_1_241' title='bbox 319 2549 447 2604; x_wconf 91' lang='lat'><strong>657.</strong></span> <span class='ocrx_word' id='word_1_242' title='bbox 476 2547 839 2616; x_wconf 84' lang='lat' dir='ltr'><strong>Nobilitatum,</strong></span> <span class='ocrx_word' id='word_1_243' title='bbox 866 2546 1228 2616; x_wconf 80' lang='lat' dir='ltr'><strong>justi/icatum,</strong></span> <span class='ocrx_word' id='word_1_244' title='bbox 1271 2547 1357 2613; x_wconf 87' lang='lat' dir='ltr'><strong>qui</strong></span> <span class='ocrx_word' id='word_1_245' title='bbox 1386 2550 1530 2616; x_wconf 77' lang='lat' dir='ltr'><strong>floret</strong></span> <span class='ocrx_word' id='word_1_246' title='bbox 1559 2548 1823 2602; x_wconf 76' lang='lat' dir='ltr'><strong>nobilitate</strong></span> 
     </span>
    </p>
   </div>
   <div class='ocr_carea' id='block_1_44' title="bbox 250 2615 757 2686">
    <p class='ocr_par' dir='ltr' id='par_1_44' title="bbox 250 2615 757 2686">
     <span class='ocr_line' id='line_1_45' title="bbox 250 2615 757 2686; baseline -0.006 -12"><span class='ocrx_word' id='word_1_247' title='bbox 250 2620 517 2674; x_wconf 74' lang='lat' dir='ltr'><strong>catholica:</strong></span> <span class='ocrx_word' id='word_1_248' title='bbox 541 2618 686 2686; x_wconf 81' lang='lat' dir='ltr'><strong>ﬁdei,</strong></span> <span class='ocrx_word' id='word_1_249' title='bbox 715 2615 757 2671; x_wconf 91' lang='grc'><strong>1.</strong></span> 
     </span>
    </p>
   </div>
   <div class='ocr_carea' id='block_1_45' title="bbox 321 2686 1825 2757">
    <p class='ocr_par' dir='ltr' id='par_1_45' title="bbox 321 2686 1825 2757">
     <span class='ocr_line' id='line_1_46' title="bbox 321 2686 1825 2757; baseline -0.003 -11"><span class='ocrx_word' id='word_1_250' title='bbox 321 2690 446 2746; x_wconf 81' lang='grc'><strong>658.</strong></span> <span class='ocrx_word' id='word_1_251' title='bbox 479 2688 547 2744; x_wconf 88' lang='lat' dir='ltr'><strong>Ut</strong></span> <span class='ocrx_word' id='word_1_252' title='bbox 584 2698 808 2752; x_wconf 83' lang='lat' dir='ltr'><strong>taceam,</strong></span> <span class='ocrx_word' id='word_1_253' title='bbox 854 2696 967 2757; x_wconf 73' lang='lat' dir='ltr'><strong>qua!</strong></span> <span class='ocrx_word' id='word_1_254' title='bbox 1010 2687 1175 2742; x_wconf 84' lang='lat' dir='ltr'><strong>dicere</strong></span> <span class='ocrx_word' id='word_1_255' title='bbox 1206 2703 1305 2740; x_wconf 84' lang='lat' dir='ltr'><strong>non</strong></span> <span class='ocrx_word' id='word_1_256' title='bbox 1344 2703 1565 2757; x_wconf 75' lang='lat' dir='ltr'><strong>possunt.</strong></span> <span class='ocrx_word' id='word_1_257' title='bbox 1612 2718 1681 2728; x_wconf 95' lang='lat'><strong>—</strong></span> <span class='ocrx_word' id='word_1_258' title='bbox 1704 2686 1825 2755; x_wconf 80' lang='lat' dir='ltr'><strong>Vel,</strong></span> 
     </span>
    </p>
   </div>
   <div class='ocr_carea' id='block_1_46' title="bbox 251 2759 1828 2885">
    <p class='ocr_par' dir='ltr' id='par_1_46' title="bbox 251 2759 1828 2885">
     <span class='ocr_line' id='line_1_47' title="bbox 251 2759 1828 2885; baseline -0.001 -71"><span class='ocrx_word' id='word_1_259' title='bbox 251 2761 425 2885; x_wconf 65' lang='lat' dir='ltr'><strong>etiamI.</strong></span> <span class='ocrx_word' id='word_1_260' title='bbox 454 2789 521 2799; x_wconf 92' lang='lat'><strong>—</strong></span> <span class='ocrx_word' id='word_1_261' title='bbox 550 2759 843 2828; x_wconf 86' lang='lat' dir='ltr'><strong>Benignum</strong></span> <span class='ocrx_word' id='word_1_262' title='bbox 869 2797 884 2825; x_wconf 89' lang='lat'><strong>,</strong></span> <span class='ocrx_word' id='word_1_263' title='bbox 908 2774 1006 2812; x_wconf 88' lang='lat' dir='ltr'><strong>non</strong></span> <span class='ocrx_word' id='word_1_264' title='bbox 1038 2762 1173 2811; x_wconf 88' lang='lat' dir='ltr'><strong>ma!a</strong></span> <span class='ocrx_word' id='word_1_265' title='bbox 1201 2769 1448 2812; x_wconf 87' lang='lat' dir='ltr'><strong>creantem</strong></span> <span class='ocrx_word' id='word_1_266' title='bbox 1470 2798 1483 2824; x_wconf 93' lang='lat'><strong>,</strong></span> <span class='ocrx_word' id='word_1_267' title='bbox 1520 2774 1612 2812; x_wconf 86' lang='lat' dir='ltr'><strong>nec</strong></span> <span class='ocrx_word' id='word_1_268' title='bbox 1656 2760 1828 2813; x_wconf 79' lang='lat' dir='ltr'><strong>volen-</strong></span> 
     </span>
     <span class='ocr_line' id='line_1_48' title="bbox 254 2841 443 2885; baseline -0.011 -1"><span class='ocrx_word' id='word_1_269' title='bbox 254 2841 374 2885; x_wconf 87' lang='lat' dir='ltr'><strong>tem.</strong></span> <span class='ocrx_word' id='word_1_270' title='bbox 429 2869 443 2882; x_wconf 93' lang='lat'><strong>.</strong></span> 
     </span>
    </p>
   </div>
   <div class='ocr_carea' id='block_1_47' title="bbox 254 2841 443 2895">
    <p class='ocr_par' dir='ltr' id='par_1_47' title="bbox 254 2841 443 2895">
     <span class='ocr_line' id='line_1_49' title="bbox 254 2841 443 2895; baseline -0.005 -11"><span class='ocrx_word' id='word_1_271' title='bbox 254 2841 374 2895; x_wconf 87' lang='lat' dir='ltr'><strong>tem,</strong></span> <span class='ocrx_word' id='word_1_272' title='bbox 403 2841 443 2885; x_wconf 89' lang='grc' dir='ltr'><strong>ι.</strong></span> 
     </span>
    </p>
   </div>
   <div class='ocr_carea' id='block_1_48' title="bbox 323 2898 1180 2968">
    <p class='ocr_par' dir='ltr' id='par_1_48' title="bbox 323 2898 1180 2968">
     <span class='ocr_line' id='line_1_50' title="bbox 323 2898 1180 2968; baseline -0.005 -13"><span class='ocrx_word' id='word_1_273' title='bbox 323 2900 447 2955; x_wconf 85' lang='grc'><strong>659.</strong></span> <span class='ocrx_word' id='word_1_274' title='bbox 482 2899 663 2965; x_wconf 77' lang='lat' dir='ltr'><strong>Vetiti,</strong></span> <span class='ocrx_word' id='word_1_275' title='bbox 697 2899 853 2968; x_wconf 83' lang='lat' dir='ltr'><strong>pomi,</strong></span> <span class='ocrx_word' id='word_1_276' title='bbox 887 2899 962 2955; x_wconf 85' lang='lat' dir='ltr'><strong>vel</strong></span> <span class='ocrx_word' id='word_1_277' title='bbox 991 2898 1108 2963; x_wconf 89' lang='lat' dir='ltr'><strong>cibi,</strong></span> <span class='ocrx_word' id='word_1_278' title='bbox 1142 2898 1180 2953; x_wconf 90' lang='lat' dir='ltr'><strong>I.</strong></span> 
     </span>
    </p>
   </div>
   <div class='ocr_carea' id='block_1_49' title="bbox 324 2967 1410 3039">
    <p class='ocr_par' dir='ltr' id='par_1_49' title="bbox 324 2967 1410 3039">
     <span class='ocr_line' id='line_1_51' title="bbox 324 2967 1410 3039; baseline -0.004 -14"><span class='ocrx_word' id='word_1_279' title='bbox 324 2970 448 3026; x_wconf 67' lang='grc'><strong>664.</strong></span> <span class='ocrx_word' id='word_1_280' title='bbox 480 2972 653 3039; x_wconf 85' lang='lat' dir='ltr'><strong>Opere</strong></span> <span class='ocrx_word' id='word_1_281' title='bbox 675 2967 931 3035; x_wconf 88' lang='lat' dir='ltr'><strong>secundo,</strong></span> <span class='ocrx_word' id='word_1_282' title='bbox 961 2970 1343 3035; x_wconf 77' lang='lat' dir='ltr'><strong>resurrectione,</strong></span> <span class='ocrx_word' id='word_1_283' title='bbox 1370 2967 1410 3023; x_wconf 91' lang='lat' dir='ltr'><strong>l.</strong></span> 
     </span>
    </p>
   </div>
   <div class='ocr_carea' id='block_1_50' title="bbox 325 3039 1823 3109">
    <p class='ocr_par' dir='ltr' id='par_1_50' title="bbox 325 3039 1823 3109">
     <span class='ocr_line' id='line_1_52' title="bbox 325 3039 1823 3109; baseline -0.001 -15"><span class='ocrx_word' id='word_1_284' title='bbox 325 3040 449 3096; x_wconf 88' lang='lat'><strong>665.</strong></span> <span class='ocrx_word' id='word_1_285' title='bbox 482 3041 629 3104; x_wconf 87' lang='lat' dir='ltr'><strong>Lahi,</strong></span> <span class='ocrx_word' id='word_1_286' title='bbox 664 3055 901 3107; x_wconf 86' lang='lat' dir='ltr'><strong>peccare;</strong></span> <span class='ocrx_word' id='word_1_287' title='bbox 929 3055 1017 3107; x_wconf 84' lang='lat' dir='ltr'><strong>per</strong></span> <span class='ocrx_word' id='word_1_288' title='bbox 1047 3050 1327 3107; x_wconf 86' lang='lat' dir='ltr'><strong>peccatum.</strong></span> <span class='ocrx_word' id='word_1_289' title='bbox 1357 3069 1427 3081; x_wconf 89' lang='lat'><strong>——</strong></span> <span class='ocrx_word' id='word_1_290' title='bbox 1454 3039 1705 3101; x_wconf 83' lang='lat' dir='ltr'><strong>Servare,</strong></span> <span class='ocrx_word' id='word_1_291' title='bbox 1736 3056 1823 3109; x_wconf 89' lang='lat' dir='ltr'><strong>per</strong></span> 
     </span>
    </p>
   </div>
   <div class='ocr_carea' id='block_1_51' title="bbox 256 3110 1611 3182">
    <p class='ocr_par' dir='ltr' id='par_1_51' title="bbox 256 3110 1611 3182">
     <span class='ocr_line' id='line_1_53' title="bbox 256 3110 1611 3182; baseline 0 -17"><span class='ocrx_word' id='word_1_292' title='bbox 256 3113 597 3182; x_wconf 65' lang='lat' dir='ltr'><strong>paenitentiam</strong></span> <span class='ocrx_word' id='word_1_293' title='bbox 622 3119 784 3165; x_wconf 77' lang='lat' dir='ltr'><strong>servat</strong></span> <span class='ocrx_word' id='word_1_294' title='bbox 816 3110 1090 3163; x_wconf 80' lang='lat' dir='ltr'><strong>hominem.</strong></span> <span class='ocrx_word' id='word_1_295' title='bbox 1121 3138 1186 3149; x_wconf 88' lang='lat'><strong>—-</strong></span> <span class='ocrx_word' id='word_1_296' title='bbox 1211 3110 1335 3174; x_wconf 86' lang='lat' dir='ltr'><strong>Iste,</strong></span> <span class='ocrx_word' id='word_1_297' title='bbox 1366 3111 1537 3177; x_wconf 82' lang='lat' dir='ltr'><strong>homo,</strong></span> <span class='ocrx_word' id='word_1_298' title='bbox 1570 3111 1611 3165; x_wconf 89' lang='grc' dir='ltr'><strong>Ι.</strong></span> 
     </span>
    </p>
   </div>
   <div class='ocr_carea' id='block_1_52' title="bbox 1930 2128 3140 2199">
    <p class='ocr_par' dir='ltr' id='par_1_52' title="bbox 1930 2128 3140 2199">
     <span class='ocr_line' id='line_1_54' title="bbox 1930 2128 3140 2199; baseline 0 -18"><span class='ocrx_word' id='word_1_299' title='bbox 1930 2130 2101 2194; x_wconf 87' lang='lat' dir='ltr'><strong>mittit,</strong></span> <span class='ocrx_word' id='word_1_300' title='bbox 2135 2130 2272 2199; x_wconf 86' lang='lat' dir='ltr'><strong>quod</strong></span> <span class='ocrx_word' id='word_1_301' title='bbox 2299 2128 2534 2182; x_wconf 87' lang='lat' dir='ltr'><strong>debuerat</strong></span> <span class='ocrx_word' id='word_1_302' title='bbox 2555 2130 2807 2194; x_wconf 85' lang='lat' dir='ltr'><strong>damnari,</strong></span> <span class='ocrx_word' id='word_1_303' title='bbox 2838 2130 3071 2194; x_wconf 80' lang='lat' dir='ltr'><strong>indulsit,</strong></span> <span class='ocrx_word' id='word_1_304' title='bbox 3104 2129 3140 2182; x_wconf 94' lang='grc' dir='ltr'><strong>Ι.</strong></span> 
     </span>
    </p>
   </div>
   <div class='ocr_carea' id='block_1_53' title="bbox 1999 2200 3501 2267">
    <p class='ocr_par' dir='ltr' id='par_1_53' title="bbox 1999 2200 3501 2267">
     <span class='ocr_line' id='line_1_55' title="bbox 1999 2200 3501 2267; baseline -0.001 -12"><span class='ocrx_word' id='word_1_305' title='bbox 1999 2200 2121 2255; x_wconf 86' lang='grc'><strong>667.</strong></span> <span class='ocrx_word' id='word_1_306' title='bbox 2152 2200 2534 2267; x_wconf 77' lang='lat' dir='ltr'><strong>Argumentum</strong></span> <span class='ocrx_word' id='word_1_307' title='bbox 2560 2243 2575 2265; x_wconf 90' lang='lat'><strong>,</strong></span> <span class='ocrx_word' id='word_1_308' title='bbox 2601 2200 2874 2253; x_wconf 88' lang='lat' dir='ltr'><strong>declaratio</strong></span> <span class='ocrx_word' id='word_1_309' title='bbox 2902 2242 2915 2261; x_wconf 93' lang='lat'><strong>,</strong></span> <span class='ocrx_word' id='word_1_310' title='bbox 2953 2200 3267 2266; x_wconf 71' lang='lat' dir='ltr'><strong>exemplum,</strong></span> <span class='ocrx_word' id='word_1_311' title='bbox 3310 2201 3386 2253; x_wconf 80' lang='lat' dir='ltr'><strong>vel</strong></span> <span class='ocrx_word' id='word_1_312' title='bbox 3430 2201 3501 2253; x_wconf 87' lang='lat' dir='ltr'><strong>si-</strong></span> 
     </span>
    </p>
   </div>
   <div class='ocr_carea' id='block_1_54' title="bbox 1928 2268 3502 2341">
    <p class='ocr_par' dir='ltr' id='par_1_54' title="bbox 1928 2268 3502 2341">
     <span class='ocr_line' id='line_1_56' title="bbox 1928 2268 3502 2341; baseline 0.001 -19"><span class='ocrx_word' id='word_1_313' title='bbox 1928 2287 2102 2341; x_wconf 83' lang='lat' dir='ltr'><strong>gnum.</strong></span> <span class='ocrx_word' id='word_1_314' title='bbox 2134 2298 2202 2309; x_wconf 93' lang='lat'><strong>-—</strong></span> <span class='ocrx_word' id='word_1_315' title='bbox 2230 2270 2329 2337; x_wconf 85' lang='lat' dir='ltr'><strong>Qui</strong></span> <span class='ocrx_word' id='word_1_316' title='bbox 2359 2271 2502 2334; x_wconf 87' lang='lat' dir='ltr'><strong>talia,</strong></span> <span class='ocrx_word' id='word_1_317' title='bbox 2527 2270 2615 2339; x_wconf 86' lang='lat' dir='ltr'><strong>qui</strong></span> <span class='ocrx_word' id='word_1_318' title='bbox 2644 2278 2783 2323; x_wconf 86' lang='lat' dir='ltr'><strong>tanta</strong></span> <span class='ocrx_word' id='word_1_319' title='bbox 2812 2268 3041 2339; x_wconf 83' lang='lat' dir='ltr'><strong>indulget</strong></span> <span class='ocrx_word' id='word_1_320' title='bbox 3070 2269 3354 2323; x_wconf 76' lang='lat' dir='ltr'><strong>hominibus</strong></span> <span class='ocrx_word' id='word_1_321' title='bbox 3386 2286 3502 2340; x_wconf 79' lang='lat' dir='ltr'><strong>pec-</strong></span> 
     </span>
    </p>
   </div>
   <div class='ocr_carea' id='block_1_55' title="bbox 1929 2341 3494 2477">
    <p class='ocr_par' dir='ltr' id='par_1_55' title="bbox 1929 2341 3494 2477">
     <span class='ocr_line' id='line_1_57' title="bbox 1929 2341 3494 2477; baseline -0.001 -12"><span class='ocrx_word' id='word_1_322' title='bbox 1929 2341 2138 2465; x_wconf 42' lang='lat'><strong>“6168]..</strong></span> <span class='ocrx_word' id='word_1_323' title='bbox 2153 2410 2325 2475; x_wconf 87' lang='lat' dir='ltr'><strong>Nolle,</strong></span> <span class='ocrx_word' id='word_1_324' title='bbox 2354 2410 2545 2463; x_wconf 84' lang='lat' dir='ltr'><strong>scilicet</strong></span> <span class='ocrx_word' id='word_1_325' title='bbox 2573 2410 2776 2463; x_wconf 77' lang='lat' dir='ltr'><strong>dixisse.</strong></span> <span class='ocrx_word' id='word_1_326' title='bbox 2808 2440 2873 2449; x_wconf 94' lang='lat'>—</span> <span class='ocrx_word' id='word_1_327' title='bbox 2904 2408 3156 2471; x_wconf 83' lang='lat' dir='ltr'><strong>Probare,</strong></span> <span class='ocrx_word' id='word_1_328' title='bbox 3188 2411 3421 2477; x_wconf 79' lang='lat' dir='ltr'><strong>laudare,</strong></span> <span class='ocrx_word' id='word_1_329' title='bbox 3458 2410 3494 2464; x_wconf 93' lang='lat' dir='ltr'><strong>I.</strong></span> 
     </span>
    </p>
   </div>
   <div class='ocr_carea' id='block_1_56' title="bbox 2000 2480 3321 2544">
    <p class='ocr_par' dir='ltr' id='par_1_56' title="bbox 2000 2480 3321 2544">
     <span class='ocr_line' id='line_1_58' title="bbox 2000 2480 3321 2544; baseline 0 -9"><span class='ocrx_word' id='word_1_330' title='bbox 2000 2482 2123 2535; x_wconf 90' lang='lat'><strong>669.</strong></span> <span class='ocrx_word' id='word_1_331' title='bbox 2158 2481 2417 2544; x_wconf 89' lang='lat' dir='ltr'><strong>lnvitone,</strong></span> <span class='ocrx_word' id='word_1_332' title='bbox 2447 2481 2572 2534; x_wconf 88' lang='lat' dir='ltr'><strong>dicis</strong></span> <span class='ocrx_word' id='word_1_333' title='bbox 2599 2491 2653 2532; x_wconf 86' lang='lat' dir='ltr'><strong>tu</strong></span> <span class='ocrx_word' id='word_1_334' title='bbox 2673 2498 2692 2535; x_wconf 88' lang='lat'><strong><em>:</em></strong></span> <span class='ocrx_word' id='word_1_335' title='bbox 2720 2482 2796 2534; x_wconf 84' lang='lat' dir='ltr'><strong>uel</strong></span> <span class='ocrx_word' id='word_1_336' title='bbox 2824 2480 2943 2533; x_wconf 88' lang='lat' dir='ltr'><strong>dicit</strong></span> <span class='ocrx_word' id='word_1_337' title='bbox 2971 2480 3255 2541; x_wconf 73' lang='lat' dir='ltr'><strong>Iiwreticus,</strong></span> <span class='ocrx_word' id='word_1_338' title='bbox 3282 2482 3321 2535; x_wconf 93' lang='lat' dir='ltr'><strong>I.</strong></span> 
     </span>
    </p>
   </div>
   <div class='ocr_carea' id='block_1_57' title="bbox 1956 2551 3498 2633">
    <p class='ocr_par' dir='ltr' id='par_1_57' title="bbox 1956 2551 3498 2633">
     <span class='ocr_line' id='line_1_59' title="bbox 1956 2551 3498 2633; baseline -0.001 -27"><span class='ocrx_word' id='word_1_339' title='bbox 1956 2622 1967 2633; x_wconf 79' lang='lat'>_</span> <span class='ocrx_word' id='word_1_340' title='bbox 2000 2551 2123 2633; x_wconf 58' lang='lat'><strong>67?.</strong></span> <span class='ocrx_word' id='word_1_341' title='bbox 2159 2552 2467 2618; x_wconf 82' lang='lat' dir='ltr'><strong>Honestum,</strong></span> <span class='ocrx_word' id='word_1_342' title='bbox 2504 2552 2693 2604; x_wconf 85' lang='lat' dir='ltr'><strong>scilicet</strong></span> <span class='ocrx_word' id='word_1_343' title='bbox 2738 2551 3003 2604; x_wconf 84' lang='lat' dir='ltr'><strong>honestum</strong></span> <span class='ocrx_word' id='word_1_344' title='bbox 3027 2558 3124 2613; x_wconf 84' lang='lat' dir='ltr'><strong>,-ut</strong></span> <span class='ocrx_word' id='word_1_345' title='bbox 3156 2551 3261 2620; x_wconf 79' lang='lat' dir='ltr'><strong>ipse</strong></span> <span class='ocrx_word' id='word_1_346' title='bbox 3289 2566 3498 2606; x_wconf 84' lang='lat' dir='ltr'><strong>consen-</strong></span> 
     </span>
    </p>
   </div>
   <div class='ocr_carea' id='block_1_58' title="bbox 1929 2624 3427 2759">
    <p class='ocr_par' dir='ltr' id='par_1_58' title="bbox 1929 2624 3427 2759">
     <span class='ocr_line' id='line_1_60' title="bbox 1929 2624 3427 2759; baseline -0.001 -12"><span class='ocrx_word' id='word_1_347' title='bbox 1929 2624 2119 2747; x_wconf 52' lang='lat' dir='ltr'><strong>&quot;a675:</strong></span> <span class='ocrx_word' id='word_1_348' title='bbox 2153 2693 2347 2759; x_wconf 86' lang='lat' dir='ltr'><strong>Stulte,</strong></span> <span class='ocrx_word' id='word_1_349' title='bbox 2383 2710 2411 2746; x_wconf 91' lang='grc' dir='ltr'>ο</span> <span class='ocrx_word' id='word_1_350' title='bbox 2442 2691 2692 2746; x_wconf 82' lang='lat' dir='ltr'><strong>Marcion.</strong></span> <span class='ocrx_word' id='word_1_351' title='bbox 2714 2721 2783 2732; x_wconf 97' lang='lat'><strong>—</strong></span> <span class='ocrx_word' id='word_1_352' title='bbox 2807 2690 3110 2757; x_wconf 83' lang='lat' dir='ltr'><strong>Libertatis,</strong></span> <span class='ocrx_word' id='word_1_353' title='bbox 3138 2690 3358 2756; x_wconf 88' lang='lat' dir='ltr'><strong>arbitrii,</strong></span> <span class='ocrx_word' id='word_1_354' title='bbox 3389 2692 3427 2745; x_wconf 87' lang='grc' dir='ltr'><strong>Ι.</strong></span> 
     </span>
    </p>
   </div>
   <div class='ocr_carea' id='block_1_59' title="bbox 2000 2762 2660 2830">
    <p class='ocr_par' dir='ltr' id='par_1_59' title="bbox 2000 2762 2660 2830">
     <span class='ocr_line' id='line_1_61' title="bbox 2000 2762 2660 2830; baseline 0.002 -14"><span class='ocrx_word' id='word_1_355' title='bbox 2000 2762 2123 2817; x_wconf 73' lang='grc'><strong>674.</strong></span> <span class='ocrx_word' id='word_1_356' title='bbox 2159 2765 2391 2830; x_wconf 80' lang='lat' dir='ltr'><strong>Origine,</strong></span> <span class='ocrx_word' id='word_1_357' title='bbox 2423 2764 2588 2825; x_wconf 85' lang='lat' dir='ltr'><strong>initio,</strong></span> <span class='ocrx_word' id='word_1_358' title='bbox 2622 2762 2660 2817; x_wconf 92' lang='grc' dir='ltr'><strong>Ι.</strong></span> 
     </span>
    </p>
   </div>
   <div class='ocr_carea' id='block_1_60' title="bbox 1998 2832 3498 2903">
    <p class='ocr_par' dir='ltr' id='par_1_60' title="bbox 1998 2832 3498 2903">
     <span class='ocr_line' id='line_1_62' title="bbox 1998 2832 3498 2903; baseline -0.001 -16"><span class='ocrx_word' id='word_1_359' title='bbox 1998 2835 2122 2887; x_wconf 83' lang='grc'><strong>675.</strong></span> <span class='ocrx_word' id='word_1_360' title='bbox 2165 2834 2384 2888; x_wconf 84' lang='lat' dir='ltr'><strong>Famulo</strong></span> <span class='ocrx_word' id='word_1_361' title='bbox 2407 2871 2422 2896; x_wconf 94' lang='lat'><strong>,</strong></span> <span class='ocrx_word' id='word_1_362' title='bbox 2464 2832 2735 2902; x_wconf 76' lang='lat' dir='ltr'><strong>famulanti</strong></span> <span class='ocrx_word' id='word_1_363' title='bbox 2774 2832 2980 2885; x_wconf 77' lang='lat' dir='ltr'><strong>8(I’Cttl0.</strong></span> <span class='ocrx_word' id='word_1_364' title='bbox 3008 2863 3071 2871; x_wconf 91' lang='lat'><strong><em>—</em></strong></span> <span class='ocrx_word' id='word_1_365' title='bbox 3109 2832 3279 2903; x_wconf 82' lang='lat' dir='ltr'><strong>Super</strong></span> <span class='ocrx_word' id='word_1_366' title='bbox 3302 2874 3316 2898; x_wconf 91' lang='lat'><strong>,</strong></span> <span class='ocrx_word' id='word_1_367' title='bbox 3346 2833 3498 2886; x_wconf 85' lang='lat' dir='ltr'><strong>desu-</strong></span> 
     </span>
    </p>
   </div>
   <div class='ocr_carea' id='block_1_61' title="bbox 1931 2905 3501 3043">
    <p class='ocr_par' dir='ltr' id='par_1_61' title="bbox 1931 2905 3501 3043">
     <span class='ocr_line' id='line_1_63' title="bbox 1931 2905 3501 3043; baseline -0.001 -14"><span class='ocrx_word' id='word_1_368' title='bbox 1931 2905 2125 3029; x_wconf 55' lang='grc' dir='ltr'><strong>Ρω676.</strong></span> <span class='ocrx_word' id='word_1_369' title='bbox 2171 2974 2405 3043; x_wconf 80' lang='lat' dir='ltr'><strong>Ingenio,</strong></span> <span class='ocrx_word' id='word_1_370' title='bbox 2437 2973 2491 3025; x_wconf 89' lang='lat' dir='ltr'><strong>id</strong></span> <span class='ocrx_word' id='word_1_371' title='bbox 2516 2983 2587 3027; x_wconf 84' lang='lat' dir='ltr'><strong>est</strong></span> <span class='ocrx_word' id='word_1_372' title='bbox 2610 3012 2626 3037; x_wconf 93' lang='lat'><strong>,</strong></span> <span class='ocrx_word' id='word_1_373' title='bbox 2657 2973 2870 3027; x_wconf 88' lang='lat' dir='ltr'><strong>liberum</strong></span> <span class='ocrx_word' id='word_1_374' title='bbox 2914 2974 3175 3028; x_wconf 82' lang='lat' dir='ltr'><strong>arbitrium</strong></span> <span class='ocrx_word' id='word_1_375' title='bbox 3228 2974 3397 3029; x_wconf 81' lang='lat' dir='ltr'><strong>habes.</strong></span> <span class='ocrx_word' id='word_1_376' title='bbox 3431 3001 3501 3015; x_wconf 88' lang='lat'><strong><em>—-</em></strong></span> 
     </span>
    </p>
   </div>
   <div class='ocr_carea' id='block_1_62' title="bbox 1934 3044 2719 3111">
    <p class='ocr_par' dir='ltr' id='par_1_62' title="bbox 1934 3044 2719 3111">
     <span class='ocr_line' id='line_1_64' title="bbox 1934 3044 2719 3111; baseline -0.006 -9"><span class='ocrx_word' id='word_1_377' title='bbox 1934 3045 2095 3109; x_wconf 77' lang='lat' dir='ltr'><strong>Laxe,</strong></span> <span class='ocrx_word' id='word_1_378' title='bbox 2123 3045 2445 3109; x_wconf 85' lang='lat' dir='ltr'><strong>adverbium,</strong></span> <span class='ocrx_word' id='word_1_379' title='bbox 2480 3044 2651 3111; x_wconf 86' lang='lat' dir='ltr'><strong>libere,</strong></span> <span class='ocrx_word' id='word_1_380' title='bbox 2684 3044 2719 3097; x_wconf 94' lang='grc' dir='ltr'><strong>Ι.</strong></span> 
     </span>
    </p>
   </div>
   <div class='ocr_carea' id='block_1_63' title="bbox 1604 3197 2154 3257">
    <p class='ocr_par' dir='ltr' id='par_1_63' title="bbox 1604 3197 2154 3257">
     <span class='ocr_line' id='line_1_65' title="bbox 1604 3197 2154 3257; baseline -0.007 -2"><span class='ocrx_word' id='word_1_381' title='bbox 1604 3197 2154 3257; x_wconf 77' lang='lat' dir='ltr'><strong>COMMENTARIUS.</strong></span> 
     </span>
    </p>
   </div>
   <div class='ocr_carea' id='block_1_64' title="bbox 256 3330 3507 3404">
    <p class='ocr_par' dir='ltr' id='par_1_64' title="bbox 256 3330 3507 3404">
     <span class='ocr_line' id='line_1_66' title="bbox 256 3330 3507 3404; baseline -0.001 -13"><span class='ocrx_word' id='word_1_382' title='bbox 256 3349 359 3391; x_wconf 85' lang='lat' dir='ltr'><strong>nus</strong></span> <span class='ocrx_word' id='word_1_383' title='bbox 385 3334 519 3390; x_wconf 88' lang='lat' dir='ltr'><strong>bene</strong></span> <span class='ocrx_word' id='word_1_384' title='bbox 542 3376 556 3401; x_wconf 91' lang='lat'><strong>,</strong></span> <span class='ocrx_word' id='word_1_385' title='bbox 600 3349 711 3404; x_wconf 15' lang='lat' dir='ltr'><strong>pro,</strong></span> <span class='ocrx_word' id='word_1_386' title='bbox 726 3332 1137 3404; x_wconf 76' lang='lat' dir='ltr'><strong>obbrutescentis.</strong></span> <span class='ocrx_word' id='word_1_387' title='bbox 1171 3330 1444 3404; x_wconf 55' lang='lat' dir='ltr'><strong>Weityet</strong></span> <span class='ocrx_word' id='word_1_388' title='bbox 1468 3332 1557 3404; x_wconf 82' lang='lat' dir='ltr'><strong>alii</strong></span> <span class='ocrx_word' id='word_1_389' title='bbox 1589 3333 1827 3388; x_wconf 88' lang='lat' dir='ltr'><strong>scribunt</strong></span> <span class='ocrx_word' id='word_1_390' title='bbox 1858 3338 1905 3403; x_wconf 74' lang='grc' dir='ltr'>ο</span> <span class='ocrx_word' id='word_1_391' title='bbox 1938 3330 2107 3404; x_wconf 84' lang='lat' dir='ltr'><strong>tendit</strong></span> <span class='ocrx_word' id='word_1_392' title='bbox 2154 3330 2431 3399; x_wconf 82' lang='lat' dir='ltr'><strong>legendum</strong></span> <span class='ocrx_word' id='word_1_393' title='bbox 2462 3345 2614 3404; x_wconf 81' lang='lat' dir='ltr'><strong>opere</strong></span> <span class='ocrx_word' id='word_1_394' title='bbox 2651 3332 2937 3404; x_wconf 85' lang='lat' dir='ltr'><strong>instaurare</strong></span> <span class='ocrx_word' id='word_1_395' title='bbox 2963 3334 3204 3404; x_wconf 70' lang='lat' dir='ltr'><strong>secundo,</strong></span> <span class='ocrx_word' id='word_1_396' title='bbox 3235 3334 3373 3401; x_wconf 89' lang='lat' dir='ltr'><strong>quod</strong></span> <span class='ocrx_word' id='word_1_397' title='bbox 3405 3335 3507 3389; x_wconf 82' lang='lat' dir='ltr'><strong>La-</strong></span> 
     </span>
    </p>
   </div>
   <div class='ocr_carea' id='block_1_65' title="bbox 259 3401 1829 3470">
    <p class='ocr_par' dir='ltr' id='par_1_65' title="bbox 259 3401 1829 3470">
     <span class='ocr_line' id='line_1_67' title="bbox 259 3401 1829 3470; baseline 0.001 -13"><span class='ocrx_word' id='word_1_398' title='bbox 259 3401 656 3469; x_wconf 81' lang='lat' dir='ltr'><strong>obbrutiseentis,</strong></span> <span class='ocrx_word' id='word_1_399' title='bbox 682 3403 919 3457; x_wconf 86' lang='lat' dir='ltr'><strong>Gifanius</strong></span> <span class='ocrx_word' id='word_1_400' title='bbox 942 3401 1053 3455; x_wconf 90' lang='lat' dir='ltr'><strong>Ind.</strong></span> <span class='ocrx_word' id='word_1_401' title='bbox 1080 3401 1436 3466; x_wconf 87' lang='lat' dir='ltr'><strong>Lucr.,verbo</strong></span> <span class='ocrx_word' id='word_1_402' title='bbox 1458 3402 1829 3470; x_wconf 74' lang='lat' dir='ltr'><strong>Oeanurizsco,</strong></span> 
     </span>
    </p>
   </div>
   <div class='ocr_carea' id='block_1_66' title="bbox 260 3474 1834 3547">
    <p class='ocr_par' dir='ltr' id='par_1_66' title="bbox 260 3474 1834 3547">
     <span class='ocr_line' id='line_1_68' title="bbox 260 3474 1834 3547; baseline 0.001 -19"><span class='ocrx_word' id='word_1_403' title='bbox 260 3476 468 3547; x_wconf 38' lang='lat' dir='ltr'><strong>accipit.</strong></span> <span class='ocrx_word' id='word_1_404' title='bbox 483 3492 575 3545; x_wconf 88' lang='lat' dir='ltr'><strong>pro</strong></span> <span class='ocrx_word' id='word_1_405' title='bbox 601 3474 970 3547; x_wconf 68' lang='lat' dir='ltr'><strong>obstupescere,</strong></span> <span class='ocrx_word' id='word_1_406' title='bbox 1002 3487 1319 3547; x_wconf 78' lang='lat' dir='ltr'><strong>omnemque</strong></span> <span class='ocrx_word' id='word_1_407' title='bbox 1348 3474 1834 3547; x_wconf 77' lang='lat' dir='ltr'><strong>amitteresensum</strong></span> 
     </span>
    </p>
   </div>
   <div class='ocr_carea' id='block_1_67' title="bbox 238 3542 1833 3608">
    <p class='ocr_par' dir='ltr' id='par_1_67' title="bbox 238 3542 1833 3608">
     <span class='ocr_line' id='line_1_69' title="bbox 238 3542 1833 3608; baseline 0 -9"><span class='ocrx_word' id='word_1_408' title='bbox 238 3561 332 3599; x_wconf 67' lang='grc' dir='ltr'><strong>εει</strong></span> <span class='ocrx_word' id='word_1_409' title='bbox 374 3542 616 3600; x_wconf 70' lang='grc' dir='ltr'><strong>ΙιοόἸυρο</strong></span> <span class='ocrx_word' id='word_1_410' title='bbox 640 3544 914 3598; x_wconf 89' lang='lat' dir='ltr'><strong>Prudentii</strong></span> <span class='ocrx_word' id='word_1_411' title='bbox 934 3584 948 3606; x_wconf 91' lang='lat'><strong>,</strong></span> <span class='ocrx_word' id='word_1_412' title='bbox 976 3557 1045 3595; x_wconf 77' lang='lat' dir='ltr'><strong>ex</strong></span> <span class='ocrx_word' id='word_1_413' title='bbox 1079 3542 1343 3606; x_wconf 87' lang='lat' dir='ltr'><strong>Lucretio,</strong></span> <span class='ocrx_word' id='word_1_414' title='bbox 1379 3542 1559 3608; x_wconf 78' lang='lat' dir='ltr'><strong>Festo,</strong></span> <span class='ocrx_word' id='word_1_415' title='bbox 1588 3544 1833 3599; x_wconf 82' lang='lat' dir='ltr'><strong>Afranio.</strong></span> 
     </span>
    </p>
   </div>
   <div class='ocr_carea' id='block_1_68' title="bbox 262 3614 1836 3683">
    <p class='ocr_par' dir='ltr' id='par_1_68' title="bbox 262 3614 1836 3683">
     <span class='ocr_line' id='line_1_70' title="bbox 262 3614 1836 3683; baseline 0.003 -16"><span class='ocrx_word' id='word_1_416' title='bbox 262 3616 321 3668; x_wconf 89' lang='lat' dir='ltr'><strong>In</strong></span> <span class='ocrx_word' id='word_1_417' title='bbox 354 3616 471 3671; x_wconf 80' lang='lat' dir='ltr'><strong>Vat.</strong></span> <span class='ocrx_word' id='word_1_418' title='bbox 508 3618 574 3681; x_wconf 81' lang='grc' dir='ltr'><strong>Α,</strong></span> <span class='ocrx_word' id='word_1_419' title='bbox 607 3623 660 3668; x_wconf 87' lang='lat' dir='ltr'><strong>et</strong></span> <span class='ocrx_word' id='word_1_420' title='bbox 682 3614 809 3667; x_wconf 82' lang='lat' dir='ltr'><strong>Mar.</strong></span> <span class='ocrx_word' id='word_1_421' title='bbox 840 3629 870 3668; x_wconf 89' lang='lat' dir='ltr'><strong>a</strong></span> <span class='ocrx_word' id='word_1_422' title='bbox 902 3614 1070 3682; x_wconf 83' lang='lat' dir='ltr'><strong>prima</strong></span> <span class='ocrx_word' id='word_1_423' title='bbox 1099 3628 1283 3679; x_wconf 86' lang='lat' dir='ltr'><strong>manu,</strong></span> <span class='ocrx_word' id='word_1_424' title='bbox 1313 3629 1399 3667; x_wconf 89' lang='lat' dir='ltr'><strong>nec</strong></span> <span class='ocrx_word' id='word_1_425' title='bbox 1428 3616 1616 3683; x_wconf 78' lang='lat' dir='ltr'><strong>pervia.</strong></span> <span class='ocrx_word' id='word_1_426' title='bbox 1651 3614 1836 3671; x_wconf 87' lang='lat' dir='ltr'><strong>Melius</strong></span> 
     </span>
    </p>
   </div>
   <div class='ocr_carea' id='block_1_69' title="bbox 264 3685 687 3753">
    <p class='ocr_par' dir='ltr' id='par_1_69' title="bbox 264 3685 687 3753">
     <span class='ocr_line' id='line_1_71' title="bbox 264 3685 687 3753; baseline -0.007 -14"><span class='ocrx_word' id='word_1_427' title='bbox 264 3685 377 3751; x_wconf 85' lang='lat' dir='ltr'><strong>alii,</strong></span> <span class='ocrx_word' id='word_1_428' title='bbox 407 3702 468 3739; x_wconf 86' lang='lat' dir='ltr'><strong>ne</strong></span> <span class='ocrx_word' id='word_1_429' title='bbox 497 3686 687 3753; x_wconf 84' lang='lat' dir='ltr'><strong>peruia.</strong></span> 
     </span>
    </p>
   </div>
   <div class='ocr_carea' id='block_1_70' title="bbox 334 3754 1840 3822">
    <p class='ocr_par' dir='ltr' id='par_1_70' title="bbox 334 3754 1840 3822">
     <span class='ocr_line' id='line_1_72' title="bbox 334 3754 1840 3822; baseline 0 -12"><span class='ocrx_word' id='word_1_430' title='bbox 334 3756 459 3810; x_wconf 72' lang='grc'><strong>652.</strong></span> <span class='ocrx_word' id='word_1_431' title='bbox 508 3756 679 3807; x_wconf 86' lang='lat' dir='ltr'><strong>Locus</strong></span> <span class='ocrx_word' id='word_1_432' title='bbox 721 3754 1011 3822; x_wconf 84' lang='lat' dir='ltr'><strong>Evangelii,</strong></span> <span class='ocrx_word' id='word_1_433' title='bbox 1057 3768 1213 3822; x_wconf 83' lang='lat' dir='ltr'><strong>quem</strong></span> <span class='ocrx_word' id='word_1_434' title='bbox 1263 3754 1346 3808; x_wconf 90' lang='lat' dir='ltr'><strong>lso</strong></span> <span class='ocrx_word' id='word_1_435' title='bbox 1378 3754 1618 3819; x_wconf 90' lang='lat' dir='ltr'><strong>indicat,</strong></span> <span class='ocrx_word' id='word_1_436' title='bbox 1659 3765 1840 3811; x_wconf 81' lang='lat' dir='ltr'><strong>exstat</strong></span> 
     </span>
    </p>
   </div>
   <div class='ocr_carea' id='block_1_71' title="bbox 267 3823 1838 3894">
    <p class='ocr_par' dir='ltr' id='par_1_71' title="bbox 267 3823 1838 3894">
     <span class='ocr_line' id='line_1_73' title="bbox 267 3823 1838 3894; baseline 0.003 -16"><span class='ocrx_word' id='word_1_437' title='bbox 267 3840 387 3893; x_wconf 87' lang='lat' dir='ltr'><strong>cap.</strong></span> <span class='ocrx_word' id='word_1_438' title='bbox 422 3840 546 3879; x_wconf 82' lang='lat' dir='ltr'><strong>xvni</strong></span> <span class='ocrx_word' id='word_1_439' title='bbox 578 3823 786 3887; x_wconf 85' lang='lat' dir='ltr'><strong>Mattb.,</strong></span> <span class='ocrx_word' id='word_1_440' title='bbox 816 3838 957 3877; x_wconf 88' lang='lat' dir='ltr'><strong>vers.</strong></span> <span class='ocrx_word' id='word_1_441' title='bbox 999 3825 1035 3877; x_wconf 88' lang='lat'>8</span> <span class='ocrx_word' id='word_1_442' title='bbox 1060 3833 1114 3877; x_wconf 86' lang='lat' dir='ltr'><strong>et</strong></span> <span class='ocrx_word' id='word_1_443' title='bbox 1142 3838 1291 3891; x_wconf 87' lang='lat' dir='ltr'><strong>seqq.</strong></span> <span class='ocrx_word' id='word_1_444' title='bbox 1337 3825 1394 3879; x_wconf 95' lang='lat' dir='ltr'><strong>In</strong></span> <span class='ocrx_word' id='word_1_445' title='bbox 1428 3826 1644 3894; x_wconf 77' lang='lat' dir='ltr'><strong>Heinsio</strong></span> <span class='ocrx_word' id='word_1_446' title='bbox 1687 3842 1838 3882; x_wconf 89' lang='lat' dir='ltr'><strong>men-</strong></span> 
     </span>
    </p>
   </div>
   <div class='ocr_carea' id='block_1_72' title="bbox 270 3894 701 3963">
    <p class='ocr_par' dir='ltr' id='par_1_72' title="bbox 270 3894 701 3963">
     <span class='ocr_line' id='line_1_74' title="bbox 270 3894 701 3963; baseline -0.014 -14"><span class='ocrx_word' id='word_1_447' title='bbox 270 3895 399 3949; x_wconf 87' lang='lat' dir='ltr'><strong>dum</strong></span> <span class='ocrx_word' id='word_1_448' title='bbox 416 3894 701 3963; x_wconf 76' lang='lat' dir='ltr'><strong>concipias.</strong></span> 
     </span>
    </p>
   </div>
   <div class='ocr_carea' id='block_1_73' title="bbox 338 3960 1838 4030">
    <p class='ocr_par' dir='ltr' id='par_1_73' title="bbox 338 3960 1838 4030">
     <span class='ocr_line' id='line_1_75' title="bbox 338 3960 1838 4030; baseline 0.003 -15"><span class='ocrx_word' id='word_1_449' title='bbox 338 3962 462 4017; x_wconf 77' lang='lat'><strong>655.</strong></span> <span class='ocrx_word' id='word_1_450' title='bbox 494 3963 548 4016; x_wconf 92' lang='lat' dir='ltr'><strong>In</strong></span> <span class='ocrx_word' id='word_1_451' title='bbox 572 3960 846 4015; x_wconf 81' lang='lat' dir='ltr'><strong>nonnullis</strong></span> <span class='ocrx_word' id='word_1_452' title='bbox 871 3960 1026 4029; x_wconf 81' lang='lat' dir='ltr'><strong>Vulg.</strong></span> <span class='ocrx_word' id='word_1_453' title='bbox 1052 3963 1115 4014; x_wconf 91' lang='lat' dir='ltr'><strong>ab</strong></span> <span class='ocrx_word' id='word_1_454' title='bbox 1137 3977 1273 4025; x_wconf 89' lang='lat' dir='ltr'><strong>arce,</strong></span> <span class='ocrx_word' id='word_1_455' title='bbox 1302 3963 1462 4029; x_wconf 90' lang='lat' dir='ltr'><strong>male,</strong></span> <span class='ocrx_word' id='word_1_456' title='bbox 1489 3978 1585 4030; x_wconf 92' lang='lat' dir='ltr'><strong>pro</strong></span> <span class='ocrx_word' id='word_1_457' title='bbox 1609 3967 1670 4017; x_wconf 93' lang='lat' dir='ltr'><strong>ab</strong></span> <span class='ocrx_word' id='word_1_458' title='bbox 1690 3981 1838 4020; x_wconf 88' lang='lat' dir='ltr'><strong>aure.</strong></span> 
     </span>
    </p>
   </div>
   <div class='ocr_carea' id='block_1_74' title="bbox 268 4031 1835 4103">
    <p class='ocr_par' dir='ltr' id='par_1_74' title="bbox 268 4031 1835 4103">
     <span class='ocr_line' id='line_1_76' title="bbox 268 4031 1835 4103; baseline -0.002 -12"><span class='ocrx_word' id='word_1_459' title='bbox 268 4033 534 4091; x_wconf 81' lang='lat' dir='ltr'><strong>Giselinus</strong></span> <span class='ocrx_word' id='word_1_460' title='bbox 558 4031 581 4083; x_wconf 83' lang='lat' dir='ltr'><strong>I</strong></span> <span class='ocrx_word' id='word_1_461' title='bbox 608 4031 719 4099; x_wconf 89' lang='lat' dir='ltr'><strong>ed.,</strong></span> <span class='ocrx_word' id='word_1_462' title='bbox 742 4031 803 4085; x_wconf 90' lang='lat' dir='ltr'><strong>ab</strong></span> <span class='ocrx_word' id='word_1_463' title='bbox 830 4047 964 4097; x_wconf 87' lang='lat' dir='ltr'><strong>arce,</strong></span> <span class='ocrx_word' id='word_1_464' title='bbox 995 4033 1030 4085; x_wconf 77' lang='grc'>2</span> <span class='ocrx_word' id='word_1_465' title='bbox 1050 4033 1159 4095; x_wconf 90' lang='lat' dir='ltr'><strong>ed.,</strong></span> <span class='ocrx_word' id='word_1_466' title='bbox 1186 4031 1248 4084; x_wconf 92' lang='lat' dir='ltr'><strong>ab</strong></span> <span class='ocrx_word' id='word_1_467' title='bbox 1276 4047 1416 4096; x_wconf 85' lang='lat' dir='ltr'><strong>aure,</strong></span> <span class='ocrx_word' id='word_1_468' title='bbox 1446 4034 1538 4088; x_wconf 83' lang='lat' dir='ltr'><strong>seti</strong></span> <span class='ocrx_word' id='word_1_469' title='bbox 1559 4033 1624 4087; x_wconf 90' lang='lat' dir='ltr'><strong>ad</strong></span> <span class='ocrx_word' id='word_1_470' title='bbox 1645 4050 1835 4103; x_wconf 85' lang='lat' dir='ltr'><strong>marg.,</strong></span> 
     </span>
    </p>
   </div>
   <div class='ocr_carea' id='block_1_75' title="bbox 266 4107 487 4162">
    <p class='ocr_par' dir='ltr' id='par_1_75' title="bbox 266 4107 487 4162">
     <span class='ocr_line' id='line_1_77' title="bbox 266 4107 487 4162; baseline -0.032 -2"><span class='ocrx_word' id='word_1_471' title='bbox 266 4107 330 4162; x_wconf 87' lang='lat' dir='ltr'><strong>ab</strong></span> <span class='ocrx_word' id='word_1_472' title='bbox 355 4118 487 4156; x_wconf 87' lang='lat' dir='ltr'><strong>arce.</strong></span> 
     </span>
    </p>
   </div>
   <div class='ocr_carea' id='block_1_76' title="bbox 340 4171 1839 4241">
    <p class='ocr_par' dir='ltr' id='par_1_76' title="bbox 340 4171 1839 4241">
     <span class='ocr_line' id='line_1_78' title="bbox 340 4171 1839 4241; baseline 0 -13"><span class='ocrx_word' id='word_1_473' title='bbox 340 4173 466 4228; x_wconf 86' lang='lat'><strong>659.</strong></span> <span class='ocrx_word' id='word_1_474' title='bbox 495 4171 808 4227; x_wconf 88' lang='lat' dir='ltr'><strong>Sermonem</strong></span> <span class='ocrx_word' id='word_1_475' title='bbox 841 4171 924 4224; x_wconf 92' lang='lat' dir='ltr'><strong>hic</strong></span> <span class='ocrx_word' id='word_1_476' title='bbox 953 4186 1070 4227; x_wconf 73' lang='lat' dir='ltr'><strong>esse</strong></span> <span class='ocrx_word' id='word_1_477' title='bbox 1095 4172 1161 4225; x_wconf 92' lang='lat' dir='ltr'><strong>de</strong></span> <span class='ocrx_word' id='word_1_478' title='bbox 1191 4182 1409 4239; x_wconf 88' lang='lat' dir='ltr'><strong>peccato</strong></span> <span class='ocrx_word' id='word_1_479' title='bbox 1438 4174 1701 4241; x_wconf 82' lang='lat' dir='ltr'><strong>originali,</strong></span> <span class='ocrx_word' id='word_1_480' title='bbox 1735 4190 1839 4239; x_wconf 84' lang='lat' dir='ltr'><strong>quo</strong></span> 
     </span>
    </p>
   </div>
   <div class='ocr_carea' id='block_1_77' title="bbox 269 4243 1841 4311">
    <p class='ocr_par' dir='ltr' id='par_1_77' title="bbox 269 4243 1841 4311">
     <span class='ocr_line' id='line_1_79' title="bbox 269 4243 1841 4311; baseline -0.003 -10"><span class='ocrx_word' id='word_1_481' title='bbox 269 4259 457 4302; x_wconf 90' lang='lat' dir='ltr'><strong>omnes</strong></span> <span class='ocrx_word' id='word_1_482' title='bbox 489 4244 731 4296; x_wconf 89' lang='lat' dir='ltr'><strong>homines</strong></span> <span class='ocrx_word' id='word_1_483' title='bbox 762 4244 1050 4311; x_wconf 87' lang='lat' dir='ltr'><strong>perierunt,</strong></span> <span class='ocrx_word' id='word_1_484' title='bbox 1083 4243 1416 4309; x_wconf 74' lang='lat' dir='ltr'><strong>exploratum</strong></span> <span class='ocrx_word' id='word_1_485' title='bbox 1446 4254 1546 4298; x_wconf 90' lang='lat' dir='ltr'><strong>est.</strong></span> <span class='ocrx_word' id='word_1_486' title='bbox 1575 4243 1841 4307; x_wconf 84' lang='lat' dir='ltr'><strong>Giselinus</strong></span> 
     </span>
    </p>
   </div>
   <div class='ocr_carea' id='block_1_78' title="bbox 268 4312 1837 4379">
    <p class='ocr_par' dir='ltr' id='par_1_78' title="bbox 268 4312 1837 4379">
     <span class='ocr_line' id='line_1_80' title="bbox 268 4312 1837 4379; baseline -0.004 -7"><span class='ocrx_word' id='word_1_487' title='bbox 268 4326 449 4372; x_wconf 86' lang='lat' dir='ltr'><strong>autem</strong></span> <span class='ocrx_word' id='word_1_488' title='bbox 489 4312 758 4366; x_wconf 80' lang='lat' dir='ltr'><strong>existimat</strong></span> <span class='ocrx_word' id='word_1_489' title='bbox 802 4312 941 4379; x_wconf 90' lang='lat' dir='ltr'><strong>loqui</strong></span> <span class='ocrx_word' id='word_1_490' title='bbox 986 4323 1194 4378; x_wconf 83' lang='lat' dir='ltr'><strong>poetam</strong></span> <span class='ocrx_word' id='word_1_491' title='bbox 1235 4315 1301 4367; x_wconf 86' lang='lat' dir='ltr'><strong>de</strong></span> <span class='ocrx_word' id='word_1_492' title='bbox 1346 4314 1552 4367; x_wconf 85' lang='lat' dir='ltr'><strong>Adamo</strong></span> <span class='ocrx_word' id='word_1_493' title='bbox 1606 4322 1659 4365; x_wconf 89' lang='lat' dir='ltr'><strong>et</strong></span> <span class='ocrx_word' id='word_1_494' title='bbox 1712 4316 1837 4379; x_wconf 77' lang='lat' dir='ltr'><strong>Eva,</strong></span> 
     </span>
    </p>
   </div>
   <div class='ocr_carea' id='block_1_79' title="bbox 269 4383 1841 4449">
    <p class='ocr_par' dir='ltr' id='par_1_79' title="bbox 269 4383 1841 4449">
     <span class='ocr_line' id='line_1_81' title="bbox 269 4383 1841 4449; baseline -0.005 -7"><span class='ocrx_word' id='word_1_495' title='bbox 269 4387 496 4449; x_wconf 81' lang='lat' dir='ltr'><strong>aliisque</strong></span> <span class='ocrx_word' id='word_1_496' title='bbox 526 4399 628 4436; x_wconf 88' lang='lat' dir='ltr'><strong>una</strong></span> <span class='ocrx_word' id='word_1_497' title='bbox 654 4398 774 4436; x_wconf 87' lang='lat' dir='ltr'><strong>cum</strong></span> <span class='ocrx_word' id='word_1_498' title='bbox 808 4393 1113 4448; x_wconf 76' lang='lat' dir='ltr'><strong>resurgente</strong></span> <span class='ocrx_word' id='word_1_499' title='bbox 1145 4383 1356 4437; x_wconf 79' lang='lat' dir='ltr'><strong>Christo</strong></span> <span class='ocrx_word' id='word_1_500' title='bbox 1379 4385 1443 4436; x_wconf 90' lang='lat' dir='ltr'><strong>ad</strong></span> <span class='ocrx_word' id='word_1_501' title='bbox 1478 4384 1841 4437; x_wconf 80' lang='lat' dir='ltr'><strong>immortalita-</strong></span> 
     </span>
    </p>
   </div>
   <div class='ocr_carea' id='block_1_80' title="bbox 272 4451 1842 4521">
    <p class='ocr_par' dir='ltr' id='par_1_80' title="bbox 272 4451 1842 4521">
     <span class='ocr_line' id='line_1_82' title="bbox 272 4451 1842 4521; baseline -0.003 -10"><span class='ocrx_word' id='word_1_502' title='bbox 272 4467 380 4511; x_wconf 89' lang='lat' dir='ltr'><strong>tem</strong></span> <span class='ocrx_word' id='word_1_503' title='bbox 398 4454 685 4508; x_wconf 86' lang='lat' dir='ltr'><strong>translatis.</strong></span> <span class='ocrx_word' id='word_1_504' title='bbox 710 4452 815 4507; x_wconf 88' lang='lat' dir='ltr'><strong>Sed</strong></span> <span class='ocrx_word' id='word_1_505' title='bbox 836 4452 976 4519; x_wconf 89' lang='lat' dir='ltr'><strong>quid,</strong></span> <span class='ocrx_word' id='word_1_506' title='bbox 1002 4451 1193 4521; x_wconf 85' lang='lat' dir='ltr'><strong>inquit,</strong></span> <span class='ocrx_word' id='word_1_507' title='bbox 1215 4454 1308 4505; x_wconf 84' lang='lat' dir='ltr'><strong>Itoc</strong></span> <span class='ocrx_word' id='word_1_508' title='bbox 1328 4456 1394 4505; x_wconf 81' lang='lat' dir='ltr'><strong>ad</strong></span> <span class='ocrx_word' id='word_1_509' title='bbox 1411 4456 1842 4521; x_wconf 72' lang='lat' dir='ltr'><strong>con/irritationem</strong></span> 
     </span>
    </p>
   </div>
   <div class='ocr_carea' id='block_1_81' title="bbox 269 4522 1871 4599">
    <p class='ocr_par' dir='ltr' id='par_1_81' title="bbox 269 4522 1871 4599">
     <span class='ocr_line' id='line_1_83' title="bbox 269 4522 1871 4599; baseline -0.004 -17"><span class='ocrx_word' id='word_1_510' title='bbox 269 4531 383 4599; x_wconf 84' lang='lat' dir='ltr'><strong>ejus</strong></span> <span class='ocrx_word' id='word_1_511' title='bbox 430 4527 491 4579; x_wconf 90' lang='lat' dir='ltr'><strong>de</strong></span> <span class='ocrx_word' id='word_1_512' title='bbox 540 4540 642 4599; x_wconf 79' lang='lat' dir='ltr'><strong>quo</strong></span> <span class='ocrx_word' id='word_1_513' title='bbox 685 4524 894 4592; x_wconf 86' lang='lat' dir='ltr'><strong>agitur?</strong></span> <span class='ocrx_word' id='word_1_514' title='bbox 934 4522 1322 4599; x_wconf 70' lang='lat' dir='ltr'><strong>Cliatiiillardus</strong></span> <span class='ocrx_word' id='word_1_515' title='bbox 1367 4534 1641 4599; x_wconf 79' lang='lat' dir='ltr'><strong>propterea</strong></span> <span class='ocrx_word' id='word_1_516' title='bbox 1676 4533 1871 4591; x_wconf 78' lang='lat' dir='ltr'><strong>putat,‘</strong></span> 
     </span>
    </p>
   </div>
   <div class='ocr_carea' id='block_1_82' title="bbox 271 4591 1842 4662">
    <p class='ocr_par' dir='ltr' id='par_1_82' title="bbox 271 4591 1842 4662">
     <span class='ocr_line' id='line_1_84' title="bbox 271 4591 1842 4662; baseline -0.003 -10"><span class='ocrx_word' id='word_1_517' title='bbox 271 4591 447 4652; x_wconf 72' lang='lat' dir='ltr'><strong>solum</strong></span> <span class='ocrx_word' id='word_1_518' title='bbox 478 4591 802 4648; x_wconf 87' lang='lat' dir='ltr'><strong>mentionem</strong></span> <span class='ocrx_word' id='word_1_519' title='bbox 833 4607 955 4647; x_wconf 90' lang='lat' dir='ltr'><strong>esse</strong></span> <span class='ocrx_word' id='word_1_520' title='bbox 982 4591 1049 4646; x_wconf 86' lang='lat' dir='ltr'><strong>de</strong></span> <span class='ocrx_word' id='word_1_521' title='bbox 1078 4591 1413 4662; x_wconf 85' lang='lat' dir='ltr'><strong>reparatione</strong></span> <span class='ocrx_word' id='word_1_522' title='bbox 1443 4594 1715 4647; x_wconf 86' lang='lat' dir='ltr'><strong>hominum</strong></span> <span class='ocrx_word' id='word_1_523' title='bbox 1748 4610 1842 4662; x_wconf 86' lang='lat' dir='ltr'><strong>per</strong></span> 
     </span>
    </p>
   </div>
   <div class='ocr_carea' id='block_1_83' title="bbox 274 4664 1838 4732">
    <p class='ocr_par' dir='ltr' id='par_1_83' title="bbox 274 4664 1838 4732">
     <span class='ocr_line' id='line_1_85' title="bbox 274 4664 1838 4732; baseline -0.003 -10"><span class='ocrx_word' id='word_1_524' title='bbox 274 4666 469 4722; x_wconf 83' lang='lat' dir='ltr'><strong>Christi</strong></span> <span class='ocrx_word' id='word_1_525' title='bbox 495 4666 932 4724; x_wconf 85' lang='lat' dir='ltr'><strong>incarnationem,</strong></span> <span class='ocrx_word' id='word_1_526' title='bbox 962 4679 1065 4717; x_wconf 92' lang='lat' dir='ltr'><strong>non</strong></span> <span class='ocrx_word' id='word_1_527' title='bbox 1098 4679 1225 4717; x_wconf 90' lang='lat' dir='ltr'><strong>vero</strong></span> <span class='ocrx_word' id='word_1_528' title='bbox 1249 4665 1313 4716; x_wconf 85' lang='lat' dir='ltr'><strong>de</strong></span> <span class='ocrx_word' id='word_1_529' title='bbox 1344 4664 1407 4717; x_wconf 88' lang='lat' dir='ltr'><strong>iis</strong></span> <span class='ocrx_word' id='word_1_530' title='bbox 1436 4664 1659 4732; x_wconf 90' lang='lat' dir='ltr'><strong>quicum</strong></span> <span class='ocrx_word' id='word_1_531' title='bbox 1687 4664 1838 4718; x_wconf 85' lang='lat' dir='ltr'><strong>Chri-</strong></span> 
     </span>
    </p>
   </div>
   <div class='ocr_carea' id='block_1_84' title="bbox 1942 3399 3506 3468">
    <p class='ocr_par' dir='ltr' id='par_1_84' title="bbox 1942 3399 3506 3468">
     <span class='ocr_line' id='line_1_86' title="bbox 1942 3399 3506 3468; baseline 0.003 -13"><span class='ocrx_word' id='word_1_532' title='bbox 1942 3402 2100 3455; x_wconf 87' lang='lat' dir='ltr'><strong>liuius</strong></span> <span class='ocrx_word' id='word_1_533' title='bbox 2127 3410 2272 3455; x_wconf 84' lang='lat' dir='ltr'><strong>certe</strong></span> <span class='ocrx_word' id='word_1_534' title='bbox 2298 3412 2397 3460; x_wconf 88' lang='lat' dir='ltr'><strong>est.</strong></span> <span class='ocrx_word' id='word_1_535' title='bbox 2422 3399 2662 3468; x_wconf 87' lang='lat' dir='ltr'><strong>adeoque</strong></span> <span class='ocrx_word' id='word_1_536' title='bbox 2686 3402 3037 3454; x_wconf 87' lang='lat' dir='ltr'><strong>retinendum.</strong></span> <span class='ocrx_word' id='word_1_537' title='bbox 3069 3399 3383 3458; x_wconf 82' lang='lat' dir='ltr'><strong>Prudentius</strong></span> <span class='ocrx_word' id='word_1_538' title='bbox 3402 3406 3506 3460; x_wconf 81' lang='lat' dir='ltr'><strong>ali-</strong></span> 
     </span>
    </p>
   </div>
   <div class='ocr_carea' id='block_1_85' title="bbox 1938 3471 3509 3533">
    <p class='ocr_par' dir='ltr' id='par_1_85' title="bbox 1938 3471 3509 3533">
     <span class='ocr_line' id='line_1_87' title="bbox 1938 3471 3509 3533; baseline 0.003 -8"><span class='ocrx_word' id='word_1_539' title='bbox 1938 3471 1990 3525; x_wconf 88' lang='lat' dir='ltr'><strong>hi</strong></span> <span class='ocrx_word' id='word_1_540' title='bbox 2018 3472 2177 3525; x_wconf 89' lang='lat' dir='ltr'><strong>etiam</strong></span> <span class='ocrx_word' id='word_1_541' title='bbox 2209 3474 2369 3525; x_wconf 85' lang='lat' dir='ltr'><strong>verbo</strong></span> <span class='ocrx_word' id='word_1_542' title='bbox 2397 3472 2716 3523; x_wconf 84' lang='lat' dir='ltr'><strong>instaurandi</strong></span> <span class='ocrx_word' id='word_1_543' title='bbox 2746 3486 2870 3524; x_wconf 86' lang='lat' dir='ltr'><strong>usus</strong></span> <span class='ocrx_word' id='word_1_544' title='bbox 2899 3479 2999 3533; x_wconf 63' lang='lat' dir='ltr'><strong>est,</strong></span> <span class='ocrx_word' id='word_1_545' title='bbox 3041 3482 3095 3526; x_wconf 91' lang='lat' dir='ltr'><strong>et</strong></span> <span class='ocrx_word' id='word_1_546' title='bbox 3123 3473 3189 3526; x_wconf 88' lang='lat' dir='ltr'><strong>de</strong></span> <span class='ocrx_word' id='word_1_547' title='bbox 3228 3489 3509 3529; x_wconf 78' lang='lat' dir='ltr'><strong>resurrec-</strong></span> 
     </span>
    </p>
   </div>
   <div class='ocr_carea' id='block_1_86' title="bbox 1939 3543 3503 3665">
    <p class='ocr_par' dir='ltr' id='par_1_86' title="bbox 1939 3543 3503 3665">
     <span class='ocr_line' id='line_1_88' title="bbox 1939 3543 3503 3665; baseline 0.004 -71"><span class='ocrx_word' id='word_1_548' title='bbox 1939 3544 2082 3665; x_wconf 52' lang='lat' dir='ltr'><strong>tligpf</strong></span> <span class='ocrx_word' id='word_1_549' title='bbox 2111 3545 2330 3610; x_wconf 90' lang='lat' dir='ltr'><strong>loquens</strong></span> <span class='ocrx_word' id='word_1_550' title='bbox 2358 3557 2473 3594; x_wconf 87' lang='lat' dir='ltr'><strong>eam</strong></span> <span class='ocrx_word' id='word_1_551' title='bbox 2506 3550 2656 3595; x_wconf 87' lang='lat' dir='ltr'><strong>vocat</strong></span> <span class='ocrx_word' id='word_1_552' title='bbox 2686 3543 3101 3594; x_wconf 78' lang='lat' dir='ltr'><strong>instaurationem</strong></span> <span class='ocrx_word' id='word_1_553' title='bbox 3132 3544 3328 3612; x_wconf 88' lang='lat' dir='ltr'><strong>Apoth.</strong></span> <span class='ocrx_word' id='word_1_554' title='bbox 3360 3561 3503 3601; x_wconf 82' lang='lat' dir='ltr'><strong>vers.</strong></span> 
     </span>
    </p>
   </div>
   <div class='ocr_carea' id='block_1_87' title="bbox 2010 3681 3498 3748">
    <p class='ocr_par' dir='ltr' id='par_1_87' title="bbox 2010 3681 3498 3748">
     <span class='ocr_line' id='line_1_89' title="bbox 2010 3681 3498 3748; baseline 0.002 -12"><span class='ocrx_word' id='word_1_555' title='bbox 2010 3683 2133 3737; x_wconf 86' lang='lat'><strong>665.</strong></span> <span class='ocrx_word' id='word_1_556' title='bbox 2168 3682 2291 3736; x_wconf 71' lang='lat' dir='ltr'><strong>llicc</strong></span> <span class='ocrx_word' id='word_1_557' title='bbox 2331 3682 2505 3735; x_wconf 88' lang='lat' dir='ltr'><strong>omnia</strong></span> <span class='ocrx_word' id='word_1_558' title='bbox 2534 3681 2841 3748; x_wconf 74' lang='lat' dir='ltr'><strong>argumenta</strong></span> <span class='ocrx_word' id='word_1_559' title='bbox 2882 3681 3135 3736; x_wconf 77' lang='lat' dir='ltr'><strong>adversus</strong></span> <span class='ocrx_word' id='word_1_560' title='bbox 3181 3684 3498 3739; x_wconf 86' lang='lat' dir='ltr'><strong>Marcionent</strong></span> 
     </span>
    </p>
   </div>
   <div class='ocr_carea' id='block_1_88' title="bbox 1938 3753 3504 3821">
    <p class='ocr_par' dir='ltr' id='par_1_88' title="bbox 1938 3753 3504 3821">
     <span class='ocr_line' id='line_1_90' title="bbox 1938 3753 3504 3821; baseline 0.003 -13"><span class='ocrx_word' id='word_1_561' title='bbox 1938 3768 2060 3808; x_wconf 90' lang='lat' dir='ltr'><strong>cum</strong></span> <span class='ocrx_word' id='word_1_562' title='bbox 2105 3754 2190 3806; x_wconf 87' lang='lat' dir='ltr'><strong>alii</strong></span> <span class='ocrx_word' id='word_1_563' title='bbox 2226 3753 2407 3807; x_wconf 88' lang='lat' dir='ltr'><strong>Patres</strong></span> <span class='ocrx_word' id='word_1_564' title='bbox 2450 3761 2636 3819; x_wconf 83' lang='lat' dir='ltr'><strong>urgent</strong></span> <span class='ocrx_word' id='word_1_565' title='bbox 2661 3792 2676 3815; x_wconf 93' lang='lat'><strong>,</strong></span> <span class='ocrx_word' id='word_1_566' title='bbox 2712 3764 2818 3804; x_wconf 89' lang='lat' dir='ltr'><strong>tum</strong></span> <span class='ocrx_word' id='word_1_567' title='bbox 2851 3755 3113 3821; x_wconf 68' lang='lat' dir='ltr'><strong>praicipne</strong></span> <span class='ocrx_word' id='word_1_568' title='bbox 3144 3753 3504 3811; x_wconf 80' lang='lat' dir='ltr'><strong>Tertullianus</strong></span> 
     </span>
    </p>
   </div>
   <div class='ocr_carea' id='block_1_89' title="bbox 1940 3822 3499 3891">
    <p class='ocr_par' dir='ltr' id='par_1_89' title="bbox 1940 3822 3499 3891">
     <span class='ocr_line' id='line_1_91' title="bbox 1940 3822 3499 3891; baseline 0.001 -15"><span class='ocrx_word' id='word_1_569' title='bbox 1940 3824 1991 3876; x_wconf 92' lang='lat' dir='ltr'><strong>in</strong></span> <span class='ocrx_word' id='word_1_570' title='bbox 2026 3824 2114 3877; x_wconf 89' lang='lat' dir='ltr'><strong>lib.</strong></span> <span class='ocrx_word' id='word_1_571' title='bbox 2146 3823 2396 3876; x_wconf 86' lang='lat' dir='ltr'><strong>adversus</strong></span> <span class='ocrx_word' id='word_1_572' title='bbox 2417 3825 2683 3877; x_wconf 85' lang='lat' dir='ltr'><strong>eumdem.</strong></span> <span class='ocrx_word' id='word_1_573' title='bbox 2709 3824 2911 3876; x_wconf 86' lang='lat' dir='ltr'><strong>Seneca</strong></span> <span class='ocrx_word' id='word_1_574' title='bbox 2935 3824 3025 3877; x_wconf 88' lang='lat' dir='ltr'><strong>lib.</strong></span> <span class='ocrx_word' id='word_1_575' title='bbox 3056 3840 3068 3875; x_wconf 94' lang='lat' dir='ltr'><strong>l</strong></span> <span class='ocrx_word' id='word_1_576' title='bbox 3095 3826 3159 3878; x_wconf 87' lang='lat' dir='ltr'><strong>de</strong></span> <span class='ocrx_word' id='word_1_577' title='bbox 3178 3822 3499 3891; x_wconf 83' lang='lat' dir='ltr'><strong>Clementia,</strong></span> 
     </span>
    </p>
   </div>
   <div class='ocr_carea' id='block_1_90' title="bbox 1938 3892 3514 3964">
    <p class='ocr_par' dir='ltr' id='par_1_90' title="bbox 1938 3892 3514 3964">
     <span class='ocr_line' id='line_1_92' title="bbox 1938 3892 3514 3964; baseline 0.002 -17"><span class='ocrx_word' id='word_1_578' title='bbox 1938 3908 2058 3961; x_wconf 88' lang='lat' dir='ltr'><strong>cap.</strong></span> <span class='ocrx_word' id='word_1_579' title='bbox 2088 3893 2155 3948; x_wconf 73' lang='lat'><strong>9.6</strong></span> <span class='ocrx_word' id='word_1_580' title='bbox 2182 3909 2196 3946; x_wconf 87' lang='lat'><strong>:</strong></span> <span class='ocrx_word' id='word_1_581' title='bbox 2231 3892 2358 3947; x_wconf 65' lang='lat' dir='ltr'><strong>Haec</strong></span> <span class='ocrx_word' id='word_1_582' title='bbox 2394 3893 2564 3946; x_wconf 80' lang='lat' dir='ltr'><strong>divina</strong></span> <span class='ocrx_word' id='word_1_583' title='bbox 2594 3894 2812 3963; x_wconf 66' lang='lat' dir='ltr'><strong>potentia</strong></span> <span class='ocrx_word' id='word_1_584' title='bbox 2834 3903 2904 3945; x_wconf 88' lang='lat' dir='ltr'><strong>est</strong></span> <span class='ocrx_word' id='word_1_585' title='bbox 2942 3896 3207 3964; x_wconf 77' lang='lat' dir='ltr'><strong>gregatim,</strong></span> <span class='ocrx_word' id='word_1_586' title='bbox 3233 3911 3292 3948; x_wconf 91' lang='lat' dir='ltr'><strong>ac</strong></span> <span class='ocrx_word' id='word_1_587' title='bbox 3318 3898 3514 3964; x_wconf 80' lang='lat' dir='ltr'><strong>publice</strong></span> 
     </span>
    </p>
   </div>
   <div class='ocr_carea' id='block_1_91' title="bbox 1938 3979 2155 4016">
    <p class='ocr_par' dir='ltr' id='par_1_91' title="bbox 1938 3979 2155 4016">
     <span class='ocr_line' id='line_1_93' title="bbox 1938 3979 2155 4016; baseline -0.005 0"><span class='ocrx_word' id='word_1_588' title='bbox 1938 3979 2155 4016; x_wconf 79' lang='lat' dir='ltr'><strong>seruare.</strong></span> 
     </span>
    </p>
   </div>
   <div class='ocr_carea' id='block_1_92' title="bbox 2010 4031 3507 4102">
    <p class='ocr_par' dir='ltr' id='par_1_92' title="bbox 2010 4031 3507 4102">
     <span class='ocr_line' id='line_1_94' title="bbox 2010 4031 3507 4102; baseline 0.004 -19"><span class='ocrx_word' id='word_1_589' title='bbox 2010 4033 2132 4087; x_wconf 88' lang='grc'><strong>666.</strong></span> <span class='ocrx_word' id='word_1_590' title='bbox 2173 4031 2412 4084; x_wconf 82' lang='lat' dir='ltr'><strong>Meritum</strong></span> <span class='ocrx_word' id='word_1_591' title='bbox 2442 4032 2689 4085; x_wconf 84' lang='lat' dir='ltr'><strong>resolvere</strong></span> <span class='ocrx_word' id='word_1_592' title='bbox 2718 4041 2800 4085; x_wconf 91' lang='lat' dir='ltr'><strong>est</strong></span> <span class='ocrx_word' id='word_1_593' title='bbox 2830 4032 3086 4099; x_wconf 76' lang='lat' dir='ltr'><strong>condigna</strong></span> <span class='ocrx_word' id='word_1_594' title='bbox 3122 4035 3209 4086; x_wconf 89' lang='lat' dir='ltr'><strong>illa</strong></span> <span class='ocrx_word' id='word_1_595' title='bbox 3259 4049 3355 4102; x_wconf 88' lang='lat' dir='ltr'><strong>pro</strong></span> <span class='ocrx_word' id='word_1_596' title='bbox 3389 4051 3507 4102; x_wconf 57' lang='lat' dir='ltr'><strong>pec.</strong></span> 
     </span>
    </p>
   </div>
   <div class='ocr_carea' id='block_1_93' title="bbox 1941 4102 3513 4173">
    <p class='ocr_par' dir='ltr' id='par_1_93' title="bbox 1941 4102 3513 4173">
     <span class='ocr_line' id='line_1_95' title="bbox 1941 4102 3513 4173; baseline 0.003 -17"><span class='ocrx_word' id='word_1_597' title='bbox 1941 4113 2061 4156; x_wconf 90' lang='lat' dir='ltr'><strong>cato</strong></span> <span class='ocrx_word' id='word_1_598' title='bbox 2085 4102 2397 4163; x_wconf 76' lang='lat' dir='ltr'><strong>satisfactio,</strong></span> <span class='ocrx_word' id='word_1_599' title='bbox 2429 4104 2491 4154; x_wconf 89' lang='lat' dir='ltr'><strong>ad</strong></span> <span class='ocrx_word' id='word_1_600' title='bbox 2523 4117 2682 4169; x_wconf 86' lang='lat' dir='ltr'><strong>quain</strong></span> <span class='ocrx_word' id='word_1_601' title='bbox 2713 4103 2863 4154; x_wconf 85' lang='lat' dir='ltr'><strong>aiunt</strong></span> <span class='ocrx_word' id='word_1_602' title='bbox 2895 4102 3125 4173; x_wconf 80' lang='lat' dir='ltr'><strong>theologi</strong></span> <span class='ocrx_word' id='word_1_603' title='bbox 3157 4108 3513 4160; x_wconf 82' lang='lat' dir='ltr'><strong>necessariam</strong></span> 
     </span>
    </p>
   </div>
   <div class='ocr_carea' id='block_1_94' title="bbox 1944 4172 2574 4226">
    <p class='ocr_par' dir='ltr' id='par_1_94' title="bbox 1944 4172 2574 4226">
     <span class='ocr_line' id='line_1_96' title="bbox 1944 4172 2574 4226; baseline -0.003 -1"><span class='ocrx_word' id='word_1_604' title='bbox 1944 4172 2107 4226; x_wconf 88' lang='lat' dir='ltr'><strong>fuisse</strong></span> <span class='ocrx_word' id='word_1_605' title='bbox 2135 4173 2574 4225; x_wconf 85' lang='lat' dir='ltr'><strong>incarnationem.</strong></span> 
     </span>
    </p>
   </div>
   <div class='ocr_carea' id='block_1_95' title="bbox 2013 4241 3514 4311">
    <p class='ocr_par' dir='ltr' id='par_1_95' title="bbox 2013 4241 3514 4311">
     <span class='ocr_line' id='line_1_97' title="bbox 2013 4241 3514 4311; baseline 0.003 -16"><span class='ocrx_word' id='word_1_606' title='bbox 2013 4242 2135 4296; x_wconf 86' lang='lat'><strong>667.</strong></span> <span class='ocrx_word' id='word_1_607' title='bbox 2166 4241 2341 4309; x_wconf 76' lang='lat' dir='ltr'><strong>Pr.ig.,</strong></span> <span class='ocrx_word' id='word_1_608' title='bbox 2375 4242 2560 4310; x_wconf 82' lang='lat' dir='ltr'><strong>Bong.,</strong></span> <span class='ocrx_word' id='word_1_609' title='bbox 2585 4257 2612 4293; x_wconf 91' lang='lat' dir='ltr'><strong>a</strong></span> <span class='ocrx_word' id='word_1_610' title='bbox 2644 4257 2800 4295; x_wconf 87' lang='lat' dir='ltr'><strong>manu</strong></span> <span class='ocrx_word' id='word_1_611' title='bbox 2835 4243 3024 4308; x_wconf 89' lang='lat' dir='ltr'><strong>prima,</strong></span> <span class='ocrx_word' id='word_1_612' title='bbox 3056 4253 3290 4309; x_wconf 79' lang='lat' dir='ltr'><strong>pra’slal,‘</strong></span> <span class='ocrx_word' id='word_1_613' title='bbox 3311 4247 3514 4311; x_wconf 69' lang='lat' dir='ltr'><strong>eictcri,</strong></span> 
     </span>
    </p>
   </div>
   <div class='ocr_carea' id='block_1_96' title="bbox 1942 4312 3261 4382">
    <p class='ocr_par' dir='ltr' id='par_1_96' title="bbox 1942 4312 3261 4382">
     <span class='ocr_line' id='line_1_98' title="bbox 1942 4312 3261 4382; baseline 0 -18"><span class='ocrx_word' id='word_1_614' title='bbox 1942 4322 2170 4382; x_wconf 71' lang='lat' dir='ltr'><strong>pra&#39;stet;</strong></span> <span class='ocrx_word' id='word_1_615' title='bbox 2188 4312 2311 4382; x_wconf 27' lang='lat' dir='ltr'><strong>AGis.</strong></span> <span class='ocrx_word' id='word_1_616' title='bbox 2340 4314 2363 4366; x_wconf 83' lang='lat' dir='ltr'><strong>I</strong></span> <span class='ocrx_word' id='word_1_617' title='bbox 2395 4313 2507 4373; x_wconf 83' lang='lat' dir='ltr'><strong>ed.,</strong></span> <span class='ocrx_word' id='word_1_618' title='bbox 2531 4322 2763 4378; x_wconf 71' lang='lat' dir='ltr'><strong>priestet;</strong></span> <span class='ocrx_word' id='word_1_619' title='bbox 2794 4314 2843 4365; x_wconf 91' lang='lat' dir='ltr'><strong>in</strong></span> <span class='ocrx_word' id='word_1_620' title='bbox 2873 4313 2958 4365; x_wconf 89' lang='lat' dir='ltr'><strong>ed.</strong></span> <span class='ocrx_word' id='word_1_621' title='bbox 2986 4313 3019 4364; x_wconf 73' lang='lat'>2</span> <span class='ocrx_word' id='word_1_622' title='bbox 3042 4324 3261 4379; x_wconf 71' lang='lat' dir='ltr'><strong>pra’s&#39;at.</strong></span> 
     </span>
    </p>
   </div>
   <div class='ocr_carea' id='block_1_97' title="bbox 2014 4380 3511 4454">
    <p class='ocr_par' dir='ltr' id='par_1_97' title="bbox 2014 4380 3511 4454">
     <span class='ocr_line' id='line_1_99' title="bbox 2014 4380 3511 4454; baseline 0.002 -18"><span class='ocrx_word' id='word_1_623' title='bbox 2014 4384 2138 4454; x_wconf 83' lang='grc'><strong>668.</strong></span> <span class='ocrx_word' id='word_1_624' title='bbox 2173 4380 2283 4454; x_wconf 84' lang='lat' dir='ltr'><strong>Gis.</strong></span> <span class='ocrx_word' id='word_1_625' title='bbox 2316 4382 2365 4435; x_wconf 91' lang='lat' dir='ltr'><strong>in</strong></span> <span class='ocrx_word' id='word_1_626' title='bbox 2394 4392 2643 4436; x_wconf 76' lang='lat' dir='ltr'><strong>eontextu</strong></span> <span class='ocrx_word' id='word_1_627' title='bbox 2674 4386 2691 4435; x_wconf 84' lang='lat' dir='ltr'><strong>I</strong></span> <span class='ocrx_word' id='word_1_628' title='bbox 2720 4384 2887 4454; x_wconf 77' lang='lat' dir='ltr'><strong>ed.et</strong></span> <span class='ocrx_word' id='word_1_629' title='bbox 2910 4383 2975 4435; x_wconf 88' lang='lat' dir='ltr'><strong>ad</strong></span> <span class='ocrx_word' id='word_1_630' title='bbox 3000 4398 3160 4451; x_wconf 85' lang='lat' dir='ltr'><strong>marg.</strong></span> <span class='ocrx_word' id='word_1_631' title='bbox 3188 4382 3241 4447; x_wconf 79' lang='lat'><strong>‘2,</strong></span> <span class='ocrx_word' id='word_1_632' title='bbox 3268 4400 3348 4450; x_wconf 83' lang='lat' dir='ltr'><strong>ne,</strong></span> <span class='ocrx_word' id='word_1_633' title='bbox 3376 4387 3511 4454; x_wconf 89' lang='lat' dir='ltr'><strong>quod</strong></span> 
     </span>
    </p>
   </div>
   <div class='ocr_carea' id='block_1_98' title="bbox 1943 4452 3512 4525">
    <p class='ocr_par' dir='ltr' id='par_1_98' title="bbox 1943 4452 3512 4525">
     <span class='ocr_line' id='line_1_100' title="bbox 1943 4452 3512 4525; baseline 0.003 -19"><span class='ocrx_word' id='word_1_634' title='bbox 1943 4462 2055 4525; x_wconf 82' lang='lat' dir='ltr'><strong>post</strong></span> <span class='ocrx_word' id='word_1_635' title='bbox 2086 4453 2264 4525; x_wconf 84' lang='lat' dir='ltr'><strong>abluit,</strong></span> <span class='ocrx_word' id='word_1_636' title='bbox 2289 4461 2405 4505; x_wconf 86' lang='lat' dir='ltr'><strong>ante</strong></span> <span class='ocrx_word' id='word_1_637' title='bbox 2430 4453 2686 4523; x_wconf 81' lang='lat' dir='ltr'><strong>probaret.</strong></span> <span class='ocrx_word' id='word_1_638' title='bbox 2719 4452 2843 4517; x_wconf 85' lang='lat' dir='ltr'><strong>Alii,</strong></span> <span class='ocrx_word' id='word_1_639' title='bbox 2880 4468 2991 4520; x_wconf 86' lang='lat' dir='ltr'><strong>nec,</strong></span> <span class='ocrx_word' id='word_1_640' title='bbox 3024 4455 3158 4522; x_wconf 88' lang='lat' dir='ltr'><strong>quod</strong></span> <span class='ocrx_word' id='word_1_641' title='bbox 3190 4465 3301 4520; x_wconf 84' lang='lat' dir='ltr'><strong>post</strong></span> <span class='ocrx_word' id='word_1_642' title='bbox 3333 4452 3512 4522; x_wconf 80' lang='lat' dir='ltr'><strong>abluit,</strong></span> 
     </span>
    </p>
   </div>
   <div class='ocr_carea' id='block_1_99' title="bbox 1946 4523 2323 4591">
    <p class='ocr_par' dir='ltr' id='par_1_99' title="bbox 1946 4523 2323 4591">
     <span class='ocr_line' id='line_1_101' title="bbox 1946 4523 2323 4591; baseline -0.005 -16"><span class='ocrx_word' id='word_1_643' title='bbox 1946 4523 2063 4576; x_wconf 81' lang='lat' dir='ltr'><strong>ante</strong></span> <span class='ocrx_word' id='word_1_644' title='bbox 2090 4523 2323 4591; x_wconf 84' lang='lat' dir='ltr'><strong>probare.</strong></span> 
     </span>
    </p>
   </div>
   <div class='ocr_carea' id='block_1_100' title="bbox 2019 4592 3521 4662">
    <p class='ocr_par' dir='ltr' id='par_1_100' title="bbox 2019 4592 3521 4662">
     <span class='ocr_line' id='line_1_102' title="bbox 2019 4592 3521 4662; baseline 0.003 -16"><span class='ocrx_word' id='word_1_645' title='bbox 2019 4593 2140 4648; x_wconf 85' lang='lat'><strong>669.</strong></span> <span class='ocrx_word' id='word_1_646' title='bbox 2194 4592 2423 4662; x_wconf 74' lang='lat' dir='ltr'><strong>Reponit</strong></span> <span class='ocrx_word' id='word_1_647' title='bbox 2467 4593 2774 4647; x_wconf 73' lang='lat' dir='ltr'><strong>Marcionita</strong></span> <span class='ocrx_word' id='word_1_648' title='bbox 2833 4593 3095 4647; x_wconf 88' lang='lat' dir='ltr'><strong>neminem</strong></span> <span class='ocrx_word' id='word_1_649' title='bbox 3155 4608 3309 4658; x_wconf 68' lang='lat' dir='ltr'><strong>posse</strong></span> <span class='ocrx_word' id='word_1_650' title='bbox 3353 4595 3521 4650; x_wconf 88' lang='lat' dir='ltr'><strong>invito</strong></span> 
     </span>
    </p>
   </div>
   <div class='ocr_carea' id='block_1_101' title="bbox 1956 4663 3521 4732">
    <p class='ocr_par' dir='ltr' id='par_1_101' title="bbox 1956 4663 3521 4732">
     <span class='ocr_line' id='line_1_103' title="bbox 1956 4663 3521 4732; baseline 0.003 -16"><span class='ocrx_word' id='word_1_651' title='bbox 1956 4664 2066 4717; x_wconf 90' lang='lat' dir='ltr'><strong>Deo</strong></span> <span class='ocrx_word' id='word_1_652' title='bbox 2096 4678 2338 4732; x_wconf 86' lang='lat' dir='ltr'><strong>peccare,</strong></span> <span class='ocrx_word' id='word_1_653' title='bbox 2369 4667 2451 4717; x_wconf 89' lang='lat' dir='ltr'><strong>cui</strong></span> <span class='ocrx_word' id='word_1_654' title='bbox 2483 4666 2767 4731; x_wconf 83' lang='lat' dir='ltr'><strong>respondet</strong></span> <span class='ocrx_word' id='word_1_655' title='bbox 2810 4663 3147 4725; x_wconf 81' lang='lat' dir='ltr'><strong>Prudentius,</strong></span> <span class='ocrx_word' id='word_1_656' title='bbox 3175 4678 3202 4713; x_wconf 89' lang='lat' dir='ltr'><strong>a</strong></span> <span class='ocrx_word' id='word_1_657' title='bbox 3256 4666 3363 4718; x_wconf 84' lang='lat' dir='ltr'><strong>Deo</strong></span> <span class='ocrx_word' id='word_1_658' title='bbox 3391 4682 3521 4721; x_wconf 84' lang='lat' dir='ltr'><strong>eon-</strong></span> 
     </span>
    </p>
   </div>
   <div class='ocr_carea' id='block_1_102' title="bbox 270 4708 3523 4805">
    <p class='ocr_par' dir='ltr' id='par_1_102' title="bbox 270 4708 3523 4805">
     <span class='ocr_line' id='line_1_104' title="bbox 270 4708 3523 4805; baseline -0 -12"><span class='ocrx_word' id='word_1_659' title='bbox 270 4748 358 4793; x_wconf 72' lang='grc' dir='ltr'><strong>διο</strong></span> <span class='ocrx_word' id='word_1_660' title='bbox 383 4708 1077 4805; x_wconf 19' lang='grc' dir='ltr'><strong>ῐθευτῐειθτιιηι.λΑι6ῃι-ρτ</strong></span> <span class='ocrx_word' id='word_1_661' title='bbox 1111 4744 1316 4805; x_wconf 85' lang='lat' dir='ltr'><strong>poetam</strong></span> <span class='ocrx_word' id='word_1_662' title='bbox 1353 4708 1466 4787; x_wconf 61' lang='lat' dir='ltr'><strong>licet;</strong></span> <span class='ocrx_word' id='word_1_663' title='bbox 1488 4734 1593 4786; x_wconf 90' lang='lat' dir='ltr'><strong>duo</strong></span> <span class='ocrx_word' id='word_1_664' title='bbox 1620 4735 1844 4801; x_wconf 87' lang='lat' dir='ltr'><strong>conjun-</strong></span> <span class='ocrx_word' id='word_1_665' title='bbox 1868 4708 1922 4768; x_wconf 78' lang='grc' dir='ltr'><strong>Ῑ)</strong></span> <span class='ocrx_word' id='word_1_666' title='bbox 1951 4708 2153 4788; x_wconf 62' lang='grc' dir='ltr'><strong>εθεεειῗιι</strong></span> <span class='ocrx_word' id='word_1_667' title='bbox 2183 4750 2301 4789; x_wconf 84' lang='lat' dir='ltr'><strong>esse</strong></span> <span class='ocrx_word' id='word_1_668' title='bbox 2322 4708 2528 4787; x_wconf 69' lang='lat' dir='ltr'><strong>homini</strong></span> <span class='ocrx_word' id='word_1_669' title='bbox 2561 4708 2854 4805; x_wconf 67' lang='lat' dir='ltr'><strong>libertatem</strong></span> <span class='ocrx_word' id='word_1_670' title='bbox 2873 4774 2888 4799; x_wconf 97' lang='lat'><strong>,</strong></span> <span class='ocrx_word' id='word_1_671' title='bbox 2920 4742 2975 4785; x_wconf 94' lang='lat' dir='ltr'><strong>ut</strong></span> <span class='ocrx_word' id='word_1_672' title='bbox 2999 4708 3155 4805; x_wconf 71' lang='lat' dir='ltr'><strong>digna</strong></span> <span class='ocrx_word' id='word_1_673' title='bbox 3188 4708 3523 4805; x_wconf 54' lang='lat' dir='ltr'><strong>tanngEE.</strong></span> 
     </span>
    </p>
   </div>
   <div class='ocr_carea' id='block_1_103' title="bbox 273 4801 1843 4873">
    <p class='ocr_par' dir='ltr' id='par_1_103' title="bbox 273 4801 1843 4873">
     <span class='ocr_line' id='line_1_105' title="bbox 273 4801 1843 4873; baseline -0.002 -12"><span class='ocrx_word' id='word_1_674' title='bbox 273 4809 437 4873; x_wconf 81' lang='lat' dir='ltr'><strong>xisse,</strong></span> <span class='ocrx_word' id='word_1_675' title='bbox 468 4818 659 4872; x_wconf 87' lang='lat' dir='ltr'><strong>nempe</strong></span> <span class='ocrx_word' id='word_1_676' title='bbox 688 4802 931 4856; x_wconf 90' lang='lat' dir='ltr'><strong>homines</strong></span> <span class='ocrx_word' id='word_1_677' title='bbox 955 4801 1118 4873; x_wconf 81' lang='lat' dir='ltr'><strong>fuisse</strong></span> <span class='ocrx_word' id='word_1_678' title='bbox 1144 4802 1445 4871; x_wconf 89' lang='lat' dir='ltr'><strong>redemptos</strong></span> <span class='ocrx_word' id='word_1_679' title='bbox 1472 4811 1525 4857; x_wconf 92' lang='lat' dir='ltr'><strong>ct</strong></span> <span class='ocrx_word' id='word_1_680' title='bbox 1557 4820 1588 4857; x_wconf 93' lang='lat' dir='ltr'><strong>e</strong></span> <span class='ocrx_word' id='word_1_681' title='bbox 1629 4806 1843 4859; x_wconf 85' lang='lat' dir='ltr'><strong>tumulis</strong></span> 
     </span>
    </p>
   </div>
   <div class='ocr_carea' id='block_1_104' title="bbox 273 4871 1838 4943">
    <p class='ocr_par' dir='ltr' id='par_1_104' title="bbox 273 4871 1838 4943">
     <span class='ocr_line' id='line_1_106' title="bbox 273 4871 1838 4943; baseline -0.004 -11"><span class='ocrx_word' id='word_1_682' title='bbox 273 4871 558 4940; x_wconf 80' lang='lat' dir='ltr'><strong>excitatos,</strong></span> <span class='ocrx_word' id='word_1_683' title='bbox 598 4871 663 4927; x_wconf 15' lang='lat' dir='ltr'><strong>rut</strong></span> <span class='ocrx_word' id='word_1_684' title='bbox 702 4888 802 4926; x_wconf 90' lang='lat' dir='ltr'><strong>una</strong></span> <span class='ocrx_word' id='word_1_685' title='bbox 846 4887 967 4925; x_wconf 91' lang='lat' dir='ltr'><strong>cum</strong></span> <span class='ocrx_word' id='word_1_686' title='bbox 1008 4871 1221 4926; x_wconf 70' lang='lat' dir='ltr'><strong>Christo</strong></span> <span class='ocrx_word' id='word_1_687' title='bbox 1249 4875 1298 4925; x_wconf 94' lang='lat' dir='ltr'><strong>in</strong></span> <span class='ocrx_word' id='word_1_688' title='bbox 1341 4873 1479 4927; x_wconf 73' lang='lat' dir='ltr'><strong>emlo</strong></span> <span class='ocrx_word' id='word_1_689' title='bbox 1522 4886 1838 4943; x_wconf 76' lang='lat' dir='ltr'><strong>regnarent:</strong></span> 
     </span>
    </p>
   </div>
   <div class='ocr_carea' id='block_1_105' title="bbox 274 4943 1843 5012">
    <p class='ocr_par' dir='ltr' id='par_1_105' title="bbox 274 4943 1843 5012">
     <span class='ocr_line' id='line_1_107' title="bbox 274 4943 1843 5012; baseline -0.003 -11"><span class='ocrx_word' id='word_1_690' title='bbox 274 4962 399 5001; x_wconf 89' lang='lat' dir='ltr'><strong>nam</strong></span> <span class='ocrx_word' id='word_1_691' title='bbox 429 4956 709 5012; x_wconf 89' lang='lat' dir='ltr'><strong>utrumque</strong></span> <span class='ocrx_word' id='word_1_692' title='bbox 749 4943 976 5011; x_wconf 78' lang='lat' dir='ltr'><strong>pertinet</strong></span> <span class='ocrx_word' id='word_1_693' title='bbox 1020 4943 1085 4994; x_wconf 91' lang='lat' dir='ltr'><strong>ad</strong></span> <span class='ocrx_word' id='word_1_694' title='bbox 1114 4943 1438 4995; x_wconf 83' lang='lat' dir='ltr'><strong>voluntatem</strong></span> <span class='ocrx_word' id='word_1_695' title='bbox 1470 4944 1706 4997; x_wconf 88' lang='lat' dir='ltr'><strong>salvandi</strong></span> <span class='ocrx_word' id='word_1_696' title='bbox 1744 4944 1843 4997; x_wconf 84' lang='lat' dir='ltr'><strong>ho-</strong></span> 
     </span>
    </p>
   </div>
   <div class='ocr_carea' id='block_1_106' title="bbox 272 5012 1846 5084">
    <p class='ocr_par' dir='ltr' id='par_1_106' title="bbox 272 5012 1846 5084">
     <span class='ocr_line' id='line_1_108' title="bbox 272 5012 1846 5084; baseline -0.002 -12"><span class='ocrx_word' id='word_1_697' title='bbox 272 5018 469 5081; x_wconf 88' lang='lat' dir='ltr'><strong>mines,</strong></span> <span class='ocrx_word' id='word_1_698' title='bbox 496 5029 652 5084; x_wconf 91' lang='lat' dir='ltr'><strong>quam</strong></span> <span class='ocrx_word' id='word_1_699' title='bbox 685 5015 735 5067; x_wconf 93' lang='lat' dir='ltr'><strong>in</strong></span> <span class='ocrx_word' id='word_1_700' title='bbox 770 5014 877 5067; x_wconf 89' lang='lat' dir='ltr'><strong>Deo</strong></span> <span class='ocrx_word' id='word_1_701' title='bbox 909 5013 1095 5084; x_wconf 85' lang='lat' dir='ltr'><strong>astruit</strong></span> <span class='ocrx_word' id='word_1_702' title='bbox 1138 5012 1455 5067; x_wconf 89' lang='lat' dir='ltr'><strong>Prudentius</strong></span> <span class='ocrx_word' id='word_1_703' title='bbox 1489 5030 1503 5067; x_wconf 89' lang='lat'>:</span> <span class='ocrx_word' id='word_1_704' title='bbox 1532 5030 1754 5081; x_wconf 69' lang='lat' dir='ltr'><strong>qumque</strong></span> <span class='ocrx_word' id='word_1_705' title='bbox 1781 5028 1846 5069; x_wconf 91' lang='lat' dir='ltr'><strong>eo</strong></span> 
     </span>
    </p>
   </div>
   <div class='ocr_carea' id='block_1_107' title="bbox 273 5083 1842 5156">
    <p class='ocr_par' dir='ltr' id='par_1_107' title="bbox 273 5083 1842 5156">
     <span class='ocr_line' id='line_1_109' title="bbox 273 5083 1842 5156; baseline -0.002 -15"><span class='ocrx_word' id='word_1_706' title='bbox 273 5088 447 5156; x_wconf 86' lang='lat' dir='ltr'><strong>major</strong></span> <span class='ocrx_word' id='word_1_707' title='bbox 474 5096 576 5151; x_wconf 83' lang='lat' dir='ltr'><strong>est,</strong></span> <span class='ocrx_word' id='word_1_708' title='bbox 612 5099 718 5152; x_wconf 91' lang='lat' dir='ltr'><strong>quo</strong></span> <span class='ocrx_word' id='word_1_709' title='bbox 761 5087 930 5156; x_wconf 80' lang='lat' dir='ltr'><strong>magis</strong></span> <span class='ocrx_word' id='word_1_710' title='bbox 960 5083 1098 5156; x_wconf 90' lang='lat' dir='ltr'><strong>Deus</strong></span> <span class='ocrx_word' id='word_1_711' title='bbox 1146 5084 1414 5156; x_wconf 83' lang='lat' dir='ltr'><strong>hominem</strong></span> <span class='ocrx_word' id='word_1_712' title='bbox 1461 5084 1628 5156; x_wconf 77' lang='lat' dir='ltr'><strong>gloria</strong></span> <span class='ocrx_word' id='word_1_713' title='bbox 1658 5084 1842 5156; x_wconf 66' lang='lat' dir='ltr'><strong>afficit.</strong></span> 
     </span>
    </p>
   </div>
   <div class='ocr_carea' id='block_1_108' title="bbox 278 5153 1849 5221">
    <p class='ocr_par' dir='ltr' id='par_1_108' title="bbox 278 5153 1849 5221">
     <span class='ocr_line' id='line_1_110' title="bbox 278 5153 1849 5221; baseline -0.004 -9"><span class='ocrx_word' id='word_1_714' title='bbox 278 5153 769 5211; x_wconf 54' lang='lat' dir='ltr'><strong>De&#39;resurrectione</strong></span> <span class='ocrx_word' id='word_1_715' title='bbox 793 5153 1113 5207; x_wconf 90' lang='lat' dir='ltr'><strong>Prudentius</strong></span> <span class='ocrx_word' id='word_1_716' title='bbox 1132 5153 1327 5221; x_wconf 82' lang='lat' dir='ltr'><strong>Apellt.</strong></span> <span class='ocrx_word' id='word_1_717' title='bbox 1354 5168 1496 5207; x_wconf 87' lang='lat' dir='ltr'><strong>vers.</strong></span> <span class='ocrx_word' id='word_1_718' title='bbox 1524 5154 1659 5208; x_wconf 90' lang='lat'><strong>780:</strong></span> <span class='ocrx_word' id='word_1_719' title='bbox 1688 5155 1849 5207; x_wconf 84' lang='lat' dir='ltr'><strong>Omne</strong></span> 
     </span>
    </p>
   </div>
   <div class='ocr_carea' id='block_1_109' title="bbox 272 5221 1852 5293">
    <p class='ocr_par' dir='ltr' id='par_1_109' title="bbox 272 5221 1852 5293">
     <span class='ocr_line' id='line_1_111' title="bbox 272 5221 1852 5293; baseline -0.003 -12"><span class='ocrx_word' id='word_1_720' title='bbox 272 5227 541 5289; x_wconf 86' lang='lat' dir='ltr'><strong>reducens,</strong></span> <span class='ocrx_word' id='word_1_721' title='bbox 573 5224 832 5293; x_wconf 82' lang='lat' dir='ltr'><strong>Quidquid</strong></span> <span class='ocrx_word' id='word_1_722' title='bbox 859 5221 1007 5277; x_wconf 82' lang='lat' dir='ltr'><strong>homo</strong></span> <span class='ocrx_word' id='word_1_723' title='bbox 1029 5232 1137 5289; x_wconf 88' lang='lat' dir='ltr'><strong>est;</strong></span> <span class='ocrx_word' id='word_1_724' title='bbox 1181 5223 1316 5276; x_wconf 82' lang='lat' dir='ltr'><strong>istud</strong></span> <span class='ocrx_word' id='word_1_725' title='bbox 1357 5223 1584 5292; x_wconf 87' lang='lat' dir='ltr'><strong>tumulis,</strong></span> <span class='ocrx_word' id='word_1_726' title='bbox 1617 5236 1692 5277; x_wconf 85' lang='lat' dir='ltr'><strong>ast</strong></span> <span class='ocrx_word' id='word_1_727' title='bbox 1722 5224 1852 5278; x_wconf 83' lang='lat' dir='ltr'><strong>illud</strong></span> 
     </span>
    </p>
   </div>
   <div class='ocr_carea' id='block_1_110' title="bbox 277 5299 486 5351">
    <p class='ocr_par' dir='ltr' id='par_1_110' title="bbox 277 5299 486 5351">
     <span class='ocr_line' id='line_1_112' title="bbox 277 5299 486 5351; baseline -0.01 0"><span class='ocrx_word' id='word_1_728' title='bbox 277 5299 486 5351; x_wconf 87' lang='lat' dir='ltr'><strong>abusso.</strong></span> 
     </span>
    </p>
   </div>
   <div class='ocr_carea' id='block_1_111' title="bbox 344 5314 1287 5436">
    <p class='ocr_par' dir='ltr' id='par_1_111' title="bbox 344 5314 1287 5436">
     <span class='ocr_line' id='line_1_113' title="bbox 344 5314 1287 5436; baseline -0.006 -15"><span class='ocrx_word' id='word_1_729' title='bbox 344 5314 486 5421; x_wconf 48' lang='grc'><strong>66⁸10..</strong></span> <span class='ocrx_word' id='word_1_730' title='bbox 504 5364 871 5436; x_wconf 26' lang='grc' dir='ltr'><strong>Ριοθεηηῖαεὶκ</strong></span> <span class='ocrx_word' id='word_1_731' title='bbox 899 5363 1099 5436; x_wconf 65' lang='lat' dir='ltr'><strong>caeteri,</strong></span> <span class='ocrx_word' id='word_1_732' title='bbox 1126 5365 1287 5436; x_wconf 84' lang='lat' dir='ltr'><strong>jubet.</strong></span> 
     </span>
    </p>
   </div>
   <div class='ocr_carea' id='block_1_112' title="bbox 348 5434 1845 5505">
    <p class='ocr_par' dir='ltr' id='par_1_112' title="bbox 348 5434 1845 5505">
     <span class='ocr_line' id='line_1_114' title="bbox 348 5434 1845 5505; baseline -0.001 -13"><span class='ocrx_word' id='word_1_733' title='bbox 348 5437 473 5492; x_wconf 69' lang='grc'><strong>664.</strong></span> <span class='ocrx_word' id='word_1_734' title='bbox 507 5434 647 5499; x_wconf 73' lang='grc' dir='ltr'><strong>Ρυιζ,</strong></span> <span class='ocrx_word' id='word_1_735' title='bbox 673 5435 903 5497; x_wconf 87' lang='lat' dir='ltr'><strong>Thuan.,</strong></span> <span class='ocrx_word' id='word_1_736' title='bbox 923 5434 1121 5505; x_wconf 73' lang='lat' dir='ltr'><strong>Wjdm.</strong></span> <span class='ocrx_word' id='word_1_737' title='bbox 1146 5443 1199 5488; x_wconf 90' lang='lat' dir='ltr'><strong>et</strong></span> <span class='ocrx_word' id='word_1_738' title='bbox 1223 5435 1389 5503; x_wconf 80' lang='lat' dir='ltr'><strong>Bong.</strong></span> <span class='ocrx_word' id='word_1_739' title='bbox 1414 5437 1479 5489; x_wconf 90' lang='lat' dir='ltr'><strong>ad</strong></span> <span class='ocrx_word' id='word_1_740' title='bbox 1500 5451 1668 5499; x_wconf 83' lang='lat' dir='ltr'><strong>oram,</strong></span> <span class='ocrx_word' id='word_1_741' title='bbox 1692 5435 1845 5490; x_wconf 76' lang='lat' dir='ltr'><strong>Alex.</strong></span> 
     </span>
    </p>
   </div>
   <div class='ocr_carea' id='block_1_113' title="bbox 276 5504 1847 5577">
    <p class='ocr_par' dir='ltr' id='par_1_113' title="bbox 276 5504 1847 5577">
     <span class='ocr_line' id='line_1_115' title="bbox 276 5504 1847 5577; baseline -0.003 -14"><span class='ocrx_word' id='word_1_742' title='bbox 276 5526 307 5563; x_wconf 88' lang='lat' dir='ltr'><strong>a</strong></span> <span class='ocrx_word' id='word_1_743' title='bbox 341 5508 508 5577; x_wconf 90' lang='lat' dir='ltr'><strong>prima</strong></span> <span class='ocrx_word' id='word_1_744' title='bbox 541 5521 719 5577; x_wconf 88' lang='lat' dir='ltr'><strong>manu,</strong></span> <span class='ocrx_word' id='word_1_745' title='bbox 754 5509 939 5577; x_wconf 66' lang='lat' dir='ltr'><strong>l’rag.,</strong></span> <span class='ocrx_word' id='word_1_746' title='bbox 977 5504 1103 5577; x_wconf 13' lang='lat' dir='ltr'><strong>litat.</strong></span> <span class='ocrx_word' id='word_1_747' title='bbox 1131 5519 1161 5577; x_wconf 80' lang='lat' dir='ltr'><strong>a</strong></span> <span class='ocrx_word' id='word_1_748' title='bbox 1201 5506 1373 5577; x_wconf 82' lang='lat' dir='ltr'><strong>prisca</strong></span> <span class='ocrx_word' id='word_1_749' title='bbox 1406 5522 1585 5572; x_wconf 86' lang='lat' dir='ltr'><strong>manu,</strong></span> <span class='ocrx_word' id='word_1_750' title='bbox 1619 5522 1712 5573; x_wconf 87' lang='lat' dir='ltr'><strong>ape</strong></span> <span class='ocrx_word' id='word_1_751' title='bbox 1740 5522 1847 5559; x_wconf 73' lang='lat' dir='ltr'><strong>res-</strong></span> 
     </span>
    </p>
   </div>
   <div class='ocr_carea' id='block_1_114' title="bbox 281 5574 1848 5644">
    <p class='ocr_par' dir='ltr' id='par_1_114' title="bbox 281 5574 1848 5644">
     <span class='ocr_line' id='line_1_116' title="bbox 281 5574 1848 5644; baseline -0.002 -11"><span class='ocrx_word' id='word_1_752' title='bbox 281 5574 488 5633; x_wconf 80' lang='lat' dir='ltr'><strong>taurare</strong></span> <span class='ocrx_word' id='word_1_753' title='bbox 515 5576 755 5641; x_wconf 88' lang='lat' dir='ltr'><strong>secunda,</strong></span> <span class='ocrx_word' id='word_1_754' title='bbox 802 5574 943 5643; x_wconf 88' lang='lat' dir='ltr'><strong>quod</strong></span> <span class='ocrx_word' id='word_1_755' title='bbox 975 5574 1217 5629; x_wconf 38' lang='lat' dir='ltr'><strong>lleinsio’</strong></span> <span class='ocrx_word' id='word_1_756' title='bbox 1241 5575 1453 5644; x_wconf 82' lang='lat' dir='ltr'><strong>placuit.</strong></span> <span class='ocrx_word' id='word_1_757' title='bbox 1489 5578 1589 5629; x_wconf 76' lang='lat' dir='ltr'><strong>Alii</strong></span> <span class='ocrx_word' id='word_1_758' title='bbox 1620 5586 1848 5637; x_wconf 88' lang='lat' dir='ltr'><strong>veteres.</strong></span> 
     </span>
    </p>
   </div>
   <div class='ocr_carea' id='block_1_115' title="bbox 279 5645 1853 5718">
    <p class='ocr_par' dir='ltr' id='par_1_115' title="bbox 279 5645 1853 5718">
     <span class='ocr_line' id='line_1_117' title="bbox 279 5645 1853 5718; baseline -0.001 -15"><span class='ocrx_word' id='word_1_759' title='bbox 279 5665 432 5718; x_wconf 84' lang='lat' dir='ltr'><strong>opere</strong></span> <span class='ocrx_word' id='word_1_760' title='bbox 452 5649 735 5701; x_wconf 82' lang='lat' dir='ltr'><strong>instaurare</strong></span> <span class='ocrx_word' id='word_1_761' title='bbox 762 5646 1003 5710; x_wconf 83' lang='lat' dir='ltr'><strong>secundo,</strong></span> <span class='ocrx_word' id='word_1_762' title='bbox 1031 5645 1177 5718; x_wconf 81' lang='lat' dir='ltr'><strong>quod</strong></span> <span class='ocrx_word' id='word_1_763' title='bbox 1198 5645 1507 5718; x_wconf 83' lang='lat' dir='ltr'><strong>inantiquis</strong></span> <span class='ocrx_word' id='word_1_764' title='bbox 1533 5646 1853 5701; x_wconf 87' lang='lat' dir='ltr'><strong>editionibus</strong></span> 
     </span>
    </p>
   </div>
   <div class='ocr_carea' id='block_1_116' title="bbox 280 5715 1848 5789">
    <p class='ocr_par' dir='ltr' id='par_1_116' title="bbox 280 5715 1848 5789">
     <span class='ocr_line' id='line_1_118' title="bbox 280 5715 1848 5789; baseline 0.001 -17"><span class='ocrx_word' id='word_1_765' title='bbox 280 5715 503 5789; x_wconf 77' lang='lat' dir='ltr'><strong>apparet</strong></span> <span class='ocrx_word' id='word_1_766' title='bbox 536 5736 546 5768; x_wconf 92' lang='lat'><strong>:</strong></span> <span class='ocrx_word' id='word_1_767' title='bbox 582 5732 700 5771; x_wconf 91' lang='lat' dir='ltr'><strong>nam</strong></span> <span class='ocrx_word' id='word_1_768' title='bbox 734 5718 1057 5789; x_wconf 80' lang='lat' dir='ltr'><strong>recentiores</strong></span> <span class='ocrx_word' id='word_1_769' title='bbox 1086 5715 1356 5789; x_wconf 79' lang='lat' dir='ltr'><strong>lleinsium</strong></span> <span class='ocrx_word' id='word_1_770' title='bbox 1395 5715 1507 5770; x_wconf 89' lang='lat' dir='ltr'><strong>fere</strong></span> <span class='ocrx_word' id='word_1_771' title='bbox 1535 5729 1848 5784; x_wconf 88' lang='lat' dir='ltr'><strong>sequuntur.</strong></span> 
     </span>
    </p>
   </div>
   <div class='ocr_carea' id='block_1_117' title="bbox 284 5785 1889 5857">
    <p class='ocr_par' dir='ltr' id='par_1_117' title="bbox 284 5785 1889 5857">
     <span class='ocr_line' id='line_1_119' title="bbox 284 5785 1889 5857; baseline -0.001 -13"><span class='ocrx_word' id='word_1_772' title='bbox 284 5785 619 5845; x_wconf 38' lang='lat' dir='ltr'><strong>ll&#39;u&#39;rmannus</strong></span> <span class='ocrx_word' id='word_1_773' title='bbox 648 5797 773 5841; x_wconf 90' lang='lat' dir='ltr'><strong>tom.</strong></span> <span class='ocrx_word' id='word_1_774' title='bbox 800 5785 1077 5853; x_wconf 78' lang='lat' dir='ltr'><strong>lAnthol.,</strong></span> <span class='ocrx_word' id='word_1_775' title='bbox 1097 5801 1215 5857; x_wconf 86' lang='lat' dir='ltr'><strong>pag.</strong></span> <span class='ocrx_word' id='word_1_776' title='bbox 1250 5786 1375 5855; x_wconf 69' lang='lat'><strong>459,</strong></span> <span class='ocrx_word' id='word_1_777' title='bbox 1398 5803 1517 5847; x_wconf 87' lang='lat' dir='ltr'><strong>cum</strong></span> <span class='ocrx_word' id='word_1_778' title='bbox 1548 5788 1698 5856; x_wconf 80' lang='lat' dir='ltr'><strong>Egm.</strong></span> <span class='ocrx_word' id='word_1_779' title='bbox 1726 5803 1889 5851; x_wconf 37' lang='lat' dir='ltr'><strong>coita</strong></span> 
     </span>
    </p>
   </div>
   <div class='ocr_carea' id='block_1_118' title="bbox 1954 4803 3519 4874">
    <p class='ocr_par' dir='ltr' id='par_1_118' title="bbox 1954 4803 3519 4874">
     <span class='ocr_line' id='line_1_120' title="bbox 1954 4803 3519 4874; baseline 0.004 -19"><span class='ocrx_word' id='word_1_780' title='bbox 1954 4816 2034 4874; x_wconf 76' lang='lat' dir='ltr'><strong>ret</strong></span> <span class='ocrx_word' id='word_1_781' title='bbox 2066 4822 2079 4858; x_wconf 87' lang='lat'><strong>:</strong></span> <span class='ocrx_word' id='word_1_782' title='bbox 2115 4822 2214 4872; x_wconf 88' lang='lat' dir='ltr'><strong>qua</strong></span> <span class='ocrx_word' id='word_1_783' title='bbox 2260 4805 2480 4872; x_wconf 81' lang='lat' dir='ltr'><strong>proinde</strong></span> <span class='ocrx_word' id='word_1_784' title='bbox 2512 4806 2669 4874; x_wconf 87' lang='lat' dir='ltr'><strong>homo</strong></span> <span class='ocrx_word' id='word_1_785' title='bbox 2699 4813 2752 4857; x_wconf 92' lang='lat' dir='ltr'><strong>et</strong></span> <span class='ocrx_word' id='word_1_786' title='bbox 2780 4803 2916 4858; x_wconf 86' lang='lat' dir='ltr'><strong>bene</strong></span> <span class='ocrx_word' id='word_1_787' title='bbox 2962 4810 3019 4857; x_wconf 88' lang='lat' dir='ltr'><strong>et</strong></span> <span class='ocrx_word' id='word_1_788' title='bbox 3045 4803 3182 4857; x_wconf 84' lang='lat' dir='ltr'><strong>male</strong></span> <span class='ocrx_word' id='word_1_789' title='bbox 3227 4806 3300 4859; x_wconf 91' lang='lat' dir='ltr'><strong>ttti</strong></span> <span class='ocrx_word' id='word_1_790' title='bbox 3330 4803 3519 4874; x_wconf 70' lang='lat' dir='ltr'><strong>potest.</strong></span> 
     </span>
    </p>
   </div>
   <div class='ocr_carea' id='block_1_119' title="bbox 1958 4873 2579 4941">
    <p class='ocr_par' dir='ltr' id='par_1_119' title="bbox 1958 4873 2579 4941">
     <span class='ocr_line' id='line_1_121' title="bbox 1958 4873 2579 4941; baseline 0 -16"><span class='ocrx_word' id='word_1_791' title='bbox 1958 4873 2086 4925; x_wconf 77' lang='lat' dir='ltr'><strong>Vide</strong></span> <span class='ocrx_word' id='word_1_792' title='bbox 2120 4875 2319 4941; x_wconf 75' lang='lat' dir='ltr'><strong>proleg.</strong></span> <span class='ocrx_word' id='word_1_793' title='bbox 2343 4890 2461 4939; x_wconf 89' lang='lat' dir='ltr'><strong>cap.</strong></span> <span class='ocrx_word' id='word_1_794' title='bbox 2496 4873 2579 4926; x_wconf 84' lang='grc'><strong>16.</strong></span> 
     </span>
    </p>
   </div>
   <div class='ocr_carea' id='block_1_120' title="bbox 2025 4942 3522 5013">
    <p class='ocr_par' dir='ltr' id='par_1_120' title="bbox 2025 4942 3522 5013">
     <span class='ocr_line' id='line_1_122' title="bbox 2025 4942 3522 5013; baseline 0.003 -16"><span class='ocrx_word' id='word_1_795' title='bbox 2025 4945 2148 4998; x_wconf 70' lang='grc'><strong>674.</strong></span> <span class='ocrx_word' id='word_1_796' title='bbox 2199 4945 2302 4997; x_wconf 85' lang='lat' dir='ltr'><strong>Pro</strong></span> <span class='ocrx_word' id='word_1_797' title='bbox 2352 4946 2511 5013; x_wconf 81' lang='lat' dir='ltr'><strong>nescis</strong></span> <span class='ocrx_word' id='word_1_798' title='bbox 2562 4942 2718 4997; x_wconf 87' lang='lat' dir='ltr'><strong>Fabr.</strong></span> <span class='ocrx_word' id='word_1_799' title='bbox 2767 4951 2821 4998; x_wconf 90' lang='lat' dir='ltr'><strong>et</strong></span> <span class='ocrx_word' id='word_1_800' title='bbox 2858 4942 3024 5013; x_wconf 80' lang='lat' dir='ltr'><strong>Bong.</strong></span> <span class='ocrx_word' id='word_1_801' title='bbox 3074 4945 3331 5012; x_wconf 84' lang='lat' dir='ltr'><strong>uescisque</strong></span> <span class='ocrx_word' id='word_1_802' title='bbox 3383 4947 3522 5013; x_wconf 88' lang='lat' dir='ltr'><strong>apud</strong></span> 
     </span>
    </p>
   </div>
   <div class='ocr_carea' id='block_1_121' title="bbox 1954 5012 3521 5081">
    <p class='ocr_par' dir='ltr' id='par_1_121' title="bbox 1954 5012 3521 5081">
     <span class='ocr_line' id='line_1_123' title="bbox 1954 5012 3521 5081; baseline 0.002 -13"><span class='ocrx_word' id='word_1_803' title='bbox 1954 5013 2258 5078; x_wconf 83' lang='lat' dir='ltr'><strong>Weitzium,</strong></span> <span class='ocrx_word' id='word_1_804' title='bbox 2283 5012 2370 5081; x_wconf 91' lang='lat' dir='ltr'><strong>qui</strong></span> <span class='ocrx_word' id='word_1_805' title='bbox 2394 5014 2583 5066; x_wconf 87' lang='lat' dir='ltr'><strong>Aldum</strong></span> <span class='ocrx_word' id='word_1_806' title='bbox 2602 5028 2808 5081; x_wconf 88' lang='lat' dir='ltr'><strong>quoque</strong></span> <span class='ocrx_word' id='word_1_807' title='bbox 2828 5012 3015 5081; x_wconf 85' lang='lat' dir='ltr'><strong>allegat</strong></span> <span class='ocrx_word' id='word_1_808' title='bbox 3040 5028 3136 5079; x_wconf 87' lang='lat' dir='ltr'><strong>pro</strong></span> <span class='ocrx_word' id='word_1_809' title='bbox 3158 5015 3255 5068; x_wconf 86' lang='lat' dir='ltr'><strong>hac</strong></span> <span class='ocrx_word' id='word_1_810' title='bbox 3276 5012 3521 5071; x_wconf 78' lang='lat' dir='ltr'><strong>lectione.</strong></span> 
     </span>
    </p>
   </div>
   <div class='ocr_carea' id='block_1_122' title="bbox 1958 5083 3519 5154">
    <p class='ocr_par' dir='ltr' id='par_1_122' title="bbox 1958 5083 3519 5154">
     <span class='ocr_line' id='line_1_124' title="bbox 1958 5083 3519 5154; baseline 0.002 -16"><span class='ocrx_word' id='word_1_811' title='bbox 1958 5084 2087 5138; x_wconf 84' lang='lat' dir='ltr'><strong>Mihi</strong></span> <span class='ocrx_word' id='word_1_812' title='bbox 2122 5084 2308 5154; x_wconf 83' lang='lat' dir='ltr'><strong>Aldus,</strong></span> <span class='ocrx_word' id='word_1_813' title='bbox 2354 5084 2513 5137; x_wconf 84' lang='lat' dir='ltr'><strong>nescis</strong></span> <span class='ocrx_word' id='word_1_814' title='bbox 2558 5083 2619 5135; x_wconf 89' lang='lat' dir='ltr'><strong>ab</strong></span> <span class='ocrx_word' id='word_1_815' title='bbox 2649 5084 2845 5154; x_wconf 86' lang='lat' dir='ltr'><strong>origine</strong></span> <span class='ocrx_word' id='word_1_816' title='bbox 2868 5122 2881 5143; x_wconf 88' lang='lat'><strong>,</strong></span> <span class='ocrx_word' id='word_1_817' title='bbox 2912 5084 3052 5154; x_wconf 88' lang='lat' dir='ltr'><strong>quod</strong></span> <span class='ocrx_word' id='word_1_818' title='bbox 3082 5084 3391 5137; x_wconf 90' lang='lat' dir='ltr'><strong>concinnins</strong></span> <span class='ocrx_word' id='word_1_819' title='bbox 3419 5096 3519 5141; x_wconf 90' lang='lat' dir='ltr'><strong>est.</strong></span> 
     </span>
    </p>
   </div>
   <div class='ocr_carea' id='block_1_123' title="bbox 1958 5152 3522 5219">
    <p class='ocr_par' dir='ltr' id='par_1_123' title="bbox 1958 5152 3522 5219">
     <span class='ocr_line' id='line_1_125' title="bbox 1958 5152 3522 5219; baseline 0.001 -12"><span class='ocrx_word' id='word_1_820' title='bbox 1958 5154 2207 5207; x_wconf 84' lang='lat' dir='ltr'><strong>Claudius</strong></span> <span class='ocrx_word' id='word_1_821' title='bbox 2233 5153 2425 5206; x_wconf 85' lang='lat' dir='ltr'><strong>Marius</strong></span> <span class='ocrx_word' id='word_1_822' title='bbox 2453 5154 2628 5207; x_wconf 73' lang='lat' dir='ltr'><strong>Victor</strong></span> <span class='ocrx_word' id='word_1_823' title='bbox 2656 5152 2859 5219; x_wconf 65' lang='lat' dir='ltr'><strong>prii-fat.</strong></span> <span class='ocrx_word' id='word_1_824' title='bbox 2892 5152 3189 5206; x_wconf 87' lang='lat' dir='ltr'><strong>Comment.</strong></span> <span class='ocrx_word' id='word_1_825' title='bbox 3222 5155 3272 5206; x_wconf 92' lang='lat' dir='ltr'><strong>in</strong></span> <span class='ocrx_word' id='word_1_826' title='bbox 3295 5154 3522 5209; x_wconf 87' lang='lat' dir='ltr'><strong>Genesin</strong></span> 
     </span>
    </p>
   </div>
   <div class='ocr_carea' id='block_1_124' title="bbox 1960 5222 3522 5291">
    <p class='ocr_par' dir='ltr' id='par_1_124' title="bbox 1960 5222 3522 5291">
     <span class='ocr_line' id='line_1_126' title="bbox 1960 5222 3522 5291; baseline 0 -13"><span class='ocrx_word' id='word_1_827' title='bbox 1960 5226 2100 5279; x_wconf 87' lang='lat' dir='ltr'><strong>idem</strong></span> <span class='ocrx_word' id='word_1_828' title='bbox 2148 5236 2509 5291; x_wconf 89' lang='lat' dir='ltr'><strong>argumentum</strong></span> <span class='ocrx_word' id='word_1_829' title='bbox 2542 5233 2855 5291; x_wconf 86' lang='lat' dir='ltr'><strong>pertractat,</strong></span> <span class='ocrx_word' id='word_1_830' title='bbox 2886 5222 3036 5291; x_wconf 88' lang='lat' dir='ltr'><strong>cujus</strong></span> <span class='ocrx_word' id='word_1_831' title='bbox 3068 5225 3285 5276; x_wconf 88' lang='lat' dir='ltr'><strong>notandi</strong></span> <span class='ocrx_word' id='word_1_832' title='bbox 3317 5234 3439 5278; x_wconf 90' lang='lat' dir='ltr'><strong>sunt</strong></span> <span class='ocrx_word' id='word_1_833' title='bbox 3470 5227 3522 5279; x_wconf 91' lang='lat' dir='ltr'><strong>hi</strong></span> 
     </span>
    </p>
   </div>
   <div class='ocr_carea' id='block_1_125' title="bbox 1960 5292 3526 5362">
    <p class='ocr_par' dir='ltr' id='par_1_125' title="bbox 1960 5292 3526 5362">
     <span class='ocr_line' id='line_1_127' title="bbox 1960 5292 3526 5362; baseline 0.001 -15"><span class='ocrx_word' id='word_1_834' title='bbox 1960 5310 2145 5348; x_wconf 90' lang='lat' dir='ltr'><strong>versus</strong></span> <span class='ocrx_word' id='word_1_835' title='bbox 2179 5311 2191 5345; x_wconf 91' lang='lat'>:</span> <span class='ocrx_word' id='word_1_836' title='bbox 2230 5292 2393 5345; x_wconf 79' lang='lat' dir='ltr'><strong>Porro</strong></span> <span class='ocrx_word' id='word_1_837' title='bbox 2423 5295 2572 5346; x_wconf 85' lang='lat' dir='ltr'><strong>etiam</strong></span> <span class='ocrx_word' id='word_1_838' title='bbox 2602 5295 2757 5362; x_wconf 83' lang='lat' dir='ltr'><strong>(mihi</strong></span> <span class='ocrx_word' id='word_1_839' title='bbox 2779 5295 2824 5346; x_wconf 87' lang='lat' dir='ltr'><strong>si</strong></span> <span class='ocrx_word' id='word_1_840' title='bbox 2855 5297 2934 5361; x_wconf 75' lang='lat' dir='ltr'><strong>fas</strong></span> <span class='ocrx_word' id='word_1_841' title='bbox 2954 5302 3025 5344; x_wconf 88' lang='lat' dir='ltr'><strong>est</strong></span> <span class='ocrx_word' id='word_1_842' title='bbox 3052 5293 3144 5344; x_wconf 83' lang='lat' dir='ltr'><strong>hoc</strong></span> <span class='ocrx_word' id='word_1_843' title='bbox 3171 5294 3355 5359; x_wconf 79' lang='lat' dir='ltr'><strong>dicere,</strong></span> <span class='ocrx_word' id='word_1_844' title='bbox 3385 5295 3526 5349; x_wconf 85' lang='lat' dir='ltr'><strong>salua</strong></span> 
     </span>
    </p>
   </div>
   <div class='ocr_carea' id='block_1_126' title="bbox 1960 5362 3525 5434">
    <p class='ocr_par' dir='ltr' id='par_1_126' title="bbox 1960 5362 3525 5434">
     <span class='ocr_line' id='line_1_128' title="bbox 1960 5362 3525 5434; baseline 0.001 -17"><span class='ocrx_word' id='word_1_845' title='bbox 1960 5364 2097 5418; x_wconf 86' lang='lat' dir='ltr'><strong>Pace</strong></span> <span class='ocrx_word' id='word_1_846' title='bbox 2135 5376 2241 5427; x_wconf 90' lang='lat' dir='ltr'><strong>tua,</strong></span> <span class='ocrx_word' id='word_1_847' title='bbox 2270 5363 2511 5432; x_wconf 78' lang='lat' dir='ltr'><strong>Genitor)</strong></span> <span class='ocrx_word' id='word_1_848' title='bbox 2558 5366 2724 5434; x_wconf 85' lang='lat' dir='ltr'><strong>majus</strong></span> <span class='ocrx_word' id='word_1_849' title='bbox 2765 5364 2992 5429; x_wconf 78' lang='lat' dir='ltr'><strong>fortassis</strong></span> <span class='ocrx_word' id='word_1_850' title='bbox 3034 5362 3172 5434; x_wconf 81' lang='lat' dir='ltr'><strong>apud</strong></span> <span class='ocrx_word' id='word_1_851' title='bbox 3211 5372 3256 5414; x_wconf 90' lang='lat' dir='ltr'><strong>te</strong></span> <span class='ocrx_word' id='word_1_852' title='bbox 3288 5374 3361 5417; x_wconf 85' lang='lat' dir='ltr'><strong>est</strong></span> <span class='ocrx_word' id='word_1_853' title='bbox 3404 5363 3525 5418; x_wconf 88' lang='lat' dir='ltr'><strong>Non</strong></span> 
     </span>
    </p>
   </div>
   <div class='ocr_carea' id='block_1_127' title="bbox 1960 5433 3524 5505">
    <p class='ocr_par' dir='ltr' id='par_1_127' title="bbox 1960 5433 3524 5505">
     <span class='ocr_line' id='line_1_129' title="bbox 1960 5433 3524 5505; baseline 0.001 -18"><span class='ocrx_word' id='word_1_854' title='bbox 1960 5450 2192 5505; x_wconf 84' lang='lat' dir='ltr'><strong>peccasse</strong></span> <span class='ocrx_word' id='word_1_855' title='bbox 2221 5434 2404 5488; x_wconf 89' lang='lat' dir='ltr'><strong>bonum</strong></span> <span class='ocrx_word' id='word_1_856' title='bbox 2436 5452 2522 5503; x_wconf 81' lang='lat' dir='ltr'><strong>per</strong></span> <span class='ocrx_word' id='word_1_857' title='bbox 2551 5433 2743 5505; x_wconf 82' lang='lat' dir='ltr'><strong>lubrica</strong></span> <span class='ocrx_word' id='word_1_858' title='bbox 2785 5445 3007 5505; x_wconf 75' lang='lat' dir='ltr'><strong>tenipora</strong></span> <span class='ocrx_word' id='word_1_859' title='bbox 3056 5433 3391 5505; x_wconf 74' lang='lat' dir='ltr'><strong>vitw,_Qitant</strong></span> <span class='ocrx_word' id='word_1_860' title='bbox 3432 5438 3524 5489; x_wconf 85' lang='lat' dir='ltr'><strong>mi-</strong></span> 
     </span>
    </p>
   </div>
   <div class='ocr_carea' id='block_1_128' title="bbox 1954 5500 3523 5572">
    <p class='ocr_par' dir='ltr' id='par_1_128' title="bbox 1954 5500 3523 5572">
     <span class='ocr_line' id='line_1_130' title="bbox 1954 5500 3523 5572; baseline 0.001 -14"><span class='ocrx_word' id='word_1_861' title='bbox 1954 5500 2080 5559; x_wconf 82' lang='lat' dir='ltr'><strong>seris</strong></span> <span class='ocrx_word' id='word_1_862' title='bbox 2111 5522 2337 5569; x_wconf 74' lang='lat' dir='ltr'><strong>peccasse</strong></span> <span class='ocrx_word' id='word_1_863' title='bbox 2360 5500 2550 5558; x_wconf 82' lang='lat' dir='ltr'><strong>malum</strong></span> <span class='ocrx_word' id='word_1_864' title='bbox 2574 5521 2593 5567; x_wconf 86' lang='lat'><strong><em>;</em></strong></span> <span class='ocrx_word' id='word_1_865' title='bbox 2629 5503 2715 5556; x_wconf 86' lang='lat' dir='ltr'><strong>sed</strong></span> <span class='ocrx_word' id='word_1_866' title='bbox 2754 5502 2957 5564; x_wconf 87' lang='lat' dir='ltr'><strong>videris,</strong></span> <span class='ocrx_word' id='word_1_867' title='bbox 2986 5510 3040 5553; x_wconf 89' lang='lat' dir='ltr'><strong>ut</strong></span> <span class='ocrx_word' id='word_1_868' title='bbox 3079 5518 3132 5554; x_wconf 87' lang='lat' dir='ltr'><strong>se</strong></span> <span class='ocrx_word' id='word_1_869' title='bbox 3164 5500 3276 5556; x_wconf 86' lang='lat' dir='ltr'><strong>lloc</strong></span> <span class='ocrx_word' id='word_1_870' title='bbox 3305 5503 3523 5572; x_wconf 80' lang='lat' dir='ltr'><strong>habeat,</strong></span> 
     </span>
    </p>
   </div>
   <div class='ocr_carea' id='block_1_129' title="bbox 1956 5577 2851 5629">
    <p class='ocr_par' dir='ltr' id='par_1_129' title="bbox 1956 5577 2851 5629">
     <span class='ocr_line' id='line_1_131' title="bbox 1956 5577 2851 5629; baseline -0.004 -1"><span class='ocrx_word' id='word_1_871' title='bbox 1956 5592 2136 5629; x_wconf 88' lang='lat' dir='ltr'><strong>causas</strong></span> <span class='ocrx_word' id='word_1_872' title='bbox 2165 5580 2252 5629; x_wconf 84' lang='lat' dir='ltr'><strong>uni</strong></span> <span class='ocrx_word' id='word_1_873' title='bbox 2280 5577 2359 5629; x_wconf 85' lang='lat' dir='ltr'><strong>cui</strong></span> <span class='ocrx_word' id='word_1_874' title='bbox 2385 5577 2634 5628; x_wconf 88' lang='lat' dir='ltr'><strong>credimus</strong></span> <span class='ocrx_word' id='word_1_875' title='bbox 2660 5589 2851 5625; x_wconf 87' lang='lat' dir='ltr'><strong>omnes.</strong></span> 
     </span>
    </p>
   </div>
   <div class='ocr_carea' id='block_1_130' title="bbox 2028 5644 3520 5711">
    <p class='ocr_par' dir='ltr' id='par_1_130' title="bbox 2028 5644 3520 5711">
     <span class='ocr_line' id='line_1_132' title="bbox 2028 5644 3520 5711; baseline 0.001 -11"><span class='ocrx_word' id='word_1_876' title='bbox 2028 5650 2149 5701; x_wconf 88' lang='grc'><strong>676.</strong></span> <span class='ocrx_word' id='word_1_877' title='bbox 2187 5645 2330 5707; x_wconf 86' lang='lat' dir='ltr'><strong>Put.,</strong></span> <span class='ocrx_word' id='word_1_878' title='bbox 2357 5647 2532 5702; x_wconf 78' lang='lat' dir='ltr'><strong>Alex..</strong></span> <span class='ocrx_word' id='word_1_879' title='bbox 2561 5644 2715 5708; x_wconf 87' lang='lat' dir='ltr'><strong>Urb.,</strong></span> <span class='ocrx_word' id='word_1_880' title='bbox 2738 5645 2987 5711; x_wconf 61' lang='lat' dir='ltr'><strong>lauruque,</strong></span> <span class='ocrx_word' id='word_1_881' title='bbox 3010 5644 3213 5699; x_wconf 89' lang='lat' dir='ltr'><strong>scilicet</strong></span> <span class='ocrx_word' id='word_1_882' title='bbox 3232 5645 3520 5701; x_wconf 80' lang='lat' dir='ltr'><strong>voluntatis.</strong></span> 
     </span>
    </p>
   </div>
   <div class='ocr_carea' id='block_1_131' title="bbox 1960 5713 3523 5783">
    <p class='ocr_par' dir='ltr' id='par_1_131' title="bbox 1960 5713 3523 5783">
     <span class='ocr_line' id='line_1_133' title="bbox 1960 5713 3523 5783; baseline 0 -12"><span class='ocrx_word' id='word_1_883' title='bbox 1960 5719 2059 5771; x_wconf 76' lang='lat' dir='ltr'><strong>Alii</strong></span> <span class='ocrx_word' id='word_1_884' title='bbox 2094 5716 2289 5767; x_wconf 82' lang='lat' dir='ltr'><strong>habent</strong></span> <span class='ocrx_word' id='word_1_885' title='bbox 2318 5715 2462 5776; x_wconf 72' lang='lat' dir='ltr'><strong>laxe;</strong></span> <span class='ocrx_word' id='word_1_886' title='bbox 2493 5714 2584 5767; x_wconf 87' lang='lat' dir='ltr'><strong>sed</strong></span> <span class='ocrx_word' id='word_1_887' title='bbox 2620 5715 2691 5767; x_wconf 90' lang='lat' dir='ltr'><strong>nil</strong></span> <span class='ocrx_word' id='word_1_888' title='bbox 2724 5713 2912 5767; x_wconf 89' lang='lat' dir='ltr'><strong>mirum</strong></span> <span class='ocrx_word' id='word_1_889' title='bbox 2943 5716 3010 5767; x_wconf 87' lang='lat' dir='ltr'><strong>de</strong></span> <span class='ocrx_word' id='word_1_890' title='bbox 3037 5715 3234 5780; x_wconf 74' lang='lat' dir='ltr'><strong>multis,</strong></span> <span class='ocrx_word' id='word_1_891' title='bbox 3262 5717 3310 5767; x_wconf 88' lang='lat' dir='ltr'><strong>iu</strong></span> <span class='ocrx_word' id='word_1_892' title='bbox 3336 5717 3523 5783; x_wconf 84' lang='lat' dir='ltr'><strong>quibus</strong></span> 
     </span>
    </p>
   </div>
   <div class='ocr_carea' id='block_1_132' title="bbox 1960 5784 3088 5853">
    <p class='ocr_par' dir='ltr' id='par_1_132' title="bbox 1960 5784 3088 5853">
     <span class='ocr_line' id='line_1_134' title="bbox 1960 5784 3088 5853; baseline 0 -12"><span class='ocrx_word' id='word_1_893' title='bbox 1960 5789 2148 5841; x_wconf 64' lang='lat' dir='ltr'><strong>desunt</strong></span> <span class='ocrx_word' id='word_1_894' title='bbox 2177 5784 2505 5853; x_wconf 84' lang='lat' dir='ltr'><strong>diphthongi.</strong></span> <span class='ocrx_word' id='word_1_895' title='bbox 2541 5785 2624 5839; x_wconf 88' lang='lat' dir='ltr'><strong>lso</strong></span> <span class='ocrx_word' id='word_1_896' title='bbox 2649 5784 2790 5839; x_wconf 89' lang='lat' dir='ltr'><strong>clare</strong></span> <span class='ocrx_word' id='word_1_897' title='bbox 2817 5789 2927 5839; x_wconf 89' lang='lat' dir='ltr'><strong>vult</strong></span> <span class='ocrx_word' id='word_1_898' title='bbox 2957 5784 3088 5841; x_wconf 63' lang='lat' dir='ltr'><strong>(acre.</strong></span> 
     </span>
    </p>
   </div>
  </div>
