4092 6344
558 473 576 526 l
590 469 688 525 059

645 693 654 702 ‘
731 676 882 749 Quod
935 675 1207 745 placitum,
1257 671 1492 741 nullique
1529 671 1764 726 animum
1807 670 2126 741 subjungcre

829 771 839 826 ξ
1818 760 2016 833 [vinclo
2034 759 2057 812 ?

727 857 807 912 An
833 871 954 910 cum
987 866 1037 909 te
1065 852 1338 908 dominum
1365 852 1589 918 cunctis,
1620 864 1948 922 quaecunque
1973 863 2124 904 crea—

1921 942 2025 1015 [rat
2043 984 2057 1008 ,

559 1043 661 1097 680
735 1039 1036 1095 Prreliccret
1062 1079 1075 1104 ,
1103 1037 1463 1108 mundumque
1499 1037 1602 1091 tuis
1629 1035 2063 1104 servirejuberet

739 1125 1001 1194 hnperiis,
1029 1136 1258 1194 cumque
1286 1136 1432 1188 arva,
1464 1123 1665 1191 polum,
1693 1134 1864 1184 mare,
1891 1118 2128 1182 ﬂumina,

1851 1209 2062 1281 [ventos

738 1310 988 1374 Dt-deret,
1022 1308 1304 1362 arbitrium
1351 1306 1418 1361 de
1459 1313 1510 1360 te
1541 1305 1634 1360 tibi
1682 1303 1902 1359 credere
1943 1316 2133 1357 avarus

738 1401 928 1466 Nollet,
961 1411 1011 1454 ut
1044 1400 1280 1470 indigno,
1316 1400 1724 1468 libertatemque
1773 1398 2030 1468 negaret?

737 1492 903 1559 Quale
930 1501 1065 1555 erat,
1114 1491 1316 1544 elecms
1347 1489 1518 1556 magni
1554 1503 1647 1542 rex
1697 1489 1841 1542 orbis
1873 1497 1926 1542 ut
1951 1497 2133 1554 esset,

563 1585 664 1640 685
737 1585 849 1636 Non
878 1596 972 1636 rex
1000 1580 1113 1650 ipse
1144 1580 1246 1644 sui,
1275 1587 1430 1633 curto
1455 1577 1681 1632 foedatus
1713 1577 1915 1633 honore
1939 1578 1962 1629 ?

748 1674 876 1728 Nam
907 1671 1030 1742 quis
1054 1673 1224 1726 honos
1264 1670 1462 1724 domini
1495 1679 1596 1735 est,
1615 1670 1767 1738 cujus
1798 1685 1949 1725 mens
1972 1670 2136 1725 libera

1793 1762 1919 1831 [non
1954 1771 2064 1817 est:

742 1858 854 1914 Una
895 1855 989 1912 sed
1020 1854 1284 1923 imposita:
1315 1854 1484 1908 servit
1512 1853 1780 1908 sententia.
1807 1851 1910 1921 legi
1940 1853 1963 1905 ?

1635 461 1905 519 AURELll
1945 461 2310 520 PRUDENTII
2349 460 2668 518 GARMINA.
2703 512 2706 516 .

725 583 881 656 551
908 579 1035 636 lure
1050 576 1352 644 voluntatis,
1373 574 1632 630 liceatcui
1663 574 2116 645 velle,sequiqne,
2147 577 2200 636 Α

3667 462 3800 522 1060

2421 580 2548 645 Quae
2576 577 2690 630 laus
2720 588 2880 644 porro
2923 572 3176 639 hominis,
3211 573 3291 629 vel
3330 574 3472 644 quod
3501 574 3783 647 meritum,

3411 665 3553 739 [sine
3580 677 3727 724 certo

2410 765 2549 818 Inter
2600 771 2878 830 utramque
2906 758 3045 812 viam
3074 757 3382 812 discrimine
3417 758 3597 814 vivere
3621 758 3795 829 juste‘l

2238 845 2345 902 690
2419 844 2532 897 Non
2587 843 2860 910 litspontc
2885 840 3099 904 bonus,
3149 839 3378 923 cuinon
3426 847 3511 894 est
3559 848 3801 912 prompta

3217 985 3226 991 .
3473 930 3734 1002 [potestas

2415 1029 2564 1083 Velle
2593 1025 2756 1088 aliud,
2783 1025 3055 1091 flexosque
3077 1022 3240 1076 animi
3261 1032 3579 1079 convertere
3595 1039 3799 1082 sensus.

2417 1121 2571 1188 Atqui
2605 1132 2701 1171 nec
2734 1117 2905 1172 bonus
2925 1123 3027 1181 est,
3053 1129 3151 1170 nec
3181 1114 3548 1170 eollaudabilis
3580 1116 3670 1172 ille
3691 1161 3706 1184 ,

2416 1213 2574 1285 552
2615 1210 2712 1276 Qui
2747 1223 2850 1263 non
2895 1216 3084 1278 sponte
3111 1194 3320 1264 bonus:
3353 1209 3607 1278 quoniam
3633 1209 3805 1280 probi-

3403 1297 3535 1368 [tate
3558 1311 3739 1352 coaeta

2423 1391 2602 1447 Gloria
2637 1389 2780 1446 nulla
2817 1388 2985 1466 venit,
3009 1387 3302 1458 sordetque
3333 1389 3557 1458 ingloria
3612 1391 3809 1443 virtus.

2247 1486 2351 1543 695
2424 1485 2531 1539 Nec
2561 1492 2737 1537 tamen
2763 1489 2847 1536 est
2878 1480 3065 1546 virtus,
3092 1479 3145 1532 ni
3177 1478 3446 1534 deteriora
3467 1479 3704 1534 refutans

2413 1577 2641 1642 Emicet,
2661 1583 2716 1630 et
2744 1574 2968 1629 meliore
2993 1573 3133 1626 viam
3167 1582 3309 1641 petat
3337 1573 3510 1628 indole
3539 1584 3760 1628 rectam.

2415 1668 2586 1734 Vade,
2617 1669 2689 1722 ait
2728 1669 2842 1737 ipse
2873 1680 3084 1734 parens,
3119 1664 3406 1734 opifexque
3429 1705 3445 1732 ,
3474 1675 3528 1720 et
3567 1665 3815 1720 conditor

3620 1756 3775 1828 [Αάω
3801 1776 3812 1809 :

2377 1907 2387 1916 ,
2423 1854 2586 1922 Vade,
2631 1853 2812 1921 homo,
2842 1860 2896 1906 et
2923 1851 3102 1906 alllatu
3136 1851 3303 1905 nostri
3333 1850 3641 1920 pra-nobilis
3666 1854 3774 1904 oris
3802 1891 3818 1916 ,

1855 1925 2142 2023 GLOSSE
2177 1965 2515 2042 vernans.

634 2067 758 2124 678.
793 2063 1077 2128 Placitum,
1104 2061 1292 2115 scilicet
1322 2059 1435 2123 tibi,
1466 2060 1504 2111 1.

643 2136 767 2192 682.
807 2134 1038 2189 Credere
1061 2173 1074 2198 ,
1114 2133 1236 2186 dare
1267 2131 1355 2183 tibi
1380 2170 1395 2194 ,
1445 2129 1815 2198 commendare.
1839 2158 1907 2166 —
1931 2129 2136 2183 Avarus

568 2225 676 2279 ipse
704 2207 876 2260 Deus:
911 2197 1084 2279 sensus
1116 2211 1223 2279 est,
1243 2217 1369 2279 cum
1399 2198 1536 2279 Deus
1557 2199 1729 2250 omnia
1757 2197 1948 2279 homini
1976 2199 2134 2279 dedit,

570 2267 769 2346 sineque
795 2275 1026 2347 potestati
1069 2271 1314 2347 subdidit,
1360 2269 1502 2347 quasi
1538 2283 1728 2347 auarus
1754 2267 1949 2347 homini
1981 2268 2136 2323 nollet

571 2337 847 2402 libertatein
869 2344 1063 2405 dare,et
1085 2340 1347 2395 arbitrium
1376 2339 1491 2392 boni
1516 2338 1590 2391 vel
1609 2339 1749 2402 ntali,
1783 2337 1820 2390 l.

643 2420 764 2473 685.
810 2416 895 2482 Ut,
924 2414 1092 2485 quasi,
1119 2413 1160 2485 Ι.

644 2489 764 2543 684.
806 2477 991 2554 Quale,
1023 2477 1534 2554 qttalis_res.——llcx,
1568 2478 1744 2543 homo,
1778 2477 1818 2530 1.

641 2559 762 2613 685.
803 2551 988 2618 Curto,
1013 2551 1168 2621 brevi,
1199 2551 1237 2606 1.

650 2628 774 2682 686.
820 2625 1050 2688 Domini,
1095 2619 1586 2681 hontinis.-—-Mens,
1640 2635 1756 2671 nam
1786 2619 1934 2671 homo
1966 2619 2015 2670 in
2047 2619 2139 2672 hoc

574 2697 818 2750 honorem
847 2713 944 2750 non
963 2695 1187 2758 haberet,
1211 2693 1252 2745 si
1272 2692 1428 2745 libero
1455 2690 1664 2743 arbitrio
1687 2705 1784 2741 non
1819 2696 2067 2753 uteretur,
2097 2689 2138 2742 Ι.

645 2769 769 2822 687.
813 2769 1094 2830 Impositm,
1118 2762 1307 2816 scilicet
1328 2761 1818 2830 nbis—Sententia,
1855 2761 2092 2812 bonitatis
2122 2801 2136 2823 ,

573 2837 1035 2906 hominis—Legi,
1062 2835 1184 2903 ligni
1209 2834 1258 2886 in
1292 2832 1552 2904 paradiso,
1582 2829 1618 2882 Ι.

2165 2064 2214 2124 Β
2309 2059 2432 2114 689.
2479 2057 2618 2112 Inter
2643 2054 3093 2125 utramque,inter
3116 2050 3300 2125 bonum
3329 2061 3376 2125 et
3399 2052 3819 2125 malunt—Dis.

2243 2128 2499 2195 crimine,
2547 2127 2782 2190 arbitrio,
2815 2121 2890 2178 uel
2910 2123 3145 2195 decreto,
3171 2127 3218 2176 el
3252 2123 3451 2192 judicio
3473 2121 3824 2178 discriminari

2242 2202 2374 2254 inter
2396 2194 2578 2253 bonum
2595 2209 2640 2251 et
2669 2195 2880 2264 malum,
2907 2194 2944 2247 1.

2313 2271 2440 2324 690.
2486 2271 2754 2337 Prompta,
2785 2266 2966 2326 libera,
3000 2264 3038 2318 I.

2314 2343 2436 2395 691.
2485 2331 2659 2402 Velle,
2685 2337 3128 2405 concupiscere.—-
3147 2331 3330 2399 Aliud,
3361 2341 3512 2403 quain
3543 2332 3746 2398 bonum,
3768 2334 3812 2391 I.

2298 2410 2440 2466 692.
2486 2408 2675 2477 Atqui,
2704 2417 2856 2468 certe,
2890 2407 2989 2460 lso.

2321 2483 2444 2536 695.
2491 2473 2788 2544 Probitate,
2819 2475 3325 2530 bonitate—Coacta
3349 2513 3364 2538 ,
3405 2473 3644 2542 probitati
3693 2475 3832 2526 inci;

2251 2564 2346 2616 tte,
2382 2553 2418 2604 Ι.

2320 2613 2442 2676 694.
2487 2619 2714 2690 lngloria
2739 2663 2750 2684 ,
2794 2617 3072 2688 ingloriosa
3092 2660 3104 2684 ,
3137 2618 3246 2669 sine
3292 2613 3477 2684 gloria.
3505 2645 3571 2654 —
3601 2614 3773 2669 Virtus
3803 2657 3820 2680 ,

2247 2693 2434 2747 scilicet
2458 2691 2624 2756 aliter,
2655 2690 2692 2744 1.

2323 2763 2442 2815 695.
2489 2760 2762 2822 Rcfutans,
2793 2774 3050 2828 respuens,
3075 2758 3112 2811 ι.

2317 2833 2439 2887 696.
2487 2833 2717 2898 Etnicet,
2752 2825 3310 2889 clarescat.-—lndole,
3343 2826 3622 2894 nobilitate,
3656 2825 3694 2880 Ι.

1894 2917 2444 2978 COMMENTARIUS.

647 3023 769 3077 677.
814 3019 956 3084 Abh,
985 3021 1024 3072 F
1044 3019 1167 3080 thr.,
1188 3021 1308 3087 jure
1335 3014 1636 3087 potestatis.

647 3093 770 3146 678.
811 3091 956 3156 ΑΙιΙ.,
986 3084 1200 3153 Weitz.,
1225 3084 1450 3150 Widm.,
1486 3084 1612 3137 Mar.
1641 3099 1669 3138 a
1693 3086 1925 3138 secunda
1953 3101 2129 3151 manu,

577 3163 708 3232 quod
733 3163 971 3232 placitum
1000 3169 1092 3232 est.

647 3225 768 3285 679.
813 3229 990 3298 Prag.,
1017 3228 1285 3289 dominus,
1316 3227 1489 3298 minus
1521 3225 1673 3298 bene.

643 3301 768 3356 682.
813 3294 1025 3364 Vath,
1058 3298 1299 3360 dederat;
1345 3295 1489 3356 Ald.,
1541 3294 1720 3363 Egm.,
1764 3294 1977 3348 dederit.
2005 3295 2139 3350 Neu-

578 3382 716 3427 trum
755 3373 908 3425 bene.
948 3368 1266 3438 Legendum
1290 3366 1510 3420 dederet.

647 3441 773 3495 684.
817 3441 869 3493 In
906 3435 1093 3493 Vath
1125 3436 1454 3491 desideratur
1481 3435 1685 3489 electus.

648 3511 773 3566 686.
835 3509 1032 3563 Widm.
1059 3523 1254 3578 supra,
1287 3506 1522 3578 homini;
1553 3505 1739 3578 Bong._
1765 3518 1946 3578 supra,
1981 3504 2146 3559 Ιιοιηξ-

580 3583 696 3644 nis;
722 3581 922 3640 caeteri,
943 3575 1156 3632 domini.
1181 3577 1323 3630 Wid.
1363 3591 1461 3644 pro
1487 3576 1632 3644 cujus
1657 3575 1817 3628 habet
1840 3577 1940 3626 cui.

647 3651 769 3706 688.
815 3651 957 3705 Wid.
991 3665 1171 3716 supra,
1197 3650 1305 3701 sine
1332 3646 1494 3710 nullo,
1538 3645 1695 3716 male.
1723 3645 1848 3716 [late
1881 3645 2012 3716 ratio
2034 3644 2148 3716 ellif

583 3739 678 3775 cax
725 3731 839 3784 est,
885 3736 988 3789 qua
1033 3714 1133 3774 SS.
1161 3714 1384 3782 Patres,
1435 3715 1689 3785 tbeo|0gi,
1723 3714 2040 3789 Δριιὶιοεονιιξ
2082 3715 2148 3769 ad

585 3784 956 3846 stabiliendain
1004 3789 1301 3842 libertatem
1357 3793 1575 3839 utuntur
1597 3784 1842 3849 ,nullam
1870 3799 1987 3838 esse
2018 3784 2150 3838 futu-

582 3875 695 3914 ram
728 3861 960 3924 laudem,
1008 3859 1210 3911 nullum
1241 3857 1519 3917 meritum,
1565 3855 1662 3907 nisi
1699 3865 1898 3924 certum
1935 3855 2004 3908 sit
2043 3855 2150 3908 dis-

588 3931 790 3984 crimen
825 3922 1037 3983 vivendi
1077 3927 1218 3995 juste
1259 3930 1400 3979 inter
1440 3933 1721 3991 utramque
1764 3922 1942 3995 viam;
1974 3925 2149 3981 dicam

583 3999 855 4054 vocabulis
899 3994 1119 4061 scholae,
1161 3996 1260 4050 nisi
1309 3996 1448 4049 adsit
1498 3996 1712 4049 libertas
1757 3994 2144 4050 indifferentia.

583 4071 680 4127 SS.
713 4070 927 4124 Patrum
942 4068 1288 4123 auctoritates
1309 4066 1464 4134 plena
1491 4064 1650 4118 manu
1662 4065 1864 4119 dabunt
1889 4066 2140 4133 theologi.

652 4142 776 4196 690.
822 4141 938 4193 Vat.
974 4143 1037 4201 Α,
1067 4141 1129 4193 sit
1154 4153 1250 4206 pro
1287 4139 1364 4204 ﬁt.
1408 4135 1728 4190 Prudentius
1761 4136 1926 4204 magis
1956 4139 2148 4199 magis-

581 4229 681 4280 que
722 4212 1016 4266 Iibertatem
1048 4207 1414 4280 indifferentia:
1442 4207 1674 4280 explicat
1699 4245 1714 4268 ,
1737 4215 1798 4280 _e_t
1821 4207 2025 4280 clarius
2041 4207 2148 4260 for-

585 4275 745 4347 tassr,
791 4295 948 4350 quam
996 4279 1233 4333 nonnulli
1281 4279 1502 4350 vellent.
1540 4275 1674 4350 Vide
1700 4276 1858 4350 ξηιλ-ι
1910 4277 2148 4350 in‘Sym-

583 4344 754 4406 mach.
792 4344 931 4406 vers.
960 4352 1093 4415 555,
1122 4363 1240 4417 qua-
1273 4348 1561 4417 plurimum
1605 4344 1785 4417 laudat
1807 4344 2075 4400 Petavius.

653 4422 775 4478 695.
818 4423 873 4476 S.
908 4415 1236 4491 Augustinus
1275 4415 1348 4491 ad
1393 4415 1726 4491 laudabiliter
1767 4417 2025 4491 agendum
2059 4433 2150 4491 vo-

590 4494 847 4546 luntatem
869 4493 934 4543 ab
956 4488 1099 4543 onnii
1125 4489 1330 4542 necrssi
1355 4498 1440 4541 ate
1463 4488 1680 4540 liberam
1712 4489 1904 4554 saepius
1930 4488 2151 4556 requirit

595 4563 677 4614 his
708 4560 1028 4620 ratiOnibus,
1061 4575 1192 4626 quas
1223 4567 1374 4625 poeta
1406 4567 1586 4611 noster
1616 4557 2003 4624 conipleCtitnr.
2031 4558 2146 4611 Lib.

590 4630 656 4684 de
681 4629 873 4683 Natura
917 4639 970 4682 et
1015 4627 1194 4680 Gratia
1220 4641 1336 4693 cap.
1383 4628 1452 4680 65
1495 4630 1836 4680 vehementer
1890 4628 2148 4694 approbat

590 4703 702 4753 hinc
723 4702 781 4753 S.
813 4699 1120 4766 Hieronymi
1147 4700 1302 4750 verba
1333 4713 1344 4747 :
1376 4695 1538 4748 Liberi
1571 4695 1773 4766 arbitrii
1802 4711 1892 4748 nos
1921 4697 2148 4749 condidit

588 4769 744 4832 Deus,
779 4784 864 4821 nec
886 4769 952 4821 ad
974 4765 1245 4833 virtutem,
1289 4782 1378 4819 nec
1418 4767 1482 4818 ad
1533 4765 1653 4818 vitia
1705 4769 1993 4818 necessitate
2047 4779 2148 4819 tra-

589 4842 791 4893 himur:
837 4840 1062 4907 alioquin
1105 4840 1188 4891 ubi
1235 4837 1502 4890 necessitas
1533 4845 1627 4899 est,
1673 4851 1762 4887 nec
1813 4851 1998 4887 corona
2053 4848 2144 4891 est.

581 4912 627 4978 Q
651 4913 783 4964 llbllS
826 4911 892 4962 ita
925 4909 1155 4963 colicinit
1180 4925 1214 4978 εΔ
1241 4907 1365 4978 Quis
1404 4923 1506 4959 non
1549 4915 1790 4978 agnoscat
1824 4908 1847 4957 ἱ)
1871 4908 1998 4978 quis
2024 4923 2149 4978 “non

583 4974 686 5034 toto
711 4983 863 5034 corde
889 4979 1161 5049 suscipiat!
1185 4975 1376 5043 Quidni
1407 4978 1542 5030 hanc
1563 4974 1970 5030 indiﬂerentiam
2001 4977 2150 5049 liberi

583 5052 787 5104 arbitrii
834 5053 888 5103 S.
933 5047 1252 5117 Augustinus
1299 5054 1629 5117 agnosceret,
1673 5060 1791 5100 cmn
1827 5061 1944 5101 eam
1972 5062 2000 5100 a
2034 5047 2151 5117 pas-

587 5123 809 5184 tatibus,
841 5135 868 5172 a
913 5115 1103 5185 partis,
1143 5119 1210 5171 ab
1239 5115 1485 5180 inductis,
1518 5131 1548 5168 a
1587 5116 1777 5179 doctis,
1809 5132 1836 5168 tt
1868 5115 2149 5185 magistris,

505 5248 508 5250 γ
585 5193 650 5245 ab
679 5191 1004 5255 antistitibus,
1036 5191 1099 5242 ab
1128 5188 1270 5241 omni
1299 5201 1494 5254 genere
1535 5186 1765 5238 humano
1801 5187 1998 5239 laudari
2031 5186 2151 5242 fate-

587 5272 749 5314 retur.
798 5262 928 5314 Audi
959 5265 1074 5326 ejus
1097 5259 1251 5312 verba
1280 5271 1398 5324 cap.
1438 5255 1522 5326 ll,
1556 5255 1648 5308 lib.
1680 5256 1746 5326 de
1774 5255 1981 5309 duabus
2025 5257 2153 5311 Ani-

587 5337 769 5384 tnabus
811 5323 1002 5383 contra
1041 5323 1396 5382 Manicharos:
1443 5323 1675 5378 Etiamne
1704 5325 1753 5376 hi
1795 5327 1908 5379 libri
1953 5326 2151 5379 obscuri

587 5402 714 5453 mihi
759 5401 1015 5454 scrutandi
1043 5407 1206 5459 erant,
1240 5397 1375 5450 unde
1405 5396 1646 5447 discerem
1686 5398 1931 5449 neminem
1959 5397 2156 5466 vitupe-

585 5473 779 5524 ratione
810 5471 1116 5538 suppliciove
1143 5468 1370 5538 dignum,
1397 5467 1481 5538 qui
1523 5467 1705 5538 autid
1737 5467 1851 5519 velit
1884 5467 2018 5538 quod
2040 5472 2156 5536 jus-

587 5544 696 5593 titia
725 5541 850 5594 velle
875 5536 978 5610 non
1010 5536 1253 5610 prohibet,
1283 5547 1368 5590 aut
1395 5537 1447 5590 id
1478 5552 1579 5610 non
1607 5536 1760 5605 faciat
1785 5536 1944 5610 quod
1991 5537 2155 5605 facere

587 5629 686 5664 non
714 5610 907 5679 potest?
934 5607 1115 5663 Nonne
1138 5611 1234 5660 isfa
1260 5617 1463 5661 cantant
1487 5619 1532 5661 et
1562 5607 1615 5679 in
1637 5608 1885 5679 montibus
1909 5620 2152 5674 pastores,

591 5694 635 5733 tt
659 5675 723 5733 in'
747 5681 952 5734 theatris
983 5689 1160 5746 poetae,
1190 5689 1234 5733 et
1256 5679 1442 5731 indocti
1471 5681 1521 5730 in
1565 5675 1766 5731 circulis
1787 5717 1800 5737 ,
1841 5686 1889 5728 et
1915 5679 2046 5730 docti
2092 5679 2146 5731 in

589 5752 916 5816 biinothecis,
940 5763 984 5803 et
1017 5751 1242 5819 magis'ri
1257 5751 1306 5800 in
1320 5749 1523 5813 scholis,
1552 5757 1595 5802 et
1620 5747 1866 5800 antistites
1889 5749 2145 5819 insuera-

587 5823 650 5871 tis
677 5819 822 5885 locis,
854 5834 896 5872 et
917 5822 965 5872 in
988 5838 1034 5872 Ol
1047 5818 1110 5872 be
1135 5831 1379 5872 terrarum
1400 5835 1552 5887 genus
1582 5818 1901 5876 humanum?
1931 5818 2074 5880 Quod
2103 5819 2145 5870 si

590 5905 731 5941 nemo
758 5891 1120 5959 vituperatione
1149 5891 1225 5945 vel
1246 5888 1566 5942 damnatione
1597 5888 1778 5956 dignus
1821 5898 1912 5953 cst,
1937 5899 2021 5940 aut
2045 5903 2145 5940 non

2249 3029 2425 3074 contra
2469 3021 2673 3089 uetitum
2708 3018 2928 3089 justritim
2971 3017 3185 3087 faciens,
3207 3026 3298 3070 aut
3343 3018 3480 3085 quod
3519 3033 3620 3070 non
3659 3027 3821 3085 potest

2247 3105 2346 3142 non
2377 3087 2587 3157 faciens,
2634 3087 2744 3157 quis
2792 3087 2979 3141 dubitet
3025 3097 3142 3140 tunc
3173 3105 3280 3141 esse
3305 3100 3600 3157 peccatum,
3631 3104 3744 3140 cum
3771 3099 3822 3141 et

2249 3161 2373 3212 velle
2398 3161 2642 3223 iniustum
2659 3169 2751 3223 est,
2773 3168 2820 3211 et
2847 3158 3210 3212 liberumnolle
3227 3174 3244 3212 :
3264 3167 3311 3212 et
3335 3158 3446 3211 ideo
3477 3158 3824 3226 deﬁnitionem

2248 3230 2392 3283 illum
2421 3241 2464 3283 et
2494 3245 2659 3282 verant
2689 3245 2793 3282 esse
2813 3270 2826 3293 ,
2874 3240 2919 3282 et
2951 3230 3019 3281 ad
3051 3230 3432 3298 intelligendum
3472 3229 3769 3297 facillimam
3801 3276 3815 3292 ,

2249 3311 2292 3353 et
2317 3317 2415 3352 non
2439 3300 2587 3352 modo
2613 3316 2746 3352 nunc
2768 3339 2781 3361 ,
2805 3300 2892 3352 sed
2915 3309 3032 3352 tunc
3059 3314 3250 3366 quoque
3277 3317 3306 3350 a
3329 3315 3406 3351 me
3424 3301 3648 3366 potuisse
3677 3302 3778 3351 dici
3799 3316 3818 3353 :

2255 3369 2522 3423 Peccatum
2547 3380 2620 3422 est
2647 3375 2880 3422 voluntas
2923 3370 3168 3422 retinendi
3195 3371 3272 3421 vel
3307 3370 3642 3432 consequendi
3681 3371 3821 3436 quod

2178 3429 2224 3493 C
2245 3441 2450 3512 justitia
2476 3450 2628 3502 vetat,
2653 3450 2705 3512 et
2730 3443 2861 3492 unde
2891 3440 3100 3512 liberum
3133 3448 3204 3496 est
3244 3429 3510 3512 abstinere.
3543 3429 3820 3512 Quod-ex-

2257 3507 2499 3578 plicatius
2528 3511 2687 3562 tradit
2715 3523 2830 3577 cap.
2863 3524 2974 3578 seq.
3004 3525 3017 3562 :
3055 3507 3255 3562 Peccati
3285 3525 3424 3561 reum
3464 3511 3621 3561 teneri
3647 3525 3821 3578 qum-

2251 3597 2421 3650 quam,
2447 3582 2564 3648 quia
2590 3596 2688 3632 non
2715 3581 2829 3646 [erit
2871 3583 3004 3650 quod
3038 3580 3202 3646 facere
3235 3595 3334 3632 non
3362 3579 3528 3650 potuit
3553 3621 3567 3641 ,
3607 3595 3824 3632 summa:

2251 3648 2532 3717 iniquitatis
2559 3660 2628 3703 est
2656 3660 2700 3702 et
2732 3649 3304 3715 insaniat.Quamobrem
3331 3648 3434 3701 illa:
3462 3650 3647 3701 anima:
3663 3653 3788 3716 quid
3804 3678 3823 3691 ο

2252 3723 2373 3787 quid
2405 3721 2628 3788 faciunt,
2663 3724 2704 3772 si
2733 3728 2944 3781 natura,
2967 3736 3067 3772 non
3099 3721 3356 3772 voluntate
3383 3721 3579 3786 faciunt
3599 3761 3612 3782 ,
3645 3721 3697 3770 id
3719 3732 3820 3786 ρι’,

2251 3795 2296 3844 si
2338 3791 2498 3843 libero
2538 3800 2585 3842 et
2621 3791 2688 3842 ad
2728 3790 3017 3858 faciendum
3057 3799 3103 3841 ct
3143 3790 3209 3842 ad
3240 3806 3336 3842 non
3369 3789 3657 3859 faciendum
3683 3803 3822 3844 motu

2253 3862 2405 3913 animi
2447 3871 2614 3913 carent
2641 3877 2657 3923 ;
2705 3863 2746 3913 si
2776 3860 2997 3927 denique
3039 3859 3115 3912 his
3144 3860 3425 3912 abstinendi
3454 3860 3514 3910 ab
3544 3875 3696 3925 opere
3724 3875 3785 3912 su
3805 3879 3821 3912 ι

2251 3941 2468 4001 potestas
2505 3933 2647 3983 nulla
2677 3931 2971 4001 conceditur
2992 3971 3005 3993 ,
3037 3940 3292 3999 precatum
3322 3939 3690 4001 earunttenere
3717 3946 3821 3982 non

2251 3999 2535 4070 possumus.
2571 3999 2830 4070 ltaquc‘S.
2870 4001 3193 4066 Augustinus
3213 4043 3227 4064 ,
3259 4001 3345 4068 qui
3373 3999 3441 4054 de
3477 4000 3720 4054 libertate
3744 4001 3815 4054 ad

2250 4071 2386 4125 bene
2418 4071 2676 4140 agendum
2701 4073 2995 4124 necessaria
3038 4086 3095 4123 se
3129 4071 3312 4124 eadem
3342 4085 3461 4123 cum
3489 4070 3681 4132 doctis,
3705 4085 3824 4123 ma-

2251 4141 2448 4211 gistris,
2475 4141 2822 4204 antistitibus,
2859 4144 2962 4195 imo
2991 4157 3107 4193 cum
3141 4141 3462 4208 pastoribus,
3486 4156 3606 4195 cum
3623 4145 3821 4210 poetis,

2251 4227 2369 4267 cum
2399 4211 2628 4265 indoctis
2665 4213 2863 4265 sentire
2893 4213 3165 4279 professus
3201 4221 3302 4275 est,
3345 4223 3489 4265 certe
3517 4225 3622 4269 non
3653 4213 3827 4266 tenuit

2253 4296 2372 4335 eam
2398 4283 2740 4347 sententiam,
2774 4296 2930 4349 quam
2962 4281 3152 4335 frustra
3176 4283 3226 4334 in
3258 4281 3587 4350 pastoribus,
3618 4282 3671 4334 in
3698 4295 3825 4350 pne-

2254 4354 2340 4416 tis,
2367 4353 2417 4404 in
2442 4353 2666 4405 indoctis
2695 4351 2989 4420 quaesieris,
3015 4366 3082 4405 ne
3105 4365 3518 4406 commemorem
3543 4365 3682 4405 nunc
3705 4366 3822 4403 ma-

2251 4422 2462 4489 gismos,
2495 4423 2759 4483 doctores,
2791 4423 3076 4484 antistites,
3109 4423 3196 4489 qui
3237 4429 3361 4474 ante
3387 4437 3508 4474 eum
3555 4435 3646 4475 aut
3700 4436 3822 4474 cum

2251 4507 2314 4546 eo
2344 4496 2622 4545 vixerunt:
2655 4505 2788 4561 quos
2841 4494 2979 4545 ultro
3024 4494 3174 4545 nobis
3227 4495 3538 4546 Concedunt
3578 4494 3668 4562 qui
3717 4493 3824 4544 Au-

2252 4565 2446 4629 gustini
2482 4571 2710 4615 mentem
2742 4563 2844 4614 alio
2893 4562 3232 4631 detorquent.
3277 4563 3541 4629 Quorsum
3587 4565 3700 4617 hinc
3726 4575 3823 4614 au-

2255 4634 2395 4684 tem?
2447 4635 2739 4696 quorsum?
2780 4641 2835 4684 ut
2886 4641 3062 4700 pateat
3113 4633 3428 4686 catholicam
3480 4645 3601 4687 esse
3655 4634 3825 4688 nostri

2254 4715 2422 4768 poene
2443 4701 2508 4755 de
2540 4703 2780 4756 libertate
2817 4703 3154 4768 sententiam,
3185 4704 3271 4771 qui
3301 4717 3360 4756 ea
3393 4712 3596 4756 tantum
3621 4703 3824 4757 docue-

2254 4775 2319 4824 rit
2363 4789 2480 4840 qute
2529 4787 2749 4840 magnus
2793 4774 2975 4841 gratiae
3034 4772 3219 4826 doetor
3278 4774 3603 4842 Augustinus
3649 4775 3824 4830 obviis

2258 4843 2394 4896 ulnis
2427 4843 2858 4909 amplectebatur.

2327 4915 2448 4966 697.
2490 4913 2756 4967 Giselinns
2785 4913 2986 4967 invenit
3011 4913 3156 4975 vade,
3189 4915 3278 4978 ait,
3305 4913 3396 4967 sed
3430 4915 3659 4982 prmtnlit
3689 4917 3825 4968 unde

2258 4985 2352 5044 ait,
2380 4983 2503 5052 quia
2530 4985 2696 5052 magis
2725 4985 2889 5036 servit
2909 4985 3168 5036 orationis
3192 4987 3537 5049 connexioni,
3569 4996 3621 5038 et
3649 4984 3822 5038 facilis

2261 5055 2358 5105 fuit
2384 5056 2625 5105 mutatio.
2681 5055 2748 5106 Ita
2781 5053 2993 5120 quidem
3037 5053 3230 5108 habent
3281 5053 3443 5118 aliqui
3473 5054 3634 5108 codd.
3663 5095 3677 5118 ,
3721 5055 3821 5108 sed

2263 5135 2370 5175 tres
2423 5123 2740 5177 vetustiores
2789 5123 3091 5189 Heinsiani,
3142 5123 3329 5186 Alex.,
3359 5123 3641 5178 lirh.cum
3674 5125 3822 5190 ΑΜ..

2268 5192 2448 5252 Fabr.,
2481 5195 2639 5256 vade,
2669 5196 2760 5246 ait.
2789 5193 3212 5248 Eltnenhorstius
3240 5194 3290 5246 in
3326 5194 3613 5248 Arnobium
3641 5194 3730 5247 lib.
3759 5212 3819 5255 II,

2268 5279 2386 5328 pag.
2417 5264 2835 5334 60,sententiam
2857 5264 3249 5334 Itancillustrat,
3271 5268 3656 5334 confirmatque
3677 5266 3822 5334 quod

2259 5334 2330 5385 ait
2363 5333 2626 5405 Arnobius
2653 5350 2665 5386 :
2694 5334 2841 5405 Nulli
2873 5333 3008 5387 Deus
3039 5334 3189 5402 infert
3212 5337 3572 5405 necessitatem.

2329 5403 2450 5456 698.
2498 5402 2551 5455 In
2578 5404 2690 5456 Pot.
2717 5404 2863 5458 abest
2885 5413 2932 5457 et
2957 5412 3073 5472 post
3097 5405 3264 5467 homo,
3293 5413 3347 5457 ut
3370 5406 3420 5457 in
3444 5402 3586 5470 A'di,
3613 5415 3666 5461 et
3688 5404 3819 5460 Mar.

2259 5489 2286 5526 a
2315 5475 2479 5541 prima
2508 5487 2685 5526 manu.
2714 5473 2993 5538 Cauchius,
3027 5475 3171 5536 vade,
3200 5476 3367 5540 homo,
3385 5476 3455 5527 ait
3484 5477 3632 5543 ﬂatu.
3667 5476 3820 5530 Ales.

2261 5557 2376 5615 cum
2410 5545 2553 5605 l’ut.,
2579 5545 2721 5606 vade,
2762 5545 2909 5597 homo
2939 5545 3127 5613 afﬂatu.
3164 5545 3315 5607 Urb.,
3374 5545 3524 5615 Prag.
3553 5587 3570 5612 ,
3603 5546 3820 5612 πρίει,

2261 5614 2398 5686 Gis.,
2433 5615 2577 5676 t‘ade,
2599 5615 2770 5686 homo,
2801 5622 2845 5667 et
2867 5615 3077 5686 afﬂatu.
3105 5615 3377 5686 l\l_ariettus
3405 5614 3551 5669 notat
3572 5631 3633 5669 ex
3660 5615 3817 5686 Ptag.

2253 5694 2303 5737 et
2329 5683 2470 5745 Rat.,
2501 5685 2634 5735 unde
2660 5699 2754 5752 pro
2778 5683 3112 5751 vadeﬂtomo.
3135 5684 3355 5739 Defendi
3376 5687 3424 5739 id
3450 5696 3646 5754 posset,
3670 5683 3817 5753 unde,

2257 5756 2424 5820 homo,
2468 5757 2682 5822 af/lattt,
2723 5755 2813 5809 sed
2849 5756 3000 5808 itaut
3028 5769 3132 5808 non
3163 5755 3388 5810 elidatur
3416 5765 3510 5810 aut.
3533 5772 3559 5810 ε
3588 5758 3639 5811 in
3665 5758 3814 5825 rude,

2255 5833 2343 5878 aut
2369 5841 2396 5876 ο
2423 5837 2741 5893 postremum
2767 5825 2816 5878 in
2848 5826 3018 5878 homo.
