4092 6344
269 307 405 364 1069

435 510 701 562 Devinctus
726 509 988 563 illecebris
1009 512 1321 579 retinentur,
1343 521 1396 564 et
1414 512 1608 566 aethera
1642 527 1820 582 paucae

430 598 805 652 Conscendunt
831 598 1053 653 reduces
1086 619 1099 654 :
1132 601 1322 655 multas
1363 602 1599 657 viscosus
1623 604 1823 657 inescat

436 690 659 753 Pastas,
714 697 770 744 et
814 690 878 743 ad
924 703 1145 759 superas
1192 706 1507 761 percurrere
1549 707 1651 747 non
1699 693 1825 747 sinit

1554 781 1753 853 [auras.

432 868 691 924 Przescius
720 868 846 924 inde
888 870 1043 924 Pater
1083 870 1298 926 liventia
1356 882 1551 926 tartara
1611 873 1825 943 plumbo

436 961 677 1017 incendit
695 962 910 1033 liquido,
940 965 1225 1034 piceasque
1252 964 1505 1019 bitumine
1533 964 1703 1019 fossas

440 1050 720 1107 lnfernalis
745 1068 894 1123 aqua:
916 1054 1067 1108 furvo
1092 1054 1313 1108 sulfodit
1338 1054 1574 1119 Averno,
1707 1118 1710 1123 ἢ

436 1141 504 1196 Et
526 1142 944 1212 Phlegethonteo
964 1144 1063 1198 sub
1084 1144 1289 1214 gurgite
1310 1146 1485 1199 sanxit
1511 1145 1701 1200 edaces

436 1231 713 1302 Perpetuis
733 1234 996 1289 scelerum
1024 1236 1197 1304 pinnis
1248 1235 1544 1289 inolescere
1596 1251 1827 1290 vermes.

437 1322 603 1379 Norat
620 1324 786 1392 enim,
818 1324 946 1380 ﬂatu
972 1340 1039 1380 ex
1073 1327 1285 1395 proprio
1314 1334 1627 1395 vegetamen
1657 1328 1831 1381 inesse

435 1415 757 1485 Corporibus
773 1416 992 1481 nostris,
1026 1418 1362 1484 animamque
1385 1431 1446 1473 ex
1493 1432 1589 1471 ore
1616 1417 1832 1485 perenni

437 1505 739 1561 Formatam
758 1520 862 1559 non
893 1520 1049 1574 posse
1071 1507 1202 1560 mori
1237 1524 1250 1559 :
1282 1522 1387 1560 non
1420 1520 1575 1575 posse
1605 1506 1832 1559 vicissim

440 1596 701 1650 Pollutam
729 1595 871 1650 vitiis
900 1610 1109 1649 sursum
1140 1595 1205 1651 ad
1234 1611 1468 1650 convexa
1501 1598 1725 1660 reverti,

439 1686 597 1757 563
612 1685 943 1741 Mersandam
962 1690 1170 1756 penitus
1190 1694 1348 1755 puteo
1363 1686 1559 1741 fervent
1572 1686 1614 1741 is
1631 1687 1831 1757 abyssi.

258 962 361 1017 825

438 1776 743 1844 Vermibus,
772 1785 826 1831 et
853 1776 1100 1843 ﬂammis,
1134 1787 1185 1831 et
1213 1776 1617 1832 discruciatibus
1655 1794 1826 1831 aevum
1869 1787 1912 1847 Β

438 1868 741 1924 lmmortale
761 1869 929 1951 dedit,
958 1871 1109 1924 senio
1140 1885 1207 1924 ne
1241 1884 1393 1938 poena
1423 1871 1641 1938 periret,

440 1961 556 2017 Non
598 1972 853 2032 pereunte
891 1962 1089 2017 anima.
1130 1963 1368 2032 Carpunt
1412 1971 1709 2028 tormenta,
1758 1964 1834 2017 fo-

1537 2066 1764 2111 νθιιιαυθ

1537 2066 1655 2111 vent
1700 2071 1764 2110 tte

444 2142 716 2199 Materiem
758 2144 873 2199 sine
916 2144 1017 2199 ﬂne
1046 2144 1221 2200 datam
1247 2162 1260 2197 :
1291 2150 1434 2199 mors
1460 2054 1795 2215 diseritqipsa

1591 306 2121 364 HAMARTIGENIA.

266 427 369 484 320
434 418 592 488 562
635 418 860 473 infundit
903 429 1085 474 natura
1128 421 1395 476 solo:sed
1418 422 1668 477 suavibus
1702 424 1818 477 iSIic
1850 425 1900 483 Α

3357 305 3491 357 1070

2103 417 2354 475 Alternns
2385 420 2631 490 gemitus,
2667 426 2722 473 et
2745 418 2933 473 ﬂentes
2962 418 3139 473 vivere
3166 418 3323 487 cogit.

2100 513 2170 566 At
2198 510 2409 566 diversa
2435 512 2617 581 procul
2653 510 2956 580 regionibus
2984 509 3035 564 in
3066 509 3297 579 paradisi

1926 601 2028 656 840
2100 600 2322 655 Prmmia
2354 600 2627 655 constituit
2658 600 3095 670 maiestas-gnara
3126 600 3284 654 futuri

2102 691 2386 760 Spiritibns
2415 692 2588 761 puris,
2615 698 2669 747 et
2698 691 2766 746 ab
2791 691 2935 747 omni
2962 690 3083 746 labe
3112 692 3355 754 remotis,

2103 782 2307 851 Quique
2334 781 2710 839 Gomorrhreas
2735 796 2840 837 non
2872 796 3160 852 respexere
3189 782 3399 836 ruinas:

2110 870 2326 925 Aversis
2351 871 2443 925 sed
2478 860 2587 925 rite'
2603 871 2796 938 oculis,
2829 880 2951 941 post
2979 879 3121 943 terga
3155 871 3405 926 tenebras

2110 962 2418 1031 Liquerunt,
2464 962 2645 1017 miseri
2670 961 3005 1031 protieranda
3033 962 3264 1031 pericula
3297 962 3499 1014 mundi.

1934 1053 2039 1105 855
2112 1053 2188 1105 Ac
2215 1054 2444 1120 primum
2479 1052 2617 1107 facili
2648 1052 2951 1108 referuntur
2975 1052 3040 1109 ad
3068 1061 3207 1107 astra
3232 1052 3432 1116 volatu,

2107 1143 2259 1199 Unde
2285 1144 2455 1200 ﬂuens
2477 1145 2650 1199 anima
2678 1156 2937 1199 structum
2960 1153 3293 1215 vegetaverat
3312 1144 3503 1198 Adam.

2108 1234 2261 1299 Nam,
2293 1234 2416 1304 quia
2448 1246 2693 1291 naturam
2728 1245 2941 1291 tenuem
2972 1236 3195 1291 declivia
3217 1237 3342 1291 vita:

2110 1325 2270 1396 56a.
2289 1325 2529 1382 Pondera
2554 1343 2585 1380 n
2612 1343 2658 1380 in
2682 1328 3002 1397 reprimunt,
3018 1342 3117 1382 nec
3141 1326 3313 1381 tardat
3336 1327 3508 1381 ferrea

3177 1417 3438 1489 [compes,

2108 1509 2429 1564 Concretum
2462 1509 2623 1564 celeri
2657 1509 2898 1580 relegens
2925 1517 3068 1564 secat
3098 1523 3221 1564 aera
3253 1509 3425 1577 lapsu,

1940 1600 2045 1655 850
2117 1598 2515 1669 Exsuperatque
2534 1600 2707 1668 polum
2726 1600 2933 1655 fervens
2944 1598 3167 1656 scintilla
3183 1616 3511 1666 remensum,

2113 1689 2403 1747 Carcereos
2426 1706 2584 1748 exosa
2616 1692 2770 1758 situs,
2794 1693 2985 1760 quibus
3015 1693 3243 1747 laeserat
3270 1694 3441 1748 exsul.

2115 1783 2265 1837 Tunc
2292 1782 2617 1852 postlimin'o
2647 1782 2957 1838 redeuntem
2987 1783 3210 1853 suscipit
3233 1783 3343 1837 alto

2126 1874 2271 1930 Cana
2318 1874 2449 1931 fides
2492 1876 2729 1945 gremio,
2782 1874 3088 1945 tenerisque
3127 1876 3356 1931 oblectat
3401 1876 3513 1929 alu—

3248 1969 3447 2040 [mnam

2117 2060 2348 2125 Deliciis,
2376 2059 2572 2115 multos
2599 2069 2716 2129 post
2745 2060 3038 2116 diversoria
3069 2062 3245 2116 carnis

1945 2151 2052 2206 855
2123 2151 2229 2206 Ore
2254 2158 2620 2205 renarrantem
2648 2150 2888 2219 querulo,
2917 2166 3051 2221 quos
3080 2165 3254 2220 passa,
3285 2151 3516 2205 labores.

1575 2256 1860 2312 CLOSSIE
1902 2260 2238 2317 VETERES.

338 2347 463 2405 820.
496 2346 1225 2419 Natura,scil;'cetdiuinitatis.
1258 2378 1324 2387 —
1357 2348 1504 2413 Solo,
1536 2350 1839 2419 corporis,l.

340 2418 465 2474 82L
496 2416 781 2483 Devinctus,
812 2418 1035 2478 devicta,
1072 2418 1109 2471 Ι.

338 2488 464 2543 828.
494 2487 1136 2549 Conscenduutreduces,
1193 2490 1475 2541 ascendunt
1517 2489 1840 2543 revenientcs.

267 2559 614 2629 --Viscosus,
639 2558 939 2629 glutinosus.
971 2588 1038 2598 -—
1066 2561 1293 2629 inescat,
1321 2560 1525 2626 decipit,
1544 2569 1762 2629 saturat,
1800 2560 1839 2613 ι.

342 2630 469 2699 824.
500 2627 654 2699 inde,
702 2629 941 2699 proinde.
968 2656 1034 2669 —-
1060 2628 1318 2695 Liventia,
1355 2634 1519 2699 nigra,
1549 2627 1588 2681 Ι.

341 2698 465 2755 836.
499 2696 538 2752 F
544 2712 697 2761 urvo,
741 2699 905 2767 nigro,
932 2698 969 2754 Ι.

341 2769 467 2825 827.
499 2768 713 2832 Sanxit,
743 2769 977 2822 decrevit.
1012 2769 1322 2835 -—Edaces,
1367 2770 1621 2835 rodentes,
1665 2769 1702 2822 Ι.

343 2838 469 2894 828.
497 2838 806 2903 lnolescere,
836 2855 1074 2903 crescere,
1102 2840 1140 2893 Ι.

344 2908 471 2964 829.
496 2908 838 2977 Vegetamen,
869 2909 1114 2973 animam,
1146 2910 1551 2973 commotionem,
1600 2910 1769 2971 vitam,
1806 2909 1843 2962 Ι.

344 2979 471 3048 851.
500 2978 752 3048 infusam,
777 2979 1067 3048 formatam,
1102 2979 1200 3032 Iso.

345 3046 471 3105 852.
495 3047 760 3113 Convexa,
778 3046 913 3118 poli,
935 3051 1041 3102 caeli
1058 3066 1076 3113 ;
1096 3050 1163 3101 ad
1187 3049 1426 3116 caslestia,
1454 3050 1492 3103 Ι.

347 3119 475 3175 855.
506 3119 692 3183 Puteo,
720 3120 773 3172 in
804 3127 974 3185 puteo,
1008 3118 1046 3172 i.

348 3188 475 3244 854.
505 3188 941 3253 Discruciatibus,
966 3190 1143 3257 pinnis,
1174 3188 1211 3242 l.

352 3260 477 3314 855.
508 3260 694 3324 Senio,
721 3268 886 3313 wtate.
918 3288 989 3299 —
1020 3258 1243 3321 Periret,
1270 3259 1523 3326 deﬁceret,
1556 3260 1593 3313 I.

351 3329 478 3384 856.
512 3328 795 3393 Pereunte,
827 3329 1112 3396 deﬁciente,
1147 3330 1186 3383 I.

352 3399 479 3454 857.
506 3399 801 3458 Materiem.
831 3400 1076 3453 animam.
1108 3428 1177 3439 —
1208 3399 1365 3461 Mors,
1404 3400 1742 3468 consumptio,
1772 3399 1809 3452 Ι.

349 3468 472 3524 8H.
506 3468 903 3535 Gomorrbazas,
939 3468 1300 3537 Sodomiticas,
1327 3470 1382 3523 id
1416 3481 1486 3523 est
1508 3482 1735 3523 terrenas
1761 3470 1851 3523 de-

1950 2354 2259 2420 lectationes,
2294 2356 2393 2410 iso.

2020 2424 2146 2495 844.
2182 2425 2539 2493 Properanda,
2570 2425 2796 2479 celeriter
2825 2422 3089 2495 fugienda,
3126 2422 3246 2483 cita,
3278 2420 3317 2474 i.

2020 2494 2143 2549 816.
2200 2491 2492 2561 Structutn,
2544 2491 2971 2565 plasmatumf—
2997 2491 3364 2561 Vegetaverat,
3408 2492 3523 2543 ani-

1952 2573 2195 2629 maverat,
2222 2565 2264 2620 1.

2020 2634 2146 2689 847.
2178 2635 2448 2697 Naturam,
2481 2635 2727 2699 animam,
2763 2634 2801 2687 1.

2026 2705 2152 2759 849.
2181 2704 2523 2769 Concretum,
2555 2706 2789 2760 densum.
2819 2731 2884 2745 -κ
2916 2702 3094 2767 Secat,
3127 2702 3317 2765 anima,
3345 2701 3386 2756 l.

2026 2775 2152 2830 850.
2180 2775 2443 2839 Scintilla,
2476 2776 2671 2841 anima,
2705 2775 2742 2827 Ι.

2027 2846 2152 2898 8ἓὶ1.
2183 2846 2346 2911 Situs,
2380 2846 2735 2907 habitationes,
2768 2845 3058 2913 positiones,
3092 2841 3132 2894 i.

2026 2915 2150 2969 852.
2188 2915 2540 2977 Postliminio,
2588 2912 2821 2978 introitu,
2864 2914 3065 2975 exsilio,
3098 2916 3159 2965 de
3199 2912 3523 2981 captivitate:

1958 2984 2330 3053 postliminium
2370 2996 2441 3039 est
2478 2987 2693 3039 reversio
2715 2986 2776 3037 de
2804 2985 3111 3054 captivitate,
3140 2983 3348 3054 quando
3381 2982 3530 3054 longo

1956 3051 2064 3121 Quis
2093 3064 2313 3125 tempore
2338 3055 2489 3109 limen
2511 3054 2693 3108 domus
2721 3070 2827 3125 sure
2855 3051 3118 3106 dimissum
3147 3053 3362 3125 repetit;
3390 3051 3528 3125 quod

1956 3120 2105 3176 etiam
2134 3120 2297 3177 sancti
2323 3127 2553 3178 doctores
2592 3126 2754 3178 solent
2792 3124 2979 3182 dicere,
3009 3123 3215 3191 quando
3244 3120 3527 3191 stylumiad

1958 3194 2063 3246 alia
2105 3194 2485 3257 transmittant;
2522 3203 2643 3245 tunc
2669 3195 2850 3246 iterum
2892 3191 2961 3244 ad
3003 3190 3061 3245 ea
3084 3198 3402 3257 revertentes,
3434 3190 3530 3242 hoc

1877 3260 1922 3322 (Σ
1955 3263 2323 3329 postliminium
2352 3265 2511 3318 solent
2533 3263 2719 3329 dicere,
2752 3263 2790 3315 Ι.

2022 3334 2150 3388 855.
2180 3334 2442 3399 Obiectal,
2473 3333 2630 3386 nutrit
2658 3333 2901 3395 animam,
2932 3330 2971 3384 l.

2012 3403 2150 3525 [855.
2181 3402 2436 3525 Qluerulo,
2484 3403 2826 3472 conquerenti.
2858 3424 2924 3442 -ι
2960 3402 3139 3467 Passa,
3192 3398 3385 3454 scilicet
3435 3400 3524 3467 sit,

1954 3490 2008 3525 ve
2056 3483 2188 3525 erat.
2251 3515 2259 3523 .

2174 3515 2259 3537 ,..

1644 3582 2197 3641 CUMMENTARlUS.

350 3704 478 3760 8‘2I.
503 3704 647 3765 Ald.,
684 3703 871 3769 Bong..
905 3702 1095 3765 Gisel.,
1124 3717 1226 3754 non
1259 3710 1587 3771 repugnante
1623 3699 1858 3761 Heinsio,

277 3783 330 3832 et
349 3776 559 3829 (ethera.
576 3772 791 3833 Weitz.,
811 3774 966 3837 Mar.,
984 3774 1166 3841 Prag.,
1188 3772 1330 3833 Rat.,
1353 3774 1420 3825 ad
1443 3773 1634 3826 tet/tera
1656 3772 1771 3825 sine
1791 3780 1858 3824 et.

351 3844 478 3900 82L
516 3841 670 3905 Man,
698 3842 939 3908 liquentia
969 3851 1161 3894 tartara
1184 3858 1209 3892 a
1240 3844 1406 3909 prima
1433 3856 1612 3895 manu.

354 3914 477 3968 825.
508 3912 566 3965 in
592 3911 903 3979 quibusdam
925 3911 1093 3977 vulg.,
1127 3910 1335 3979 liquide.

354 3981 480 4037 826.
505 3978 782 4050 Infernalis
806 3982 857 4034 in
877 3979 1160 4034 Latinitate
1188 3980 1429 4050 prolapsa
1450 3978 1660 4036 Cellarii
1689 3980 1857 4034 solum

281 4052 627 4113 Prudentium
652 4051 809 4105 habet
830 4059 1123 4104 auctorem.

355 4122 481 4179 8‘28.
516 4120 573 4175 In
598 4120 739 4189 vulg.
767 4120 1055 4184 nonnullis,
1084 4120 1278 4190 pennis,
1312 4120 1472 4184 male,
1524 4134 1621 4189 pro
1678 4121 1858 4189 pinnis.

284 4197 362 4251 De
397 4192 664 4247 vermibus
691 4191 1060 4244 damnatorum
1087 4190 1206 4244 vide
1229 4190 1415 4245 lsaiam
1445 4205 1563 4259 cap.
1588 4206 1728 4245 vat.

356 4264 481 4319 851.
514 4263 667 4325 Man,
693 4261 869 4330 Prag.,
898 4260 1092 4315 Weitz.
1125 4260 1343 4330 aliique,
1390 4261 1655 4331 infusam:
1686 4270 1858 4329 putat-

290 4350 396 4404 que
417 4331 993 4404 Mariettustglos‘sema
1040 4345 1157 4385 esse
1206 4334 1516 4404 formatam;
1560 4346 1621 4404 ac
1651 4346 1862 4404 revera

284 4400 459 4472 g’tossa
491 4412 570 4457 est
590 4401 777 4455 ismtis.
806 4400 1001 4472 Verum
1033 4416 1220 4456 omnes
1247 4401 1540 4472 Heinsiani,
1566 4401 1862 4468 Ald.,Gis.,

284 4471 405 4528 Vat.
439 4472 504 4537 Δ,
539 4472 691 4525 Alex.
722 4486 785 4525 ac
808 4471 958 4525 multi
1016 4480 1272 4541 prmterea
1326 4471 1525 4541 habent
1570 4476 1859 4539 formatam,

284 4543 424 4614 quod
450 4540 1257 4614 m:b_i_P_iudentianumvidetur.
1291 4542 1365 4597 Ex
1380 4540 1692 4598 Weitzianis
1726 4544 1864 4596 lion-

285 4611 504 4684 garsret
526 4611 726 4684 Witlm.
758 4626 941 4684 supra,
972 4616 1267 4681 formatam.

353 4683 480 4737 831.
511 4682 629 4735 Aldi
657 4696 811 4737 error
837 4682 1087 4750 palmaris
1116 4685 1274 4736 virtus
1306 4697 1400 4749 pro
1429 4683 1580 4736 vitiis.
1616 4681 1864 4737 lleinsius

283 4768 381 4822 pro
403 4768 605 4806 rursum
636 4754 872 4821 reposuit
899 4767 1120 4812 sursum,
1148 4761 1206 4822 ut
1227 4752 1345 4805 aliis
1363 4752 1414 4805 in
1446 4752 1595 4822 locis.
1629 4752 1860 4822 'l‘lntan.,

286 4820 483 4877 Bnber.
511 4833 562 4876 et
586 4823 765 4884 Alex.,
795 4838 1017 4875 sursum.
1050 4820 1319 4875 Mariettus
1350 4835 1475 4875 vero
1503 4821 1557 4873 in
1608 4821 1719 4873 suis
1745 4837 1862 4874 om-

283 4892 445 4947 nibus
475 4892 887 4961 iegissevidetur
909 4908 1128 4954 rursum,
1144 4892 1282 4958 quod
1298 4899 1380 4945 est
1406 4891 1457 4961 in
1481 4887 1859 4961 Ald.,_Weitz.,

281 4958 586 5040 _Gis.,_Urb.
632 4971 705 5017 et
738 4962 885 5029 aliis;
941 4978 1037 5017 nec
1089 4960 1478 5017 contemnenda
1531 4958 1741 5029 quidem
1785 4968 1866 5014 est
1891 4981 1942 5040 ι)

283 5033 401 5087 luec
430 5032 603 5086 lectirt.

358 5103 485 5158 833.
522 5101 721 5156 Widm.
755 5116 783 5155 a
808 5102 981 5171 prima
1009 5118 1192 5165 manu,
1225 5101 1569 5155 mersandam.

346 5173 484 5228 855.
516 5173 645 5226 Mira
693 5181 775 5226 est
811 5169 934 5226 ’hoc
983 5174 1100 5227 loco
1147 5171 1266 5226 Aldi
1295 5172 1578 5225 correctio.
1614 5169 1863 5223 Edidcrat

280 5244 577 5295 immortale
615 5242 775 5313 dedit,
806 5243 946 5295 senio
982 5258 1044 5297 ne
1072 5259 1217 5313 paena
1257 5242 1462 5313 periret.
1482 5239 1819 5313 ‘Emendavit
1846 5256 1857 5291 :

194 5368 203 5375 ,
287 5313 585 5366 [inmortale
616 5311 775 5375 dedit,
808 5314 967 5375 senio,
998 5310 1204 5382 paz’nane
1234 5310 1435 5379 periret.
1471 5310 1587 5375 Quo
1620 5311 1717 5363 ista
1747 5325 1859 5363 tnu-

286 5383 442 5445 tatio,
475 5397 592 5451 quia:
623 5383 719 5451 ipsi
746 5384 1024 5437 sententia:
1047 5382 1399 5437 adversatur?

359 5449 505 5507 857(
524 5449 675 5517 Μεινξ,
705 5452 817 5507 Gis.
850 5460 903 5507 ct
926 5452 1012 5507 alii
1035 5454 1288 5506 materiem
1311 5451 1568 5505 scrtlmnt.
1592 5449 1707 5501 Ald.
1733 5466 1851 5502 eum

291 5523 563 5575 nonnullis
585 5562 597 5584 ,
631 5524 913 5576 materiam.
948 5524 1194 5578 Heinsius
1222 5521 1316 5575 lib.
1349 5536 1364 5575 t
1393 5522 1612 5574 Advers.
1650 5519 1853 5583 posllt.,

288 5606 410 5663 cap.
449 5594 513 5659 6,
557 5593 923 5661 corrigendum
950 5602 1114 5663 .putat
1160 5602 1325 5646 ratam
1376 5606 1471 5658 pro
1516 5592 1709 5645 datam.
1742 5589 1855 5663 Non

289 5662 481 5714 faciant
537 5663 711 5714 invitis
740 5661 1077 5719 membranis.
1108 5664 1162 5718 in
1208 5662 1324 5716 Vat.
1356 5664 1422 5727 A,
1459 5663 1618 5729 ipsam
1645 5677 1660 5713 :
1692 5661 1859 5714 corri-

288 5730 523 5801 gendum
552 5732 677 5802 ipsa.
714 5733 785 5788 De
812 5746 1009 5790 mterno
1041 5734 1320 5805 supplicio,
1354 5748 1458 5802 quo
1490 5734 1679 5787 animus
1721 5745 1860 5786 sem-

1968 3714 2065 3771 per
2089 3700 2398 3770 puniuntur.
2434 3716 2603 3764 neque
2631 3701 2921 3771 inter~'ttnt,
2954 3699 3120 3755 videri
3155 3706 3378 3766 possunt
3402 3697 3537 3771 Ter-

1968 3770 2064 3824 tul.
2100 3772 2258 3839 Apol.
2280 3786 2332 3826 c.
2369 3771 2460 3835 48,
2486 3771 2745 3825 Minucius
2777 3770 2946 3835 Felix,
2977 3772 3378 3839 Augustinuset
3418 3770 3530 3823 alii.

2035 3838 2159 3912 850.
2194 3841 2348 3912 Prag.
2381 3843 2554 3896 minus
2584 3841 2738 3903 bene,
2770 3851 2815 3894 et
2846 3841 3042 3895 diuersa
3068 3838 3168 3910 pro
3202 3851 3275 3894 at.
3311 3838 3365 3893 in
3404 3854 3539 3893 nou-

1968 3910 2123 3963 nullis
2154 3910 2324 3980 vulg.,
2351 3913 2563 3965 adversa
2590 3926 2686 3979 pro
2710 3911 2928 3965 diversa.

2035 3980 2159 4035 845.
2191 3980 2327 4045 Gis.,
2359 3991 2522 4045 recte;
2544 3981 2636 4034 sed
2662 3981 2755 4035 inl
2792 3980 2901 4047 ed.,
2930 3981 3045 4033 rite.

2035 4049 2409 4116 8M.Weitz.,
2460 4052 2735 4119 Pragens.,
2783 4048 2902 4104 Rat.
2953 4058 3005 4105 et
3056 4049 3187 4103 Mar.
3228 4062 3257 4101 a
3309 4050 3540 4102 secunda

1966 4136 2147 4187 manu,
2179 4122 2351 4175 miseri
2382 4131 2430 4177 et
2471 4118 2814 4191 properanda.
2841 4120 2965 4191 Alii,
3018 4118 3186 4172 miseri
3213 4119 3542 4191 praperandu

1968 4207 2061 4256 per
2089 4192 2428 4262 epexegesin.
2465 4190 2719 4246 Dicuntur
2750 4190 2979 4262 pericula
3023 4190 3387 4262 properanda,
3416 4204 3484 4256 qu
3511 4203 3540 4239 a

1968 4258 2191 4329 propere
2227 4258 2290 4316 ac
2328 4261 2639 4316 festinanter
2671 4260 2900 4314 cavenda
2945 4268 3000 4315 et
3043 4258 3309 4328 fugienda,
3345 4266 3402 4310 ut
3443 4272 3540 4311 ex-

1969 4331 2166 4397 plicant
2193 4332 2274 4386 Iso
2296 4342 2348 4386 et
2373 4331 2666 4387 Mariettus.
2701 4330 2753 4384 In
2778 4331 3049 4385 nonnullis
3076 4329 3222 4398 vulg.
3251 4336 3333 4383 est
3358 4343 3543 4395 prape-

1967 4404 2173 4454 rando:
2200 4410 2253 4456 et
2298 4403 2370 4455 ita
2416 4402 2527 4457 Gis.
2579 4402 2629 4455 in
2682 4411 2904 4468 utraque
2941 4400 3107 4465 edit.,
3153 4413 3261 4453 non
3305 4398 3540 4468 absurdo

1969 4484 2128 4525 sensu
2156 4490 2168 4525 :
2197 4472 2448 4541 liquerunt
2475 4467 2826 4542 properando,
2846 4470 2958 4542 sive
2985 4477 3334 4540 properantes.
3363 4467 3541 4534 Expli—

1969 4542 2075 4595 cari
2108 4542 2266 4596 etiam
2293 4541 2725 4611 potest'pericula
2758 4555 2875 4607 quae
2924 4541 3223 4611 imminent,
3249 4549 3543 4611 properant

1968 4627 2061 4664 seu
2112 4606 2510 4682 properantur:
2539 4606 2788 4667 Horatius
2837 4610 3181 4682 lithpodon
3230 4624 3339 4682 stt:
3378 4606 3544 4682 Mario

1970 4677 2279 4753 cibus'tyriis
2304 4684 2503 4738 iteratis
2526 4683 2708 4737 vellera
2735 4681 2869 4735 [ante
2897 4679 2995 4733 Cui
3012 4677 3462 4753 praperabantur!

2039 4747 2172 4807 848:
2196 4751 2314 4806 Vat.
2343 4754 2409 4817 A,
2439 4754 2796 4819 viviﬁcaverat,
2829 4758 2975 4804 recte
3003 4747 3344 4819 emendatum
3378 4759 3536 4819 supra

1971 4831 2299 4889 vegetaverat.
2326 4814 2438 4877 lloc
2460 4814 2622 4877 verbo
2654 4820 2824 4875 active
2852 4832 2978 4874 usus
3008 4826 3090 4873 est
3119 4817 3180 4873 A.
3216 4815 3413 4871 Gellius
3442 4814 3535 4867 lib.

1972 4906 2096 4952 st'tt,
2130 4905 2248 4956 cap.
2276 4892 2332 4955 2,
2360 4902 2414 4946 et
2440 4892 2551 4945 alii.

2038 4959 2163 5015 847.
2196 4959 2374 5029 Prag..
2404 4970 2581 5025 terrm;
2608 4958 2812 5029 creteri,
2836 4958 2968 5012 vita.

2039 5030 2168 5085 850.
2192 5025 2579 5085 Chainillardus
2604 5028 2787 5084 asserit
2830 5038 3035 5098 poetam
3068 5025 3210 5098 loqui
3232 5036 3296 5080 ex
3325 5032 3542 5079 sentcn-

1977 5100 2046 5153 tia
2082 5100 2360 5170 gentilium
2412 5097 2872 5170 philosonborum,
2926 5097 3357 5170 quodanimanr
3387 5106 3541 5170 vocet

1976 5163 2259 5244 sciiiiillam
2292 5163 2604 5244 ferventem.
2634 5170 2844 5244 Falsum
2872 5163 3015 5244 puto.
3048 5168 3179 5222 Nam
3223 5163 3539 5244 Prudentius

1974 5256 2075 5292 non
2107 5240 2277 5294 solum
2311 5242 2560 5304 animam,
2594 5240 2686 5295 sed
2712 5235 2883 5294 Deum
2903 5240 3058 5291 etiam
3083 5235 3312 5305 appellat
3340 5235 3534 5302 ignem,

1971 5326 2076 5363 non
2107 5311 2228 5378 quia
2274 5327 2339 5363 ex
2376 5312 2496 5380 igne
2540 5312 2727 5372 Deum,
2757 5318 2853 5380 aut
2893 5309 3119 5380 animam
3146 5314 3401 5380 constare
3426 5307 3539 5356 cxi-

1967 5376 2166 5446 stimet,
2203 5381 2295 5435 sed
2329 5376 2542 5451 propter
2572 5378 2876 5434 ttOnnullam
2909 5376 3304 5451 similitudinem
3329 5389 3445 5451 qtae
3468 5389 3534 5425 ex

1968 5444 2453 5521 rebus'corporeis
2502 5453 2605 5521 peti
2659 5455 2831 5517 potest
2879 5447 2943 5501 ad
2999 5445 3301 5514 spiritu-ales
3359 5444 3536 5511 aliquo

1970 5520 2137 5594 modo
2162 5520 2581 5594 int_eliigcttdaIS.__
2814 5588 2842 5594 __
2868 5588 2879 5594 _
3059 5584 3087 5594 ..
3148 5584 3157 5593 .

2201 5584 2361 5646 WeiC
2394 5607 2514 5645 cum
2548 5592 2697 5658 Egm.
2723 5588 2905 5641 scribit
2935 5584 3273 5654 postliminca.

2046 5661 2165 5714 855.
2206 5662 2402 5730 Virgilii
2434 5670 2514 5714 est
2545 5677 2669 5714 cana
2699 5658 2847 5730 ﬁdes.

2046 5731 2171 5787 855.
2206 5728 2351 5798 Rat},
2384 5731 2611 5797 dolores,
2646 5728 2753 5797 alii,
2788 5728 2999 5782 labores.
