4092 6344
624 337 754 397 1071

800 445 910 500 Illic
934 457 1205 515 purpureo
1226 444 1365 497 latus
1391 450 1699 511 exporrecta
1730 442 1913 507 cubili,

798 533 1043 588 Floribus
1070 530 1288 586 :eteruis
1309 532 1577 598 spirantes
1604 531 1730 585 libat
1752 531 1970 595 odores,

796 622 1241 693 Atubrosiumque
1269 621 1403 675 bibit
1434 634 1589 675 roseo
1612 619 1677 675 de
1699 622 1958 676 stramine
1981 636 2181 675 rorem.

795 715 952 787 565
984 714 1207 779 Ditibus,
1240 722 1295 770 et
1322 712 1483 783 longo
1532 712 1858 768 fumantibus
1889 715 2187 779 intervallo,

798 808 1170 879 Fluminaque,
1198 814 1253 862 et
1281 815 1420 862 totos
1450 806 1571 861 εωιὶ
1602 806 1904 860 sitientibus
1940 806 2136 859 imbres

806 899 1090 966 ltuplorata
1121 907 1278 968 negat
1306 896 1818 967 digitum-insertare
1846 895 2022 966 palato
2043 935 2057 958 ,

797 988 1264 1060 Flammarumque
1311 987 1492 1057 apices
1545 987 1781 1057 ltumenti
1848 986 2189 1054 exstinguere

1927 1078 2114 1151 [tactu.

797 1174 905 1230 Nec
939 1175 1163 1241 mirere,
1194 1172 1328 1228 locis
1353 1171 1508 1240 longe
1538 1168 1859 1223 distantibus
1885 1168 2024 1223 inter

798 1266 1114 1332 Damnatas,
1144 1265 1419 1335 iustasque
1449 1262 1656 1316 animas
1684 1273 2004 1315 concurrere
2042 1257 2189 1311 visus

625 808 730 862 860

1717 332 1988 387 AURELII
2028 333 2393 397 PRUDENTII
2432 334 2756 389 CARMINA.

2218 447 2266 504 Α
2296 442 2399 496 865
2472 444 2632 513 566
2658 442 3008 511 Conspicuos,
3033 442 3351 515 meritasque
3378 446 3519 500 vices
3546 460 3642 515 per
3667 462 3851 518 magna

3719 338 3852 395 1072

3591 536 3780 607 [notari

2473 624 2778 688 Intervalla,
2808 626 2959 693 polus
2985 626 3159 679 medio
3185 641 3303 695 qua:
3332 626 3521 680 dividit
3546 629 3698 683 orbe.

2556 718 2731 781 Errat,
2762 718 2985 787 quisque
3010 718 3215 773 animos
3246 729 3550 772 nostrorum
3582 718 3685 774 ﬁne
3727 736 3853 775 ncu-

3587 810 3783 883 [lorum

2474 899 2742 966 Estimat,
2771 898 2987 954 involvit
3015 899 3187 954 vitreo
3213 913 3345 969 quos
3375 898 3546 953 lucida
3580 901 3711 966 palla

2471 992 2529 1044 Ol
2548 991 2672 1059 j‘ce,
2690 990 2839 1060 queis
2860 990 3131 1060 speculum
3150 999 3397 1046 concreta
3409 994 3629 1060 coagula
3648 990 3853 1057 texunt,

2291 1080 2394 1136 870
2465 1080 2867 1149 ltnpediuntque
2883 1094 3043 1151 vagas
3073 1080 3306 1135 obducto
3326 1081 3550 1135 humore
3575 1082 3851 1138 fenestras.

2468 1172 2674 1226 Numne
2686 1172 2980 1227 animarum
2992 1174 3163 1228 oculis
3175 1173 3342 1227 denso
3354 1174 3683 1242 vegetamine
3694 1185 3856 1243 guttae

2471 1261 2769 1317 Volvuntur
2799 1264 3034 1319 teretes?
3063 1272 3155 1317 aut
3184 1262 3579 1331 palpebralibus
3606 1271 3753 1319 extra

1918 1387 2197 1443 GLOSS/E
2233 1389 2274 1442 V
2283 1390 2367 1444 ET
2376 1390 2563 1445 liRES.

691 1489 813 1542 856.
845 1486 1034 1550 Latus,
1068 1484 1199 1536 latus
1224 1481 1409 1534 habens
1439 1489 1815 1549 experrectum;
1844 1487 2065 1544 extenta,
2105 1482 2179 1532 vel

619 1560 807 1628 iacens,
842 1556 881 1628 l_.

688 1616 813 1679 857.
848 1624 1019 1689 Libat,
1045 1623 1296 1690 degustat,
1324 1619 1526 1683 accipit,
1557 1616 1598 1671 1.

688 1696 814 1750 8958.
847 1687 1203 1755 Ambrosium,
1234 1690 1506 1753 ambrosia,
1532 1690 1667 1741 cibus
1697 1687 1936 1749 deorum;
1976 1687 2063 1740 sed
2092 1704 2180 1755 ρο⁴

621 1768 760 1819 nitur
806 1780 900 1835 pro
948 1764 1083 1835 omni
1122 1762 1383 1835 suauitate,
1440 1760 1479 1835 l_.
1511 1788 1580 1835 —-_
1620 1760 1770 1817 Alite.
1798 1758 2005 1835 unione,
2114 1786 2181 1796 —-

624 1838 752 1899 Piis,
787 1827 1071 1888 animabus.
1108 1862 1173 1870 —
1202 1832 1351 1896 Quis".
1383 1830 1665 1881 animabus.
1696 1856 1766 1867 —--
1798 1828 1984 1891 l’atris,
2020 1827 2182 1899 Abra-

2360 1480 2483 1534 865.
2515 1480 2690 1546 Locis,
2723 1482 2845 1534 creto
2871 1492 2916 1535 et
2943 1484 3164 1548 inferno,
3197 1484 3234 1537 Ι.

2362 1551 2487 1625 865.
2533 1550 2880 1625 Conspicuos,
2914 1554 3111 1616 claros,
3156 1555 3475 1623 manifestos.
3520 1585 3589 1598 --
3629 1556 3849 1625 Nomi,

2290 1621 2466 1683 videri,
2497 1637 2811 1687 cognoscere,
2835 1620 2876 1675 1.
2940 1684 2943 1687 λ

2516 1691 2676 1766 (_)_rbe,
2712 1691 2918 1766 mundo,
2968 1694 3273 1766 rotunditate
3311 1704 3477 1763 tcrrte,
3522 1699 3708 1766 spatio,
3750 1697 3851 1751 Iso.

2364 1759 2487 1813 867.
2520 1759 2668 1827 Fine,
2700 1761 2933 1822 termino,
2969 1761 3005 1813 1.

2362 1830 2487 1885 868.
2520 1831 2682 1896 Palla,
2727 1830 2889 1891 vestis,
2927 1848 3026 1895 qua
3060 1833 3441 1899 sacriﬁcabatur
3484 1834 3726 1899 Palladi;
3769 1837 3857 1890 sed

622 1898 761 1961 hami.
790 1935 859 1944 —
886 1901 1385 1977 @gri,_Lazari_._—
1412 1900 1637 1977 Altisso,
1674 1915 1702 1949 a
1730 1900 1938 1977 gremio.
1971 1927 2036 1937 -—
2074 1898 2188 1977 ῐεξκ-
2220 1901 2267 1961 Β
2294 1902 2496 1977 ponitur
2523 1917 2615 1977 pro
2656 1902 2793 1954 omni
2829 1911 3001 1965 veste;
3041 1903 3121 1954 hic
3161 1898 3253 1972 pro
3285 1906 3525 1969 pellicula
3550 1946 3566 1968 ,
3594 1898 3715 1975 σιω
3738 1910 3859 1977 tegit

620 1977 803 2039 clusis,
830 1966 1019 2027 scilicet
1042 1966 1111 2026 Vde
1133 1971 1334 2041 gaudiis
1362 1987 1394 2039 ι)
1416 1966 1606 2021 .rudisi.
1642 1996 1710 2005 —
1732 1966 1919 2030 Morte,
1952 1983 2070 2019 cum
2099 1967 2182 2019 in-

552 2088 555 2089 ν
626 2047 777 2097 teritu
800 2047 999 2104 animle,
1034 2044 1071 2095 Ι.

691 2114 814 2169 859.
852 2114 1074 2175 Ditibus,
1105 2111 1360 2164 divitibus.
1407 2138 1474 2148 -—-
1519 2106 1900 2171 Fumantibus,
1933 2107 2092 2177 tangit
2124 2108 2187 2159 de

622 2186 772 2238 divite
797 2195 843 2236 ct
882 2199 1122 2255 paupere.
1154 2183 1193 2236 Ιο
1676 2248 1732 2255 __
1836 2248 1847 2255 .
1939 2247 1950 2255 .
2086 2245 2097 2255 .

692 2256 814 2308 861.
850 2247 1148 2319 lutplorata,
1180 2260 1389 2317 rogata,
1433 2249 1619 2301 scilicet
1661 2248 1784 2314 fides
1819 2247 1980 2316 justi,
2013 2247 2183 2298 anima

623 2327 782 2397 iusta.
814 2353 884 2364 —
907 2323 1187 2388 lusertare,
1212 2320 1497 2382 immi.‘tere,
1530 2319 1566 2371 Ι.

2292 1970 2565 2039 pupillam,
2596 1970 2634 2023 I.

2362 2040 2483 2093 869.
2518 2040 2717 2107 Ubjice,
2750 2040 3045 2109 objectione.
3096 2070 3159 2080 -—
3208 2041 3489 2105 Speculum
3514 2090 3526 2109 ,
3560 2047 3745 2097 risum.
3791 2075 3859 2086 _

2297 2110 2579 2172 concreta,
2610 2110 2784 2161 densa.
2818 2138 2887 2148 —
2913 2110 3161 2177 Coagula,
3194 2117 3345 2176 aeris,
3375 2117 3412 2166 Ι.

2360 2180 2483 2233 870.
2518 2180 2768 2244 "umore,
2793 2181 2945 2231 aeris.
2977 2207 3046 2220 -—
3078 2180 3382 2248 Fenestras,
3412 2186 3701 2249 oculorum,
3735 2185 3774 2241 1.

2356 2250 2479 2305 872.
2505 2249 2745 2314 Teretes,
2773 2251 3027 2313 rotuudtc,
3062 2252 3099 2304 Ι.

1964 2401 2511 2461 COMMENTARIUS.

693 2530 816 2587 856.
847 2529 1120 2584 Mat-iollas
1142 2529 1535 2597 interpret.t'ur,
1554 2528 1687 2580 latns
1707 2538 2025 2595 exporrecta,
2049 2544 2187 2580 com-

625 2603 771 2655 mode
802 2608 989 2663 ,iaccns,
1018 2609 1074 2652 ut
1099 2602 1272 2653 so‘eut
1301 2601 1387 2665 qui
1416 2601 1627 2661 longum
1654 2597 1753 2652 iter
1782 2597 2042 2653 fecerunt.

692 2671 815 2725 858.
851 2672 994 2735 Put.,
1026 2670 1223 2735 Oxou.,
1269 2670 1413 2731 Rot.,
1450 2680 1556 2722 tres
1583 2670 1760 2732 Torr.,
1816 2668 1993 2735 Egm.,
2042 2668 2183 2733 Ald.,

625 2742 801 2804 Alex.,
835 2742 948 2793 Vat.
996 2745 1058 2804 Α,
1104 2740 1257 2806 Man,
1308 2740 1552 2791 stramine
1598 2754 1692 2802 pro
1740 2748 1876 2801 toro,
1921 2749 2010 2790 aut
2054 2748 2191 2790 stra-

624 2820 828 2865 mento.
872 2811 1024 2871 Ul'b.,
1065 2809 1202 2873 Gis.,
1256 2808 1472 2871 Weitz.,
1522 2808 1701 2876 Pt'ag.,
1748 2807 1885 2871 Rat,
1938 2810 2183 2877 gramine.

622 2881 802 2947 Neque
823 2880 1107 2933 absurdum
1139 2890 1219 2933 cst
1247 2895 1390 2933 roseo
1417 2879 1646 2948 gramine
1671 2893 1689 2929 :
1716 2892 2080 2948 nanrgratnen
2103 2887 2188 2948 est

622 2946 951 3020 quaecunque
992 2950 1153 3020 herba
1185 2950 1386 3020 viridis.
1419 2946 1651 3002 iFloretu
1693 2946 1937 3020 gramini
1960 2947 2051 3000 dat
2090 2947 2188 3020 Se:

626 3017 757 3075 iteca
790 3027 840 3074 in
867 3017 1071 3074 Medea.
1098 3018 1231 3074 Vide
1264 3019 1620 3073 Burmaunum
1644 3057 1659 3081 ,
1693 3031 1810 3085 pag.
1842 3017 1967 3080 690,
2003 3025 2130 3071 tom.
2169 3017 2187 3070 Ι

624 3091 845 3144 Antliol.
896 3090 1018 3142 Post
1067 3088 1208 3142 hunc
1256 3103 1468 3142 versum
1517 3085 1824 3140 inseruntur
1866 3086 1952 3141 alii
2001 3102 2091 3141 ses
2133 3087 2184 3141 in

624 3160 896 3214 nonnullis
925 3158 1215 3223 codicibus,
1247 3158 1338 3228 qui
1367 3157 1559 3211 absunt
1579 3156 1645 3228 ab
1666 3157 1913 3228 omnibus
1943 3157 2183 3228 lleinsia-

624 3232 727 3294 nis,
776 3231 949 3299 Εειιι..
990 3228 1127 3299 PaL,
1177 3226 1323 3291 ΔΜ..
1374 3228 1552 3290 Alex.,
1598 3226 1751 3291 Urb.,
1792 3236 1848 3299 et
1875 3228 1941 3281 ab
1972 3226 2185 3299 lleinsio

626 3300 780 3368 ejecti
823 3298 965 3361 Sunt,
995 3298 1133 3365 quod
1180 3299 1437 3353 Orationis
1467 3312 1681 3368 sensum
1715 3298 1946 3368 turbent.
1978 3298 2079 3352 Eos
2107 3298 2185 3350 in-

624 3367 889 3424 terseruut
921 3370 1061 3433 Rat.,
1098 3369 1253 3432 Man.
1286 3368 1497 3432 Weilz.,
1535 3367 1645 3421 Gis.
1676 3378 1729 3421 et
1756 3367 1936 3435 plures
1967 3368 2183 3434 vulgati.

624 3440 699 3493 Ita
743 3437 1008 3493 Giselinus
1038 3454 1129 3492 eos
1176 3454 1335 3493 senos
1379 3453 1568 3493 versus
1616 3436 2013 3505 producitzAst
2049 3438 2185 3498 alim.

622 3524 747 3577 quas
794 3510 906 3562 dira
945 3508 1072 3573 lues,
1104 3525 1341 3574 errorque
1366 3510 1637 3579 Amalignus
1678 3506 2189 3579 Immersittenebris

623 3590 861 3647 vastoque
891 3580 1079 3632 obsedit
1110 3582 1323 3643 Averno,
1356 3577 1741 3642 Haud‘intpune
1766 3578 1882 3645 piis,
1906 3577 2007 3630 alt!
2034 3587 2188 3629 semet

623 3649 797 3702 abesse
841 3650 1065 3718 fatentur
1096 3647 1360 3711 Conciliis,
1403 3650 1605 3702 meritas
1634 3648 1763 3715 ferre
1794 3657 1841 3699 et
1876 3663 1964 3716 per
2000 3649 2187 3718 alecula

626 3735 817 3788 plenas,
842 3716 1004 3785 ’Queis
1032 3721 1193 3787 patris
1213 3718 1408 3788 antiqui
1438 3727 1525 3770 aut
1545 3718 1671 3784 wgri
1692 3718 1958 3788 reverentis
1977 3716 2187 3788 aybssus

625 3787 885 3850 Exclusis,
912 3786 1184 3857 mundique
1205 3786 1344 3841 bonis
1369 3804 1481 3841 cum
1512 3796 1671 3838 morte
1693 3787 1863 3857 politis
1898 3786 2113 3849 Ditibus.
2138 3796 2187 3841 et

625 3860 797 3925 longo,
821 3870 924 3910 etc.
954 3856 1121 3910 Versu
1151 3859 1183 3910 5
1209 3876 1219 3908 :
1253 3858 1404 3920 Man,
1435 3858 1532 3925 piis
1551 3865 1700 3909 semet
1729 3856 1914 3917 deesse,
1948 3865 2001 3909 et
2026 3871 2185 3917 supra

627 3924 816 3981 abesse.
854 3926 965 3979 Duo
1003 3926 1334 3980 Torrentiuni
1376 3924 1441 3982 et
1469 3926 1615 3989 Rau.
1650 3936 1799 3978 semet
1828 3925 2015 3981 deesse.
2045 3924 2187 3980 Giin-

626 3997 745 4051 nius
793 4013 1001 4066 quoque
1041 3999 1136 4060 piis
1181 4006 1333 4050 semet
1378 3996 1565 4049 deesse.
1600 3995 1769 4050 Versu
1797 3995 1829 4048 4
1857 4014 1868 4047 :
1898 3995 2051 4057 Man.
2080 3997 2187 4048 duo

624 4064 981 4133 Torrentiani,
1013 4068 1274 4129 Gilanius,
1309 4068 1450 4129 ΒΜ..
1472 4066 1675 4119 meritas
1701 4081 1872 4123 mentis
1891 4081 1980 4135 per
1999 4068 2185 4119 stccnla

624 4140 773 4208 fme.
807 4139 861 4192 In
892 4138 1020 4191 Mar.
1058 4154 1151 4197 pro
1176 4138 1384 4193 diversa
1416 4138 1639 4192 lectione
1665 4136 1797 4205 ferre
1826 4146 1870 4187 et
1894 4153 1983 4203 per
2001 4136 2187 4190 sucula

626 4207 816 4273 plenas.
870 4208 1031 4262 Versu
1062 4209 1134 4262 5:
1169 4210 1322 4269 Man.
1377 4207 1502 4271 Quis
1542 4207 1699 4276 patris
1748 4208 1977 4274 antiquo,
2025 4219 2184 4272 supra

622 4279 836 4347 antiqui.
887 4276 1015 4331 Mar.
1043 4288 1097 4333 et
1146 4278 1336 4333 Balter.
1372 4280 1654 4340 recentior,
1690 4277 1819 4347 Quis
1861 4278 2018 4343 patris
2053 4278 2187 4329 atti-

621 4364 717 4412 quo
746 4350 1049 4402 reverentius
1090 4365 1209 4417 ager
1243 4349 1443 4418 abysso.
1488 4347 1543 4401 In
1588 4348 1714 4401 Mar.
1763 4346 1826 4418 a_d
1876 4347 2061 4414 Matg.,
2097 4357 2185 4399 ant

623 4420 746 4485 a'gri
776 4422 1042 4471 reverentis
1074 4414 1270 4487 abysso.
1308 4414 1367 4470 in
1398 4418 1575 4486 Prag.,
1616 4418 1739 4483 Quis
1774 4414 1943 4469 Patris
1973 4418 2182 4485 antiqui,

621 4498 710 4539 aut
736 4503 868 4557 wger
890 4490 1157 4541 rererentis
1184 4490 1382 4557 abysso,
1413 4503 1529 4541 cum
1558 4488 1731 4556 glossa
1762 4502 1900 4551 oms,
1942 4504 2033 4554 pro
2073 4487 2185 4551 qui-

622 4557 736 4621 bus,
771 4573 1010 4610 EXCI.U~IS
1060 4573 1266 4616 navsse.
1321 4559 1374 4608 id
1419 4567 1490 4609 est
1530 4558 1914 4626 periabyssum,
1957 4557 2182 4609 vide.’icet

622 4640 713 4691 per
736 4627 888 4677 chaos
930 4642 1187 4694 magnum.
1214 4626 1449 4678 Gifanius
1483 4628 1594 4678 Iud.
1628 4625 1784 4679 Lucr.
1816 4629 1976 4679 verbo
2005 4642 2181 4681 cosm-

2299 2539 2486 2599 morte
2498 2534 2616 2599 (seu
2642 2542 2809 2599 usque
2833 2529 2898 2582 ad
2932 2528 3178 2597 mortem)
3212 2528 3409 2596 petitis,
3435 2537 3491 2584 et
3512 2528 3672 2599 longo
3700 2530 3859 2585 inter-

2294 2596 2433 2650 vallo
2458 2597 2796 2661 distantibus,
2846 2609 2898 2654 et
2926 2596 3195 2663 cruciatis,
3236 2607 3459 2653 ettanta
3504 2601 3590 2652 siti
3610 2596 3855 2653 aestuan-

2294 2667 2457 2729 tibus,
2505 2674 2562 2720 ut
2608 2666 2845 2733 ﬂumina,
2899 2679 2953 2722 et
2993 2679 3129 2722 totos
3171 2669 3289 2723 caeli
3334 2669 3529 2722 imbres
3571 2684 3632 2725 se
3678 2666 3856 2725 bibere

2293 2751 2447 2858 posse
2489 2736 2897 2800 arbitrarentur,
2946 2740 3109 2807 patris
3142 2740 3363 2806 antiqui,
3412 2741 3511 2793 hoc
3552 2750 3636 2792 est
3689 2741 3853 2795 Abra-

2310 2807 2454 2858 tami.
2504 2815 2589 2858 aut
2634 2807 2779 2858 mari.
2828 2807 2926 2858 hoc
2973 2816 3053 2858 est
3092 2808 3277 2858 Laziri
3320 2811 3616 2858 reverentia
3667 2810 3853 2858 imnlo-

2310 2807 2454 2871 rami,
2504 2815 2589 2859 aut
2634 2807 2779 2874 :egri,
2828 2807 2926 2862 hoc
2973 2816 3053 2862 est
3092 2808 3278 2862 Lauri
3320 2811 3617 2862 reverentia
3667 2810 3853 2874 implo-

2289 2885 2399 2946 rata
2448 2885 2603 2943 negat
2641 2877 2858 2943 digitum
2915 2880 3171 2932 insertare
3221 2880 3416 2946 palato.
3465 2877 3628 2931 Poeta
3677 2880 3847 2945 respi-

2293 2944 2362 2998 cit
2390 2945 2713 3012 parabolam,
2743 2947 2855 3001 sive
2878 2950 3065 3002 melius
3098 2944 3373 3001 historiam
3411 2950 3478 3002 de
3506 2949 3670 3003 divite
3696 2944 3851 3002 avaro

2292 3016 2444 3087 apud,
2474 3015 2667 3069 Lucam
2696 3030 2813 3079 cap.
2862 3032 2968 3071 xvt.
3022 3018 3104 3070 lso
3144 3020 3333 3082 etiam,
3377 3019 3465 3087 qui
3516 3020 3725 3085 glossas
3775 3021 3849 3071 his

2290 3086 2530 3156 versibus
2567 3088 2832 3153 appOSuit,
2864 3102 2961 3156 pro
3004 3086 3628 3142 Prudentianishabuit.
3664 3088 3848 3141 Giseli-

2291 3169 2411 3217 nus,
2440 3155 2529 3224 qui
2551 3170 2591 3228 _e
2620 3170 2749 3211 mss.
2778 3155 3011 3226 reposuit
3038 3159 3250 3227 abyssns
3280 3175 3371 3225 pro
3401 3160 3604 3228 abysso,
3636 3160 3849 3211 dilucul-

2291 3232 2448 3276 tatetu
2466 3226 2560 3278 loci
2576 3240 2889 3293 agnoscens,
2910 3228 2990 3285 Si.
3014 3226 3203 3292 inquit.
3217 3230 3269 3281 in
3288 3226 3521 3281 sanando
3540 3228 3636 3281 hoc
3658 3230 3855 3282 vulnere

2291 3302 2395 3367 tam
2417 3298 2618 3367 fuissem
2638 3298 2863 3367 crudelis
2882 3301 3106 3351 medicus
3125 3315 3275 3365 quam
3294 3298 3555 3350 Manutius
3576 3300 3852 3367 aliquando

2290 3364 2418 3432 fuit,
2462 3364 2598 3437 nihil,
2621 3366 2795 3429 fuisset
2824 3369 3060 3436 facitius;
3091 3364 3177 3421 sed
3216 3369 3358 3420 aliud
3379 3377 3450 3420 est
3477 3364 3851 3437 corpus'pristi-

2293 3449 2370 3485 na:
2394 3434 2600 3487 sanitati
2638 3434 2927 3507 restituere.
2971 3440 3131 3497 aliud,
3175 3453 3287 3490 cum
3326 3440 3507 3491 melius
3548 3434 3735 3507 possis,
3764 3453 3848 3490 es-

2290 3511 2476 3577 trema
2511 3506 2730 3577 remedio
2786 3507 3034 3571 adhibito,
3084 3517 3278 3577 partem
3326 3506 3556 3572 aliquam
3595 3508 3843 3561 mutitare.

2294 3573 2823 3648 Weitzius__falso_ait,
2857 3578 3044 3631 Aldnm
3079 3573 3267 3643 legisse
3295 3578 3527 3648 σιγης-ιιι,
3563 3579 3665 3631 nisi
3695 3579 3844 3632 aliam

2291 3658 2398 3711 pne
2431 3644 2671 3698 manibus
2704 3645 2886 3700 ltubllit
2927 3648 3215 3701 editionem
3244 3666 3254 3698 :
3284 3644 3399 3699 nam
3424 3666 3454 3702 e
3483 3664 3576 3701 sex
3607 3648 3842 3701 verSIbns

2291 3729 2423 3779 quos
2452 3713 2629 3766 omisit
2658 3716 2823 3770 Aldus
2851 3718 3073 3783 (septem
3122 3732 3226 3771 non
3275 3718 3408 3771 bene
3438 3719 3730 3771 numeravit
3754 3719 3845 3771 Gi-

2290 3783 2533 3855 selinus),
2559 3800 2693 3837 unus
2715 3798 2825 3839 erat
2850 3788 2892 3839 is
2916 3788 3026 3851 ipse
3048 3788 3131 3840 ubi
3157 3788 3329 3855 abyssi
3354 3790 3553 3841 mentio
3592 3790 3843 3843 occurrit.

2516 3853 2795 3928 lu_0tton.,
2838 3856 3074 3911 divitibus
3121 3852 3295 3928 longo.
3345 3858 3591 3913 Heinsius
3638 3859 3847 3927 conjicit

2290 3924 2475 3975 ditibus
2501 3932 2551 3974 at
2572 3924 2741 3990 longo.

2359 3993 2482 4063 860.
2514 3994 2657 4063 Ald.,
2690 3996 2845 4054 male.
2882 4006 3015 4049 tutos
3044 4012 3138 4063 pro
3165 4008 3316 4050 totos.

2359 4062 2481 4136 861.
2516 4062 2569 4116 1η
2615 4067 2882 4121 neunullis
2914 4061 3093 4136 Vulg},
3148 4069 3325 4135 palatu
3349 4109 3365 4133 ,
3394 4067 3672 4122 mendose.
3712 4061 3848 4136 Coll.

2292 4132 2566 4204 implorata
2602 4137 2834 4203 explicat
2880 4139 2948 4191 de
2990 4132 3116 4191 cana
3148 4132 3257 4204 'ﬁde
3284 4132 3357 4191 es
3389 4152 3530 4190 vers.
3560 4136 3686 4192 853.
3721 4132 3851 4188 Malo

2288 4202 2582 4275 intelligere
2623 4202 2690 4260 de
2728 4208 2900 4261 anima
2933 4208 3103 4268 beata.
3133 4202 3252 4275 qua:
3285 4208 3336 4261 in
3368 4207 3616 4274 paradiso
3638 4220 3670 4259 a
3710 4206 3844 4260 Pru-

2288 4272 2473 4345 dentio
2503 4276 2817 4345 collocatur,
2847 4286 3093 4345 tanquam
3125 4272 3175 4329 in
3208 4278 3324 4330 sinu
3358 4272 3607 4332 Abraha.

2358 4342 2482 4414 866.
2515 4344 2761 4400 Fortasse
2800 4342 2983 4400 alludit
3010 4348 3077 4402 ad
3106 4349 3421 4402 sententiain
3481 4347 3848 4414 theologorum

2287 4412 2377 4479 qui
2425 4414 2603 4468 sedem
2636 4415 3003 4471 damnatorum
3054 4418 3104 4471 in
3158 4426 3316 4471 terrte
3350 4418 3643 4471 visceribus
3668 4412 3848 4469 vcollo-

2287 4493 2429 4561 cant.
2458 4484 2588 4561 _Post
2622 4485 2776 4561 hunc,
2801 4502 3011 4561 versum
3056 4487 3218 4557 aliqui
3267 4486 3466 4541 addunt
3514 4487 3747 4541 lemma:
3782 4485 3849 4537 De

2288 4556 2572 4619 integritate
2599 4556 2803 4609 visimtis
2834 4559 3035 4611 animw.

2361 4623 2483 4678 868.
2521 4624 2686 4690 Wid.,
2718 4625 2883 4695 Boog.
2915 4643 2943 4680 a
2970 4627 3199 4681 secunda
3231 4641 3413 4691 manu,
3437 4634 3489 4679 et
3520 4626 3667 4685 Ald..
3689 4624 3849 4678 κειιὶ-

620 4709 769 4757 qu,
806 4700 915 4747 hinc
942 4691 1051 4747 ait:
1083 4694 1169 4750 Sic
1213 4712 1275 4748 ea:
1315 4706 1407 4747 vet.
1448 4694 1535 4747 lib.
1582 4696 1849 4765 legendum
1893 4705 2035 4765 puto,
2067 4712 2185 4748 nam
2211 4691 2263 4751 D
2290 4703 2391 4765 mat
2429 4696 2634 4762 involvi,
2664 4691 2993 4765 vitreo-quos
3022 4697 3193 4750 lucida
3234 4697 3393 4765 palla.
3428 4696 3552 4758 Alii,
3583 4695 3846 4755 zEstimat.

620 4766 761 4833 vulg.
802 4765 1009 4834 abyssus
1049 4765 1196 4830 mihi,
1230 4775 1283 4818 ut
1313 4767 1528 4835 ingenue
1554 4766 1740 4828 diram,
1771 4766 1975 4816 minnne
2003 4767 2181 4831 placet.

618 4835 824 4901 irrepsit
856 4837 1005 4888 credo
1033 4837 1091 4888 ob
1122 4853 1219 4888 non
1259 4837 1569 4889 intellectura
1604 4835 1805 4904 longius
1833 4836 2140 4903 hyperbaton
2168 4853 2185 4892 :

618 4905 752 4957 illud
776 4907 930 4969 enim,
958 4921 1255 4959 tueLonnA
1285 4922 1476 4969 uaear,
1501 4922 1600 4958 non
1626 4918 1757 4959 recte
1780 4906 2187 4959 accommodetur

619 4990 826 5039 ABYSSO,
861 4976 951 5029 scd
979 4977 1229 5045 majestati
1259 4977 1383 5041 Dei;
1418 4978 1582 5043 itaque
1606 4987 1883 5045 arcessatur
1904 4976 2020 5037 huc,
2051 4978 2188 5044 quod

619 5056 737 5115 ante
759 5048 976 5115 positum
997 5044 1090 5109 est,
1117 5060 1371 5101 ustesns
1410 5062 1578 5101 GNABA
1617 5062 1825 5099 rerum.
1853 5044 2095 5099 Heinsius
2116 5050 2188 5100 ait

619 5114 881 5169 Gilauium
915 5117 966 5170 in
994 5116 1074 5169 his
1101 5118 1294 5183 spuriis
1318 5119 1561 5171 versibus
1581 5115 1913 5185 explicandis
1933 5126 2186 5170 aestuasse

618 5186 735 5251 plus
784 5187 935 5242 satis.
967 5186 1159 5240 Verum
1209 5187 1253 5240 is
1303 5187 1581 5241 lectionem
1630 5198 1863 5241 veterem
1914 5186 2183 5252 explicare

618 5258 923 5318 conabatur,
968 5272 1124 5326 quam
1161 5266 1283 5311 tunc
1330 5272 1516 5310 omnes
1564 5258 1903 5322 recipiebant.
1941 5254 2183 5309 Marictto

620 5339 725 5378 non
778 5326 931 5395 plene
978 5327 1237 5380 satisfecit
1280 5327 1541 5382 Gifanius.
1595 5326 1754 5391 Igitur
1801 5326 2071 5379 Mariettus
2114 5340 2179 5379 ex

615 5396 921 5462 conjectura
974 5411 1096 5450 eum
1146 5396 1319 5451 locum
1371 5397 1653 5451 restituere
1697 5404 1749 5447 et
1779 5395 2048 5449 illustrare
2091 5409 2183 5464 ag-

613 5465 881 5533 greditur;
928 5476 1074 5534 putat
1112 5468 1389 5535 legendum
1415 5476 1502 5521 aut
1527 5466 1652 5535 a’gri
1677 5469 1951 5517 reverentia
1976 5466 2178 5534 abysso.

616 5538 740 5589 llaec
772 5552 895 5588 vero
944 5546 1027 5590 est
1067 5538 1374 5603 explicatio,
1416 5554 1516 5604 qua
1552 5550 1735 5590 versus
1758 5549 1785 5586 a
1816 5535 1965 5588 nobis
1995 5536 2181 5588 omissi

613 5622 734 5660 cum
781 5606 1020 5659 adductis
1071 5606 1122 5659 in
1164 5617 1413 5659 contextu
1460 5607 1711 5660 uniuutur
1739 5615 1789 5658 et
1820 5604 2177 5659 declarantur.

614 5677 816 5740 Quibus
847 5675 1148 5744 (animabus
1181 5678 1466 5740 damnatis)
1500 5680 1711 5746 aliy.so,
1766 5691 1856 5729 seu
1888 5689 1981 5741 per
2012 5686 2178 5729 totqu

615 5746 865 5816 abyssum
912 5747 1173 5811 exclusis,
1225 5757 1279 5803 et
1326 5748 1573 5802 divitibus
1623 5746 1777 5802 bonis
1828 5746 2008 5800 tuuudi
2058 5762 2177 5801 cum

2290 4761 2498 4816 invaluit
2530 4761 2685 4818 uitreo
2715 4775 2845 4837 quos,
2862 4761 3030 4820 lucida
3078 4761 3243 4837 palla.
3269 4766 3546 4837 itaut-hius
3576 4782 3641 4820 ex
3673 4766 3850 4837 conje-

2291 4842 2463 4895 αυτ-ει.
2490 4838 2628 4901 pata.
2660 4838 2771 4889 Non
2804 4836 2974 4904 placet
3003 4835 3239 4891 Heinsio.
3268 4836 3399 4890 Vide
3428 4836 3653 4902 glossas.
3686 4835 3851 4889 Senas

2290 4904 2426 4957 oculi
2452 4907 2653 4960 tunicas
2676 4918 2953 4978 recensent
2979 4907 3158 4977 aliqui,
3177 4908 3569 4978 conjunctivam,
3586 4920 3848 4978 corneam,

2292 4989 2487 5039 uveam,
2524 4992 2786 5039 araneam,
2816 4974 3305 5039 retinamfvitrcani.
3351 4976 3553 5029 Laudat
3584 4977 3722 5028 hanc
3762 4974 3850 5025 de-

2290 5044 2631 5114 scriptionem
2661 5047 2846 5114 organi
2875 5048 3052 5101 visorii
3076 5047 3347 5101 Gisielinus
3378 5047 3642 5113 interpres
3660 5054 3715 5097 et
3745 5056 3850 5095 me—

2290 5113 2462 5179 dicus,
2492 5119 2579 5183 qui
2611 5113 2815 5183 septem
2866 5118 3069 5170 tunicas
3093 5119 3230 5171 oculi
3273 5116 3551 5183 distinguit
3590 5124 3646 5169 et
3672 5122 3845 5173 notat.

2289 5185 2475 5237 Oculos
2519 5188 2719 5253 speculi
2749 5184 2970 5239 fortnam
3002 5202 3112 5255 prie
3143 5201 3201 5241 se
3229 5185 3387 5247 ferre.
3410 5186 3563 5254 cujus
3590 5183 3848 5255 przccipua

2292 5268 2413 5318 pars
2440 5267 2562 5309 sunt
2593 5265 2703 5310 tres
2748 5254 3004 5310 humores
3031 5256 3287 5321 concreti,
3318 5271 3411 5311 seu
3455 5254 3719 5324 coagulati
3746 5269 3761 5317 ;
3787 5264 3849 5306 ex

2286 5326 2677 5399 quojntel_liges
2696 5324 2819 5399 quid
2847 5327 2952 5379 sint
2976 5336 3207 5381 concreta
3236 5325 3473 5399 coagula.
3604 5394 3633 5399 _
3804 5390 3814 5399 υ

2360 5394 2483 5449 870.
2514 5397 2659 5449 Oculi
2708 5394 2953 5449 fenestra:
2994 5399 3184 5450 anitute
3234 5394 3482 5450 dicuntur
3524 5411 3556 5449 a
3595 5394 3850 5459 Gregorio

2288 5462 2475 5533 Magno
2505 5465 2596 5519 lib.
2619 5482 2709 5520 xxt
2737 5466 2920 5520 Moral.
2948 5466 3246 5520 Lucretium
3265 5478 3427 5533 postes
3456 5462 3849 5532 elegantissime

2288 5535 2527 5604 posuisse
2560 5551 2654 5597 pro
2684 5536 2811 5604 ipsis
2858 5537 3047 5597 oculis.
3078 5536 3305 5590 advertit
3350 5534 3592 5590 Gilanius
3638 5533 3730 5587 lib.
3761 5544 3845 5583 ut:

2286 5601 2406 5677 lum
2435 5608 2594 5677 magis
2614 5601 2873 5677 rexémptis
2921 5608 3080 5659 oculis
3114 5607 3288 5677 debere
3319 5608 3516 5660 videtur
3540 5605 3758 5660 Cernere
3779 5614 3849 5651 ns

2286 5675 2486 5726 animus
2509 5676 2721 5727 sublatis
2754 5677 2977 5742 postibus
3007 5677 3147 5745 ipsis.

2356 5745 2476 5800 871.
2515 5745 2629 5800 Vat.
2662 5746 2729 5813 A,
2768 5748 2977 5814 vitiose,
3010 5746 3141 5801 oculi
3175 5746 3333 5801 lcnso.
