4092 6344
563 360 693 417 1075

732 474 910 535 Exuit,
943 472 1293 528 abductamve
1319 471 1484 539 abigit
1512 470 1579 525 de
1608 480 1825 539 pectore
1852 470 2008 524 vitam
2038 487 2049 521 :

734 564 894 633 569
918 562 1161 617 Visccrea
1208 562 1302 617 sed
1340 561 1468 617 Sede
1506 576 1757 628 manens,
1820 558 2123 629 speculatur

1867 652 2054 722 [acutis

734 747 924 803 Omnia
954 747 1265 815 luminibus,
1295 755 1350 803 et
1376 761 1476 818 qua
1498 745 1820 802 circumtulit
1842 759 2019 799 acrem

736 840 950 894 Naturte
977 838 1109 895 levis
1137 840 1407 904 intuitum,
1435 838 1583 893 nullo
1611 838 1785 906 objice
1814 850 1991 891 rerum

738 930 975 986 Disclusa
986 969 1000 993 ,
1014 930 1335 985 ante‘oculos
1346 929 1639 999 subjectum
1656 927 1906 996 prospicit
1921 925 2100 981 orbem
2111 965 2126 989 ,

744 1023 917 1091 Atque
936 1021 1082 1076 orbis
1106 1020 1205 1074 sub
1222 1020 1362 1075 mole
1375 1019 1531 1073 situm
1546 1018 1770 1073 sordens
1784 1016 2125 1070 elementum.

740 1113 960 1182 Objacet
990 1114 1193 1168 interea
1224 1113 1403 1174 tellus,
1435 1126 1533 1167 nec
1562 1110 1767 1165 visibus
1794 1110 1990 1164 obstat.

740 1205 897 1272 Quin,
927 1206 969 1258 si
992 1204 1323 1272 stelligerum
1357 1203 1532 1257 vultus
1558 1209 1833 1255 convertat
1856 1200 1921 1253 ad
1951 1210 2128 1261 axem,

741 1295 823 1349 Nil
849 1296 1216 1350 intercurrens
1246 1294 1519 1350 obtutibus
1548 1293 1769 1361 impedit
1792 1294 1966 1362 ignem
1998 1323 2003 1330 -

741 1388 1021 1457 Pervigilis
1049 1387 1241 1441 animas
1280 1402 1295 1440 :
1332 1386 1575 1454 quamvis
1602 1384 1817 1437 denseta
1849 1390 2134 1451 graventur

731 1461 958 1542 'Nubila,
989 1486 1045 1531 et
1064 1475 1308 1545 opposito
1337 1476 1601 1544 nigrescat
1619 1473 1819 1528 vellere
1844 1472 2061 1527 cmlum.

745 1567 835 1622 Sic
865 1580 1058 1622 arcana
1088 1566 1235 1619 videt
1264 1564 1439 1619 tacitis
1467 1571 1720 1633 cooperta
1748 1562 1940 1616 l'uturis

740 1657 1039 1725 Corporeus
1068 1655 1301 1710 Joannes
1328 1654 1523 1717 adhuc,
1550 1668 1648 1708 nec
1667 1666 1829 1709 carne
1855 1654 2081 1713 solutus,

744 1748 959 1802 Munere
980 1746 1074 1802 sed
1099 1746 1291 1811 somni,
1322 1746 1591 1815 pauliSpcr
1624 1759 1784 1798 carne
1814 1749 2091 1811 sequestra

564 1114 667 1171 905

570 1569 671 1625 9l0

748 1837 905 1893 Liber
932 1838 996 1891 ad
1026 1837 1294 1902 intuitum,
1339 1849 1631 1905 sensuque,
1666 1834 1945 1903 oculisque
1985 1847 2138 1901 pera-
2172 1847 2218 1906 Β

1886 1922 2069 1993 [graus

1621 353 1889 411 AURELII
1932 350 2289 407 PRUDENTII
2328 349 2654 405 CARMINA.

2157 470 2205 529 Α

3654 341 3802 397 1076

2410 468 2606 522 Ordine
2630 465 2915 534 dispositos
2942 466 3176 519 venturis
3204 464 3405 520 solibus
3434 477 3624 517 annos.

2228 560 2333 615 915
2405 559 2565 627 5³10
2593 561 2934 613 Procinctum
2963 557 3107 611 videt
3131 556 3426 627 angelicum
3454 556 3561 623 jam
3580 553 3802 623 jamque

3424 644 3716 719 [cremandi

2407 739 2564 795 Orbis
2593 740 2645 795 in
2674 738 2961 805 excidium,
2992 754 3185 795 raucos
3217 747 3271 794 et
3306 738 3531 808 percipit
3556 752 3686 791 aure

2403 832 2633 903 Mugitus
2658 832 2905 902 gravium
2928 832 3109 886 mundi
3133 831 3234 886 sub
3256 830 3359 885 line
3389 829 3659 885 tubarum.

2404 922 2528 977 Haec
2584 922 2675 977 ille
2710 930 2833 979 ante
2885 923 3089 978 obitum
3120 963 3135 988 ,
3179 920 3543 977 membrorum
3585 934 3807 975 carcere

3501 1009 3729 1082 [septus,

2415 1106 2715 1162 Secedente
2736 1105 2932 1171 anima,
2965 1120 3071 1160 non
3101 1104 3433 1169 discedente,
3465 1103 3697 1159 videbat.

2234 1202 2337 1258 920
2408 1202 2591 1256 Nonne
2613 1201 2777 1271 magis
2800 1200 3087 1256 ﬂatussine
3138 1211 3365 1269 corpore
3412 1206 3599 1253 cuncta
3643 1206 3810 1251 nota-

3610 1285 3731 1358 [hit,
3820 1322 3845 1343 ο

2410 1383 2661 1450 Corporis
2692 1382 2981 1438 involucris
3012 1382 3213 1437 tumulo
3242 1381 3468 1451 frigente
3494 1380 3762 1449 repostis!

2410 1475 2563 1529 Certa
2594 1474 2743 1538 ﬁdes,
2778 1474 2987 1543 rapidos
3016 1464 3266 1529 subterna
3305 1481 3461 1525 nocte
3487 1470 3747 1529 caminos,

2409 1565 2507 1633 Qui
2536 1564 2790 1634 pollutam
2820 1565 3050 1618 animam
3077 1578 3170 1631 per
3192 1562 3385 1617 smcula
3411 1560 3564 1629 longa
3588 1559 3813 1628 perenni

2412 1656 2535 1727 lgne
2563 1664 2818 1725 coquunt,
2840 1655 3008 1711 oculis
3036 1656 3246 1724 longum
3279 1669 3375 1723 per
3404 1652 3563 1707 inane
3592 1654 3785 1707 remeti

2238 1748 2343 1803 9:25
2414 1745 2667 1815 Pauperis
2690 1746 2992 1815 expositos;
3023 1760 3121 1800 nec
3147 1744 3321 1800 secius
3353 1758 3513 1798 aurea
3544 1743 3684 1796 dona

2406 1835 2562 1907 571
2590 1834 2861 1892 Justorum
2891 1835 3173 1891 dirimente
3199 1834 3357 1900 chao,
3403 1831 3696 1899 rutilasque
3724 1846 3817 1886 co-

3564 1922 3746 1977 'ronas

1873 2014 2162 2071 GLOSS/E
2208 2019 2545 2077 VETERES.

640 2116 765 2172 899.
796 2115 987 2186 Ab’git,
1018 2116 1180 2186 pum,
1211 2114 1250 2168 ι.
1340 2112 1343 2186 j

641 2188 765 2241 901.
798 2181 1252 2249 Λοιδέιῐι,ἐιανιιιη,
1276 2183 1349 2237 vel
1370 2194 1595 2246 acutum,
1627 2181 1668 2236 1.

642 2256 769 2329 905.
793 2256 1032 2329 Disclusa
1052 2296 1067 2320 ,
1110 2264 1346 2329 separata
1368 2297 1382 2320 ,
1431 2271 1538 2323 ape:
1552 2263 1622 2307 ta.
1654 2279 1725 2292 —-
1761 2250 1895 2329 Ante
1927 2249 2131 2316 oculos,

579 2325 760 2381 scilicet
792 2326 976 2379 habens
1004 2326 1193 2389 omnia,
1227 2326 1267 2379 l.

648 2394 773 2450 904.
806 2396 1163 2459 Elementum,
1190 2395 1465 2462 infernum,
1493 2394 1533 2447 1.

645 2464 769 2519 905.
798 2464 1031 2526 Visibus,
1060 2464 1261 2527 animm,
1289 2464 1393 2518 lso.

645 2536 771 2590 907.
792 2534 1097 2599 Obtutibus,
1127 2535 1331 2595 visibus,
1368 2534 1407 2586 I.

647 2603 1091 2727 908.chrvigilis
1124 2645 1138 2670 ,
1196 2619 1389 2674 semper
1440 2602 1719 2675 uigilantis.
1764 2630 1831 2642 —
1886 2602 2146 2663 Dcnsela,

647 2691 762 2727 issa.
817 2715 829 2727 .

580 2691 762 2739 spissa,
790 2691 829 2727 ι.

604 2693 762 2745 pissa,
790 2693 829 2727 I.

648 2745 773 2799 909.
809 2744 1035 2808 Vellere,
1064 2744 1190 2796 nube
1215 2744 1491 2807 tenebrosa,
1517 2741 1557 2796 l.

647 2813 774 2869 910.
807 2814 914 2879 Sic,
940 2814 1031 2866 tali
1054 2816 1550 2879 modo.—-—Arcana,
1591 2813 1866 2879 mirabilia,
1897 2813 1933 2866 1.

650 2884 772 2938 912,
805 2884 1115 2953 Sequestra,
1139 2894 1393 2950 separata,
1428 2883 1465 2936 1.
1840 2906 1847 2911 σ

654 2952 776 3006 914.
818 2952 1129 3021 Dispositos,
1162 2954 1439 3007 ordinatos.
1478 2982 1544 2993 --
1575 2954 1822 3019 Solibus,
1867 2954 2042 3005 diebus
2080 2952 2155 3005 vel

590 3024 916 3090 temporibus,
938 3024 977 3077 1.

658 3092 783 3146 915.
813 3094 1173 3155 Procinctum,
1200 3092 1496 3161 exercitum,
1528 3102 1857 3161 apparatum,
1893 3092 1939 3147 1.

660 3162 786 3216 916.
819 3162 1045 3226 Raucos,
1077 3163 1266 3227 tristes,
1300 3162 1340 3216 I.

2309 2113 2430 2165 917.
2458 2112 2704 2182 Mugitus,
2737 2114 2823 2181 qui
2848 2122 2998 2165 erunt
3028 2111 3080 2165 in
3116 2113 3197 2167 die
3217 2111 3426 2183 judici.
3449 2141 3515 2150 —
3541 2108 3821 2174 Gravium,

2238 2200 2321 2235 ma
2358 2198 2555 2245 narum,
2587 2198 2879 2247 raucarum,
2908 2184 2943 2235 Ι.

2313 2201 2439 2307 919.
2468 2253 2779 2307 Secedente.
2808 2268 2943 2307 vaaa;

2358 2251 2439 2323 19.
2468 2253 2779 2323 Secedente,
2808 2262 3044 2323 vagante,
3072 2250 3113 2305 1.

2313 2322 2441 2378 920.
2476 2320 2677 2385 Flatus,
2705 2320 2900 2386 anima,
2935 2321 2975 2375 1.

2322 2393 2450 2447 921.
2482 2391 2774 2446 lnvolucris
2799 2433 2813 2456 ,
2856 2392 3250 2446 inuolutionibus
3295 2407 3313 2445 :
3356 2392 3568 2446 rolucra
3609 2393 3828 2445 dicimus

2252 2463 2589 2517 involutiones
2621 2463 3057 2528 vestimentorum,
3082 2463 3168 2516 sed
3196 2463 3291 2515 hoc
3326 2462 3375 2513 in
3405 2463 3518 2516 loco
3554 2463 3828 2517 inuolutioc

2258 2550 2370 2586 nem
2410 2532 2637 2602 corporis
2678 2533 2862 2585 mortui
2905 2534 2959 2584 in
3010 2534 3240 2595 sepulcro
3272 2544 3415 2585 vocat
3469 2534 3748 2597 involucra,
3784 2534 3825 2587 1.

2267 2603 2511 2669 Volnera,
2541 2602 2617 2656 vel
2647 2604 2845 2655 volucla
2875 2603 3113 2656 dicuntur
3141 2604 3496 2663 involutiones.
3530 2602 3651 2656 Vat.
3687 2604 3749 2659 Τ.
3810 2644 3813 2645 ν

2326 2673 2451 2727 922.
2478 2674 2657 2737 Certa,
2700 2682 2927 2737 (eterna;
2956 2674 3146 2727 scilicet
3179 2683 3270 2727 est.
3302 2700 3373 2713 —
3399 2674 3695 2741 Suliterna,
3741 2677 3828 2729 ubi

2266 2754 2508 2813 perpetua
2529 2759 2630 2797 nox
2658 2751 2754 2807 est,
2785 2745 2884 2813 lso.

2329 2813 2454 2867 925.
2486 2813 2762 2880 Pauperis,
2798 2811 2997 2864 Lazari.
3025 2842 3090 2851 —
3115 2812 3416 2879 Expositos,
3448 2814 3825 2880 manifestatos,

2257 2884 2445 3005 scilic’ft
2487 2898 2593 3006 eslse
2640 2884 2884 2935 caminos.
2911 2912 2981 2921 —
3010 2882 3227 2949 Secius,
3260 2883 3478 2935 tardius.
3516 2914 3586 2923 —
3630 2891 3827 2947 Aurea.

2266 2957 2382 3006 nulc
2423 2971 2506 3006 ra.
2562 2990 2575 3004 .

2264 2954 2506 3023 pulchra,
2536 2954 2575 3006 l.

2340 3022 2466 3077 926.
2488 3024 2799 3087 Dirimenle,
2832 3023 3102 3077 dividente.
3133 3051 3201 3061 —
3234 3022 3399 3087 Chao,
3431 3025 3662 3092 confusio
3694 3037 3833 3079 tene~

2268 3092 2505 3158 brorum;
2528 3094 2646 3159 quia
2673 3093 2966 3162 confusione
2985 3093 3198 3147 distante
3220 3110 3316 3146 non
3340 3112 3606 3162 possumus
3633 3100 3835 3155 misceri

2272 3165 2439 3229 felices
2475 3174 2520 3218 et
2551 3164 2693 3227 mali,
2722 3163 2761 3217 l.
3008 3192 3013 3197 -

1965 3252 2518 3308 COMMENTARIUS.

657 3346 782 3401 899.
814 3346 959 3412 Ald.,
991 3361 1292 3415 perperam,
1322 3346 1451 3399 abiit
1476 3346 1538 3398 de
1562 3354 1777 3407 pectore.

655 3416 781 3470 900.
820 3417 963 3483 Ald.,
996 3417 1271 3479 mendose,
1303 3432 1508 3469 manens
1534 3415 1843 3481 speculator.

662 3486 788 3541 905.
822 3486 877 3540 lo
900 3488 1104 3539 somnis
1128 3501 1216 3540 res
1241 3486 1309 3539 ita
1345 3494 1818 3555 reprzesentantur,
1849 3484 1999 3553 quasi
2025 3498 2155 3536 ocu-

585 3556 651 3611 lis
670 3558 950 3625 corporeis
980 3557 1285 3610 videantur.

655 3624 783 3680 90-1.
807 3626 862 3680 ln
897 3626 1015 3679 Vat.
1044 3625 1087 3680 A
1114 3636 1300 3680 contra
1350 3635 1577 3681 metrum
1611 3633 1693 3681 est
1720 3625 1975 3695 positum;
2006 3638 2160 3691 supra

584 3704 753 3759 recte,
784 3697 958 3749 situm.

659 3765 784 3820 906.
830 3767 887 3819 In
920 3765 1037 3819 Vat.
1095 3766 1135 3819 Α
1180 3766 1514 3821 desideratur
1564 3764 1753 3820 vultus.
1795 3763 1852 3817 In
1895 3762 2163 3817 nonnullis

587 3836 756 3902 vulg.,
784 3836 951 3899 vultu,
982 3836 1142 3889 male.

656 3904 781 3976 907.
814 3904 931 3976 Yat.
952 3904 1019 3976 Α,
1045 3904 1197 3976 nihil,
1220 3905 1663 3976 monosyllabum.

664 3972 793 4028 908.
830 3972 946 4027 Vat.
972 3974 1039 4040 A,
1068 3975 1313 4037 denseta;
1340 3972 1516 4039 Alex.,
1550 3975 1682 4029 Mar.
1707 3984 1762 4029 et
1790 3975 1899 4039 alii,
1932 3974 2161 4026 densata.

589 4044 829 4113 Utroque
876 4044 1036 4098 modo
1085 4046 1317 4108 dicitur,
1363 4046 1518 4098 denso
1563 4054 1617 4099 et
1663 4045 1869 4098 denseo.
1920 4045 2164 4098 lleins'us

587 4114 805 4183 praefert
825 4113 1034 4167 denseta
1059 4129 1179 4166 cum
1209 4115 1327 4167 Put.
1359 4124 1412 4168 et
1436 4116 1607 4169 Oxon.

660 4184 785 4238 910.
814 4184 1219 4237 Ρτειιειιιιιιίοτοε
1252 4185 1542 4247 lleinsiani,
1572 4186 1745 4244 :\lex.,
1771 4184 1916 4249 Ald.,
1943 4182 2163 4247 Weizz.,

592 4252 787 4322 aliique
827 4254 1021 4321 nostri,
1055 4256 1263 4324 futuris.
1309 4254 1493 4319 Fabr.,
1541 4255 1713 4321 Sich.,
1759 4255 1936 4323 Prag.,
1974 4254 2163 4321 Bong.,

591 4323 727 4387 Gis.,
758 4322 961 4388 ﬁguris.

642 4339 727 4387 Is.,
758 4339 961 4387 ngurts.

663 4342 1220 4516 9!;I’Ilifggiii,.loannes,
1245 4394 1606 4460 alii,.loannis,
1622 4392 1710 4447 alii
1738 4401 1959 4462 utroque
1983 4392 2164 4458 modo,

747 4478 836 4516 ex.

594 4472 649 4515 ut
680 4472 836 4517 Alex.

662 4533 783 4586 912.
814 4536 893 4604 An
921 4533 981 4588 S.
1012 4533 1246 4588 Joannes
1276 4534 1629 4604 Apocalypsin
1654 4534 1703 4586 in
1734 4548 1921 4586 somno
1950 4532 2163 4604 viderit,

594 4603 823 4655 disserui
849 4602 1004 4655 Cath.
1034 4604 1231 4669 hymno
1260 4602 1493 4668 6,7versi
1518 4606 1603 4657 74.
1638 4604 1910 4657 Fabricius
1936 4605 1985 4656 in
2007 4603 2166 4657 Com-

596 4680 763 4725 ment.
796 4671 861 4725 ad
885 4671 1033 4725 Poet.
1062 4671 1280 4737 Christ.,
1308 4675 1469 4727 verbo
1494 4675 1874 4727 EVANGBLlsTJE
1893 4714 1906 4736 ,
1944 4675 2018 4725 ait
2039 4672 2167 4725 Pru-

600 4742 834 4793 dentium
876 4740 1160 4811 afﬁrmare
1206 4716 1583 4811 evbngelistam
1631 4714 1906 4797 Joannem.
1935 4759 1998 4795 ca
2046 4758 2166 4809 qua:
2198 4714 2243 4772 θ

595 4813 810 4879 scripsit
836 4810 1030 4865 vidisse
1056 4814 1267 4878 animo,
1294 4810 1396 4866 non
1441 4814 1628 4875 oculis,
1677 4828 1847 4876 neque
1894 4813 2165 4865 somnian-

596 4892 723 4942 tem,
753 4881 845 4935 sed
879 4882 1206 4950 vigilantem,
1248 4884 1452 4938 nebulis
1483 4883 1728 4945 remotis;
1757 4882 2001 4936 Sedulius
2032 4897 2162 4935 vero

600 4952 845 5007 Yabricio
894 4953 1101 5006 videtur
1140 4960 1317 5008 testari
1364 4955 1621 5008 Joannem
1652 4968 1713 5007 ea
1735 4953 1932 5007 vidisse
1957 4954 2006 5006 in
2029 4968 2166 5005 som-

598 5026 703 5074 nis.
750 5022 911 5093 Scire
928 5032 1102 5076 tamen
1131 5034 1339 5090 oportet
1371 5026 1509 5077 hunc
1531 5024 1801 5078 Scdulium
1823 5040 1942 5077 esse
1965 5024 2164 5093 ipsissi-

599 5108 741 5144 mum
777 5091 1142 5148 Prudentium.
1175 5094 1324 5161 cujus
1356 5095 1700 5148 Dittochazuni
1744 5091 2017 5149 Fabricius
2060 5094 2160 5146 Se-

600 5162 1027 5233 dulioalliogere
1054 5163 1283 5216 volebat.
1314 5165 1627 5217 Prudentius
1660 5164 1848 5216 iterum
1880 5174 2038 5233 atque
2069 5164 2165 5216 ite«

598 5248 715 5285 rum
746 5231 797 5284 in
823 5234 1133 5303 Apocalypsi
1166 5233 1445 5288 referenda
1493 5249 1737 5287 somnum
1783 5231 2005 5287 Joannis
2050 5250 2161 5287 rne-

603 5312 792 5355 IIIOTM.

672 5372 797 5425 915.
830 5371 981 5437 Man,
1014 5374 1186 5434 Sich.,
1225 5374 1275 5426 in
1314 5372 1582 5427 nonnullis
1619 5373 1757 5443 vulg.
1790 5374 1855 5428 ad
1899 5389 2070 5438 oram,
2102 5374 2163 5425 li-

605 5445 744 5494 berat
774 5444 1033 5509 intuitum,
1065 5445 1241 5497 minus
1274 5444 1427 5497 bene.

670 5513 794 5567 9H;
825 5512 879 5564 In
908 5512 1023 5567 Rat.
1054 5526 1168 5567 erat
1196 5523 1451 5577 venturus,
1483 5527 1777 5581 perperam.

675 5583 795 5635 916.
830 5583 883 5634 In
910 5584 1023 5635 Put.
1057 5596 1107 5637 et
1136 5585 1342 5636 'l‘huan.
1364 5600 1390 5635 a
1421 5600 1577 5636 manu
1621 5584 1848 5635 secunda
1875 5587 2037 5635 tristes
2072 5598 2165 5651 pro

605 5670 804 5705 raucos.
833 5653 906 5705 De
928 5666 1169 5707 extremo
1200 5658 1343 5708 orbis
1382 5655 1589 5707 excidio
1629 5669 1724 5721 per
1772 5654 1965 5721 ignem,
2003 5664 2057 5706 et
2099 5656 2163 5707 dc

628 5724 747 5784 ulta,
775 5724 923 5789 cujus
955 5725 1183 5790 mugitus
1216 5726 1497 5792 praecedet,
1530 5724 1648 5777 vide
1688 5726 1868 5791 hymn.
1898 5724 1951 5774 ll
1981 5723 2158 5787 (latin,

605 5806 791 5849 \ersus
824 5795 999 5851 linem.
1036 5797 1105 5850 Ea
1136 5811 1251 5865 quae
1296 5798 1346 5851 in
1393 5795 1705 5864 Apocalypsi
1742 5796 1971 5851 revelata
2016 5806 2157 5861 sunt,

2187 3346 2233 3407 C
2267 3361 2433 3413 usque
2474 3345 2537 3400 ad
2570 3347 2754 3399 mundi
2800 3346 2956 3399 linem
3003 3363 3106 3399 non
3139 3362 3259 3400 esse
3280 3348 3617 3413 complenda,
3650 3362 3837 3407 lenem

2270 3416 2537 3485 plerique;
2568 3416 2655 3470 alii
2684 3416 2794 3485 jam
2822 3430 2943 3470 esse
2964 3418 3228 3484 completa
3258 3419 3583 3472 existimant.

2335 3487 2459 3542 918.
2488 3486 2694 3557 Corpus
2729 3502 2850 3557 esse
2872 3487 3076 3557 animus
3102 3501 3375 3557 carcerem
3405 3488 3711 3557 quemdam,
3750 3486 3836 3537 di—

2264 3565 2406 3611 ctum
2437 3556 2796 3627 satisibymno
2830 3556 2893 3610 10
2916 3556 3277 3627 ϐαυκίΛΙίίιιιὶ
3304 3556 3508 3626 putant,
3542 3557 3597 3612 id
3619 3556 3836 3627 desum-

2266 3634 2412 3695 ptum
2443 3640 2508 3681 ex
2548 3626 2919 3697 Egyptiorum
2968 3636 3022 3681 et
3066 3626 3300 3697 socratis
3352 3628 3518 3683 scitis.
3565 3626 3702 3683 Nihil
3748 3635 3839 3678 est

2264 3711 2456 3755 causae.
2511 3696 2857 3763 quamobrem
2902 3711 2967 3750 eo
3008 3696 3400 3766 confugiamus,
3447 3713 3569 3753 cum
3618 3706 3838 3763 pateant

2265 3781 2414 3819 sacra
2452 3766 2741 3819 volumina.
2801 3766 2903 3821 Alii
2951 3780 3147 3835 corpus
3181 3765 3416 3832 antrum,
3465 3768 3555 3822 alii
3602 3765 3836 3830 cinrnla,

2266 3836 2356 3889 alii
2384 3852 2471 3905 rvas
2498 3835 2788 3903 appellant,
2819 3836 2959 3904 quod
2980 3836 3089 3905 jam
3123 3838 3441 3891 monuimus.

2335 3904 2458 3960 920.
2492 3905 2669 3974 Prag.,
2696 3908 2911 3960 notabis.
2942 3906 3085 3966 ΒΜ..
3112 3907 3337 3960 notabat.
3370 3907 3554 3962 Melius
3584 3907 3798 3961 notabit.

2337 3976 2461 4031 921.
2497 3976 2660 4029 Aldus
2691 3977 2917 4044 primum
2943 3976 3108 4030 edidit
3143 3976 3443 4043 involuclis;
3484 3978 3679 4032 deinde
3715 3992 3840 4030 cor-

2266 4047 2403 4101 rexit
2438 4046 2755 4115 involucris.
2818 4045 2887 4099 lta
2934 4046 3133 4101 habent
3165 4062 3352 4102 omnes
3396 4048 3523 4103 editi
3558 4057 3613 4101 et
3657 4048 3843 4115 plures

2268 4132 2396 4171 mss.
2427 4114 2531 4169 Sed
2564 4118 2614 4169 in
2647 4116 2917 4169 nonnullis
2947 4117 3266 4183 pervetustis
3310 4119 3637 4172 membranis
3664 4114 3837 4170 inve-

2269 4188 2357 4239 nio
2406 4186 2669 4255 inuoluclis
2708 4202 2735 4237 a
2775 4188 3030 4249 secunda,
3085 4188 3177 4240 sed
3229 4188 3398 4255 prisca
3446 4204 3625 4251 manu,
3674 4196 3729 4242 et
3784 4189 3840 4241 in

2267 4257 2464 4325 glossa,
2500 4253 2579 4327 bis
2620 4264 2767 4327 terve
2791 4256 3065 4321 involucla,
3102 4253 3249 4327 quasi
3280 4258 3591 4323 involucula,
3643 4267 3697 4313 et
3741 4272 3842 4326 per

2267 4326 2683 4381 contractionem
2713 4326 2985 4380 involucla.

2338 4394 2459 4468 9‘22.
2489 4393 2728 4468 P_oti_ores
2768 4394 3190 4468 licinsianicum
3224 4398 3422 4468 ngm.,
3462 4398 3609 4462 Ald.,
3654 4399 3838 4461 Alex.,

2272 4465 2390 4517 Vat.
2421 4466 2480 4524 A,
2516 4463 2668 4526 Urb.,
2708 4465 2936 4529 rapidos.
2970 4466 3117 4520 Multi
3149 4467 3255 4531 alii,
3291 4463 3443 4531 Man,
3477 4469 3659 4533 Prag.,
3691 4469 3839 4531 “an,

2270 4534 2483 4591 Weitz..
2510 4535 2647 4598 Gis.,
2684 4535 2864 4599 Fabr.,
2896 4535 3117 4601 Widm.,
3162 4536 3440 4606 ltongars.,
3469 4539 3695 4601 rabidos.
3734 4539 3844 4592 Ve-

2270 4606 2475 4677 nustius
2495 4614 2575 4677 est
2602 4606 2807 4677 rapidos
2837 4607 3081 4677 caminos.
3115 4606 3259 4671 Ald.,
3299 4608 3477 4677 Egm.,
3505 4611 3845 4677 praestantio-

2273 4690 2360 4727 res
2388 4674 2678 4740 Ileinsiani,
2709 4674 2886 4740 Alcm,
2915 4675 3067 4740 Urb.,
3114 4677 3231 4730 Vat.
3269 4674 3537 4743 A,’Ma’r.',
3579 4680 3842 4735 subterna.

2272 4743 2700 4815 Weitz..gFabr.,
2733 4745 2871 4809 Gis.,
2897 4747 2989 4799 sub
3019 4757 3164 4799 tetra.
3195 4747 3346 4815 Prag.
3382 4759 3434 4802 et
3459 4749 3601 4813 Rat.,
3628 4760 3842 4813 eterna,

2268 4815 2413 4887 quod
2437 4812 2856 4887 videturilcgisse
2885 4816 2983 4869 lso.
3015 4816 3253 4882 Teolius,
3298 4812 3399 4872 nisi
3440 4823 3644 4873 erravit
3687 4830 3845 4887 typo-

2267 4885 2522 4954 g'raphus,
2561 4884 2740 4938 divisit
2781 4886 2879 4950 ita,
2922 4888 3016 4939 sub
3067 4897 3225 4939 terna.
3277 4887 3673 4944 Praeferendum
3710 4884 3848 4941 'snb-

2268 4966 2557 5030 t_cri_ia,_qu_a
2586 4969 2716 5008 voce
2749 4970 2875 5030 usu_s
2904 4958 3064 5030 etiam
3093 4967 3173 5009 est
3206 4958 3296 5030 lib.
3324 4974 3336 5010 I
3365 4959 3415 5011 in
3441 4962 3671 5030 Symnn,
3699 4976 3842 5012 vers.

2270 5026 2397 5082 392.
2434 5023 2715 5077 Subternus
2738 5042 2799 5077 ex
2824 5025 3059 5095 Fabricii
3085 5027 3441 5095 explicatione
3466 5023 3545 5083 est
3570 5032 3846 5083 subterra-

2271 5112 2401 5147 nens
2432 5111 2445 5145 :
2476 5094 3004 5167 quanquamdubitat
3034 5096 3305 5167 Fabricius
3344 5113 3409 5151 an
3440 5100 3509 5153 sit
3560 5099 3844 5167 legendum

2271 5168 2361 5218 lib.
2393 5182 2403 5217 ι
2439 5181 2487 5214 ιιι
2522 5164 2668 5231 Sym.
2720 5166 2808 5216 sub
2853 5170 3019 5219 terris.
3048 5166 3265 5221 Videtur
3292 5170 3491 5223 dictum
3520 5164 3784 5224 subicruus
3813 5187 3845 5223 τι

2266 5238 2450 5298 subter,
2478 5240 2533 5285 ιιι
2562 5250 2809 5302 supernus
2839 5251 2865 5286 a
2894 5253 3063 5304 super.

2338 5305 2461 5357 924.
2498 5304 2639 5368 Ald.,
2671 5306 2906 5369 remotis;
2933 5309 3017 5360 alii
3042 5309 3240 5373 remoti,
3266 5308 3365 5363 hoc
3395 5318 3477 5363 est
3500 5308 3678 5364 Lazari
3707 5326 3837 5377 pau-

2269 5392 2429 5445 peris.
2818 5444 2821 5445 ν
3227 5415 3235 5422 .

2507 5446 2681 5499 Monet
2736 5444 3001 5519 Heinsius,
3039 5448 3088 5499 in
3144 5449 3516 5501 vetustissimis
3565 5450 3843 5519 codicibus

2271 5516 2429 5570 scribi
2451 5518 2626 5579 setius,
2665 5530 2768 5567 non
2813 5517 2993 5575 secius.
3048 5534 3152 5570 non
3193 5520 3364 5571 solum
3414 5520 3555 5585 apud
3602 5516 3841 5572 Pruden-

2273 5588 2423 5648 tium.
2460 5587 2550 5640 sed
2597 5585 2755 5639 etiam
2798 5586 2933 5651 apud
2980 5587 3274 5655 Virgilium,
3317 5590 3591 5655 Ovidium,
3622 5590 3838 5653 Silium,

2270 5658 2401 5709 alios
2432 5657 2647 5728 passim.
2695 5655 2851 5708 Vides
2889 5661 3308 5728 controversiam
3347 5659 3839 5728 orthographicam,

2269 5728 2317 5800 in
2348 5740 2447 5800 qua
2473 5727 2688 5800 minime
2712 5741 2905 5800 sequar
2939 5726 3237 5795 Wcittium,
3272 5730 3359 5800 qui
3402 5726 3715 5786 auctoritate
3755 5746 3845 5787 su—

2266 5796 2365 5851 liu~
2392 5796 2737 5863 Bongarsiani
2768 5796 2931 5853 edidit
2958 5800 3157 5853 siccius.
