4120 6186
458 247 517 301 II

1820 241 2090 300 GELASII
2129 243 2333 300 ΡΑΡᾹΞ
2377 243 2394 297 I

456 371 661 419 amator
687 360 764 434 (I)
810 360 941 418 cleri
972 368 1027 416 et
1056 374 1349 430 pauperum
1378 402 1391 425 ,
1425 366 1479 414 et
1509 358 1710 413 clerum
1741 360 2037 428 ampliavit.
2070 367 2121 425 Α
2152 362 2312 427 (11⁸833,
2349 362 2431 414 via
2457 358 2715 413 Lavicana
2748 357 2802 411 in
2835 358 3055 413 fundum
3082 360 3133 413 in
3167 359 3291 413 villa
3326 367 3561 428 pertusi.
3598 362 3742 419 Fecit

422 450 553 518 illic
598 455 841 511 liberavit
888 469 918 509 a
952 454 1187 522 periculo
1218 452 1372 507 famis
1398 452 1670 507 civitatem
1720 452 2038 507 Romanam.

457 548 555 602 Ilic
604 546 727 601 fecit
768 545 1119 600 constitutum
1158 545 1225 599 de
1263 544 1409 598 onmi
1451 543 1713 598 Ecclesia.
1744 542 1819 615 (a)
1874 544 2043 612 Hujus

455 639 786 708 temporibus
816 638 1006 693 iterum
1049 638 1194 692 venit
1224 636 1411 691 relatio
1449 637 1516 692 de
1543 637 1747 691 Graecia
1774 679 1787 701 ,
1813 653 1880 693 eo
1902 638 2042 705 quod

457 731 622 785 multa
663 729 801 783 mala
838 739 892 785 et
936 728 1221 783 homicidia
1269 728 1458 783 ﬁerent
1485 743 1513 780 a
1560 728 1720 782 Petro
1750 736 1804 783 et
1848 728 2045 783 Acacio

456 821 1075 890 ConstantinOpolitano.
1124 818 1326 873 Eodem
1359 828 1598 886 tempore
1626 817 1837 887 fugiens
1882 818 2049 873 Joan—

460 930 557 969 nes
589 912 981 967 Alexandrinus
1008 910 1290 982 episcopus
1325 910 1623 964 catholicus
1646 910 1793 965 venit
1823 910 2045 964 Romam

458 1005 525 1057 ad
571 1003 752 1059 Sedem
794 1002 1165 1072 apostolicam.
1221 1001 1389 1069 Quem
1422 1001 1481 1055 B.
1532 1000 1781 1056 Gelasius
1812 1000 2049 1069 suscepit

459 1111 579 1148 cum
611 1094 776 1163 gloria
804 1132 820 1157 ,
860 1094 945 1147 cui
986 1092 1148 1146 etiam
1177 1101 1232 1146 et
1261 1091 1550 1146 secundam
1583 1092 1764 1147 sedem
1798 1093 2046 1160 praebuit.

460 1189 591 1255 Ipsis
622 1186 955 1255 temporibus
978 1185 1101 1239 fecit
1125 1184 1409 1254 synodum,
1438 1194 1489 1237 et
1519 1184 1664 1237 misit
1696 1198 1792 1252 per
1822 1194 2049 1237 tractum

460 1281 695 1333 Orientis
723 1320 737 1343 ,
770 1288 823 1332 et
847 1280 1039 1332 iterum
1069 1278 1150 1350 (2)
1172 1276 1452 1332 damnavit
1484 1279 1535 1329 in
1564 1286 1879 1346 perpetuum
1913 1280 2053 1331 Aca-

461 1373 601 1426 cium
629 1381 683 1426 et
704 1371 920 1425 Petrum
943 1414 957 1439 ,
991 1370 1034 1424 si
1069 1385 1172 1423 non
1204 1369 1281 1438 (5)
1314 1370 1669 1439 poenitentes,
1703 1371 1804 1423 sub
1835 1367 2049 1424 satisfa-

463 1464 638 1515 Ciione
670 1461 855 1525 libelli,
876 1460 1204 1530 postularent
1226 1460 1617 1529 pmnitentiaui,
1647 1458 1728 1529 (ί)
1758 1459 2051 1514 secundum

466 1554 847 1608 humanitatem
900 1552 1091 1621 prima:
1132 1551 1275 1606 sedis
1324 1551 1597 1605 Ecclesia.
1646 1550 1742 1605 llic
1790 1549 2057 1606 dedicavit

468 1644 743 1700 basilicam
772 1652 970 1697 saneta:
1004 1642 1316 1711 Enphemia:
1344 1642 1598 1711 martyris
1638 1641 1689 1696 in
1719 1640 1935 1695 civitate
1967 1641 2056 1695 Ti-

2151 462 2328 508 autem
2361 462 2416 507 et
2447 452 2721 507 basilicam
2769 462 2970 505 sancta:
3015 451 3193 505 Maria:
3223 452 3307 505 via
3334 453 3655 507 Laurentina
3691 457 3741 511 in

2148 543 2314 599 fundo
2358 542 2611 611 Crispini,
2661 542 2907 596 milliario
2957 542 3024 595 ab
3057 541 3199 597 Urbe
3227 543 3318 597 ΞΟ.
3370 542 3446 612 (b)
3481 543 3576 598 llic
3606 544 3737 600 fecit

2148 636 2382 704 quinque
2436 635 2601 689 libros
2644 634 2902 689 adversus
2943 633 3247 689 Nestorium
3304 644 3360 689 et
3403 634 3737 704 Entychem,

2149 727 2337 796 (5)qui
2366 725 2523 780 hodie
2556 727 2607 778 in
2636 725 2957 780 bibliotheca
2984 735 3036 780 et
3063 726 3284 779 arcliivo
3314 727 3557 782 ecclesite
3573 731 3744 784 conti-

2150 828 2367 873 nentur.
2403 817 2553 871 Fecit
2592 826 2646 871 el
2675 816 2902 888 hymnos
2934 817 2985 871 in
3014 817 3233 871 modum
3284 817 3424 874 beati
3472 822 3741 876 Ambro.~ii

2150 908 2409 977 episcOpi.
2440 908 2571 962 item
2616 907 2751 961 duos
2802 908 2967 962 libros
3020 908 3282 963 adversus
3328 910 3535 963 Arium.
3599 911 3747 966 Fecit

2152 999 2320 1053 etiam
2369 1008 2424 1054 et
2475 1009 2936 1055 sacramentorum
2982 998 3324 1068 praefationes
3376 1012 3430 1055 ct
3475 1005 3745 1057 orationes

2158 1100 2315 1145 cauto
2337 1105 2609 1157 sermone,
2625 1099 2679 1145 et
2696 1090 2950 1159 epistolas
2973 1089 3094 1145 ﬁdei
3118 1090 3337 1147 elimato
3365 1106 3615 1146 sermone
3641 1094 3742 1163 (6).

2160 1181 2384 1236 Multum
2418 1182 2518 1235 sub
2542 1181 2699 1250 hujus
2726 1182 3035 1251 episcopatu
3063 1182 3239 1237 clerus
3266 1183 3464 1236 erevit.
3500 1184 3596 1237 Ilic
3625 1185 3748 1239 fecit

2159 1272 2529 1327 ordinationes
2559 1272 2691 1327 duas
2715 1274 2795 1341 (7)
2828 1274 2881 1326 in
2906 1272 3038 1328 urbe
3079 1273 3248 1328 Roma
3281 1289 3376 1343 per
3404 1290 3612 1328 mensrs
3644 1276 3747 1329 Fe-

2162 1363 2434 1416 bruarium
2464 1373 2515 1417 et
2538 1363 2891 1419 Decembrem
2914 1404 2929 1429 ,
2961 1365 3307 1436 presbyteros
3340 1366 3554 1437 triginta
3583 1368 3748 1434 duos,

2160 1454 2414 1510 diaconos
2444 1455 2601 1524 duos,
2657 1456 2942 1525 episcopos
2986 1470 3085 1526 per
3132 1456 3350 1512 diversa
3376 1456 3488 1512 loca
3524 1474 3751 1515 nurnero

2161 1546 2437 1615 sexaginta
2476 1553 2703 1614 septem.
2728 1546 2829 1613 Qui
2857 1546 3021 1601 etiam
3053 1548 3299 1617 sepultus
3328 1557 3411 1603 est
3440 1552 3493 1605 in
3534 1549 3748 1606 basilica

2163 1639 2308 1693 Beati
2341 1638 2485 1692 Petri
2522 1639 2787 1707 apostoli,
2818 1638 3107 1694 undecimo
3132 1640 3382 1697 calendas
3420 1643 3746 1699 Decembris.

470 1737 704 1801 burtina,
734 1734 986 1789 milliario
1008 1733 1079 1789 20
1119 1735 1185 1787 ah
1215 1733 1377 1788 Urbe.
1411 1733 1681 1787 Dedicavit
1708 1740 1883 1786 autem
1914 1731 2054 1787 basi-
2086 1741 2132 1803 Β
2164 1731 2231 1783 Et
2295 1739 2414 1799 post
2466 1729 2670 1785 obitum
2727 1730 2845 1801 ejus
2914 1732 3151 1789 cessavit
3222 1735 3561 1805 episcopatus
3636 1736 3751 1791 dies

469 1829 598 1884 licas
627 1827 758 1881 alias
786 1834 1095 1881 sanctorum
1138 1824 1388 1879 Nicandri
1420 1833 1473 1880 et
1524 1823 1817 1879 Eleutherii
1861 1832 1916 1878 et
1945 1822 2061 1876 An-

542 1988 617 2058 (o)
641 1988 768 2054 Quae
801 1987 868 2041 de
894 1986 1089 2041 Acacio
1115 1993 1169 2040 et
1196 1986 1393 2058 Petro,
1420 1993 1670 2058 tanquam
1702 1985 2003 2058 viventibus
2026 1999 2055 2039 a

471 2055 689 2113 Gelasio
718 2058 1015 2122 damnatis,
1065 2066 1249 2109 auctor
1293 2055 1562 2123 adiungit,
1618 2055 1802 2123 procul
1854 2070 1882 2108 a
1928 2068 2056 2109 vero

471 2130 764 2185 abhorrent
792 2145 803 2180 :
834 2128 941 2195 jam
988 2128 1130 2179 enim
1163 2135 1287 2178 ante
1316 2125 1598 2178 damnatos
1623 2136 1676 2178 et
1706 2125 1812 2178 vita
1842 2126 2055 2195 functos

472 2214 594 2254 esse
634 2194 866 2251 diximus
907 2211 1065 2262 supra
1105 2196 1158 2249 in
1194 2196 1333 2248 notis
1383 2196 1448 2248 ad
1497 2196 1661 2247 vitam
1693 2204 1747 2249 et
1773 2194 2053 2263 epistolam

473 2278 678 2325 sextam
704 2267 913 2321 Felicis.
947 2268 1074 2321 Item
1107 2266 1158 2319 in
1186 2267 1325 2319 n0tis
1348 2266 1411 2318 ad
1441 2266 1726 2319 concilium
1758 2265 2054 2318 Romanum

474 2341 574 2395 sub
598 2338 775 2394 Felice
802 2338 862 2391 II.
895 2338 1081 2393 Posset
1108 2336 1234 2400 diei,
1258 2336 1399 2404 quod
1428 2337 1613 2388 horum
1636 2336 1743 2402 jam
1776 2335 2056 2389 damnato—

475 2426 592 2464 rum
623 2419 677 2463 et
706 2416 1036 2461 mortuorum
1078 2408 1362 2460 occasione
1406 2409 1566 2459 multa
1591 2404 2058 2472 Constantinopoli

474 2490 626 2550 gesta
660 2479 872 2550 fuerint.
907 2478 1034 2550 δεῖν.
1069 2477 1267 2550 thtus.

546 2549 763 2621 (b)7lioc
785 2547 987 2621 grande
1010 2558 1061 2602 et
1079 2548 1398 2621 praeclarum
1415 2546 1676 2621 volumen
1702 2545 1864 2621 fuisse
1884 2552 2059 2621 tesia-

478 2614 565 2675 tur
606 2614 928 2675 Gennadius
959 2619 1026 2673 de
1073 2614 1268 2686 Script.
1317 2616 1616 2670 ecclesiast.
1674 2630 1792 2682 cap.
1839 2614 1929 2678 14,
1979 2614 2061 2667 Itis

477 2691 656 2745 verbis
691 2710 704 2743 :
757 2688 991 2743 Gclasius
1046 2685 1395 2741 urbisilioma:
1420 2687 1685 2754 episcopus
1725 2686 1930 2752 scripsit
1962 2687 2059 2735 ad-

477 2778 649 2816 versus
680 2758 1013 2829 Eutyclietem
1038 2766 1083 2812 et
1114 2757 1411 2811 Nestorium
1451 2756 1647 2825 grande
1677 2764 1729 2829 Aet
1753 2754 2062 2825 praeclarum

478 2832 752 2896 volumen,
791 2827 868 2884 τι
922 2838 1163 2882 tractatus
1214 2829 1532 2880 diversarum
1588 2827 1963 2896 scripturarum
2015 2834 2063 2896 et

478 2895 917 2957 sacramentorum
945 2900 1119 2952 limata
1146 2914 1403 2960 sermone,
1435 2905 1540 2951 etc.
1569 2895 1720 2951 Unde
1747 2906 1886 2963 patet
1917 2895 2062 2964 quod

485 2974 695 3027 libellus
722 2972 823 3025 istc
852 2971 919 3024 de
936 2970 1146 3024 Duabus
1162 2970 1378 3022 Naturis
1407 2976 1594 3021 contra
1628 2966 1978 3036 Eutychetem
2010 2992 2019 3011 α
2045 2973 2063 3018 t

481 3042 784 3100 Nestorium
812 3042 866 3095 in
882 3040 1209 3095 BibliOtlieca
1241 3050 1550 3093 sanctorum
1578 3036 1792 3090 Patrum
1821 3046 2061 3090 cxstans.

482 3115 666 3181 sicque
712 3112 973 3181 incipiens
1004 3128 1016 3163 :
1050 3110 1409 3181 Necessarium
1433 3123 1630 3178 quoque
1655 3108 1773 3181 fuit,
1803 3117 1935 3181 etc,
1958 3106 2066 3181 Ge-

481 3177 613 3239 lasio
642 3177 885 3239 Romano
914 3182 1146 3250 pontilici
1177 3177 1535 3250 attribuinon
1562 3178 1761 3250 possit,
1795 3177 2062 3250 siquidem

482 3269 705 3324 parvum
734 3245 998 3324 duntaxat
1025 3250 1342 3324 Opusculum
1372 3248 1444 3324 sit
1464 3291 1478 3314 ,
1507 3245 1668 3324 unius
1692 3246 1811 3324 libri
1846 3245 2067 3313 periodo

485 3318 852 3380 terminatum.
888 3322 1012 3375 [hec
1044 3321 1345 3374 communis
1376 3318 1675 3372 doctiortun
1709 3318 1942 3370 virorum
1972 3331 2070 3368 no-

484 3395 579 3449 stri
604 3393 788 3448 sazculi
808 3390 1094 3454 sententia,
1119 3389 1468 3443 conﬁrmatur
1484 3387 1718 3510 (primum
1750 3401 1815 3439 ex
1840 3402 1905 3440 eo
1926 3386 2069 3455 quod

486 3476 672 3510 nttcmr
701 3462 913 3510 alleuati
960 3460 1203 3510 oousculi
1241 3457 1453 3510 Eusebii
1528 3457 1833 3509 aesariensis
1872 3458 2067 3510 scripta

486 3476 672 3518 auctor
701 3462 913 3531 allegati
960 3460 1203 3531 opusculi
1241 3457 1453 3531 Eusebii
1484 3457 1833 3531 Gaesarierpis
1859 3458 2067 3531 scripta

487 3533 773 3604 plurimum
798 3526 1165 3604 commendat,
1192 3543 1308 3595 qua:
1332 3526 1578 3604 Gelasius
1601 3526 1835 3595 pontifex
1859 3526 1909 3604 in
1939 3527 2072 3604 actis

486 3595 697 3658 concilii
730 3601 954 3656 Romani
987 3599 1120 3652 infra
1154 3600 1294 3652 inter
1319 3595 1625 3720 apocrﬁpha
1659 3598 1946 3651 recensuit.
1976 3596 2073 3651 Se-

488 3674 682 3720 cnndtL
717 3671 858 3720 ouod
893 3670 1119 3720 ulurima
1150 3670 1456 3720 Graacorunt
1532 3676 1730 3720 atrum.
1762 3667 2070 3720 Latinorum

488 3674 684 3740 cundo,
717 3671 859 3739 quod
893 3670 1119 3735 plurima
1150 3670 1457 3740 Graecorum
1490 3667 1730 3740 Patrum,
1762 3667 2070 3740 Latinorum

491 3736 770 3813 pauca-vel
800 3740 945 3795 nulla
993 3739 1305 3813 testimonia
1327 3736 1617 3813 producat,
1653 3738 1895 3813 adeoque
1918 3738 2063 3813 Grie-

490 3807 583 3867 cus
614 3814 789 3882 potius
814 3825 970 3880 quam
1003 3809 1224 3882 Latinus
1249 3810 1479 3882 scriptpr
1500 3820 1619 3861 esse
1645 3807 1902 3882 videatur.
1940 3808 2071 3882 Gum

490 3877 633 3938 enini
694 3877 1005 3936 adduxisset
1046 3879 1348 3949 quindecim
1406 3877 1594 3949 Patres
1637 3877 1889 3943 Graecos,
1940 3877 2077 3931 duos

492 3962 698 4007 tantum
731 3952 985 4015 Latinos,
1019 3948 1357 4004 Ambrosium
1403 3956 1458 4002 et
1505 3948 1786 4001 Damasum
1836 3951 2074 4014 profert,

492 4025 781 4093 Cypriano,
816 4021 1051 4093 Hilario,
1085 4019 1431 4093 Hieronymo,
1460 4018 1782 4093 Augustino.
1809 4016 2076 4093 Innocen-

496 4087 612 4160 tio,
646 4092 827 4146 Leone
853 4132 867 4155 ,
900 4091 1204 4160 Prospero.
1237 4087 1609 4160 similibusque
1656 4088 1774 4141 aliis
1817 4088 2074 4160 omissis:

494 4157 627 4233 quos
656 4162 755 4217 sibi
780 4157 1089 4233 notissimos
1111 4158 1357 4233 Gelasius
1380 4157 1618 4233 pontifex
1649 4172 1917 4233 nunquam
1936 4157 2079 4233 omi-

496 4226 675 4288 sisset.
722 4232 1001 4287 Gennadio
1028 4230 1221 4284 ascribi
1265 4230 1450 4297 nequit
1477 4269 1491 4294 ,
1525 4226 1649 4297 quia
1681 4228 1839 4281 tradit
1870 4242 1930 4282 se
1963 4227 2079 4282 illos

496 4319 592 4359 sex
623 4303 788 4357 libros
812 4318 915 4354 non
940 4301 1193 4354 adversus
1227 4298 1575 4367 Eutycheicm
1600 4339 1613 4361 ,
1648 4298 1741 4351 sed
1774 4297 2076 4352 Nestorium

498 4375 802 4440 scripsisse.
847 4372 1034 4425 Posset
1072 4370 1346 4440 Sust‘neri,
1396 4369 1536 4435 quod
1590 4384 1653 4421 ex
1693 4370 2078 4440 receptioribus

501 4436 651 4496 aiunt
684 4442 931 4507 plurimi,
968 4440 1121 4507 hujus
1154 4438 1313 4491 libelli
1346 4449 1625 4492 auctorem
1656 4453 1777 4491 esse
1808 4436 2077 4492 Gelasium

498 4514 884 4567 Ccesuriensem
909 4511 1240 4577 episcopum,
1269 4510 1418 4575 cujus
1444 4510 1685 4560 meminit
1706 4519 1922 4560 sancttt~
1957 4510 2081 4563 Ilie-

501 4596 758 4653 ronymus
788 4581 854 4634 de
894 4579 1089 4653 Script.
1123 4580 1424 4653 ecclesiist.
1462 4580 1748 4653 cap._I5t_),
1778 4579 1918 4653 unde
1948 4596 2079 4653 quo.

501 4635 624 4719 inte"
647 4635 1089 4705 Theodoretus'in
1120 4649 1346 4715 dialogis
1377 4635 1755 4719 plura-citavit:
1782 4635 2079 4703 Illustrissi-
2109 4635 2158 4692 D

506 4717 622 4775 inus
652 4721 938 4775 cardinalis
977 4718 1232 4772 Baronius
1265 4730 1383 4785 post
1413 4718 1621 4783 longam
1649 4717 1805 4786 hujus
1830 4720 1903 4771 rei
1940 4719 2080 4770 inda-

506 4792 827 4861 gationem,
851 4789 1201 4861 solertissime
1233 4789 1375 4861 inter
1402 4802 1591 4841 omnes
1631 4789 1764 4861 διῆρε
1807 4790 2082 4861 concludit

508 4858 664 4930 hujus
690 4860 854 4916 libelli
881 4861 949 4914 de
984 4860 1195 4913 Duabus
1227 4859 1439 4912 Naturis
1466 4870 1652 4913 contra
1695 4858 2042 4927 Entychetem
2064 4899 2076 4923 ,

579 5014 660 5083 (1)
696 5011 828 5068 Cod.
879 5010 1009 5067 Luc.
1058 5011 1202 5077 490,
1259 5020 1459 5065 amator
1515 5025 1797 5079 pauperum
1828 5048 1843 5073 ,
1904 5023 1949 5064 et
1994 5013 2095 5065 cle-

512 5102 660 5224 Νῖῶ
678 5096 863 5224 (idem,
894 5160 941 5205 et
967 5152 1146 5204 iterant
1171 5152 1329 5219 misit,
1354 5161 1400 5205 et
1421 5153 1700 5206 damnavit.

586 5222 664 5293 (5)
706 5222 868 5286 Idem,
904 5223 1161 5290 paznitens.

583 5292 665 5364 (ι)
706 5294 761 5347 In
803 5293 992 5349 eodem
1033 5296 1150 5346 cod.
1205 5294 1477 5348 secundum
1518 5292 1881 5345 humanitatem
1918 5292 2096 5358 primae

2171 1830 2398 1891 septem.

2163 1992 2218 2040 et
2240 1994 2481 2041 actorum
2499 1987 2697 2043 Nicecni
2720 1988 2960 2055 concilii,
2978 2004 3097 2059 quae
3125 2003 3283 2059 supra
3308 1997 3438 2044 tom.
3457 1988 3494 2043 Il
3520 1998 3754 2056 exstant,

2163 2071 2327 2128 unum
2360 2060 2720 2128 eumdemque
2769 2075 2889 2114 esse
2925 2071 3201 2115 auctorem
3229 2104 3243 2127 ,
3288 2068 3397 2113 tnm
3432 2061 3570 2128 quod
3604 2072 3756 2113 utro-

2161 2124 2323 2195 bique
2370 2127 2605 2198 fateatur
2636 2124 2717 2182 'se
2768 2138 3053 2197 utrumqtte
3101 2124 3238 2198 opus
3267 2124 3671 2196 conscripsisse,
3702 2138 3755 2182 ut

2162 2204 2350 2248 contra
2378 2197 2742 2266 Eutychianos
2774 2200 3056 2250 haereticos
3079 2238 3092 2260 ,
3126 2197 3363 2264 tempore
3390 2198 3627 2249 Basilisci
3659 2200 3755 2250 im-

2164 2266 2424 2331 peratoris
2478 2268 2620 2320 circa
2670 2281 2867 2319 annum
2920 2266 3130 2320 Domini
3178 2268 3282 2321 476
3338 2266 3753 2332 invalescentes,

2162 2334 2320 2388 ﬁdem
2351 2335 2709 2391 orthodoxam
2749 2336 3097 2401 defenderet;
3132 2347 3242 2389 tum
3288 2338 3446 2389 etiam
3482 2337 3622 2404 quod
3653 2338 3757 2389 Eu-

2160 2404 2371 2459 sebium
2402 2404 2794 2460 Cassariensem
2818 2406 3127 2474 episcopum
3153 2406 3433 2475 utrobique
3466 2406 3755 2473 plurimum

2166 2474 2380 2541 laudet,
2414 2491 2643 2546 eumque
2685 2476 2852 2529 titulis
2882 2490 3077 2544 magno
3099 2476 3263 2546 alicui
3292 2474 3592 2546 orthozloxo
3621 2490 3757 2530 con-

2165 2546 2507 2600 venientibus
2538 2545 2789 2608 exornet,
2818 2554 2874 2599 et
2901 2560 2928 2597 a
2962 2545 3269 2613 suspicione
3299 2545 3570 2599 hazreseos
3604 2547 3759 2599 Aria-

2167 2632 2249 2669 nte
2298 2618 2456 2684 plane
2483 2618 2716 2680 eximat;
2756 2614 2897 2684 quod
2950 2615 3229 2684 utriusque
3276 2616 3646 2682 praefationem
3681 2616 3759 2669 in-

2165 2688 2333 2740 tuenti
2366 2689 2535 2755 prima
2560 2686 2739 2740 fronte
2768 2686 3074 2754 apparebit.
3112 2686 3226 2753 Ipsa
3258 2700 3386 2739 vero
3414 2694 3528 2738 acta
3560 2686 3759 2741 Nicaeni

2166 2758 2378 2811 concilii
2429 2759 2598 2811 tribus
2634 2757 2793 2809 tomis
2848 2755 3239 2824 comprehensa
3274 2765 3494 2809 auctore
3541 2755 3759 2809 Gelasio

2165 2828 2471 2897 conscripta
2495 2840 2615 2881 esse
2646 2826 2843 2881 fatetur
2869 2825 3093 2880 Photius
3117 2827 3168 2880 in
3191 2826 3542 2897 BibliOtheea,
3577 2826 3758 2897 verbis

2169 2897 2276 2951 illis
2306 2895 2425 2965 quin
2475 2912 2637 2965 supra
2674 2906 2818 2950 tomo
2849 2900 3086 2950 secundo
3114 2896 3477 2950 Conciliomin
3509 2895 3748 2963 ejusdem

2167 2966 2408 3021 historiae
2484 2965 2700 3035 prmlixa
2757 2976 2898 3020 sunt.
2976 2967 3235 3020 Eumdem
3303 2981 3431 3035 ergo
3487 2965 3760 3020 Gelasiunt

2168 3037 2491 3107 Cyzicenum
2545 3039 2701 3106 hujus
2733 3036 2899 3092 libelli
2948 3046 3221 3107 auctorem
3262 3051 3382 3091 esse
3402 3076 3417 3101 ,
3447 3035 3515 3091 de
3535 3051 3638 3105 quo
3668 3037 3758 3107 diu

2171 3106 2503 3177 multumque
2550 3108 2808 3162 hactenus
2836 3106 3141 3177 dubitatum
3171 3106 3271 3177 fuit
3297 3145 3311 3169 ,
3343 3121 3464 3160 cum
3496 3106 3759 3177 cardinali

2172 3176 2427 3231 Baronio’
2464 3177 2695 3232 libenter
2751 3176 3143 3231 concludimus.
3202 3176 3396 3230 Verum
3458 3176 3762 3244 quicunque

2096 3265 2145 3331 ο
2178 3248 2407 3331 tandem_
2439 3247 2838 3331 auctordhujus
2888 3246 3055 3331 libelli
3106 3246 3284 3327 inerit,
3321 3249 3372 3300 in
3422 3246 3664 3300 doctrina
3694 3248 3762 3302 de

2177 3318 2782 3372 transsubstantiatione
2827 3317 2979 3385 panis
3008 3324 3063 3371 et
3086 3317 3193 3370 vini
3225 3317 3278 3369 in
3308 3329 3644 3371 sacramento
3664 3331 3760 3370 eu-

2174 3389 2441 3443 charistite
2469 3389 2535 3442 ab
2566 3389 2683 3443 aliis
2713 3388 2991 3441 catholicis
3031 3387 3383 3455 scriptoribus
3421 3402 3526 3440 non
3554 3386 3761 3441 discre-

2177 3468 2285 3529 pat.
2315 3458 2464 3525 Quod
2494 3460 2637 3512 enim
2667 3459 2741 3512 ait
2768 3474 2782 3511 :
2816 3457 2937 3529 Non
2961 3456 3146 3511 desinit
3159 3457 3452 3529 substantia
3473 3456 3549 3509 vel
3576 3468 3763 3529 natura

2177 3527 2324 3597 panis
2348 3540 2394 3581 et
2423 3530 2524 3581 vini
2549 3570 2563 3594 ,
2597 3528 3003 3596 intelligendum
3030 3537 3111 3582 est
3140 3527 3208 3581 de
3232 3537 3418 3580 natura
3448 3532 3500 3579 et
3524 3527 3761 3597 essentia

2176 3596 2559 3654 accidentium.
2611 3599 2886 3665 Frequens
2934 3599 3077 3651 enim
3127 3608 3210 3652 est
3260 3608 3315 3650 nt
3361 3596 3633 3651 communi
3666 3612 3763 3651 usu

2177 3669 2389 3723 dicendi
2452 3669 2749 3723 substantia
2774 3683 2871 3736 pro
2904 3677 3089 3721 natura
3114 3678 3168 3723 et
3192 3669 3424 3723 essentia
3447 3668 3763 3735 accipiatur.

2179 3741 2253 3794 Ita
2293 3741 2524 3809 expleat
2573 3739 2715 3793 hunc
2764 3740 2935 3794 locum
2988 3736 3529 3809 Bellarminuslib._ti
3564 3737 3631 3791 de
3662 3739 3760 3790 Sa-

2182 3807 2462 3864 cramento
2514 3809 2891 3871 eueharistiaa,
2956 3823 3074 3876 cap.
3132 3810 3235 3871 ‘27;
3298 3807 3559 3861 Baronius
3623 3821 3763 3861 anno

2180 3879 2383 3935 Christi
2432 3881 2560 3945 456,
2603 3895 2751 3934 ηυιη.
2810 3880 2875 3934 10
2929 3887 2982 3933 et
3032 3885 3278 3948 sequent.
3311 3879 3451 3932 Ante
3482 3877 3765 3948 victoriam

2183 3966 2312 4020 ergo
2345 3952 2678 4018 triumphant
2699 3949 2988 4020 Lutherani
3017 3947 3285 4020 haeretici,
3310 3948 3399 4017 qui
3429 3962 3495 4020 ex
3526 3947 3626 4001 hoc
3647 3947 3773 4020 loco

2185 4016 2484 4076 doctrinam
2513 4016 2868 4075 orthodoxam
2897 4019 2964 4073 de
2989 4018 3586 4072 transsubstantiatione
3619 4016 3768 4082 panis

2183 4101 2238 4146 et
2262 4092 2369 4145 vini
2404 4092 2455 4144 in
2478 4099 2814 4144 sacramento
2841 4088 3177 4144 eucharistia:
3206 4102 3446 4142 eversam
3471 4102 3590 4140 esse
3612 4086 3770 4154 jaCIi-

2190 4169 2323 4215 tant.
2362 4161 2583 4230 Reliqua
2626 4173 2880 4230 quaarper
2917 4159 3235 4212 calumniam
3266 4157 3771 4230 obji_ciu_t_it_Gelasio

2191 4233 2451 4299 pontillci,
2472 4226 2669 4299 partim
2689 4226 3033 4283 refutavimus
3055 4243 3212 4296 supra
3236 4228 3414 4299 verbis
3439 4226 3612 4299 Huius
3645 4237 3769 4299 tem-

2191 4296 2395 4367 poribus
2413 4301 2599 4353 inventi
2617 4298 2751 4369 (Col.
2778 4302 2832 4361 9,
2858 4310 2964 4351 n.t.
2981 4299 3061 4369 λθ),
3082 4299 3272 4365 partim
3290 4297 3421 4351 infra
3437 4296 3769 4369 dilueniiisin

2184 4365 2333 4426 tomo
2353 4370 2548 4424 Gelasd
2566 4365 2631 4424 de
2652 4365 3282 4423 AnatliematisVinculo.
3305 4370 3375 4420 lle
3391 4368 3605 4433 scriptis
3620 4365 3769 4420 Gela-

2186 4443 2249 4496 sii
2274 4444 2392 4495 vide
2417 4441 2764 4495 Possevinnm
2782 4441 2834 4490 in
2854 4440 2999 4506 Appa
3010 4448 3122 4489 ratu
3142 4436 3498 4506 sacro,verbo
3514 4436 3771 4489 Gelasius.

2190 4515 2376 4566 Exstat
2419 4513 2659 4581 apologia
2690 4505 3652 4581 Gelasii’advcrsusandromachttm
3690 4522 3772 4558 se-

2188 4596 2429 4635 natorem
2455 4574 2786 4645 "ca-te'rosque
2818 4578 3087 4629 Itomanos
3113 4578 3199 4643 qui
3235 4574 3553 4645 Lupercalia
3581 4591 3773 4628 secun-

2187 4654 2312 4706 dum
2346 4666 2545 4703 morem
2572 4643 2852 4716 pristinum
2877 4645 3100 4699 colenda
3134 4643 3559 4716 constituebant.
3581 4647 3772 4711 Quam,

2188 4737 2253 4774 ex
2288 4719 2501 4772 Baronii
2552 4714 2848 4771 Annalibus
2884 4726 3155 4781 acceptam
3180 4756 3193 4778 ,
3225 4714 3412 4768 Icelori
3457 4714 3595 4769 inita
3627 4717 3776 4770 exhi-

2189 4790 2415 4845 bendam
2434 4803 2555 4844 esse
2590 4788 2916 4856 putavimus.
2951 4786 3080 4840 Sev.
3116 4786 3317 4839 BINIUS.

2197 5012 2334 5066 sedis
2370 5010 2610 5064 Ecclesiae
2650 5011 2824 5065 deest.
3228 5010 3259 5039 ”

2273 5084 2352 5151 (5)
2395 5083 2446 5135 In
2492 5083 2681 5135 eodem
2718 5082 2838 5135 cod.
2874 5082 2959 5149 qui
3005 5081 3221 5133 hodie...
3261 5081 3578 5132 continentur
3604 5078 3777 5132 deest.

2272 5154 2352 5219 (6)
2396 5152 2535 5206 Idem
2566 5153 2712 5217 eod.,
2742 5166 2973 5206 sermone
3000 5153 3210 5220 multas.
3244 5151 3349 5202 Sub
3372 5154 3505 5220 ejus,
3533 5158 3636 5204 etc.

2273 5223 2351 5290 (7)
2394 5223 2445 5275 In
2470 5222 2658 5277 eodem
2692 5222 2810 5276 cod.
2847 5223 2897 5273 in
2922 5222 3041 5274 urbe
3070 5219 3234 5274 Roma
3260 5219 3432 5276 deest.

2049 5596 2103 5651 εκ
2114 5600 2251 5649 3W

3682 247 3746 302 12

3791 4896 3804 4953 i
