4098 6172
427 249 492 300 t3
1603 233 1958 290 EPISTOLJE
1992 231 2079 286 ET
2113 230 2454 286 DECRETA.
3536 265 3542 271 .
3597 231 3664 283 Η,

419 343 3613 404 W

442 393 615 405 —

1148 521 2028 667 GELASII
2124 519 2760 655 PAPZE
2855 518 2938 652 Ι

947 820 1890 951 EPISTOL/E
1978 816 2194 940 ET
2279 811 3175 938 DECRETA.

877 1124 904 1154 ⁸
932 1112 1264 1170 EPISTOLA
1308 1110 1537 1164 PRIMA.

714 1243 919 1286 GELASII
959 1242 1102 1279 ΡΑΡᾸΞ
1142 1241 1158 1278 1
1199 1241 1264 1278 Δί)
1305 1237 1702 1276 ECPHEMIANUM.

421 1346 613 1404 Scribit
642 1343 895 1396 neminem
921 1340 990 1391 ad
1027 1337 1160 1391 sedis
1197 1335 1490 1405 apostolica:
1522 1332 1923 1405 communionem
1947 1346 2001 1405 se

494 1430 640 1485 posse
675 1413 941 1485 admittere
969 1409 1054 1477 qui
1092 1403 1263 1459 Acacii
1305 1421 1483 1485 nomen
1515 1420 1613 1485 non
1659 1403 1999 1485 damna-verit.

498 1472 668 1553 'Quare
702 1499 816 1535 eum
854 1472 1080 1553 hortatur
1120 1485 1173 1528 ut
1205 1472 2002 1553 quemadmodum.Eutyc/tetem

494 1542 813 1622 reliquosque
850 1549 1132 1612 haereticos,
1173 1546 1246 1600 sic
1285 1559 1484 1614 quoque
1511 1543 1750 1595 Acacium
1788 1542 2005 1594 anathe-

496 1627 720 1678 matisct.

501 1735 855 1791 Dilectissimo
880 1730 909 1769 ι)
938 1730 1086 1785 fratri
1119 1729 1135 1759 ί
1169 1725 1533 1797 Euphemiano
1563 1723 1824 1779 Gelasius.

494 1826 650 1896 Quod
680 1826 836 1894 plene
864 1822 1128 1891 cupimus,
1178 1826 1338 1887 atque
1366 1818 1574 1871 sincera
1603 1815 1724 1870 ﬁdei
1766 1829 2006 1868 commu-

436 1919 710 1985 nionisque
740 1913 1020 1968 catholica:
1049 1908 1501 1978 redintegratione
1544 1906 1766 1971 ﬁrmari,
1818 1904 2012 1958 asserit

433 2018 520 2061 tua
550 2005 788 2070 dilectio,
832 2001 972 2072 quod
1003 2000 1157 2054 alteri
1189 1999 1335 2052 solus
1365 2012 1472 2051 non
1501 1994 1733 2050 sufﬁciat
1773 1994 2010 2058 auditus,

435 2097 538 2153 nisi
573 2112 667 2166 per
695 2096 898 2149 litteras
923 2089 1242 2160 spectaverit
1268 2088 1672 2159 signiﬁcantiam
1714 2101 2011 2155 provocan-

435 2197 544 2244 tem
579 2197 601 2225 ε
633 2186 701 2240 de
730 2186 812 2238 his
832 2198 950 2253 qua:
975 2181 1116 2236 circa
1154 2196 1251 2235 nos
1277 2177 1604 2248 dispensatio
1643 2175 1819 2230 divina
1852 2173 2013 2243 perﬁ-

437 2278 531 2340 cit,
556 2286 615 2329 ut
643 2274 796 2328 sicin
818 2271 1065 2326 secundis
1086 2271 1254 2323 vicem
1279 2267 1609 2322 salutationis
1627 2264 2012 2332 impenderam.

441 2368 558 2422 Non
581 2365 905 2419 arbitramur
928 2363 1009 2414 vel
1031 2360 1368 2413 dilectionem
1394 2366 1557 2419 tuam,
1583 2355 1666 2408 vel
1688 2353 1916 2420 aliquem
1939 2354 2016 2408 sic

2029 1109 2080 1168 Α
2108 1102 2391 1156 luereticos
2436 1102 2715 1155 damnatos
2761 1100 2862 1154 dici
2907 1101 3157 1154 Acacium
3204 1108 3257 1155 et
3293 1099 3526 1156 Petrum.
3574 1104 3680 1160 Cur

2103 1193 2175 1245 al.
2208 1191 2382 1261 Quod]
2413 1192 2454 1243 si
2488 1192 2564 1243 las
2596 1206 2701 1244 non
2736 1199 2840 1256 est,
2879 1191 3233 1260 prmsentibus
3260 1192 3448 1245 saltem
3479 1193 3670 1249 litteris

2103 1281 2508 1349 eolloquamnr?
2531 1281 2662 1346 Quia
2688 1279 2845 1335 aliter
2867 1281 3198 1349 appellamus
3223 1281 3500 1337 dominica:
3519 1300 3672 1341 men-

2103 1390 2178 1429 sae
2208 1374 2512 1441 participes,
2563 1374 2719 1426 aliter
2763 1373 2852 1441 qui
2893 1373 2943 1426 in
2973 1374 3091 1438 ejus
3122 1373 3395 1427 nobiseum
3424 1377 3680 1432 societate

2105 1463 2426 1517 dissentiunt
2469 1479 2482 1513 :
2531 1463 2650 1530 quia
2697 1453 2810 1530 ipse
2867 1461 3123 1514 Dominus
3171 1461 3278 1514 alio
3326 1463 3480 1516 modo
3523 1466 3680 1517 verba

2107 1553 2356 1616 faciebat,
2384 1567 2413 1605 a
2443 1565 2537 1605 sua
2571 1551 2945 1619 praedicatione
2975 1552 3254 1616 discretis;
3279 1552 3384 1604 alio
3410 1551 3687 1621 discipulis

2109 1643 2258 1714 regni
2286 1643 2522 1698 caelestis
2553 1651 2759 1696 secreta
2791 1641 3077 1711 pandebat.
3123 1643 3523 1710 Consequenter
3548 1657 3684 1712 quos

2108 1750 2212 1802 que
2242 1733 2465 1802 apostoli
2497 1749 2599 1786 non
2630 1733 2700 1786 ita
2730 1747 2759 1785 a
2788 1747 2887 1786 suo
2915 1733 3139 1801 collegio
3183 1734 3462 1802 separatis,
3495 1749 3683 1803 quem-

2111 1829 2395 1884 admodum
2425 1827 2544 1881 ﬁdei
2567 1827 2896 1893 domesticis,
2929 1827 3374 1892 consortibusque
3399 1829 3690 1896 loqueban-

2113 1931 2220 1976 tur.
2272 1919 2375 1973 Sed
2429 1919 2503 1972 ait
2555 1917 2772 1972 dilectio
2823 1925 2933 1980 tua,
2995 1927 3198 1971 tantum
3245 1918 3381 1970 circa
3438 1932 3524 1972 me
3571 1933 3692 1972 sese

2113 2008 2353 2062 caritatis
2408 2006 2681 2069 habuisse,
2744 2013 2803 2057 ut
2854 2019 2957 2057 non
3011 2005 3182 2057 solum
3237 2006 3302 2057 ad
3353 2006 3691 2060 scribendum

2112 2097 2278 2151 fueris
2305 2104 2610 2161 contentus,
2653 2093 2746 2148 sed
2776 2092 2965 2147 allatus
3010 2094 3214 2147 audire.
3256 2093 3450 2162 Legisti
3480 2106 3692 2151 semen-

2117 2188 2242 2241 tiam
2274 2204 2286 2238 :
2315 2184 2472 2238 Fides
2501 2201 2565 2238 ea:
2593 2185 2795 2246 auditu,
2823 2183 3029 2236 auditus
3057 2193 3226 2237 autem
3255 2199 3341 2251 per
3367 2185 3568 2237 verbum
3599 2184 3694 2240 Dei

2120 2275 2297 2347 (Rom.
2329 2277 2418 2342 x);
2472 2273 2598 2326 illud
2647 2274 2854 2326 scilicet
2899 2273 3139 2333 verbum.
3185 2274 3324 2342 quod
3372 2274 3695 2329 confes~ioni

2121 2368 2261 2423 beati
2286 2365 2512 2435 apostoli
2547 2365 2686 2418 Petri
2718 2373 2898 2434 portas
2944 2364 3135 2419 inferni
3189 2380 3458 2433 nunquam
3493 2380 3697 2431 prteva-

443 2455 546 2509 hoc
563 2466 776 2522 sperare
800 2450 1056 2518 petuisse,
1081 2457 1136 2500 ut
1165 2453 1374 2515 putaret
1399 2457 1514 2508 nos,
1542 2443 1623 2496 vel
1641 2441 2014 2511 aliquempiam

2129 2460 2309 2514 lituras
2339 2472 2457 2511 esse
2485 2455 2726 2526 promisit
2757 2455 2968 2524 (Matth.
3000 2455 3129 2524 xvr).
3184 2457 3359 2523 Atque
3389 2456 3507 2509 ideo
3536 2456 3696 2509 ratio-

443 2545 723 2614 potiorem,
742 2555 862 2609 quae
874 2548 996 2594 sunt
1011 2545 1155 2603 gesta
1173 2537 1482 2598 referentes,
1499 2532 1747 2586 debuisse
1764 2545 2019 2598 respmtsa

445 2633 773 2706 promereri,
803 2631 923 2700 quia
948 2627 1104 2681 nimis
1121 2625 1450 2695 judicaretur
1470 2639 1745 2694 arrogans,
1763 2623 1896 2677 side
1922 2624 2021 2690 pri-

446 2703 532 2782 ma
563 2725 691 2781 sede
721 2703 896 2778 taliter
924 2722 1303 2775 existimasset.
1336 2717 1489 2785 Quod
1523 2717 1589 2784 si,
1624 2727 1680 2770 ut
1705 2716 1872 2786 magis
1908 2715 2023 2784 opi-

454 2833 664 2881 namur,
711 2814 863 2883 quasi
895 2812 1076 2875 sociis,
1111 2809 1301 2880 quibus
1324 2823 1554 2878 praeesse
1578 2807 1772 2862 Christi
1804 2821 2025 2862 munere

452 2908 752 2976 delegatum
795 2912 898 2967 est,
950 2901 1293 2971 apostolicam
1343 2899 1525 2954 sedem
1570 2898 1869 2952 institutum
1923 2897 2024 2950 sibi

452 3002 659 3054 noviter
706 2995 1039 3050 sacerdotem
1093 2991 1456 3062 praeeuntibus
1504 2990 1803 3059 oportuisse
1847 2988 2027 3042 dixisti

451 3090 644 3145 litteris
686 3087 941 3142 indicare.
992 3084 1115 3139 Fuit
1155 3083 1424 3153 quondam
1471 3081 1833 3136 ecclesiastica
1877 3089 2029 3134 vetus

451 3179 567 3234 haec
594 3177 773 3246 regula
804 3174 942 3243 apud
971 3182 1149 3242 patres
1194 3181 1438 3236 nostros,
1487 3171 1680 3240 quibus
1725 3187 1827 3223 una
1853 3173 2033 3224 catho-

453 3271 555 3327 lica
589 3266 982 3338 apostolicaque
1009 3263 1314 3317 communio
1358 3262 1426 3316 ab
1470 3263 1613 3316 omni
1660 3261 2033 3332 praevaricato-

454 3379 572 3420 rum
615 3363 782 3417 libera
830 3357 1124 3428 pollutione
1166 3355 1466 3410 constabat.
1517 3355 1666 3408 Nunc
1703 3364 1878 3408 autem
1913 3370 2032 3408 cum

454 3456 771 3512 societatem
824 3450 1075 3520 prmferre
1124 3447 1319 3502 malitis
1364 3458 1672 3500 extraneam
1701 3485 1716 3508 ,
1766 3462 1922 3517 quam
1967 3447 2034 3500 ad

456 3548 597 3606 beati
626 3544 767 3600 Petri
801 3557 988 3612 purum
1029 3539 1204 3594 redire
1251 3539 1617 3608 illibatumque
1665 3540 2033 3593 consortium:

462 3635 726 3704 Quomodo
755 3632 1072 3686 cantabimus
1107 3629 1361 3682 canticum
1393 3628 1594 3680 Domini
1625 3629 1675 3680 in
1706 3637 1841 3681 terra
1869 3629 2038 3682 aliena

463 3728 636 3800 (Ρωι.
688 3724 946 3794 cxxxvr)?
993 3720 1272 3789 Quomodo
1319 3720 1680 3789 dispositionis
1731 3723 2038 3791 apostolicae

461 3822 678 3888 antiqua
704 3815 907 3872 fmdera
936 3813 1271 3885 praebeamus
1315 3812 1617 3866 hominibus
1648 3815 2040 3868 communiOuis

463 3908 770 3966 extraneae?
820 3903 1277 3973 Quemadmodum
1321 3902 1471 3956 vobis
1515 3903 1904 3957 ordinationem
1947 3920 2036 3958 re-

465 4001 770 4056 nuntiatura
799 4006 902 4061 est,
936 3995 1021 4050 cui
1052 4003 1232 4048 vestro
1256 3994 1415 4047 etiam
1450 3993 1751 4048 testimonio
1779 3997 1799 4025 ¹
1830 3996 2042 4050 lucreti-

466 4106 559 4146 cos
583 4091 863 4145 damnatos
885 4085 1237 4156 praeponitis?
1265 4085 1415 4138 Dicet
1441 4083 1658 4139 forsitan
1691 4095 1774 4140 tua
1805 4087 2040 4157 dilectio,

542 4240 566 4266 ε
601 4229 726 4283 ﬂare
756 4234 838 4281 est
876 4222 1104 4278 secunda
1149 4220 1370 4290 epistola
1423 4219 1649 4284 Gelasii,
1696 4226 2037 4291 responsoria

470 4302 615 4355 illius
639 4315 738 4366 qua
767 4294 1089 4366 Euphemius
1109 4291 1737 4366 _(_Jon.~tantiiiopolitanns
1764 4295 2044 4364 episcopus

472 4361 904 4424 communionem
943 4363 1260 4416 catholicam
1299 4361 1396 4432 sibi
1449 4373 1687 4432 negatam
1728 4361 2044 4432 extorquere

478 4441 670 4492 frustra
700 4447 922 4490 conatus
952 4442 1054 4488 est.
1098 4431 1427 4501 Eupltemius
1454 4430 1802 4484 orthodoxam
1830 4430 2042 4501 quidem

479 4510 637 4562 ﬁdem
683 4505 1060 4572 proﬁtebatur;
1105 4498 1196 4572 sed
1238 4498 1362 4569 quia
1403 4515 1596 4572 nomen
1637 4501 1814 4554 Acacii
1846 4498 2048 4569 prde-

477 4570 706 4633 cessiiris
737 4576 817 4627 sui
848 4575 914 4627 ab
933 4571 1168 4626 Ecclesia
1184 4571 1418 4623 Romana
1445 4570 1676 4642 damnati
1708 4585 1737 4623 e
1761 4572 2045 4642 tliptychis,

479 4656 634 4715 prout
681 4646 830 4698 Felix
881 4657 1011 4715 papa
1061 4649 1374 4715 monuerat_,
1429 4640 1652 4715 necdum
1700 4640 2047 4715 expunkerat,

477 4708 756 4772 catholici:
797 4708 1046 4768 Ecclesia:
1095 4708 1470 4762 communione
1515 4709 1761 4776 indignus
1801 4725 1934 4766 erat.
1985 4713 2052 4767 Ut

484 4786 754 4841 Gelasium
832 4786 884 4837 in
951 4783 1125 4834 locum
1194 4779 1384 4832 Felicis
1448 4780 1788 4850 subrogatum
1851 4784 2054 4850 accepit

487 4855 832 4922 Euphemius,
859 4868 1007 4904 more
1029 4850 1286 4922 majorum
1309 4849 1525 4916 scripsit
1542 4850 1753 4922 quidem
1777 4849 2054 4922 episolam

485 4919 607 4979 ﬁdei
638 4939 747 4978 suae
778 4919 1190 4980 cont‘essoriam,
1226 4926 1282 4971 ut
1312 4921 1811 4971 conununicatorias
1855 4921 2058 4975 litteras

482 4998 830 5064 impetraret;
870 4993 964 5064 sed
997 4988 1239 5064 Gelasius
1285 4987 1517 5064 reddidit
1567 4997 1767 5064 tantum
1813 4990 1907 5050 illi,
1941 5007 2059 5056 qua:

485 5058 593 5120 non
633 5072 825 5125 exstat,
871 5061 1149 5127 epistolam
1200 5058 1748 5120 communicatoriatn,
1787 5074 1886 5126 qua
1935 5076 2056 5114 eum

2129 2549 2378 2604 nobiliter
2406 2547 2745 2610 existimasti,
2777 2547 2898 2614 quia
2925 2545 3095 2599 ﬁdelis
3123 2545 3262 2599 Deus
3293 2545 3345 2598 in
3367 2543 3544 2598 verbis
3566 2545 3697 2606 suis,

2127 2655 2231 2694 non
2265 2639 2365 2693 nisi
2412 2637 2610 2700 aliquid
2643 2637 2747 2691 tale
2796 2637 3126 2705 promisisset
3172 2636 3468 2700 instituere,
3519 2649 3698 2688 veram

2125 2731 2430 2802 sponsionis
2461 2745 2574 2784 sum
2605 2728 3009 2797 promissionem
3044 2729 3306 2797 ii'npleret.
3355 2727 3441 2782 Ait
3471 2728 3700 2795 denique

2131 2830 2216 2875 tua
2245 2820 2486 2884 dilectio,
2513 2833 2608 2872 nos
2631 2819 2824 2873 divina:
2856 2818 3202 2888 providentiae
3224 2819 3414 2889 gratia,
3443 2821 3579 2888 quod
3610 2819 3702 2873 ille

2130 2911 2530 2973 monstraverit,
2581 2916 2884 2962 sanctarum
2931 2909 3276 2962 ecclesiarum
3313 2925 3415 2962 non
3450 2909 3702 2963 deserere

2132 3001 2430 3064 caritatem,
2479 2999 2600 3067 quia
2633 3013 2716 3051 me
2755 2998 2806 3050 in
2835 2999 3122 3066 pontificali
3154 2998 3281 3051 sede
3318 3000 3568 3053 locaverit
3596 3015 3702 3053 non

2133 3090 2480 3158 indigentem,
2511 3088 2651 3141 sicut
2675 3087 2769 3152 ait,
2800 3087 3013 3151 doceri;
3054 3086 3147 3140 sed
3184 3087 3547 3141 intendentem
3589 3103 3705 3141 om-

2135 3179 2218 3233 nia
2250 3178 2552 3232 necessaria
2577 3177 2640 3229 ad
2659 3176 3002 3231 ecclesiastici
3031 3177 3272 3244 corporis
3293 3178 3574 3232 unitatem.
3593 3178 3704 3247 Ego

2134 3270 2347 3340 quidem
2391 3283 2507 3324 sum
2537 3270 2773 3324 omnium
2806 3268 3080 3322 hominum
3124 3267 3396 3332 minimus,
3438 3270 3569 3324 satis
3607 3270 3706 3323 im-

2135 3365 2360 3419 meritus
2386 3364 2450 3417 ad
2482 3373 2639 3416 tantas
2675 3361 2818 3416 sedis
2844 3361 3098 3426 oflicium,
3145 3360 3245 3414 nisi
3292 3360 3430 3430 quod
3479 3375 3708 3430 superna

2138 3458 2304 3529 gratia
2337 3472 2548 3524 semper
2575 3462 2824 3524 Operatur
2856 3467 3044 3522 magna
3067 3453 3137 3507 de
3167 3452 3370 3521 parvis.
3403 3453 3539 3519 Quid
3567 3453 3707 3507 enim

2141 3551 2206 3605 de
2235 3564 2320 3604 me
2350 3547 2576 3602 sentiam
2607 3560 2726 3600 cum
2749 3545 2850 3600 hoc
2877 3545 2992 3612 ipse
3013 3542 3080 3599 de
3107 3559 3165 3600 se
3196 3543 3448 3615 magister
3474 3546 3710 3614 gentium

2141 3649 2386 3706 testetur,
2437 3641 2524 3709 qui
2556 3654 2614 3695 se
2640 3639 2883 3693 ultimum
2920 3646 2975 3693 et
3004 3653 3107 3693 non
3138 3639 3352 3708 dignum
3382 3640 3557 3693 vocati
3587 3653 3713 3705 apo-

2148 3735 2338 3788 stolum
2390 3732 2664 3796 proﬁtetur
2697 3729 2748 3801 (I
2780 3729 2898 3784 Cor.
2935 3729 3066 3799 xv)?
3112 3729 3513 3794 Verumtamen,
3564 3737 3616 3782 ut
3647 3729 3714 3783 ad

2067 3843 2111 3904 ρ
2147 3823 2446 3878 dilectionis
2475 3833 2582 3875 tua:
2612 3820 2773 3875 verba
2818 3819 3120 3880 redeamus,
3171 3818 3216 3872 si
3262 3818 3524 3872 veraciter
3569 3831 3716 3870 asse-

2145 3922 2299 3967 cutus
2341 3926 2399 3966 es
2430 3911 2545 3964 haec
2576 3909 2830 3963 divinitus
2868 3908 2997 3961 mihi
3049 3907 3212 3960 fuisse
3255 3905 3469 3968 collata,
3519 3919 3634 3971 qua:
3662 3912 3718 3957 et.

2150 4007 2388 4077 profecto
2417 4018 2750 4074 quaecunque
2779 4011 2904 4056 sunt
2939 4001 3098 4063 bona,
3151 3999 3287 4052 dona
3318 4007 3440 4050 sunt
3473 3995 3563 4049 Dei
3588 4012 3601 4046 :
3625 4009 3714 4050 se-

2153 4112 2316 4164 quere
2346 4111 2472 4163 ergo
2501 4095 2830 4146 hortamenta
2864 4105 2966 4156 non
3008 4089 3290 4156 indigentis
3320 4085 3522 4151 doceri,
3551 4095 3604 4139 et
3633 4099 3719 4140 se.

2148 4229 2385 4283 dedisset
2423 4229 2623 4281 litteras
2665 4226 2904 4293 ejusdem
2940 4222 3236 4292 argumenti
3273 4237 3392 4277 cum
3430 4223 3719 4294 prioribus,

2151 4298 2384 4368 pontifex
2420 4298 2584 4368 priori
2616 4301 2894 4368 sententiae
2919 4304 2972 4368 et
3001 4295 3241 4368 epistola:
3264 4293 3553 4368 intuere-ns,
3585 4297 3723 4368 hanc

2150 4363 2436 4423 secundum
2470 4366 2533 4420 ad
2567 4366 2813 4419 eumdem
2836 4363 3186 4432 Euphemium
3211 4364 3491 4428 epistolam
3524 4366 3722 4419 reseri-

2155 4440 2256 4508 psit
2293 4454 2432 4491 anno
2463 4437 2800 4508 pontiﬁcatus
2838 4437 2921 4508 sui
2955 4435 3127 4508 primo
3152 4449 3166 4484 :
3196 4443 3408 4508 poterat.
3441 4435 3581 4508 ert_im
3621 4451 3725 4508 uno

2152 4503 2446 4577 eodemque
2467 4503 2647 4574 'spatio
2685 4505 2925 4577 bimestri
2960 4505 3282 4577 Euphemius
3314 4519 3446 4577 unas
3463 4503 3545 4574 LF.
3576 4503 3723 4574 suas]

2153 4573 2843 4643 litteras'ConStantinopoli
2890 4576 3112 4628 Romam
3149 4573 3392 4639 misissel,
3425 4573 3480 4626 et
3507 4573 3726 4638 restruit?

2154 4649 2326 4701 sorias
2365 4664 2580 4700 suarum
2622 4647 2744 4699 inde
2785 4646 3015 4698 Vicissim
3049 4649 3330 4711 recepisse.
3361 4646 3485 4697 θεν.
3531 4644 3727 4697 Brutus.

2225 4716 2252 4754 δ
2295 4717 2408 4770 Non
2459 4717 2804 4769 exliorruisse
2849 4713 3177 4767 orthodoxos
3224 4713 3490 4766 interdum
3541 4727 3733 4767 vocaro

2157 4788 2347 4853 fratres
2380 4788 2712 4838 Chrisuanos
2755 4784 2914 4836 etiam
2963 4800 2991 4834 a
3039 4787 3412 4853 communione
3465 4791 3734 4843 extorres,

2159 4851 2260 4909 huc
2298 4857 2522 4922 aliisque
2565 4855 2802 4920 pluribus
2847 4852 3107 4918 exemplis
3139 4851 3494 4905 demonstrari
3523 4861 3732 4918 potest:

2159 4941 2190 4979 e
2214 4926 2474 4993 unpagine
2514 4929 2657 4977 enim
2700 4925 3187 4993 htunanaenaturaa
3222 4928 3277 4974 et
3314 4922 3557 4993 nominis
3585 4922 3738 4993 Chri-

2162 4990 2518 5059 stiani,’licet
2561 5007 2664 5044 non
2708 4992 2829 5044 ﬁdei
2873 4990 3216 5051 orthodoxae,
3251 5005 3422 5058 neque
3459 4990 3739 5043 catholica:

2166 5063 2565 5130 conjunctione,
2616 5061 2875 5128 ejusmodi
2925 5060 3323 5114 nomenclatura
3357 5059 3666 5130 aliquando,
3707 5073 3738 5110 a

485 5135 763 5190 admonuit
788 5148 845 5186 se
875 5131 1074 5184 frustra
1095 5132 1161 5182 de
1191 5128 1474 5180 obtinenda
1504 5127 1751 5180 Ecclesia:
1781 5133 2055 5185 catholicas
2084 5129 2138 5187 D
2169 5127 2411 5187 Pati'ihus
2435 5132 2626 5184 usitata
2648 5127 2929 5199 reperitur.
2959 5131 3212 5182 Baronius
3236 5127 3468 5193 an.492,
3494 5129 3738 5182 numJU.

488 5208 862 5260 communiunt:
892 5215 1050 5268 agere
1078 5207 1357 5266 antequam
1400 5211 1593 5249 nomen
1627 5199 1801 5268 Acaeii
1836 5212 1866 5251 e
1893 5202 2060 5254 sacris

486 5276 683 5331 tabulis
710 5267 991 5326 abstulerit
1012 5269 1325 5338 penitusque
1353 5268 1596 5338 eraserit.
1621 5267 1733 5338 Qua
1757 5271 2057 5336 occasione,

488 5361 610 5400 cum
647 5342 976 5413 Euphemius
1015 5336 1119 5392 alia
1154 5338 1440 5406 legatione,
1487 5336 1618 5390 alias
1660 5337 1726 5389 ad
1759 5338 2059 5404 pontiﬁcem

565 5482 582 5512 ¹
624 5479 768 5532 Alias
795 5475 1075 5546 Euphemio
1104 5473 1354 5546 episcopo!
1378 5472 1965 5546 Constantinopolitano,
1997 5475 2065 5530 de

493 5566 602 5618 quo
634 5541 972 5618 Marcellinus
999 5541 1914 5618 comesuin'__chronico,__Liberatus
1943 5558 2062 5618 cap.

500 5612 587 5674 i8.
619 5619 806 5688 Evagr.
840 5617 877 5673 l.
912 5617 968 5684 5,
997 5630 1117 5684 cap.
1147 5614 1237 5670 9.5.
1269 5612 1553 5683 Nicephor.
1579 5612 1671 5668 lib.
1704 5612 1791 5678 16,
1825 5629 1942 5684 cap.
1974 5612 2065 5670 19.

2167 5206 2298 5260 SEV.
2343 5204 2538 5255 Btatus.

2263 5273 2348 5326 °ld
2377 5281 2479 5334 est,
2509 5270 2736 5324 reddens
2761 5268 3045 5323 certiorem
3081 5283 3224 5334 eum,
3263 5269 3353 5339 qui
3382 5274 3506 5322 ante
3545 5263 3740 5321 litteris

2170 5353 2570 5411 provocaverat.
2603 5340 2734 5396 Sev.
2766 5340 2966 5393 BINIUS.

2241 5481 2261 5508 ³
2287 5475 2540 5532 Scholion
2569 5489 2670 5529 ms.
2694 5474 2748 5528 in
2771 5474 2891 5529 eod.
2918 5473 3139 5538 Bellov.,
3171 5472 3449 5529 IIwrcticos
3472 5471 3742 5526 danmatos

2170 5546 2560 5620 dicit_Acacium
2586 5555 2634 5601 et
2662 5543 2895 5602 Petrum.
2925 5543 3187 5600 ΗΑιωυια.
