  <div class='ocr_page' id='page_1' title='image "/cluster/home/n/w/nwhite01/storage/ocr_20150623/59/hvd.32044073505117/013.png"; bbox 0 0 4098 6172; ppageno 0'>
   <div class='ocr_carea' id='block_1_1' title="bbox 447 243 3703 327">
    <p class='ocr_par' dir='ltr' id='par_1_1' title="bbox 447 243 3703 327">
     <span class='ocr_line' id='line_1_1' title="bbox 447 243 3703 327; baseline -0.005 -9"><span class='ocrx_word' id='word_1_1' title='bbox 447 272 513 327; x_wconf 87' lang='lat'><strong>|5</strong></span> <span class='ocrx_word' id='word_1_2' title='bbox 1793 253 2062 311; x_wconf 75' lang='lat' dir='ltr'><strong>GELASII</strong></span> <span class='ocrx_word' id='word_1_3' title='bbox 2102 253 2300 310; x_wconf 65' lang='lat' dir='ltr'>PAPJE</span> <span class='ocrx_word' id='word_1_4' title='bbox 2340 255 2359 308; x_wconf 96' lang='lat' dir='ltr'><strong>l</strong></span> <span class='ocrx_word' id='word_1_5' title='bbox 3638 243 3703 302; x_wconf 70' lang='lat' dir='ltr'><strong>i5</strong></span> 
     </span>
    </p>
   </div>
   <div class='ocr_carea' id='block_1_2' title="bbox 442 364 3701 446">
    <p class='ocr_par' dir='ltr' id='par_1_2' title="bbox 442 364 3701 446">
     <span class='ocr_line' id='line_1_2' title="bbox 442 364 3701 446; baseline -0.006 -10"><span class='ocrx_word' id='word_1_6' title='bbox 442 379 672 436; x_wconf 82' lang='lat' dir='ltr'><strong>cundum</strong></span> <span class='ocrx_word' id='word_1_7' title='bbox 703 389 982 446; x_wconf 85' lang='lat' dir='ltr'><strong>supernam</strong></span> <span class='ocrx_word' id='word_1_8' title='bbox 1005 373 1415 443; x_wconf 78' lang='lat' dir='ltr'><strong>dispositionem</strong></span> <span class='ocrx_word' id='word_1_9' title='bbox 1438 369 1689 424; x_wconf 88' lang='lat' dir='ltr'><strong>universa</strong></span> <span class='ocrx_word' id='word_1_10' title='bbox 1710 373 2009 433; x_wconf 76' lang='lat' dir='ltr'><strong>cunctaque</strong></span> <span class='ocrx_word' id='word_1_11' title='bbox 2039 370 2088 425; x_wconf 83' lang='grc' dir='ltr'>Λ</span> <span class='ocrx_word' id='word_1_12' title='bbox 2116 365 2372 419; x_wconf 82' lang='lat' dir='ltr'><strong>debemus</strong></span> <span class='ocrx_word' id='word_1_13' title='bbox 2398 383 2410 419; x_wconf 91' lang='lat'>:</span> <span class='ocrx_word' id='word_1_14' title='bbox 2438 366 2488 418; x_wconf 94' lang='lat' dir='ltr'><strong>in</strong></span> <span class='ocrx_word' id='word_1_15' title='bbox 2518 365 2631 419; x_wconf 76' lang='lat' dir='ltr'><strong>lucc</strong></span> <span class='ocrx_word' id='word_1_16' title='bbox 2655 366 2881 435; x_wconf 91' lang='lat' dir='ltr'><strong>abrupta</strong></span> <span class='ocrx_word' id='word_1_17' title='bbox 2924 364 3115 421; x_wconf 82' lang='lat' dir='ltr'><strong>deduci</strong></span> <span class='ocrx_word' id='word_1_18' title='bbox 3142 379 3241 419; x_wconf 89' lang='lat' dir='ltr'><strong>nec</strong></span> <span class='ocrx_word' id='word_1_19' title='bbox 3270 377 3571 434; x_wconf 80' lang='lat' dir='ltr'><strong>possumus,</strong></span> <span class='ocrx_word' id='word_1_20' title='bbox 3600 374 3701 417; x_wconf 91' lang='lat' dir='ltr'><strong>nec</strong></span> 
     </span>
    </p>
   </div>
   <div class='ocr_carea' id='block_1_3' title="bbox 444 458 2011 539">
    <p class='ocr_par' dir='ltr' id='par_1_3' title="bbox 444 458 2011 539">
     <span class='ocr_line' id='line_1_3' title="bbox 444 458 2011 539; baseline -0.01 -16"><span class='ocrx_word' id='word_1_21' title='bbox 444 468 771 539; x_wconf 89' lang='lat' dir='ltr'><strong>inspicientis</strong></span> <span class='ocrx_word' id='word_1_22' title='bbox 796 482 915 536; x_wconf 69' lang='lat' dir='ltr'><strong>quze</strong></span> <span class='ocrx_word' id='word_1_23' title='bbox 938 465 1005 521; x_wconf 86' lang='lat' dir='ltr'><strong>ad</strong></span> <span class='ocrx_word' id='word_1_24' title='bbox 1037 462 1394 519; x_wconf 88' lang='lat' dir='ltr'><strong>Ecclesiarum</strong></span> <span class='ocrx_word' id='word_1_25' title='bbox 1425 461 1691 530; x_wconf 76' lang='lat' dir='ltr'><strong>pertinent</strong></span> <span class='ocrx_word' id='word_1_26' title='bbox 1734 458 2011 520; x_wconf 89' lang='lat' dir='ltr'><strong>unitatem,</strong></span> 
     </span>
    </p>
   </div>
   <div class='ocr_carea' id='block_1_4' title="bbox 440 548 2013 616">
    <p class='ocr_par' dir='ltr' id='par_1_4' title="bbox 440 548 2013 616">
     <span class='ocr_line' id='line_1_4' title="bbox 440 548 2013 616; baseline -0.008 -3"><span class='ocrx_word' id='word_1_27' title='bbox 440 567 496 613; x_wconf 91' lang='lat' dir='ltr'><strong>et</strong></span> <span class='ocrx_word' id='word_1_28' title='bbox 523 558 783 612; x_wconf 86' lang='lat' dir='ltr'><strong>adversus</strong></span> <span class='ocrx_word' id='word_1_29' title='bbox 811 555 1079 610; x_wconf 88' lang='lat' dir='ltr'><strong>diabolum</strong></span> <span class='ocrx_word' id='word_1_30' title='bbox 1109 552 1546 608; x_wconf 89' lang='lat' dir='ltr'><strong>conturbatorem</strong></span> <span class='ocrx_word' id='word_1_31' title='bbox 1575 564 1715 603; x_wconf 74' lang='lat' dir='ltr'><strong>vera:</strong></span> <span class='ocrx_word' id='word_1_32' title='bbox 1756 548 1900 616; x_wconf 81' lang='lat' dir='ltr'><strong>pacis</strong></span> <span class='ocrx_word' id='word_1_33' title='bbox 1931 556 2013 600; x_wconf 86' lang='lat' dir='ltr'><strong>at-</strong></span> 
     </span>
    </p>
   </div>
   <div class='ocr_carea' id='block_1_5' title="bbox 441 636 2015 713">
    <p class='ocr_par' dir='ltr' id='par_1_5' title="bbox 441 636 2015 713">
     <span class='ocr_line' id='line_1_5' title="bbox 441 636 2015 713; baseline -0.007 -14"><span class='ocrx_word' id='word_1_34' title='bbox 441 661 546 712; x_wconf 89' lang='lat' dir='ltr'><strong>que</strong></span> <span class='ocrx_word' id='word_1_35' title='bbox 575 643 863 713; x_wconf 66' lang='lat' dir='ltr'><strong>compagis,</strong></span> <span class='ocrx_word' id='word_1_36' title='bbox 897 651 955 695; x_wconf 92' lang='lat' dir='ltr'><strong>ut</strong></span> <span class='ocrx_word' id='word_1_37' title='bbox 979 642 1176 695; x_wconf 84' lang='lat' dir='ltr'><strong>asseris</strong></span> <span class='ocrx_word' id='word_1_38' title='bbox 1206 640 1415 694; x_wconf 91' lang='lat' dir='ltr'><strong>fortiter</strong></span> <span class='ocrx_word' id='word_1_39' title='bbox 1444 636 1761 698; x_wconf 71' lang='lat' dir='ltr'><strong>resistentis.</strong></span> <span class='ocrx_word' id='word_1_40' title='bbox 1800 636 1855 690; x_wconf 88' lang='lat' dir='ltr'><strong>Si</strong></span> <span class='ocrx_word' id='word_1_41' title='bbox 1885 650 2015 704; x_wconf 92' lang='lat' dir='ltr'><strong>ergo</strong></span> 
     </span>
    </p>
   </div>
   <div class='ocr_carea' id='block_1_6' title="bbox 443 730 2016 804">
    <p class='ocr_par' dir='ltr' id='par_1_6' title="bbox 443 730 2016 804">
     <span class='ocr_line' id='line_1_6' title="bbox 443 730 2016 804; baseline -0.006 -15"><span class='ocrx_word' id='word_1_42' title='bbox 443 738 509 790; x_wconf 87' lang='lat' dir='ltr'><strong>de</strong></span> <span class='ocrx_word' id='word_1_43' title='bbox 539 752 625 791; x_wconf 92' lang='lat' dir='ltr'><strong>me</strong></span> <span class='ocrx_word' id='word_1_44' title='bbox 655 738 753 789; x_wconf 87' lang='lat' dir='ltr'><strong>ista</strong></span> <span class='ocrx_word' id='word_1_45' title='bbox 785 734 1115 804; x_wconf 78' lang='lat' dir='ltr'><strong>pronuntias,</strong></span> <span class='ocrx_word' id='word_1_46' title='bbox 1157 740 1249 786; x_wconf 87' lang='lat' dir='ltr'><strong>aut</strong></span> <span class='ocrx_word' id='word_1_47' title='bbox 1289 730 1540 787; x_wconf 84' lang='lat' dir='ltr'><strong>sectanda</strong></span> <span class='ocrx_word' id='word_1_48' title='bbox 1574 730 1665 783; x_wconf 89' lang='lat' dir='ltr'><strong>tibi</strong></span> <span class='ocrx_word' id='word_1_49' title='bbox 1691 740 1814 783; x_wconf 89' lang='lat' dir='ltr'><strong>sunt</strong></span> <span class='ocrx_word' id='word_1_50' title='bbox 1842 743 1959 796; x_wconf 74' lang='lat' dir='ltr'><strong>quzc</strong></span> <span class='ocrx_word' id='word_1_51' title='bbox 1985 741 2016 781; x_wconf 90' lang='lat' dir='ltr'><strong>a</strong></span> 
     </span>
    </p>
   </div>
   <div class='ocr_carea' id='block_1_7' title="bbox 440 819 2015 891">
    <p class='ocr_par' dir='ltr' id='par_1_7' title="bbox 440 819 2015 891">
     <span class='ocr_line' id='line_1_7' title="bbox 440 819 2015 891; baseline -0.008 -10"><span class='ocrx_word' id='word_1_52' title='bbox 440 826 675 890; x_wconf 81' lang='lat' dir='ltr'><strong>Christo,</strong></span> <span class='ocrx_word' id='word_1_53' title='bbox 710 834 767 878; x_wconf 92' lang='lat' dir='ltr'><strong>ut</strong></span> <span class='ocrx_word' id='word_1_54' title='bbox 797 823 1062 891; x_wconf 86' lang='lat' dir='ltr'><strong>perhibes,</strong></span> <span class='ocrx_word' id='word_1_55' title='bbox 1091 822 1375 877; x_wconf 83' lang='lat' dir='ltr'><strong>constituta</strong></span> <span class='ocrx_word' id='word_1_56' title='bbox 1405 828 1557 883; x_wconf 89' lang='lat' dir='ltr'><strong>sunt;</strong></span> <span class='ocrx_word' id='word_1_57' title='bbox 1609 830 1699 873; x_wconf 92' lang='lat' dir='ltr'><strong>aut</strong></span> <span class='ocrx_word' id='word_1_58' title='bbox 1742 819 1913 887; x_wconf 89' lang='lat' dir='ltr'><strong>palam</strong></span> <span class='ocrx_word' id='word_1_59' title='bbox 1942 826 2015 880; x_wconf 91' lang='lat' dir='ltr'><strong>te,</strong></span> 
     </span>
    </p>
   </div>
   <div class='ocr_carea' id='block_1_8' title="bbox 440 911 2014 988">
    <p class='ocr_par' dir='ltr' id='par_1_8' title="bbox 440 911 2014 988">
     <span class='ocr_line' id='line_1_8' title="bbox 440 911 2014 988; baseline -0.006 -15"><span class='ocrx_word' id='word_1_60' title='bbox 440 919 581 988; x_wconf 86' lang='lat' dir='ltr'><strong>quod</strong></span> <span class='ocrx_word' id='word_1_61' title='bbox 609 918 769 981; x_wconf 87' lang='lat' dir='ltr'><strong>absit,</strong></span> <span class='ocrx_word' id='word_1_62' title='bbox 790 916 982 971; x_wconf 85' lang='lat' dir='ltr'><strong>Christi</strong></span> <span class='ocrx_word' id='word_1_63' title='bbox 1008 915 1453 985; x_wconf 84' lang='lat' dir='ltr'><strong>dispositionibus</strong></span> <span class='ocrx_word' id='word_1_64' title='bbox 1475 914 1693 968; x_wconf 79' lang='lat' dir='ltr'><strong>obviare</strong></span> <span class='ocrx_word' id='word_1_65' title='bbox 1723 911 2014 980; x_wconf 83' lang='lat' dir='ltr'><strong>depromis,</strong></span> 
     </span>
    </p>
   </div>
   <div class='ocr_carea' id='block_1_9' title="bbox 440 1002 2016 1077">
    <p class='ocr_par' dir='ltr' id='par_1_9' title="bbox 440 1002 2016 1077">
     <span class='ocr_line' id='line_1_9' title="bbox 440 1002 2016 1077; baseline -0.006 -16"><span class='ocrx_word' id='word_1_66' title='bbox 440 1016 532 1061; x_wconf 92' lang='lat' dir='ltr'><strong>aut</strong></span> <span class='ocrx_word' id='word_1_67' title='bbox 557 1007 622 1061; x_wconf 91' lang='lat' dir='ltr'><strong>ad</strong></span> <span class='ocrx_word' id='word_1_68' title='bbox 651 1006 858 1061; x_wconf 84' lang='lat' dir='ltr'><strong>veniam</strong></span> <span class='ocrx_word' id='word_1_69' title='bbox 891 1005 985 1077; x_wconf 82' lang='grc' dir='ltr'><strong>[αι.</strong></span> <span class='ocrx_word' id='word_1_70' title='bbox 1012 1002 1223 1073; x_wconf 85' lang='lat' dir='ltr'><strong>venam]</strong></span> <span class='ocrx_word' id='word_1_71' title='bbox 1265 1004 1485 1058; x_wconf 67' lang='lat' dir='ltr'><strong>luxuriae</strong></span> <span class='ocrx_word' id='word_1_72' title='bbox 1516 1002 1581 1057; x_wconf 91' lang='lat' dir='ltr'><strong>de</strong></span> <span class='ocrx_word' id='word_1_73' title='bbox 1611 1016 1697 1056; x_wconf 90' lang='lat' dir='ltr'><strong>me</strong></span> <span class='ocrx_word' id='word_1_74' title='bbox 1725 1014 2016 1069; x_wconf 84' lang='lat' dir='ltr'><strong>cognosce-</strong></span> 
     </span>
    </p>
   </div>
   <div class='ocr_carea' id='block_1_10' title="bbox 440 1091 2018 1165">
    <p class='ocr_par' dir='ltr' id='par_1_10' title="bbox 440 1091 2018 1165">
     <span class='ocr_line' id='line_1_10' title="bbox 440 1091 2018 1165; baseline -0.005 -12"><span class='ocrx_word' id='word_1_75' title='bbox 440 1099 516 1153; x_wconf 90' lang='lat' dir='ltr'><strong>ris</strong></span> <span class='ocrx_word' id='word_1_76' title='bbox 544 1099 641 1153; x_wconf 90' lang='lat' dir='ltr'><strong>ista</strong></span> <span class='ocrx_word' id='word_1_77' title='bbox 665 1098 889 1165; x_wconf 90' lang='lat' dir='ltr'><strong>jactare.</strong></span> <span class='ocrx_word' id='word_1_78' title='bbox 933 1096 1037 1153; x_wconf 91' lang='lat' dir='ltr'><strong>Sed</strong></span> <span class='ocrx_word' id='word_1_79' title='bbox 1079 1105 1471 1165; x_wconf 79' lang='lat' dir='ltr'><strong>consequenter</strong></span> <span class='ocrx_word' id='word_1_80' title='bbox 1512 1095 1778 1159; x_wconf 86' lang='lat' dir='ltr'><strong>annectis,</strong></span> <span class='ocrx_word' id='word_1_81' title='bbox 1821 1091 2018 1146; x_wconf 82' lang='lat' dir='ltr'><strong>conde-</strong></span> 
     </span>
    </p>
   </div>
   <div class='ocr_carea' id='block_1_11' title="bbox 439 1185 2019 1255">
    <p class='ocr_par' dir='ltr' id='par_1_11' title="bbox 439 1185 2019 1255">
     <span class='ocr_line' id='line_1_11' title="bbox 439 1185 2019 1255; baseline -0.004 -12"><span class='ocrx_word' id='word_1_82' title='bbox 439 1188 789 1244; x_wconf 88' lang='lat' dir='ltr'><strong>scendibilem</strong></span> <span class='ocrx_word' id='word_1_83' title='bbox 814 1202 901 1242; x_wconf 92' lang='lat' dir='ltr'><strong>me</strong></span> <span class='ocrx_word' id='word_1_84' title='bbox 918 1196 969 1242; x_wconf 90' lang='lat' dir='ltr'><strong>et</strong></span> <span class='ocrx_word' id='word_1_85' title='bbox 986 1187 1185 1253; x_wconf 76' lang='lat' dir='ltr'><strong>Optima</strong></span> <span class='ocrx_word' id='word_1_86' title='bbox 1210 1185 1557 1255; x_wconf 85' lang='lat' dir='ltr'><strong>dispositione</strong></span> <span class='ocrx_word' id='word_1_87' title='bbox 1585 1198 1837 1238; x_wconf 88' lang='lat' dir='ltr'><strong>revocare</strong></span> <span class='ocrx_word' id='word_1_88' title='bbox 1862 1195 2019 1251; x_wconf 83' lang='lat' dir='ltr'><strong>posse</strong></span> 
     </span>
    </p>
   </div>
   <div class='ocr_carea' id='block_1_12' title="bbox 438 1272 2019 1345">
    <p class='ocr_par' dir='ltr' id='par_1_12' title="bbox 438 1272 2019 1345">
     <span class='ocr_line' id='line_1_12' title="bbox 438 1272 2019 1345; baseline -0.004 -13"><span class='ocrx_word' id='word_1_89' title='bbox 438 1277 801 1332; x_wconf 76' lang='lat' dir='ltr'><strong>concordiam.</strong></span> <span class='ocrx_word' id='word_1_90' title='bbox 834 1276 1085 1341; x_wconf 89' lang='lat' dir='ltr'><strong>Proinde,</strong></span> <span class='ocrx_word' id='word_1_91' title='bbox 1114 1276 1363 1345; x_wconf 90' lang='lat' dir='ltr'><strong>quoniam</strong></span> <span class='ocrx_word' id='word_1_92' title='bbox 1394 1285 1496 1328; x_wconf 90' lang='lat' dir='ltr'><strong>tsto</strong></span> <span class='ocrx_word' id='word_1_93' title='bbox 1523 1273 1688 1327; x_wconf 86' lang='lat' dir='ltr'><strong>verbo</strong></span> <span class='ocrx_word' id='word_1_94' title='bbox 1715 1272 2019 1339; x_wconf 87' lang='lat' dir='ltr'><strong>frequenter</strong></span> 
     </span>
    </p>
   </div>
   <div class='ocr_carea' id='block_1_13' title="bbox 441 1360 2015 1437">
    <p class='ocr_par' dir='ltr' id='par_1_13' title="bbox 441 1360 2015 1437">
     <span class='ocr_line' id='line_1_13' title="bbox 441 1360 2015 1437; baseline -0.006 -16"><span class='ocrx_word' id='word_1_95' title='bbox 441 1368 669 1431; x_wconf 90' lang='lat' dir='ltr'><strong>utimini,</strong></span> <span class='ocrx_word' id='word_1_96' title='bbox 700 1366 824 1437; x_wconf 89' lang='lat' dir='ltr'><strong>quid</strong></span> <span class='ocrx_word' id='word_1_97' title='bbox 850 1366 949 1421; x_wconf 87' lang='lat' dir='ltr'><strong>sibi</strong></span> <span class='ocrx_word' id='word_1_98' title='bbox 978 1366 1126 1433; x_wconf 87' lang='lat' dir='ltr'><strong>velit,</strong></span> <span class='ocrx_word' id='word_1_99' title='bbox 1159 1365 1457 1433; x_wconf 74' lang='lat' dir='ltr'><strong>explorent.</strong></span> <span class='ocrx_word' id='word_1_100' title='bbox 1510 1362 1723 1429; x_wconf 87' lang='lat' dir='ltr'><strong>Optima</strong></span> <span class='ocrx_word' id='word_1_101' title='bbox 1755 1361 1897 1415; x_wconf 91' lang='lat' dir='ltr'><strong>enim</strong></span> <span class='ocrx_word' id='word_1_102' title='bbox 1929 1360 2015 1414; x_wconf 88' lang='lat' dir='ltr'><strong>illa</strong></span> 
     </span>
    </p>
   </div>
   <div class='ocr_carea' id='block_1_14' title="bbox 438 1449 2017 1525">
    <p class='ocr_par' dir='ltr' id='par_1_14' title="bbox 438 1449 2017 1525">
     <span class='ocr_line' id='line_1_14' title="bbox 438 1449 2017 1525; baseline -0.008 -10"><span class='ocrx_word' id='word_1_103' title='bbox 438 1468 522 1515; x_wconf 91' lang='lat' dir='ltr'><strong>est</strong></span> <span class='ocrx_word' id='word_1_104' title='bbox 544 1459 795 1514; x_wconf 73' lang='lat' dir='ltr'><strong>Ecclesia:</strong></span> <span class='ocrx_word' id='word_1_105' title='bbox 822 1456 1101 1512; x_wconf 77' lang='lat' dir='ltr'><strong>catholica:</strong></span> <span class='ocrx_word' id='word_1_106' title='bbox 1120 1465 1278 1525; x_wconf 91' lang='lat' dir='ltr'><strong>atque</strong></span> <span class='ocrx_word' id='word_1_107' title='bbox 1304 1451 1610 1524; x_wconf 63' lang='lat' dir='ltr'><strong>apostolica:</strong></span> <span class='ocrx_word' id='word_1_108' title='bbox 1631 1451 1930 1520; x_wconf 84' lang='lat' dir='ltr'><strong>dispositio,</strong></span> <span class='ocrx_word' id='word_1_109' title='bbox 1950 1449 2017 1504; x_wconf 92' lang='lat' dir='ltr'><strong>ad</strong></span> 
     </span>
    </p>
   </div>
   <div class='ocr_carea' id='block_1_15' title="bbox 436 1542 2015 1620">
    <p class='ocr_par' dir='ltr' id='par_1_15' title="bbox 436 1542 2015 1620">
     <span class='ocr_line' id='line_1_15' title="bbox 436 1542 2015 1620; baseline -0.008 -14"><span class='ocrx_word' id='word_1_110' title='bbox 436 1552 662 1607; x_wconf 84' lang='lat' dir='ltr'><strong>meliora</strong></span> <span class='ocrx_word' id='word_1_111' title='bbox 697 1549 1028 1620; x_wconf 84' lang='lat' dir='ltr'><strong>proﬁciendo</strong></span> <span class='ocrx_word' id='word_1_112' title='bbox 1051 1546 1502 1609; x_wconf 73' lang='lat' dir='ltr'><strong>condescendere,</strong></span> <span class='ocrx_word' id='word_1_113' title='bbox 1535 1557 1641 1599; x_wconf 88' lang='lat' dir='ltr'><strong>non</strong></span> <span class='ocrx_word' id='word_1_114' title='bbox 1670 1542 1736 1597; x_wconf 92' lang='lat' dir='ltr'><strong>ad</strong></span> <span class='ocrx_word' id='word_1_115' title='bbox 1767 1542 2015 1597; x_wconf 83' lang='lat' dir='ltr'><strong>inferiora</strong></span> 
     </span>
    </p>
   </div>
   <div class='ocr_carea' id='block_1_16' title="bbox 439 1632 2015 1696">
    <p class='ocr_par' dir='ltr' id='par_1_16' title="bbox 439 1632 2015 1696">
     <span class='ocr_line' id='line_1_16' title="bbox 439 1632 2015 1696; baseline -0.004 -1"><span class='ocrx_word' id='word_1_116' title='bbox 439 1640 816 1696; x_wconf 89' lang='lat' dir='ltr'><strong>descendendo</strong></span> <span class='ocrx_word' id='word_1_117' title='bbox 827 1636 1081 1694; x_wconf 81' lang='lat' dir='ltr'><strong>deficere.</strong></span> <span class='ocrx_word' id='word_1_118' title='bbox 1095 1637 1225 1693; x_wconf 89' lang='lat' dir='ltr'><strong>Cum</strong></span> <span class='ocrx_word' id='word_1_119' title='bbox 1246 1645 1424 1692; x_wconf 90' lang='lat' dir='ltr'><strong>autem</strong></span> <span class='ocrx_word' id='word_1_120' title='bbox 1441 1635 1572 1690; x_wconf 91' lang='lat' dir='ltr'><strong>dicis</strong></span> <span class='ocrx_word' id='word_1_121' title='bbox 1585 1632 2015 1688; x_wconf 85' lang='lat' dir='ltr'><strong>condescendere</strong></span> 
     </span>
    </p>
   </div>
   <div class='ocr_carea' id='block_1_17' title="bbox 439 1702 2093 1795">
    <p class='ocr_par' dir='ltr' id='par_1_17' title="bbox 439 1702 2093 1795">
     <span class='ocr_line' id='line_1_17' title="bbox 439 1702 2093 1795; baseline -0.006 -10"><span class='ocrx_word' id='word_1_122' title='bbox 439 1745 537 1785; x_wconf 89' lang='lat' dir='ltr'><strong>nos</strong></span> <span class='ocrx_word' id='word_1_123' title='bbox 558 1729 756 1785; x_wconf 88' lang='lat' dir='ltr'><strong>debere</strong></span> <span class='ocrx_word' id='word_1_124' title='bbox 777 1728 1071 1794; x_wconf 86' lang='lat' dir='ltr'><strong>vobiscum,</strong></span> <span class='ocrx_word' id='word_1_125' title='bbox 1092 1726 1305 1782; x_wconf 87' lang='lat' dir='ltr'><strong>interim</strong></span> <span class='ocrx_word' id='word_1_126' title='bbox 1320 1727 1430 1795; x_wconf 92' lang='lat' dir='ltr'><strong>jam</strong></span> <span class='ocrx_word' id='word_1_127' title='bbox 1447 1738 1545 1779; x_wconf 87' lang='lat' dir='ltr'><strong>vos</strong></span> <span class='ocrx_word' id='word_1_128' title='bbox 1562 1722 2012 1788; x_wconf 89' lang='lat' dir='ltr'><strong>autdescendere,</strong></span> <span class='ocrx_word' id='word_1_129' title='bbox 2047 1702 2093 1761; x_wconf 80' lang='grc' dir='ltr'><strong>Β</strong></span> 
     </span>
    </p>
   </div>
   <div class='ocr_carea' id='block_1_18' title="bbox 438 1813 2016 1884">
    <p class='ocr_par' dir='ltr' id='par_1_18' title="bbox 438 1813 2016 1884">
     <span class='ocr_line' id='line_1_18' title="bbox 438 1813 2016 1884; baseline -0.007 -8"><span class='ocrx_word' id='word_1_130' title='bbox 438 1830 528 1876; x_wconf 85' lang='lat' dir='ltr'><strong>aut</strong></span> <span class='ocrx_word' id='word_1_131' title='bbox 556 1820 898 1876; x_wconf 90' lang='lat' dir='ltr'><strong>descendisse</strong></span> <span class='ocrx_word' id='word_1_132' title='bbox 920 1818 1250 1872; x_wconf 88' lang='lat' dir='ltr'><strong>monstratis.</strong></span> <span class='ocrx_word' id='word_1_133' title='bbox 1274 1815 1666 1884; x_wconf 71' lang='lat' dir='ltr'><strong>Unde,qua:so,</strong></span> <span class='ocrx_word' id='word_1_134' title='bbox 1684 1813 1768 1868; x_wconf 85' lang='lat' dir='ltr'><strong>vel</strong></span> <span class='ocrx_word' id='word_1_135' title='bbox 1789 1827 1895 1882; x_wconf 92' lang='lat' dir='ltr'><strong>quo</strong></span> <span class='ocrx_word' id='word_1_136' title='bbox 1918 1813 2016 1866; x_wconf 75' lang='lat' dir='ltr'><strong>ista</strong></span> 
     </span>
    </p>
   </div>
   <div class='ocr_carea' id='block_1_19' title="bbox 438 1900 2014 1977">
    <p class='ocr_par' dir='ltr' id='par_1_19' title="bbox 438 1900 2014 1977">
     <span class='ocr_line' id='line_1_19' title="bbox 438 1900 2014 1977; baseline -0.006 -11"><span class='ocrx_word' id='word_1_137' title='bbox 438 1910 720 1967; x_wconf 86' lang='lat' dir='ltr'><strong>descensio</strong></span> <span class='ocrx_word' id='word_1_138' title='bbox 749 1910 867 1965; x_wconf 86' lang='lat' dir='ltr'><strong>est?</strong></span> <span class='ocrx_word' id='word_1_139' title='bbox 914 1908 1105 1977; x_wconf 84' lang='lat' dir='ltr'><strong>Utique</strong></span> <span class='ocrx_word' id='word_1_140' title='bbox 1135 1922 1199 1961; x_wconf 80' lang='lat' dir='ltr'><strong>ex</strong></span> <span class='ocrx_word' id='word_1_141' title='bbox 1242 1904 1506 1974; x_wconf 88' lang='lat' dir='ltr'><strong>superiori</strong></span> <span class='ocrx_word' id='word_1_142' title='bbox 1543 1903 1773 1972; x_wconf 88' lang='lat' dir='ltr'><strong>quodam</strong></span> <span class='ocrx_word' id='word_1_143' title='bbox 1805 1902 1921 1958; x_wconf 91' lang='lat' dir='ltr'><strong>loco</strong></span> <span class='ocrx_word' id='word_1_144' title='bbox 1947 1900 2014 1957; x_wconf 90' lang='lat' dir='ltr'><strong>ad</strong></span> 
     </span>
    </p>
   </div>
   <div class='ocr_carea' id='block_1_20' title="bbox 436 1990 2012 2069">
    <p class='ocr_par' dir='ltr' id='par_1_20' title="bbox 436 1990 2012 2069">
     <span class='ocr_line' id='line_1_20' title="bbox 436 1990 2012 2069; baseline -0.006 -13"><span class='ocrx_word' id='word_1_145' title='bbox 436 2002 689 2056; x_wconf 90' lang='lat' dir='ltr'><strong>inferiora</strong></span> <span class='ocrx_word' id='word_1_146' title='bbox 720 2013 941 2069; x_wconf 76' lang='lat' dir='ltr'><strong>quaeque</strong></span> <span class='ocrx_word' id='word_1_147' title='bbox 969 1997 1236 2065; x_wconf 89' lang='lat' dir='ltr'><strong>deposito,</strong></span> <span class='ocrx_word' id='word_1_148' title='bbox 1260 2009 1289 2047; x_wconf 91' lang='lat' dir='ltr'><strong>a</strong></span> <span class='ocrx_word' id='word_1_149' title='bbox 1312 1994 1573 2048; x_wconf 89' lang='lat' dir='ltr'><strong>catholica</strong></span> <span class='ocrx_word' id='word_1_150' title='bbox 1604 1990 1698 2063; x_wconf 84' lang='grc' dir='ltr'><strong>[αι.</strong></span> <span class='ocrx_word' id='word_1_151' title='bbox 1728 1994 2012 2061; x_wconf 85' lang='lat' dir='ltr'><strong>depositio.</strong></span> 
     </span>
    </p>
   </div>
   <div class='ocr_carea' id='block_1_21' title="bbox 433 2082 2015 2161">
    <p class='ocr_par' dir='ltr' id='par_1_21' title="bbox 433 2082 2015 2161">
     <span class='ocr_line' id='line_1_21' title="bbox 433 2082 2015 2161; baseline -0.006 -14"><span class='ocrx_word' id='word_1_152' title='bbox 433 2095 479 2147; x_wconf 86' lang='lat' dir='ltr'><strong>A</strong></span> <span class='ocrx_word' id='word_1_153' title='bbox 508 2089 789 2161; x_wconf 90' lang='lat' dir='ltr'><strong>catholica]</strong></span> <span class='ocrx_word' id='word_1_154' title='bbox 835 2088 1234 2158; x_wconf 89' lang='lat' dir='ltr'><strong>apostolicaque</strong></span> <span class='ocrx_word' id='word_1_155' title='bbox 1279 2085 1657 2139; x_wconf 85' lang='lat' dir='ltr'><strong>communione</strong></span> <span class='ocrx_word' id='word_1_156' title='bbox 1705 2082 1771 2137; x_wconf 93' lang='lat' dir='ltr'><strong>ad</strong></span> <span class='ocrx_word' id='word_1_157' title='bbox 1803 2082 2015 2137; x_wconf 65' lang='lat' dir='ltr'><strong>haereti-</strong></span> 
     </span>
    </p>
   </div>
   <div class='ocr_carea' id='block_1_22' title="bbox 433 2174 2010 2248">
    <p class='ocr_par' dir='ltr' id='par_1_22' title="bbox 433 2174 2010 2248">
     <span class='ocr_line' id='line_1_22' title="bbox 433 2174 2010 2248; baseline -0.006 -10"><span class='ocrx_word' id='word_1_158' title='bbox 433 2197 550 2238; x_wconf 86' lang='lat' dir='ltr'><strong>cam</strong></span> <span class='ocrx_word' id='word_1_159' title='bbox 574 2182 993 2247; x_wconf 89' lang='lat' dir='ltr'><strong>damnatamque</strong></span> <span class='ocrx_word' id='word_1_160' title='bbox 1022 2178 1299 2248; x_wconf 86' lang='lat' dir='ltr'><strong>prolapsos</strong></span> <span class='ocrx_word' id='word_1_161' title='bbox 1328 2190 1424 2230; x_wconf 91' lang='lat' dir='ltr'><strong>vos</strong></span> <span class='ocrx_word' id='word_1_162' title='bbox 1462 2174 1677 2240; x_wconf 87' lang='lat' dir='ltr'><strong>videtis,</strong></span> <span class='ocrx_word' id='word_1_163' title='bbox 1726 2175 2010 2244; x_wconf 83' lang='lat' dir='ltr'><strong>cognosci-</strong></span> 
     </span>
    </p>
   </div>
   <div class='ocr_carea' id='block_1_23' title="bbox 433 2266 2015 2341">
    <p class='ocr_par' dir='ltr' id='par_1_23' title="bbox 433 2266 2015 2341">
     <span class='ocr_line' id='line_1_23' title="bbox 433 2266 2015 2341; baseline -0.004 -13"><span class='ocrx_word' id='word_1_164' title='bbox 433 2275 525 2339; x_wconf 89' lang='lat' dir='ltr'><strong>tis,</strong></span> <span class='ocrx_word' id='word_1_165' title='bbox 550 2288 654 2328; x_wconf 91' lang='lat' dir='ltr'><strong>non</strong></span> <span class='ocrx_word' id='word_1_166' title='bbox 683 2272 924 2341; x_wconf 80' lang='lat' dir='ltr'><strong>negatis:</strong></span> <span class='ocrx_word' id='word_1_167' title='bbox 959 2277 1010 2325; x_wconf 91' lang='lat' dir='ltr'><strong>et</strong></span> <span class='ocrx_word' id='word_1_168' title='bbox 1043 2283 1148 2324; x_wconf 93' lang='lat' dir='ltr'><strong>non</strong></span> <span class='ocrx_word' id='word_1_169' title='bbox 1187 2268 1360 2321; x_wconf 92' lang='lat' dir='ltr'><strong>solum</strong></span> <span class='ocrx_word' id='word_1_170' title='bbox 1389 2281 1486 2321; x_wconf 92' lang='lat' dir='ltr'><strong>vos</strong></span> <span class='ocrx_word' id='word_1_171' title='bbox 1527 2267 1579 2319; x_wconf 92' lang='lat' dir='ltr'><strong>in</strong></span> <span class='ocrx_word' id='word_1_172' title='bbox 1609 2266 1807 2321; x_wconf 81' lang='lat' dir='ltr'><strong>inlimis</strong></span> <span class='ocrx_word' id='word_1_173' title='bbox 1833 2266 2015 2334; x_wconf 85' lang='lat' dir='ltr'><strong>jacere</strong></span> 
     </span>
    </p>
   </div>
   <div class='ocr_carea' id='block_1_24' title="bbox 433 2359 2012 2430">
    <p class='ocr_par' dir='ltr' id='par_1_24' title="bbox 433 2359 2012 2430">
     <span class='ocr_line' id='line_1_24' title="bbox 433 2359 2012 2430; baseline -0.004 -11"><span class='ocrx_word' id='word_1_174' title='bbox 433 2365 682 2430; x_wconf 90' lang='lat' dir='ltr'><strong>delectat,</strong></span> <span class='ocrx_word' id='word_1_175' title='bbox 707 2364 801 2419; x_wconf 91' lang='lat' dir='ltr'><strong>sed</strong></span> <span class='ocrx_word' id='word_1_176' title='bbox 834 2361 993 2418; x_wconf 88' lang='lat' dir='ltr'><strong>etiam</strong></span> <span class='ocrx_word' id='word_1_177' title='bbox 1022 2361 1078 2415; x_wconf 93' lang='lat' dir='ltr'><strong>in</strong></span> <span class='ocrx_word' id='word_1_178' title='bbox 1128 2360 1405 2429; x_wconf 83' lang='lat' dir='ltr'><strong>superiore</strong></span> <span class='ocrx_word' id='word_1_179' title='bbox 1435 2368 1716 2414; x_wconf 91' lang='lat' dir='ltr'><strong>manentes</strong></span> <span class='ocrx_word' id='word_1_180' title='bbox 1744 2359 1870 2415; x_wconf 92' lang='lat' dir='ltr'><strong>sede</strong></span> <span class='ocrx_word' id='word_1_181' title='bbox 1898 2359 2012 2413; x_wconf 86' lang='lat' dir='ltr'><strong>vul-</strong></span> 
     </span>
    </p>
   </div>
   <div class='ocr_carea' id='block_1_25' title="bbox 433 2449 2008 2523">
    <p class='ocr_par' dir='ltr' id='par_1_25' title="bbox 433 2449 2008 2523">
     <span class='ocr_line' id='line_1_25' title="bbox 433 2449 2008 2523; baseline -0.003 -15"><span class='ocrx_word' id='word_1_182' title='bbox 433 2456 501 2510; x_wconf 85' lang='lat' dir='ltr'><strong>tis</strong></span> <span class='ocrx_word' id='word_1_183' title='bbox 527 2454 748 2523; x_wconf 89' lang='lat' dir='ltr'><strong>impelli.</strong></span> <span class='ocrx_word' id='word_1_184' title='bbox 775 2451 1219 2507; x_wconf 80' lang='lat' dir='ltr'><strong>Condescendere</strong></span> <span class='ocrx_word' id='word_1_185' title='bbox 1251 2464 1348 2505; x_wconf 90' lang='lat' dir='ltr'><strong>nos</strong></span> <span class='ocrx_word' id='word_1_186' title='bbox 1375 2450 1650 2504; x_wconf 84' lang='lat' dir='ltr'><strong>vobiscum</strong></span> <span class='ocrx_word' id='word_1_187' title='bbox 1680 2449 1916 2504; x_wconf 83' lang='lat' dir='ltr'><strong>invitatis</strong></span> <span class='ocrx_word' id='word_1_188' title='bbox 1940 2450 2008 2503; x_wconf 91' lang='lat' dir='ltr'><strong>ad</strong></span> 
     </span>
    </p>
   </div>
   <div class='ocr_carea' id='block_1_26' title="bbox 433 2541 2010 2611">
    <p class='ocr_par' dir='ltr' id='par_1_26' title="bbox 433 2541 2010 2611">
     <span class='ocr_line' id='line_1_26' title="bbox 433 2541 2010 2611; baseline -0.005 -8"><span class='ocrx_word' id='word_1_189' title='bbox 433 2547 538 2603; x_wconf 91' lang='lat' dir='ltr'><strong>ima</strong></span> <span class='ocrx_word' id='word_1_190' title='bbox 563 2546 631 2601; x_wconf 93' lang='lat' dir='ltr'><strong>de</strong></span> <span class='ocrx_word' id='word_1_191' title='bbox 661 2544 909 2611; x_wconf 89' lang='lat' dir='ltr'><strong>summis,</strong></span> <span class='ocrx_word' id='word_1_192' title='bbox 952 2557 1051 2597; x_wconf 91' lang='lat' dir='ltr'><strong>nos</strong></span> <span class='ocrx_word' id='word_1_193' title='bbox 1089 2542 1448 2598; x_wconf 89' lang='lat' dir='ltr'><strong>coascendere</strong></span> <span class='ocrx_word' id='word_1_194' title='bbox 1475 2556 1571 2596; x_wconf 84' lang='lat' dir='ltr'><strong>vos</strong></span> <span class='ocrx_word' id='word_1_195' title='bbox 1616 2541 1891 2596; x_wconf 88' lang='lat' dir='ltr'><strong>nobiscum</strong></span> <span class='ocrx_word' id='word_1_196' title='bbox 1916 2558 2010 2595; x_wconf 84' lang='lat' dir='ltr'><strong>ro-</strong></span> 
     </span>
    </p>
   </div>
   <div class='ocr_carea' id='block_1_27' title="bbox 433 2631 2011 2707">
    <p class='ocr_par' dir='ltr' id='par_1_27' title="bbox 433 2631 2011 2707">
     <span class='ocr_line' id='line_1_27' title="bbox 433 2631 2011 2707; baseline -0.002 -18"><span class='ocrx_word' id='word_1_197' title='bbox 433 2651 620 2707; x_wconf 82' lang='lat' dir='ltr'><strong>gamus</strong></span> <span class='ocrx_word' id='word_1_198' title='bbox 654 2635 718 2689; x_wconf 90' lang='lat' dir='ltr'><strong>ad</strong></span> <span class='ocrx_word' id='word_1_199' title='bbox 769 2647 973 2688; x_wconf 88' lang='lat' dir='ltr'><strong>summa</strong></span> <span class='ocrx_word' id='word_1_200' title='bbox 1018 2631 1086 2687; x_wconf 93' lang='lat' dir='ltr'><strong>de</strong></span> <span class='ocrx_word' id='word_1_201' title='bbox 1119 2632 1261 2686; x_wconf 89' lang='lat' dir='ltr'><strong>imis.</strong></span> <span class='ocrx_word' id='word_1_202' title='bbox 1293 2632 1439 2686; x_wconf 89' lang='lat' dir='ltr'><strong>Nunc</strong></span> <span class='ocrx_word' id='word_1_203' title='bbox 1470 2631 1628 2701; x_wconf 79' lang='lat' dir='ltr'><strong>igitur</strong></span> <span class='ocrx_word' id='word_1_204' title='bbox 1656 2631 1755 2685; x_wconf 91' lang='lat' dir='ltr'><strong>sub</strong></span> <span class='ocrx_word' id='word_1_205' title='bbox 1782 2646 2011 2701; x_wconf 85' lang='lat' dir='ltr'><strong>conspe-</strong></span> 
     </span>
    </p>
   </div>
   <div class='ocr_carea' id='block_1_28' title="bbox 434 2725 2007 2797">
    <p class='ocr_par' dir='ltr' id='par_1_28' title="bbox 434 2725 2007 2797">
     <span class='ocr_line' id='line_1_28' title="bbox 434 2725 2007 2797; baseline -0.004 -12"><span class='ocrx_word' id='word_1_206' title='bbox 434 2741 519 2785; x_wconf 88' lang='lat' dir='ltr'><strong>ctu</strong></span> <span class='ocrx_word' id='word_1_207' title='bbox 551 2730 691 2784; x_wconf 91' lang='lat' dir='ltr'><strong>illius</strong></span> <span class='ocrx_word' id='word_1_208' title='bbox 732 2727 964 2783; x_wconf 74' lang='lat' dir='ltr'><strong>excelsa:</strong></span> <span class='ocrx_word' id='word_1_209' title='bbox 997 2726 1217 2797; x_wconf 72' lang='lat' dir='ltr'><strong>justitize</strong></span> <span class='ocrx_word' id='word_1_210' title='bbox 1252 2725 1455 2794; x_wconf 88' lang='lat' dir='ltr'><strong>judicet</strong></span> <span class='ocrx_word' id='word_1_211' title='bbox 1495 2740 1665 2795; x_wconf 81' lang='lat' dir='ltr'><strong>genus</strong></span> <span class='ocrx_word' id='word_1_212' title='bbox 1693 2725 2007 2792; x_wconf 87' lang='lat' dir='ltr'><strong>humanum,</strong></span> 
     </span>
    </p>
   </div>
   <div class='ocr_carea' id='block_1_29' title="bbox 434 2815 2011 2892">
    <p class='ocr_par' dir='ltr' id='par_1_29' title="bbox 434 2815 2011 2892">
     <span class='ocr_line' id='line_1_29' title="bbox 434 2815 2011 2892; baseline -0.001 -17"><span class='ocrx_word' id='word_1_213' title='bbox 434 2823 552 2892; x_wconf 88' lang='lat' dir='ltr'><strong>quis</strong></span> <span class='ocrx_word' id='word_1_214' title='bbox 593 2829 831 2874; x_wconf 91' lang='lat' dir='ltr'><strong>nostrum</strong></span> <span class='ocrx_word' id='word_1_215' title='bbox 870 2817 1062 2872; x_wconf 85' lang='lat' dir='ltr'><strong>debeat</strong></span> <span class='ocrx_word' id='word_1_216' title='bbox 1105 2818 1257 2871; x_wconf 87' lang='lat' dir='ltr'><strong>alteri</strong></span> <span class='ocrx_word' id='word_1_217' title='bbox 1300 2817 1538 2872; x_wconf 90' lang='lat' dir='ltr'><strong>obedire.</strong></span> <span class='ocrx_word' id='word_1_218' title='bbox 1574 2817 1589 2847; x_wconf 88' lang='grc'>¹</span> <span class='ocrx_word' id='word_1_219' title='bbox 1636 2818 1716 2869; x_wconf 86' lang='lat' dir='ltr'><strong>An</strong></span> <span class='ocrx_word' id='word_1_220' title='bbox 1747 2815 1903 2883; x_wconf 91' lang='lat' dir='ltr'><strong>dicis,</strong></span> <span class='ocrx_word' id='word_1_221' title='bbox 1953 2827 2011 2873; x_wconf 91' lang='lat' dir='ltr'><strong>ut</strong></span> 
     </span>
    </p>
   </div>
   <div class='ocr_carea' id='block_1_30' title="bbox 433 2904 2008 2976">
    <p class='ocr_par' dir='ltr' id='par_1_30' title="bbox 433 2904 2008 2976">
     <span class='ocr_line' id='line_1_30' title="bbox 433 2904 2008 2976; baseline -0.002 -11"><span class='ocrx_word' id='word_1_222' title='bbox 433 2920 627 2965; x_wconf 82' lang='lat' dir='ltr'><strong>caetera</strong></span> <span class='ocrx_word' id='word_1_223' title='bbox 676 2922 815 2963; x_wconf 91' lang='lat' dir='ltr'><strong>nunc</strong></span> <span class='ocrx_word' id='word_1_224' title='bbox 861 2907 1123 2971; x_wconf 91' lang='lat' dir='ltr'><strong>omittam,</strong></span> <span class='ocrx_word' id='word_1_225' title='bbox 1171 2905 1451 2961; x_wconf 78' lang='lat' dir='ltr'><strong>descendit</strong></span> <span class='ocrx_word' id='word_1_226' title='bbox 1486 2904 1741 2962; x_wconf 86' lang='lat' dir='ltr'><strong>Dominus</strong></span> <span class='ocrx_word' id='word_1_227' title='bbox 1788 2907 1901 2976; x_wconf 91' lang='lat' dir='ltr'><strong>ipse</strong></span> <span class='ocrx_word' id='word_1_228' title='bbox 1940 2908 2008 2962; x_wconf 90' lang='lat' dir='ltr'><strong>de</strong></span> 
     </span>
    </p>
   </div>
   <div class='ocr_carea' id='block_1_31' title="bbox 433 2998 2009 3069">
    <p class='ocr_par' dir='ltr' id='par_1_31' title="bbox 433 2998 2009 3069">
     <span class='ocr_line' id='line_1_31' title="bbox 433 2998 2009 3069; baseline -0.001 -13"><span class='ocrx_word' id='word_1_229' title='bbox 433 3000 609 3057; x_wconf 84' lang='lat' dir='ltr'><strong>coelo?</strong></span> <span class='ocrx_word' id='word_1_230' title='bbox 637 2999 923 3056; x_wconf 88' lang='lat' dir='ltr'><strong>Descendit</strong></span> <span class='ocrx_word' id='word_1_231' title='bbox 964 3000 1137 3069; x_wconf 90' lang='lat' dir='ltr'><strong>plane,</strong></span> <span class='ocrx_word' id='word_1_232' title='bbox 1183 2998 1275 3053; x_wconf 81' lang='lat' dir='ltr'><strong>sed</strong></span> <span class='ocrx_word' id='word_1_233' title='bbox 1315 3007 1375 3053; x_wconf 93' lang='lat' dir='ltr'><strong>ut</strong></span> <span class='ocrx_word' id='word_1_234' title='bbox 1416 2998 1689 3053; x_wconf 85' lang='lat' dir='ltr'><strong>hominem</strong></span> <span class='ocrx_word' id='word_1_235' title='bbox 1728 2999 1796 3052; x_wconf 89' lang='lat' dir='ltr'><strong>ab</strong></span> <span class='ocrx_word' id='word_1_236' title='bbox 1821 3014 2009 3055; x_wconf 92' lang='lat' dir='ltr'><strong>errore</strong></span> 
     </span>
    </p>
   </div>
   <div class='ocr_carea' id='block_1_32' title="bbox 2121 456 3698 527">
    <p class='ocr_par' dir='ltr' id='par_1_32' title="bbox 2121 456 3698 527">
     <span class='ocr_line' id='line_1_32' title="bbox 2121 456 3698 527; baseline -0.002 -16"><span class='ocrx_word' id='word_1_237' title='bbox 2121 457 2398 524; x_wconf 89' lang='lat' dir='ltr'><strong>debemus,</strong></span> <span class='ocrx_word' id='word_1_238' title='bbox 2431 456 2543 527; x_wconf 86' lang='lat' dir='ltr'><strong>qui,</strong></span> <span class='ocrx_word' id='word_1_239' title='bbox 2589 467 2874 527; x_wconf 78' lang='lat' dir='ltr'><strong>praestante</strong></span> <span class='ocrx_word' id='word_1_240' title='bbox 2904 458 3014 513; x_wconf 91' lang='lat' dir='ltr'><strong>Deo</strong></span> <span class='ocrx_word' id='word_1_241' title='bbox 3043 468 3252 521; x_wconf 90' lang='lat' dir='ltr'><strong>nostro,</strong></span> <span class='ocrx_word' id='word_1_242' title='bbox 3303 458 3565 511; x_wconf 86' lang='lat' dir='ltr'><strong>sinceram</strong></span> <span class='ocrx_word' id='word_1_243' title='bbox 3598 471 3698 525; x_wconf 85' lang='lat' dir='ltr'><strong>pu-</strong></span> 
     </span>
    </p>
   </div>
   <div class='ocr_carea' id='block_1_33' title="bbox 2124 549 3700 618">
    <p class='ocr_par' dir='ltr' id='par_1_33' title="bbox 2124 549 3700 618">
     <span class='ocr_line' id='line_1_33' title="bbox 2124 549 3700 618; baseline -0.001 -15"><span class='ocrx_word' id='word_1_244' title='bbox 2124 564 2343 617; x_wconf 89' lang='lat' dir='ltr'><strong>ramque</strong></span> <span class='ocrx_word' id='word_1_245' title='bbox 2371 558 2607 618; x_wconf 79' lang='lat' dir='ltr'><strong>paterna:</strong></span> <span class='ocrx_word' id='word_1_246' title='bbox 2636 549 2935 605; x_wconf 90' lang='lat' dir='ltr'><strong>traditionis</strong></span> <span class='ocrx_word' id='word_1_247' title='bbox 2966 550 3123 605; x_wconf 86' lang='lat' dir='ltr'><strong>fidem</strong></span> <span class='ocrx_word' id='word_1_248' title='bbox 3163 549 3700 616; x_wconf 77' lang='lat' dir='ltr'><strong>communionemque</strong></span> 
     </span>
    </p>
   </div>
   <div class='ocr_carea' id='block_1_34' title="bbox 2120 638 3700 709">
    <p class='ocr_par' dir='ltr' id='par_1_34' title="bbox 2120 638 3700 709">
     <span class='ocr_line' id='line_1_34' title="bbox 2120 638 3700 709; baseline -0.001 -16"><span class='ocrx_word' id='word_1_249' title='bbox 2120 639 2376 704; x_wconf 83' lang='lat' dir='ltr'><strong>retinere,</strong></span> <span class='ocrx_word' id='word_1_250' title='bbox 2403 649 2459 695; x_wconf 91' lang='lat' dir='ltr'><strong>et</strong></span> <span class='ocrx_word' id='word_1_251' title='bbox 2487 640 2553 695; x_wconf 84' lang='lat' dir='ltr'><strong>ab</strong></span> <span class='ocrx_word' id='word_1_252' title='bbox 2580 642 2722 694; x_wconf 91' lang='lat' dir='ltr'><strong>omni</strong></span> <span class='ocrx_word' id='word_1_253' title='bbox 2760 641 3231 709; x_wconf 73' lang='lat' dir='ltr'><strong>pmvaricatorum</strong></span> <span class='ocrx_word' id='word_1_254' title='bbox 3277 640 3591 707; x_wconf 80' lang='lat' dir='ltr'><strong>contagione</strong></span> <span class='ocrx_word' id='word_1_255' title='bbox 3618 638 3700 692; x_wconf 91' lang='lat' dir='ltr'><strong>di-</strong></span> 
     </span>
    </p>
   </div>
   <div class='ocr_carea' id='block_1_35' title="bbox 2120 730 3698 800">
    <p class='ocr_par' dir='ltr' id='par_1_35' title="bbox 2120 730 3698 800">
     <span class='ocr_line' id='line_1_35' title="bbox 2120 730 3698 800; baseline -0.001 -17"><span class='ocrx_word' id='word_1_256' title='bbox 2120 742 2369 795; x_wconf 89' lang='lat' dir='ltr'><strong>scretam,</strong></span> <span class='ocrx_word' id='word_1_257' title='bbox 2416 732 2575 786; x_wconf 89' lang='lat' dir='ltr'><strong>etiam</strong></span> <span class='ocrx_word' id='word_1_258' title='bbox 2610 731 2869 785; x_wconf 89' lang='lat' dir='ltr'><strong>intentato</strong></span> <span class='ocrx_word' id='word_1_259' title='bbox 2903 732 3140 800; x_wconf 90' lang='lat' dir='ltr'><strong>periculo</strong></span> <span class='ocrx_word' id='word_1_260' title='bbox 3174 730 3381 797; x_wconf 90' lang='lat' dir='ltr'><strong>mortis,</strong></span> <span class='ocrx_word' id='word_1_261' title='bbox 3429 740 3698 798; x_wconf 85' lang='lat' dir='ltr'><strong>optamus,</strong></span> 
     </span>
    </p>
   </div>
   <div class='ocr_carea' id='block_1_36' title="bbox 2120 823 3696 892">
    <p class='ocr_par' dir='ltr' id='par_1_36' title="bbox 2120 823 3696 892">
     <span class='ocr_line' id='line_1_36' title="bbox 2120 823 3696 892; baseline 0 -16"><span class='ocrx_word' id='word_1_262' title='bbox 2120 823 2378 891; x_wconf 81' lang='lat' dir='ltr'><strong>eligentes</strong></span> <span class='ocrx_word' id='word_1_263' title='bbox 2405 823 2469 890; x_wconf 92' lang='lat' dir='ltr'><strong>(si</strong></span> <span class='ocrx_word' id='word_1_264' title='bbox 2495 823 2622 877; x_wconf 87' lang='lat' dir='ltr'><strong>velit</strong></span> <span class='ocrx_word' id='word_1_265' title='bbox 2644 823 2802 890; x_wconf 90' lang='lat' dir='ltr'><strong>Deus)</strong></span> <span class='ocrx_word' id='word_1_266' title='bbox 2844 824 3095 891; x_wconf 80' lang='lat' dir='ltr'><strong>quaelibet</strong></span> <span class='ocrx_word' id='word_1_267' title='bbox 3139 824 3229 878; x_wconf 89' lang='lat' dir='ltr'><strong>illa</strong></span> <span class='ocrx_word' id='word_1_268' title='bbox 3259 839 3373 892; x_wconf 58' lang='lat' dir='ltr'><strong>per;</strong></span> <span class='ocrx_word' id='word_1_269' title='bbox 3391 823 3486 887; x_wconf 86' lang='lat' dir='ltr'><strong>eti,</strong></span> <span class='ocrx_word' id='word_1_270' title='bbox 3538 838 3696 892; x_wconf 89' lang='lat' dir='ltr'><strong>quam</strong></span> 
     </span>
    </p>
   </div>
   <div class='ocr_carea' id='block_1_37' title="bbox 2119 912 3695 981">
    <p class='ocr_par' dir='ltr' id='par_1_37' title="bbox 2119 912 3695 981">
     <span class='ocr_line' id='line_1_37' title="bbox 2119 912 3695 981; baseline -0.001 -15"><span class='ocrx_word' id='word_1_271' title='bbox 2119 926 2308 966; x_wconf 87' lang='lat' dir='ltr'><strong>causas</strong></span> <span class='ocrx_word' id='word_1_272' title='bbox 2337 912 2572 967; x_wconf 91' lang='lat' dir='ltr'><strong>incidere</strong></span> <span class='ocrx_word' id='word_1_273' title='bbox 2597 912 2955 966; x_wconf 80' lang='lat' dir='ltr'><strong>damnationis</strong></span> <span class='ocrx_word' id='word_1_274' title='bbox 2995 923 3229 967; x_wconf 71' lang='lat' dir='ltr'><strong>teternae.</strong></span> <span class='ocrx_word' id='word_1_275' title='bbox 3261 914 3413 978; x_wconf 89' lang='lat' dir='ltr'><strong>Date,</strong></span> <span class='ocrx_word' id='word_1_276' title='bbox 3458 914 3695 981; x_wconf 84' lang='lat' dir='ltr'><strong>inquam,</strong></span> 
     </span>
    </p>
   </div>
   <div class='ocr_carea' id='block_1_38' title="bbox 2119 1003 3700 1073">
    <p class='ocr_par' dir='ltr' id='par_1_38' title="bbox 2119 1003 3700 1073">
     <span class='ocr_line' id='line_1_38' title="bbox 2119 1003 3700 1073; baseline 0.001 -18"><span class='ocrx_word' id='word_1_277' title='bbox 2119 1003 2352 1067; x_wconf 87' lang='lat' dir='ltr'><strong>veniam,</strong></span> <span class='ocrx_word' id='word_1_278' title='bbox 2403 1003 2449 1057; x_wconf 88' lang='lat' dir='ltr'><strong>si</strong></span> <span class='ocrx_word' id='word_1_279' title='bbox 2476 1012 2650 1056; x_wconf 90' lang='lat' dir='ltr'><strong>tamen</strong></span> <span class='ocrx_word' id='word_1_280' title='bbox 2694 1016 2815 1058; x_wconf 92' lang='lat' dir='ltr'><strong>cum</strong></span> <span class='ocrx_word' id='word_1_281' title='bbox 2847 1016 2942 1057; x_wconf 91' lang='lat' dir='ltr'><strong>vos</strong></span> <span class='ocrx_word' id='word_1_282' title='bbox 2973 1012 3191 1071; x_wconf 88' lang='lat' dir='ltr'><strong>propter</strong></span> <span class='ocrx_word' id='word_1_283' title='bbox 3217 1017 3453 1059; x_wconf 83' lang='lat' dir='ltr'><strong>amorem</strong></span> <span class='ocrx_word' id='word_1_284' title='bbox 3483 1004 3700 1073; x_wconf 85' lang='lat' dir='ltr'><strong>cujusli—</strong></span> 
     </span>
    </p>
   </div>
   <div class='ocr_carea' id='block_1_39' title="bbox 2119 1092 3699 1159">
    <p class='ocr_par' dir='ltr' id='par_1_39' title="bbox 2119 1092 3699 1159">
     <span class='ocr_line' id='line_1_39' title="bbox 2119 1092 3699 1159; baseline 0.003 -13"><span class='ocrx_word' id='word_1_285' title='bbox 2119 1092 2208 1146; x_wconf 91' lang='lat' dir='ltr'><strong>bet</strong></span> <span class='ocrx_word' id='word_1_286' title='bbox 2239 1092 2466 1146; x_wconf 88' lang='lat' dir='ltr'><strong>hominis</strong></span> <span class='ocrx_word' id='word_1_287' title='bbox 2488 1093 2576 1147; x_wconf 88' lang='lat' dir='ltr'><strong>vel</strong></span> <span class='ocrx_word' id='word_1_288' title='bbox 2601 1093 2845 1147; x_wconf 87' lang='lat' dir='ltr'><strong>timorem</strong></span> <span class='ocrx_word' id='word_1_289' title='bbox 2880 1093 2993 1148; x_wconf 67' lang='lat' dir='ltr'><strong>haec</strong></span> <span class='ocrx_word' id='word_1_290' title='bbox 3024 1094 3252 1149; x_wconf 87' lang='lat' dir='ltr'><strong>libenter</strong></span> <span class='ocrx_word' id='word_1_291' title='bbox 3279 1096 3574 1159; x_wconf 90' lang='lat' dir='ltr'><strong>incurritis,</strong></span> <span class='ocrx_word' id='word_1_292' title='bbox 3602 1111 3699 1150; x_wconf 89' lang='lat' dir='ltr'><strong>nos</strong></span> 
     </span>
    </p>
   </div>
   <div class='ocr_carea' id='block_1_40' title="bbox 2121 1183 3700 1255">
    <p class='ocr_par' dir='ltr' id='par_1_40' title="bbox 2121 1183 3700 1255">
     <span class='ocr_line' id='line_1_40' title="bbox 2121 1183 3700 1255; baseline 0.004 -21"><span class='ocrx_word' id='word_1_293' title='bbox 2121 1195 2338 1251; x_wconf 76' lang='lat' dir='ltr'><strong>propter</strong></span> <span class='ocrx_word' id='word_1_294' title='bbox 2366 1197 2603 1237; x_wconf 85' lang='lat' dir='ltr'><strong>amorem</strong></span> <span class='ocrx_word' id='word_1_295' title='bbox 2632 1183 2724 1238; x_wconf 87' lang='lat' dir='ltr'><strong>Dei</strong></span> <span class='ocrx_word' id='word_1_296' title='bbox 2747 1193 2799 1238; x_wconf 93' lang='lat' dir='ltr'><strong>et</strong></span> <span class='ocrx_word' id='word_1_297' title='bbox 2829 1184 3074 1239; x_wconf 86' lang='lat' dir='ltr'><strong>timorem</strong></span> <span class='ocrx_word' id='word_1_298' title='bbox 3119 1188 3376 1255; x_wconf 74' lang='lat' dir='ltr'><strong>gehennze</strong></span> <span class='ocrx_word' id='word_1_299' title='bbox 3408 1187 3527 1240; x_wconf 83' lang='lat' dir='ltr'><strong>talia</strong></span> <span class='ocrx_word' id='word_1_300' title='bbox 3560 1187 3700 1241; x_wconf 87' lang='lat' dir='ltr'><strong>refu-</strong></span> 
     </span>
    </p>
   </div>
   <div class='ocr_carea' id='block_1_41' title="bbox 2121 1272 3698 1345">
    <p class='ocr_par' dir='ltr' id='par_1_41' title="bbox 2121 1272 3698 1345">
     <span class='ocr_line' id='line_1_41' title="bbox 2121 1272 3698 1345; baseline 0.003 -19"><span class='ocrx_word' id='word_1_301' title='bbox 2121 1281 2314 1326; x_wconf 87' lang='lat' dir='ltr'><strong>tamus.</strong></span> <span class='ocrx_word' id='word_1_302' title='bbox 2360 1272 2467 1328; x_wconf 83' lang='lat' dir='ltr'><strong>Nec</strong></span> <span class='ocrx_word' id='word_1_303' title='bbox 2493 1288 2588 1327; x_wconf 87' lang='lat' dir='ltr'><strong>vos</strong></span> <span class='ocrx_word' id='word_1_304' title='bbox 2614 1273 2869 1337; x_wconf 75' lang='lat' dir='ltr'><strong>credatis,</strong></span> <span class='ocrx_word' id='word_1_305' title='bbox 2914 1275 3301 1329; x_wconf 83' lang='lat' dir='ltr'><strong>dissimulando</strong></span> <span class='ocrx_word' id='word_1_306' title='bbox 3327 1290 3514 1330; x_wconf 81' lang='lat' dir='ltr'><strong>causas</strong></span> <span class='ocrx_word' id='word_1_307' title='bbox 3535 1285 3698 1345; x_wconf 87' lang='lat' dir='ltr'><strong>atque</strong></span> 
     </span>
    </p>
   </div>
   <div class='ocr_carea' id='block_1_42' title="bbox 2120 1364 3698 1438">
    <p class='ocr_par' dir='ltr' id='par_1_42' title="bbox 2120 1364 3698 1438">
     <span class='ocr_line' id='line_1_42' title="bbox 2120 1364 3698 1438; baseline 0.004 -22"><span class='ocrx_word' id='word_1_308' title='bbox 2120 1378 2397 1433; x_wconf 85' lang='lat' dir='ltr'><strong>personas,</strong></span> <span class='ocrx_word' id='word_1_309' title='bbox 2430 1364 2713 1433; x_wconf 83' lang='lat' dir='ltr'><strong>cujuslibet</strong></span> <span class='ocrx_word' id='word_1_310' title='bbox 2740 1366 2986 1421; x_wconf 86' lang='lat' dir='ltr'><strong>amicitiis</strong></span> <span class='ocrx_word' id='word_1_311' title='bbox 3016 1381 3174 1437; x_wconf 88' lang='lat' dir='ltr'><strong>posse</strong></span> <span class='ocrx_word' id='word_1_312' title='bbox 3194 1368 3527 1438; x_wconf 85' lang='lat' dir='ltr'><strong>subrepere?</strong></span> <span class='ocrx_word' id='word_1_313' title='bbox 3572 1369 3698 1438; x_wconf 88' lang='lat' dir='ltr'><strong>quia</strong></span> 
     </span>
    </p>
   </div>
   <div class='ocr_carea' id='block_1_43' title="bbox 2118 1455 3698 1528">
    <p class='ocr_par' dir='ltr' id='par_1_43' title="bbox 2118 1455 3698 1528">
     <span class='ocr_line' id='line_1_43' title="bbox 2118 1455 3698 1528; baseline 0.005 -20"><span class='ocrx_word' id='word_1_314' title='bbox 2118 1469 2292 1524; x_wconf 90' lang='lat' dir='ltr'><strong>neque</strong></span> <span class='ocrx_word' id='word_1_315' title='bbox 2326 1465 2421 1509; x_wconf 88' lang='lat' dir='ltr'><strong>vos</strong></span> <span class='ocrx_word' id='word_1_316' title='bbox 2447 1455 2517 1508; x_wconf 88' lang='lat' dir='ltr'><strong>ita</strong></span> <span class='ocrx_word' id='word_1_317' title='bbox 2550 1455 2771 1512; x_wconf 86' lang='lat' dir='ltr'><strong>subtiles</strong></span> <span class='ocrx_word' id='word_1_318' title='bbox 2818 1459 2967 1523; x_wconf 89' lang='lat' dir='ltr'><strong>estis,</strong></span> <span class='ocrx_word' id='word_1_319' title='bbox 3019 1458 3109 1526; x_wconf 92' lang='lat' dir='ltr'><strong>qui</strong></span> <span class='ocrx_word' id='word_1_320' title='bbox 3141 1472 3245 1513; x_wconf 87' lang='lat' dir='ltr'><strong>non</strong></span> <span class='ocrx_word' id='word_1_321' title='bbox 3283 1459 3499 1528; x_wconf 88' lang='lat' dir='ltr'><strong>possitis</strong></span> <span class='ocrx_word' id='word_1_322' title='bbox 3543 1458 3698 1515; x_wconf 85' lang='lat' dir='ltr'><strong>infel-</strong></span> 
     </span>
    </p>
   </div>
   <div class='ocr_carea' id='block_1_44' title="bbox 2118 1545 3699 1618">
    <p class='ocr_par' dir='ltr' id='par_1_44' title="bbox 2118 1545 3699 1618">
     <span class='ocr_line' id='line_1_44' title="bbox 2118 1545 3699 1618; baseline 0.004 -19"><span class='ocrx_word' id='word_1_323' title='bbox 2118 1545 2327 1616; x_wconf 84' lang='lat' dir='ltr'><strong>ligi:et</strong></span> <span class='ocrx_word' id='word_1_324' title='bbox 2377 1560 2494 1609; x_wconf 90' lang='lat' dir='ltr'><strong>nos,</strong></span> <span class='ocrx_word' id='word_1_325' title='bbox 2544 1555 2836 1615; x_wconf 68' lang='lat' dir='ltr'><strong>praestante</strong></span> <span class='ocrx_word' id='word_1_326' title='bbox 2879 1547 2990 1603; x_wconf 91' lang='lat' dir='ltr'><strong>Deo</strong></span> <span class='ocrx_word' id='word_1_327' title='bbox 3034 1557 3253 1617; x_wconf 91' lang='lat' dir='ltr'><strong>nostro,</strong></span> <span class='ocrx_word' id='word_1_328' title='bbox 3300 1564 3407 1603; x_wconf 93' lang='lat' dir='ltr'><strong>non</strong></span> <span class='ocrx_word' id='word_1_329' title='bbox 3454 1550 3699 1618; x_wconf 87' lang='lat' dir='ltr'><strong>reperitis</strong></span> 
     </span>
    </p>
   </div>
   <div class='ocr_carea' id='block_1_45' title="bbox 2119 1635 3694 1707">
    <p class='ocr_par' dir='ltr' id='par_1_45' title="bbox 2119 1635 3694 1707">
     <span class='ocr_line' id='line_1_45' title="bbox 2119 1635 3694 1707; baseline 0.003 -17"><span class='ocrx_word' id='word_1_330' title='bbox 2119 1636 2379 1690; x_wconf 84' lang='lat' dir='ltr'><strong>incautos.</strong></span> <span class='ocrx_word' id='word_1_331' title='bbox 2421 1635 2610 1690; x_wconf 90' lang='lat' dir='ltr'><strong>Nonne</strong></span> <span class='ocrx_word' id='word_1_332' title='bbox 2654 1636 2832 1691; x_wconf 90' lang='lat' dir='ltr'><strong>missis</strong></span> <span class='ocrx_word' id='word_1_333' title='bbox 2862 1637 2964 1692; x_wconf 90' lang='lat' dir='ltr'><strong>huc</strong></span> <span class='ocrx_word' id='word_1_334' title='bbox 3006 1652 3149 1707; x_wconf 74' lang='lat' dir='ltr'><strong>saepe</strong></span> <span class='ocrx_word' id='word_1_335' title='bbox 3178 1638 3371 1694; x_wconf 90' lang='lat' dir='ltr'><strong>litteris</strong></span> <span class='ocrx_word' id='word_1_336' title='bbox 3401 1639 3694 1705; x_wconf 81' lang='lat' dir='ltr'><strong>indicastis,</strong></span> 
     </span>
    </p>
   </div>
   <div class='ocr_carea' id='block_1_46' title="bbox 2120 1724 3695 1797">
    <p class='ocr_par' dir='ltr' id='par_1_46' title="bbox 2120 1724 3695 1797">
     <span class='ocr_line' id='line_1_46' title="bbox 2120 1724 3695 1797; baseline 0.003 -18"><span class='ocrx_word' id='word_1_337' title='bbox 2120 1739 2241 1779; x_wconf 91' lang='lat' dir='ltr'><strong>cum</strong></span> <span class='ocrx_word' id='word_1_338' title='bbox 2270 1725 2476 1779; x_wconf 75' lang='lat' dir='ltr'><strong>czcteris</strong></span> <span class='ocrx_word' id='word_1_339' title='bbox 2506 1724 2770 1780; x_wconf 65' lang='lat' dir='ltr'><strong>hatreticis</strong></span> <span class='ocrx_word' id='word_1_340' title='bbox 2797 1740 2894 1779; x_wconf 90' lang='lat' dir='ltr'><strong>vos</strong></span> <span class='ocrx_word' id='word_1_341' title='bbox 2926 1726 3205 1795; x_wconf 89' lang='lat' dir='ltr'><strong>Eutychen</strong></span> <span class='ocrx_word' id='word_1_342' title='bbox 3237 1743 3448 1797; x_wconf 86' lang='lat' dir='ltr'><strong>quoque</strong></span> <span class='ocrx_word' id='word_1_343' title='bbox 3480 1745 3695 1795; x_wconf 85' lang='lat' dir='ltr'><strong>respue-</strong></span> 
     </span>
    </p>
   </div>
   <div class='ocr_carea' id='block_1_47' title="bbox 2120 1816 3692 1888">
    <p class='ocr_par' dir='ltr' id='par_1_47' title="bbox 2120 1816 3692 1888">
     <span class='ocr_line' id='line_1_47' title="bbox 2120 1816 3692 1888; baseline 0.002 -17"><span class='ocrx_word' id='word_1_344' title='bbox 2120 1819 2217 1871; x_wconf 91' lang='lat' dir='ltr'><strong>re?</strong></span> <span class='ocrx_word' id='word_1_345' title='bbox 2244 1816 2353 1871; x_wconf 83' lang='lat' dir='ltr'><strong>Hoc</strong></span> <span class='ocrx_word' id='word_1_346' title='bbox 2376 1817 2419 1871; x_wconf 91' lang='lat' dir='ltr'><strong>si</strong></span> <span class='ocrx_word' id='word_1_347' title='bbox 2446 1832 2633 1872; x_wconf 88' lang='lat' dir='ltr'><strong>verum</strong></span> <span class='ocrx_word' id='word_1_348' title='bbox 2660 1827 2763 1882; x_wconf 89' lang='lat' dir='ltr'><strong>est,</strong></span> <span class='ocrx_word' id='word_1_349' title='bbox 2795 1825 2887 1872; x_wconf 91' lang='lat' dir='ltr'><strong>aut</strong></span> <span class='ocrx_word' id='word_1_350' title='bbox 2924 1833 3018 1873; x_wconf 91' lang='lat' dir='ltr'><strong>eos</strong></span> <span class='ocrx_word' id='word_1_351' title='bbox 3043 1819 3133 1888; x_wconf 91' lang='lat' dir='ltr'><strong>qui</strong></span> <span class='ocrx_word' id='word_1_352' title='bbox 3160 1821 3692 1876; x_wconf 85' lang='lat' dir='ltr'><strong>communicaverunt</strong></span> 
     </span>
    </p>
   </div>
   <div class='ocr_carea' id='block_1_48' title="bbox 2121 1906 3696 1978">
    <p class='ocr_par' dir='ltr' id='par_1_48' title="bbox 2121 1906 3696 1978">
     <span class='ocr_line' id='line_1_48' title="bbox 2121 1906 3696 1978; baseline 0.004 -18"><span class='ocrx_word' id='word_1_353' title='bbox 2121 1906 2432 1977; x_wconf 81' lang='lat' dir='ltr'><strong>Eutychetis</strong></span> <span class='ocrx_word' id='word_1_354' title='bbox 2470 1907 2871 1963; x_wconf 88' lang='lat' dir='ltr'><strong>successoribus</strong></span> <span class='ocrx_word' id='word_1_355' title='bbox 2914 1911 3118 1978; x_wconf 89' lang='lat' dir='ltr'><strong>pariter</strong></span> <span class='ocrx_word' id='word_1_356' title='bbox 3146 1910 3410 1977; x_wconf 88' lang='lat' dir='ltr'><strong>abdicate,</strong></span> <span class='ocrx_word' id='word_1_357' title='bbox 3450 1921 3541 1967; x_wconf 90' lang='lat' dir='ltr'><strong>aut</strong></span> <span class='ocrx_word' id='word_1_358' title='bbox 3565 1912 3696 1968; x_wconf 80' lang='lat' dir='ltr'><strong>alio-</strong></span> 
     </span>
    </p>
   </div>
   <div class='ocr_carea' id='block_1_49' title="bbox 2118 1999 3695 2068">
    <p class='ocr_par' dir='ltr' id='par_1_49' title="bbox 2118 1999 3695 2068">
     <span class='ocr_line' id='line_1_49' title="bbox 2118 1999 3695 2068; baseline 0.003 -16"><span class='ocrx_word' id='word_1_359' title='bbox 2118 2014 2234 2052; x_wconf 90' lang='lat' dir='ltr'><strong>rum</strong></span> <span class='ocrx_word' id='word_1_360' title='bbox 2258 2015 2470 2068; x_wconf 89' lang='lat' dir='ltr'><strong>quoque</strong></span> <span class='ocrx_word' id='word_1_361' title='bbox 2486 1999 2859 2055; x_wconf 57' lang='lat' dir='ltr'><strong>haereticorum</strong></span> <span class='ocrx_word' id='word_1_362' title='bbox 2878 2002 3282 2058; x_wconf 90' lang='lat' dir='ltr'><strong>successoribus</strong></span> <span class='ocrx_word' id='word_1_363' title='bbox 3302 2004 3695 2059; x_wconf 85' lang='lat' dir='ltr'><strong>communican-</strong></span> 
     </span>
    </p>
   </div>
   <div class='ocr_carea' id='block_1_50' title="bbox 2116 2089 3696 2162">
    <p class='ocr_par' dir='ltr' id='par_1_50' title="bbox 2116 2089 3696 2162">
     <span class='ocr_line' id='line_1_50' title="bbox 2116 2089 3696 2162; baseline 0.003 -19"><span class='ocrx_word' id='word_1_364' title='bbox 2116 2097 2219 2154; x_wconf 88' lang='lat' dir='ltr'><strong>tes,</strong></span> <span class='ocrx_word' id='word_1_365' title='bbox 2249 2089 2530 2144; x_wconf 89' lang='lat' dir='ltr'><strong>admittite.</strong></span> <span class='ocrx_word' id='word_1_366' title='bbox 2564 2090 2673 2146; x_wconf 89' lang='lat' dir='ltr'><strong>Sed</strong></span> <span class='ocrx_word' id='word_1_367' title='bbox 2706 2090 2965 2158; x_wconf 84' lang='lat' dir='ltr'><strong>Acacius,</strong></span> <span class='ocrx_word' id='word_1_368' title='bbox 3013 2093 3208 2162; x_wconf 89' lang='lat' dir='ltr'><strong>inquis,</strong></span> <span class='ocrx_word' id='word_1_369' title='bbox 3255 2094 3386 2148; x_wconf 89' lang='lat' dir='ltr'><strong>nihil</strong></span> <span class='ocrx_word' id='word_1_370' title='bbox 3417 2104 3601 2148; x_wconf 91' lang='lat' dir='ltr'><strong>contra</strong></span> <span class='ocrx_word' id='word_1_371' title='bbox 3636 2094 3696 2148; x_wconf 87' lang='lat' dir='ltr'><strong>fi-</strong></span> 
     </span>
    </p>
   </div>
   <div class='ocr_carea' id='block_1_51' title="bbox 2116 2179 3691 2252">
    <p class='ocr_par' dir='ltr' id='par_1_51' title="bbox 2116 2179 3691 2252">
     <span class='ocr_line' id='line_1_51' title="bbox 2116 2179 3691 2252; baseline 0.002 -19"><span class='ocrx_word' id='word_1_372' title='bbox 2116 2179 2260 2244; x_wconf 93' lang='lat' dir='ltr'><strong>dem,</strong></span> <span class='ocrx_word' id='word_1_373' title='bbox 2308 2181 2448 2234; x_wconf 90' lang='lat' dir='ltr'><strong>sicut</strong></span> <span class='ocrx_word' id='word_1_374' title='bbox 2479 2180 2771 2251; x_wconf 88' lang='lat' dir='ltr'><strong>Eutyches,</strong></span> <span class='ocrx_word' id='word_1_375' title='bbox 2799 2189 2853 2235; x_wconf 91' lang='lat' dir='ltr'><strong>et</strong></span> <span class='ocrx_word' id='word_1_376' title='bbox 2881 2197 3158 2237; x_wconf 87' lang='lat' dir='ltr'><strong>successor</strong></span> <span class='ocrx_word' id='word_1_377' title='bbox 3187 2183 3322 2251; x_wconf 86' lang='lat' dir='ltr'><strong>ejus,</strong></span> <span class='ocrx_word' id='word_1_378' title='bbox 3362 2184 3552 2252; x_wconf 77' lang='lat' dir='ltr'><strong>legitur</strong></span> <span class='ocrx_word' id='word_1_379' title='bbox 3579 2182 3691 2236; x_wconf 82' lang='lat' dir='ltr'><strong>tibi-</strong></span> 
     </span>
    </p>
   </div>
   <div class='ocr_carea' id='block_1_52' title="bbox 2114 2270 3687 2340">
    <p class='ocr_par' dir='ltr' id='par_1_52' title="bbox 2114 2270 3687 2340">
     <span class='ocr_line' id='line_1_52' title="bbox 2114 2270 3687 2340; baseline 0.002 -16"><span class='ocrx_word' id='word_1_380' title='bbox 2114 2285 2325 2338; x_wconf 89' lang='lat' dir='ltr'><strong>cunque</strong></span> <span class='ocrx_word' id='word_1_381' title='bbox 2347 2270 2577 2336; x_wconf 72' lang='lat' dir='ltr'><strong>dixisse;</strong></span> <span class='ocrx_word' id='word_1_382' title='bbox 2608 2272 2759 2339; x_wconf 90' lang='lat' dir='ltr'><strong>quasi</strong></span> <span class='ocrx_word' id='word_1_383' title='bbox 2797 2286 2899 2326; x_wconf 91' lang='lat' dir='ltr'><strong>non</strong></span> <span class='ocrx_word' id='word_1_384' title='bbox 2932 2273 3004 2326; x_wconf 90' lang='lat' dir='ltr'><strong>sit</strong></span> <span class='ocrx_word' id='word_1_385' title='bbox 3031 2273 3287 2339; x_wconf 72' lang='lat' dir='ltr'><strong>dett-rius,</strong></span> <span class='ocrx_word' id='word_1_386' title='bbox 3316 2280 3370 2327; x_wconf 91' lang='lat' dir='ltr'><strong>et</strong></span> <span class='ocrx_word' id='word_1_387' title='bbox 3396 2287 3501 2326; x_wconf 93' lang='lat' dir='ltr'><strong>non</strong></span> <span class='ocrx_word' id='word_1_388' title='bbox 3532 2271 3687 2340; x_wconf 84' lang='lat' dir='ltr'><strong>igno-</strong></span> 
     </span>
    </p>
   </div>
   <div class='ocr_carea' id='block_1_53' title="bbox 2114 2363 3690 2419">
    <p class='ocr_par' dir='ltr' id='par_1_53' title="bbox 2114 2363 3690 2419">
     <span class='ocr_line' id='line_1_53' title="bbox 2114 2363 3690 2419; baseline 0.001 -5"><span class='ocrx_word' id='word_1_389' title='bbox 2114 2374 2262 2415; x_wconf 88' lang='lat' dir='ltr'><strong>rasse</strong></span> <span class='ocrx_word' id='word_1_390' title='bbox 2305 2363 2584 2417; x_wconf 88' lang='lat' dir='ltr'><strong>veritatem</strong></span> <span class='ocrx_word' id='word_1_391' title='bbox 2635 2372 2688 2417; x_wconf 91' lang='lat' dir='ltr'><strong>et</strong></span> <span class='ocrx_word' id='word_1_392' title='bbox 2738 2371 2913 2417; x_wconf 91' lang='lat' dir='ltr'><strong>tamen</strong></span> <span class='ocrx_word' id='word_1_393' title='bbox 2979 2363 3404 2419; x_wconf 89' lang='lat' dir='ltr'><strong>communicasse</strong></span> <span class='ocrx_word' id='word_1_394' title='bbox 3448 2363 3690 2418; x_wconf 87' lang='lat' dir='ltr'><strong>veritatis</strong></span> 
     </span>
    </p>
   </div>
   <div class='ocr_carea' id='block_1_54' title="bbox 2114 2451 3692 2524">
    <p class='ocr_par' dir='ltr' id='par_1_54' title="bbox 2114 2451 3692 2524">
     <span class='ocr_line' id='line_1_54' title="bbox 2114 2451 3692 2524; baseline 0.003 -19"><span class='ocrx_word' id='word_1_395' title='bbox 2114 2451 2363 2507; x_wconf 91' lang='lat' dir='ltr'><strong>inimicis.</strong></span> <span class='ocrx_word' id='word_1_396' title='bbox 2395 2452 2450 2507; x_wconf 89' lang='lat' dir='ltr'><strong>Si</strong></span> <span class='ocrx_word' id='word_1_397' title='bbox 2477 2454 2645 2519; x_wconf 92' lang='lat' dir='ltr'><strong>enim,</strong></span> <span class='ocrx_word' id='word_1_398' title='bbox 2695 2468 2814 2509; x_wconf 91' lang='lat' dir='ltr'><strong>cum</strong></span> <span class='ocrx_word' id='word_1_399' title='bbox 2848 2454 3039 2524; x_wconf 90' lang='lat' dir='ltr'><strong>aliquis</strong></span> <span class='ocrx_word' id='word_1_400' title='bbox 3067 2460 3212 2510; x_wconf 88' lang='lat' dir='ltr'><strong>recte</strong></span> <span class='ocrx_word' id='word_1_401' title='bbox 3255 2457 3468 2524; x_wconf 89' lang='lat' dir='ltr'><strong>sapiens</strong></span> <span class='ocrx_word' id='word_1_402' title='bbox 3497 2456 3563 2510; x_wconf 90' lang='lat' dir='ltr'><strong>de</strong></span> <span class='ocrx_word' id='word_1_403' title='bbox 3591 2454 3692 2509; x_wconf 87' lang='lat' dir='ltr'><strong>fide</strong></span> 
     </span>
    </p>
   </div>
   <div class='ocr_carea' id='block_1_55' title="bbox 2112 2542 3691 2614">
    <p class='ocr_par' dir='ltr' id='par_1_55' title="bbox 2112 2542 3691 2614">
     <span class='ocr_line' id='line_1_55' title="bbox 2112 2542 3691 2614; baseline 0 -17"><span class='ocrx_word' id='word_1_404' title='bbox 2112 2542 2374 2597; x_wconf 87' lang='lat' dir='ltr'><strong>catholica</strong></span> <span class='ocrx_word' id='word_1_405' title='bbox 2397 2546 2751 2598; x_wconf 70' lang='lat' dir='ltr'><strong>communicet</strong></span> <span class='ocrx_word' id='word_1_406' title='bbox 2768 2543 2875 2598; x_wconf 92' lang='lat' dir='ltr'><strong>illis</strong></span> <span class='ocrx_word' id='word_1_407' title='bbox 2903 2543 3191 2610; x_wconf 84' lang='lat' dir='ltr'><strong>haereticis,</strong></span> <span class='ocrx_word' id='word_1_408' title='bbox 3215 2544 3356 2599; x_wconf 91' lang='lat' dir='ltr'><strong>inter</strong></span> <span class='ocrx_word' id='word_1_409' title='bbox 3371 2558 3504 2614; x_wconf 90' lang='lat' dir='ltr'><strong>quos</strong></span> <span class='ocrx_word' id='word_1_410' title='bbox 3527 2544 3691 2614; x_wconf 85' lang='lat' dir='ltr'><strong>Euty-</strong></span> 
     </span>
    </p>
   </div>
   <div class='ocr_carea' id='block_1_56' title="bbox 2112 2629 3690 2700">
    <p class='ocr_par' dir='ltr' id='par_1_56' title="bbox 2112 2629 3690 2700">
     <span class='ocr_line' id='line_1_56' title="bbox 2112 2629 3690 2700; baseline 0.003 -15"><span class='ocrx_word' id='word_1_411' title='bbox 2112 2629 2323 2685; x_wconf 86' lang='lat' dir='ltr'><strong>chetetn</strong></span> <span class='ocrx_word' id='word_1_412' title='bbox 2357 2632 2628 2700; x_wconf 87' lang='lat' dir='ltr'><strong>posuistis,</strong></span> <span class='ocrx_word' id='word_1_413' title='bbox 2661 2631 2747 2687; x_wconf 87' lang='lat' dir='ltr'><strong>vel</strong></span> <span class='ocrx_word' id='word_1_414' title='bbox 2791 2634 3194 2688; x_wconf 86' lang='lat' dir='ltr'><strong>successoribus</strong></span> <span class='ocrx_word' id='word_1_415' title='bbox 3222 2649 3429 2699; x_wconf 91' lang='lat' dir='ltr'><strong>eorum,</strong></span> <span class='ocrx_word' id='word_1_416' title='bbox 3474 2649 3578 2688; x_wconf 89' lang='lat' dir='ltr'><strong>non</strong></span> <span class='ocrx_word' id='word_1_417' title='bbox 3609 2644 3690 2689; x_wconf 86' lang='lat' dir='ltr'><strong>est</strong></span> 
     </span>
    </p>
   </div>
   <div class='ocr_carea' id='block_1_57' title="bbox 2113 2722 3689 2780">
    <p class='ocr_par' dir='ltr' id='par_1_57' title="bbox 2113 2722 3689 2780">
     <span class='ocr_line' id='line_1_57' title="bbox 2113 2722 3689 2780; baseline 0.002 -4"><span class='ocrx_word' id='word_1_418' title='bbox 2113 2722 2193 2776; x_wconf 89' lang='lat' dir='ltr'><strong>fas</strong></span> <span class='ocrx_word' id='word_1_419' title='bbox 2224 2737 2321 2778; x_wconf 90' lang='lat' dir='ltr'><strong>eos</strong></span> <span class='ocrx_word' id='word_1_420' title='bbox 2356 2723 2496 2779; x_wconf 90' lang='lat' dir='ltr'><strong>inter</strong></span> <span class='ocrx_word' id='word_1_421' title='bbox 2520 2724 2902 2779; x_wconf 88' lang='lat' dir='ltr'><strong>catholicorum</strong></span> <span class='ocrx_word' id='word_1_422' title='bbox 2936 2726 3122 2780; x_wconf 89' lang='lat' dir='ltr'><strong>altaria</strong></span> <span class='ocrx_word' id='word_1_423' title='bbox 3152 2728 3429 2780; x_wconf 82' lang='lat' dir='ltr'><strong>nominare</strong></span> <span class='ocrx_word' id='word_1_424' title='bbox 3458 2743 3474 2779; x_wconf 90' lang='lat'><strong>:</strong></span> <span class='ocrx_word' id='word_1_425' title='bbox 3504 2725 3577 2779; x_wconf 90' lang='lat' dir='ltr'><strong>ita</strong></span> <span class='ocrx_word' id='word_1_426' title='bbox 3605 2740 3689 2779; x_wconf 83' lang='lat' dir='ltr'><strong>cr-</strong></span> 
     </span>
    </p>
   </div>
   <div class='ocr_carea' id='block_1_58' title="bbox 2111 2815 3685 2886">
    <p class='ocr_par' dir='ltr' id='par_1_58' title="bbox 2111 2815 3685 2886">
     <span class='ocr_line' id='line_1_58' title="bbox 2111 2815 3685 2886; baseline 0.003 -19"><span class='ocrx_word' id='word_1_427' title='bbox 2111 2829 2249 2883; x_wconf 84' lang='lat' dir='ltr'><strong>gone</strong></span> <span class='ocrx_word' id='word_1_428' title='bbox 2278 2815 2421 2870; x_wconf 90' lang='lat' dir='ltr'><strong>illius</strong></span> <span class='ocrx_word' id='word_1_429' title='bbox 2445 2815 2759 2886; x_wconf 85' lang='lat' dir='ltr'><strong>Eutychetis</strong></span> <span class='ocrx_word' id='word_1_430' title='bbox 2788 2818 3191 2872; x_wconf 80' lang='lat' dir='ltr'><strong>successoribus</strong></span> <span class='ocrx_word' id='word_1_431' title='bbox 3219 2817 3685 2881; x_wconf 81' lang='lat' dir='ltr'><strong>communicando,</strong></span> 
     </span>
    </p>
   </div>
   <div class='ocr_carea' id='block_1_59' title="bbox 2112 2905 3686 2977">
    <p class='ocr_par' dir='ltr' id='par_1_59' title="bbox 2112 2905 3686 2977">
     <span class='ocr_line' id='line_1_59' title="bbox 2112 2905 3686 2977; baseline 0.004 -18"><span class='ocrx_word' id='word_1_432' title='bbox 2112 2905 2271 2960; x_wconf 85' lang='lat' dir='ltr'><strong>simili</strong></span> <span class='ocrx_word' id='word_1_433' title='bbox 2319 2918 2465 2961; x_wconf 88' lang='lat' dir='ltr'><strong>sorte</strong></span> <span class='ocrx_word' id='word_1_434' title='bbox 2518 2916 2729 2963; x_wconf 92' lang='lat' dir='ltr'><strong>tenetur</strong></span> <span class='ocrx_word' id='word_1_435' title='bbox 2774 2907 3083 2963; x_wconf 78' lang='lat' dir='ltr'><strong>obnoxius?</strong></span> <span class='ocrx_word' id='word_1_436' title='bbox 3136 2909 3211 2962; x_wconf 91' lang='lat' dir='ltr'><strong>De</strong></span> <span class='ocrx_word' id='word_1_437' title='bbox 3256 2908 3447 2963; x_wconf 87' lang='lat' dir='ltr'><strong>talibus</strong></span> <span class='ocrx_word' id='word_1_438' title='bbox 3490 2909 3686 2977; x_wconf 82' lang='lat' dir='ltr'><strong>quippe</strong></span> 
     </span>
    </p>
   </div>
   <div class='ocr_carea' id='block_1_60' title="bbox 2112 2996 3687 3067">
    <p class='ocr_par' dir='ltr' id='par_1_60' title="bbox 2112 2996 3687 3067">
     <span class='ocr_line' id='line_1_60' title="bbox 2112 2996 3687 3067; baseline -0.001 -16"><span class='ocrx_word' id='word_1_439' title='bbox 2112 2998 2493 3052; x_wconf 87' lang='lat' dir='ltr'><strong>convenienter</strong></span> <span class='ocrx_word' id='word_1_440' title='bbox 2531 2997 2760 3052; x_wconf 88' lang='lat' dir='ltr'><strong>dicitur:</strong></span> <span class='ocrx_word' id='word_1_441' title='bbox 2788 2996 3107 3051; x_wconf 82' lang='lat' dir='ltr'><strong>Descendunt</strong></span> <span class='ocrx_word' id='word_1_442' title='bbox 3147 2997 3199 3050; x_wconf 85' lang='lat' dir='ltr'><strong>in</strong></span> <span class='ocrx_word' id='word_1_443' title='bbox 3225 2998 3484 3067; x_wconf 80' lang='lat' dir='ltr'><strong>infernum</strong></span> <span class='ocrx_word' id='word_1_444' title='bbox 3522 2999 3687 3053; x_wconf 78' lang='lat' dir='ltr'><strong>viven-</strong></span> 
     </span>
    </p>
   </div>
   <div class='ocr_carea' id='block_1_61' title="bbox 433 3063 3687 3163">
    <p class='ocr_par' dir='ltr' id='par_1_61' title="bbox 433 3063 3687 3163">
     <span class='ocr_line' id='line_1_61' title="bbox 433 3063 3687 3163; baseline -0.002 -15"><span class='ocrx_word' id='word_1_445' title='bbox 433 3094 710 3159; x_wconf 87' lang='lat' dir='ltr'><strong>liberaret,</strong></span> <span class='ocrx_word' id='word_1_446' title='bbox 741 3106 845 3146; x_wconf 93' lang='lat' dir='ltr'><strong>non</strong></span> <span class='ocrx_word' id='word_1_447' title='bbox 879 3100 936 3145; x_wconf 91' lang='lat' dir='ltr'><strong>nt</strong></span> <span class='ocrx_word' id='word_1_448' title='bbox 961 3063 1077 3160; x_wconf 82' lang='lat' dir='ltr'><strong>ejus</strong></span> <span class='ocrx_word' id='word_1_449' title='bbox 1108 3090 1423 3145; x_wconf 85' lang='lat' dir='ltr'><strong>misceretur</strong></span> <span class='ocrx_word' id='word_1_450' title='bbox 1450 3090 1645 3145; x_wconf 90' lang='lat' dir='ltr'><strong>errori.</strong></span> <span class='ocrx_word' id='word_1_451' title='bbox 1674 3089 1860 3146; x_wconf 84' lang='lat' dir='ltr'><strong>Nonne</strong></span> <span class='ocrx_word' id='word_1_452' title='bbox 1894 3091 2010 3161; x_wconf 68' lang='lat' dir='ltr'><strong>ipse</strong></span> <span class='ocrx_word' id='word_1_453' title='bbox 2037 3063 2082 3124; x_wconf 70' lang='grc' dir='ltr'>ο</span> <span class='ocrx_word' id='word_1_454' title='bbox 2114 3097 2185 3141; x_wconf 81' lang='lat' dir='ltr'><strong>tes</strong></span> <span class='ocrx_word' id='word_1_455' title='bbox 2230 3086 2397 3157; x_wconf 78' lang='lat' dir='ltr'><strong>(Psal.</strong></span> <span class='ocrx_word' id='word_1_456' title='bbox 2447 3087 2580 3159; x_wconf 79' lang='lat' dir='ltr'><strong>LIV),</strong></span> <span class='ocrx_word' id='word_1_457' title='bbox 2612 3090 2724 3163; x_wconf 81' lang='lat' dir='ltr'><strong>qui</strong></span> <span class='ocrx_word' id='word_1_458' title='bbox 2769 3088 2894 3144; x_wconf 90' lang='lat' dir='ltr'><strong>dum</strong></span> <span class='ocrx_word' id='word_1_459' title='bbox 2944 3089 3032 3144; x_wconf 88' lang='lat' dir='ltr'><strong>illa</strong></span> <span class='ocrx_word' id='word_1_460' title='bbox 3077 3097 3185 3145; x_wconf 78' lang='lat' dir='ltr'><strong>Vita</strong></span> <span class='ocrx_word' id='word_1_461' title='bbox 3227 3063 3326 3160; x_wconf 70' lang='lat' dir='ltr'><strong>qua</strong></span> <span class='ocrx_word' id='word_1_462' title='bbox 3354 3091 3531 3159; x_wconf 78' lang='lat' dir='ltr'><strong>justus</strong></span> <span class='ocrx_word' id='word_1_463' title='bbox 3571 3091 3687 3144; x_wconf 78' lang='lat' dir='ltr'><strong>vivit</strong></span> 
     </span>
    </p>
   </div>
   <div class='ocr_carea' id='block_1_62' title="bbox 433 3179 2009 3253">
    <p class='ocr_par' dir='ltr' id='par_1_62' title="bbox 433 3179 2009 3253">
     <span class='ocr_line' id='line_1_62' title="bbox 433 3179 2009 3253; baseline -0.003 -15"><span class='ocrx_word' id='word_1_464' title='bbox 433 3183 753 3253; x_wconf 85' lang='lat' dir='ltr'><strong>praemonuit</strong></span> <span class='ocrx_word' id='word_1_465' title='bbox 781 3180 948 3253; x_wconf 91' lang='lat' dir='ltr'><strong>utqui</strong></span> <span class='ocrx_word' id='word_1_466' title='bbox 976 3181 1028 3236; x_wconf 94' lang='lat' dir='ltr'><strong>in</strong></span> <span class='ocrx_word' id='word_1_467' title='bbox 1060 3189 1200 3235; x_wconf 89' lang='lat' dir='ltr'><strong>tecto</strong></span> <span class='ocrx_word' id='word_1_468' title='bbox 1222 3181 1600 3247; x_wconf 77' lang='lat' dir='ltr'><strong>consisterent,</strong></span> <span class='ocrx_word' id='word_1_469' title='bbox 1644 3194 1750 3235; x_wconf 91' lang='lat' dir='ltr'><strong>non</strong></span> <span class='ocrx_word' id='word_1_470' title='bbox 1779 3179 2009 3235; x_wconf 85' lang='lat' dir='ltr'><strong>descen-</strong></span> 
     </span>
    </p>
   </div>
   <div class='ocr_carea' id='block_1_63' title="bbox 434 3270 2005 3341">
    <p class='ocr_par' dir='ltr' id='par_1_63' title="bbox 434 3270 2005 3341">
     <span class='ocr_line' id='line_1_63' title="bbox 434 3270 2005 3341; baseline -0.003 -12"><span class='ocrx_word' id='word_1_471' title='bbox 434 3275 645 3339; x_wconf 87' lang='lat' dir='ltr'><strong>derent,</strong></span> <span class='ocrx_word' id='word_1_472' title='bbox 675 3287 771 3328; x_wconf 90' lang='lat' dir='ltr'><strong>nec</strong></span> <span class='ocrx_word' id='word_1_473' title='bbox 790 3272 856 3327; x_wconf 93' lang='lat' dir='ltr'><strong>de</strong></span> <span class='ocrx_word' id='word_1_474' title='bbox 871 3288 931 3326; x_wconf 91' lang='lat' dir='ltr'><strong>ca</strong></span> <span class='ocrx_word' id='word_1_475' title='bbox 954 3288 1069 3341; x_wconf 75' lang='lat' dir='ltr'><strong>qua:</strong></span> <span class='ocrx_word' id='word_1_476' title='bbox 1096 3270 1147 3325; x_wconf 94' lang='lat' dir='ltr'><strong>in</strong></span> <span class='ocrx_word' id='word_1_477' title='bbox 1179 3270 1338 3325; x_wconf 91' lang='lat' dir='ltr'><strong>domo</strong></span> <span class='ocrx_word' id='word_1_478' title='bbox 1361 3270 1606 3325; x_wconf 87' lang='lat' dir='ltr'><strong>videntur</strong></span> <span class='ocrx_word' id='word_1_479' title='bbox 1629 3285 1748 3325; x_wconf 90' lang='lat' dir='ltr'><strong>esse</strong></span> <span class='ocrx_word' id='word_1_480' title='bbox 1774 3270 2005 3326; x_wconf 88' lang='lat' dir='ltr'><strong>tollenda</strong></span> 
     </span>
    </p>
   </div>
   <div class='ocr_carea' id='block_1_64' title="bbox 435 3360 2003 3436">
    <p class='ocr_par' dir='ltr' id='par_1_64' title="bbox 435 3360 2003 3436">
     <span class='ocr_line' id='line_1_64' title="bbox 435 3360 2003 3436; baseline -0.001 -18"><span class='ocrx_word' id='word_1_481' title='bbox 435 3364 648 3436; x_wconf 80' lang='lat' dir='ltr'><strong>(Matth.</strong></span> <span class='ocrx_word' id='word_1_482' title='bbox 682 3363 864 3433; x_wconf 80' lang='lat' dir='ltr'><strong>xxiv)?</strong></span> <span class='ocrx_word' id='word_1_483' title='bbox 896 3361 1082 3415; x_wconf 84' lang='lat' dir='ltr'><strong>Nonne</strong></span> <span class='ocrx_word' id='word_1_484' title='bbox 1112 3375 1209 3430; x_wconf 92' lang='lat' dir='ltr'><strong>pro</strong></span> <span class='ocrx_word' id='word_1_485' title='bbox 1237 3362 1483 3415; x_wconf 88' lang='lat' dir='ltr'><strong>omnibus</strong></span> <span class='ocrx_word' id='word_1_486' title='bbox 1504 3361 1789 3429; x_wconf 61' lang='lat' dir='ltr'><strong>Apostolus</strong></span> <span class='ocrx_word' id='word_1_487' title='bbox 1810 3361 1861 3433; x_wconf 89' lang='grc' dir='ltr'><strong>(Ι</strong></span> <span class='ocrx_word' id='word_1_488' title='bbox 1883 3360 2003 3418; x_wconf 87' lang='lat' dir='ltr'><strong>Cor.</strong></span> 
     </span>
    </p>
   </div>
   <div class='ocr_carea' id='block_1_65' title="bbox 444 3449 2006 3525">
    <p class='ocr_par' dir='ltr' id='par_1_65' title="bbox 444 3449 2006 3525">
     <span class='ocr_line' id='line_1_65' title="bbox 444 3449 2006 3525; baseline -0.001 -20"><span class='ocrx_word' id='word_1_489' title='bbox 444 3452 557 3525; x_wconf 82' lang='lat' dir='ltr'><strong>xv)</strong></span> <span class='ocrx_word' id='word_1_490' title='bbox 587 3452 780 3509; x_wconf 73' lang='lat' dir='ltr'><strong>clamat</strong></span> <span class='ocrx_word' id='word_1_491' title='bbox 808 3464 965 3518; x_wconf 88' lang='lat' dir='ltr'><strong>unus,</strong></span> <span class='ocrx_word' id='word_1_492' title='bbox 1010 3451 1100 3520; x_wconf 90' lang='lat' dir='ltr'><strong>qui</strong></span> <span class='ocrx_word' id='word_1_493' title='bbox 1135 3449 1250 3519; x_wconf 90' lang='lat' dir='ltr'><strong>plus</strong></span> <span class='ocrx_word' id='word_1_494' title='bbox 1274 3450 1523 3505; x_wconf 90' lang='lat' dir='ltr'><strong>omnibus</strong></span> <span class='ocrx_word' id='word_1_495' title='bbox 1564 3449 1851 3515; x_wconf 80' lang='lat' dir='ltr'><strong>laboravit,</strong></span> <span class='ocrx_word' id='word_1_496' title='bbox 1884 3465 2006 3505; x_wconf 90' lang='lat' dir='ltr'><strong>cum</strong></span> 
     </span>
    </p>
   </div>
   <div class='ocr_carea' id='block_1_66' title="bbox 434 3541 2004 3612">
    <p class='ocr_par' dir='ltr' id='par_1_66' title="bbox 434 3541 2004 3612">
     <span class='ocr_line' id='line_1_66' title="bbox 434 3541 2004 3612; baseline -0.002 -12"><span class='ocrx_word' id='word_1_497' title='bbox 434 3546 501 3601; x_wconf 91' lang='lat' dir='ltr'><strong>de</strong></span> <span class='ocrx_word' id='word_1_498' title='bbox 526 3545 762 3599; x_wconf 70' lang='lat' dir='ltr'><strong>custodia</strong></span> <span class='ocrx_word' id='word_1_499' title='bbox 791 3542 1033 3597; x_wconf 79' lang='lat' dir='ltr'><strong>veritatis</strong></span> <span class='ocrx_word' id='word_1_500' title='bbox 1063 3550 1328 3612; x_wconf 83' lang='lat' dir='ltr'><strong>ageretur,</strong></span> <span class='ocrx_word' id='word_1_501' title='bbox 1373 3541 1563 3610; x_wconf 83' lang='lat' dir='ltr'><strong>quibus</strong></span> <span class='ocrx_word' id='word_1_502' title='bbox 1593 3555 1692 3595; x_wconf 90' lang='lat' dir='ltr'><strong>nec</strong></span> <span class='ocrx_word' id='word_1_503' title='bbox 1719 3542 1785 3595; x_wconf 90' lang='lat' dir='ltr'><strong>ad</strong></span> <span class='ocrx_word' id='word_1_504' title='bbox 1818 3542 2004 3597; x_wconf 89' lang='lat' dir='ltr'><strong>horam</strong></span> 
     </span>
    </p>
   </div>
   <div class='ocr_carea' id='block_1_67' title="bbox 434 3632 2004 3703">
    <p class='ocr_par' dir='ltr' id='par_1_67' title="bbox 434 3632 2004 3703">
     <span class='ocr_line' id='line_1_67' title="bbox 434 3632 2004 3703; baseline -0.003 -11"><span class='ocrx_word' id='word_1_505' title='bbox 434 3638 691 3692; x_wconf 87' lang='lat' dir='ltr'><strong>cessimus</strong></span> <span class='ocrx_word' id='word_1_506' title='bbox 734 3633 1080 3703; x_wconf 89' lang='lat' dir='ltr'><strong>subjectionis</strong></span> <span class='ocrx_word' id='word_1_507' title='bbox 1121 3634 1325 3703; x_wconf 78' lang='lat' dir='ltr'><strong>gratia,</strong></span> <span class='ocrx_word' id='word_1_508' title='bbox 1376 3641 1435 3686; x_wconf 92' lang='lat' dir='ltr'><strong>ut</strong></span> <span class='ocrx_word' id='word_1_509' title='bbox 1481 3632 1680 3687; x_wconf 91' lang='lat' dir='ltr'><strong>veritas</strong></span> <span class='ocrx_word' id='word_1_510' title='bbox 1731 3632 2004 3702; x_wconf 76' lang='lat' dir='ltr'><strong>Evangelii</strong></span> 
     </span>
    </p>
   </div>
   <div class='ocr_carea' id='block_1_68' title="bbox 434 3720 2002 3795">
    <p class='ocr_par' dir='ltr' id='par_1_68' title="bbox 434 3720 2002 3795">
     <span class='ocr_line' id='line_1_68' title="bbox 434 3720 2002 3795; baseline -0.003 -15"><span class='ocrx_word' id='word_1_511' title='bbox 434 3731 774 3795; x_wconf 87' lang='lat' dir='ltr'><strong>permaneret</strong></span> <span class='ocrx_word' id='word_1_512' title='bbox 810 3722 948 3792; x_wconf 92' lang='lat' dir='ltr'><strong>apud</strong></span> <span class='ocrx_word' id='word_1_513' title='bbox 975 3722 1102 3776; x_wconf 87' lang='lat' dir='ltr'><strong>vos?</strong></span> <span class='ocrx_word' id='word_1_514' title='bbox 1137 3720 1337 3775; x_wconf 77' lang='lat' dir='ltr'><strong>Videtis</strong></span> <span class='ocrx_word' id='word_1_515' title='bbox 1378 3720 1651 3776; x_wconf 71' lang='lat' dir='ltr'><strong>caelestem</strong></span> <span class='ocrx_word' id='word_1_516' title='bbox 1691 3721 2002 3791; x_wconf 88' lang='lat' dir='ltr'><strong>magistrum</strong></span> 
     </span>
    </p>
   </div>
   <div class='ocr_carea' id='block_1_69' title="bbox 433 3810 2007 3870">
    <p class='ocr_par' dir='ltr' id='par_1_69' title="bbox 433 3810 2007 3870">
     <span class='ocr_line' id='line_1_69' title="bbox 433 3810 2007 3870; baseline -0.003 -1"><span class='ocrx_word' id='word_1_517' title='bbox 433 3812 860 3869; x_wconf 90' lang='lat' dir='ltr'><strong>condescendere</strong></span> <span class='ocrx_word' id='word_1_518' title='bbox 907 3810 1079 3870; x_wconf 80' lang='lat' dir='ltr'><strong>noxiis</strong></span> <span class='ocrx_word' id='word_1_519' title='bbox 1122 3811 1493 3865; x_wconf 85' lang='lat' dir='ltr'><strong>recusantem?</strong></span> <span class='ocrx_word' id='word_1_520' title='bbox 1523 3811 1805 3865; x_wconf 89' lang='lat' dir='ltr'><strong>Postremo</strong></span> <span class='ocrx_word' id='word_1_521' title='bbox 1845 3810 2007 3866; x_wconf 89' lang='lat' dir='ltr'><strong>facia-</strong></span> 
     </span>
    </p>
   </div>
   <div class='ocr_carea' id='block_1_70' title="bbox 433 3899 2000 3971">
    <p class='ocr_par' dir='ltr' id='par_1_70' title="bbox 433 3899 2000 3971">
     <span class='ocr_line' id='line_1_70' title="bbox 433 3899 2000 3971; baseline -0.002 -14"><span class='ocrx_word' id='word_1_522' title='bbox 433 3916 553 3957; x_wconf 89' lang='lat' dir='ltr'><strong>mus</strong></span> <span class='ocrx_word' id='word_1_523' title='bbox 581 3902 812 3971; x_wconf 88' lang='lat' dir='ltr'><strong>aliquem</strong></span> <span class='ocrx_word' id='word_1_524' title='bbox 839 3900 1124 3966; x_wconf 88' lang='lat' dir='ltr'><strong>corruisse,</strong></span> <span class='ocrx_word' id='word_1_525' title='bbox 1149 3900 1211 3952; x_wconf 43' lang='lat' dir='ltr'><strong>ail</strong></span> <span class='ocrx_word' id='word_1_526' title='bbox 1234 3915 1389 3967; x_wconf 87' lang='lat' dir='ltr'><strong>quem</strong></span> <span class='ocrx_word' id='word_1_527' title='bbox 1422 3899 1803 3967; x_wconf 86' lang='lat' dir='ltr'><strong>benignissime</strong></span> <span class='ocrx_word' id='word_1_528' title='bbox 1825 3900 2000 3955; x_wconf 62' lang='lat' dir='ltr'><strong>sublc.</strong></span> 
     </span>
    </p>
   </div>
   <div class='ocr_carea' id='block_1_71' title="bbox 434 3988 2006 4060">
    <p class='ocr_par' dir='ltr' id='par_1_71' title="bbox 434 3988 2006 4060">
     <span class='ocr_line' id='line_1_71' title="bbox 434 3988 2006 4060; baseline 0 -15"><span class='ocrx_word' id='word_1_529' title='bbox 434 3994 666 4048; x_wconf 87' lang='lat' dir='ltr'><strong>vandum</strong></span> <span class='ocrx_word' id='word_1_530' title='bbox 713 3990 979 4059; x_wconf 72' lang='lat' dir='ltr'><strong>paululum</strong></span> <span class='ocrx_word' id='word_1_531' title='bbox 1011 3990 1273 4060; x_wconf 87' lang='lat' dir='ltr'><strong>quispiam</strong></span> <span class='ocrx_word' id='word_1_532' title='bbox 1321 3989 1449 4042; x_wconf 90' lang='lat' dir='ltr'><strong>velit</strong></span> <span class='ocrx_word' id='word_1_533' title='bbox 1494 3988 1708 4043; x_wconf 86' lang='lat' dir='ltr'><strong>inflecti.</strong></span> <span class='ocrx_word' id='word_1_534' title='bbox 1758 3989 1918 4059; x_wconf 89' lang='lat' dir='ltr'><strong>Ergo,</strong></span> <span class='ocrx_word' id='word_1_535' title='bbox 1948 3998 2006 4045; x_wconf 87' lang='lat' dir='ltr'><strong>ut</strong></span> 
     </span>
    </p>
   </div>
   <div class='ocr_carea' id='block_1_72' title="bbox 433 4080 2003 4153">
    <p class='ocr_par' dir='ltr' id='par_1_72' title="bbox 433 4080 2003 4153">
     <span class='ocr_line' id='line_1_72' title="bbox 433 4080 2003 4153; baseline -0.001 -16"><span class='ocrx_word' id='word_1_536' title='bbox 433 4082 888 4153; x_wconf 85' lang='lat' dir='ltr'><strong>erigaturjaccns,</strong></span> <span class='ocrx_word' id='word_1_537' title='bbox 936 4081 1276 4134; x_wconf 89' lang='lat' dir='ltr'><strong>miserantem</strong></span> <span class='ocrx_word' id='word_1_538' title='bbox 1322 4080 1572 4134; x_wconf 89' lang='lat' dir='ltr'><strong>convenit</strong></span> <span class='ocrx_word' id='word_1_539' title='bbox 1599 4080 1865 4149; x_wconf 90' lang='lat' dir='ltr'><strong>inclinari,</strong></span> <span class='ocrx_word' id='word_1_540' title='bbox 1896 4096 2003 4136; x_wconf 93' lang='lat' dir='ltr'><strong>non</strong></span> 
     </span>
    </p>
   </div>
   <div class='ocr_carea' id='block_1_73' title="bbox 434 4167 2005 4239">
    <p class='ocr_par' dir='ltr' id='par_1_73' title="bbox 434 4167 2005 4239">
     <span class='ocr_line' id='line_1_73' title="bbox 434 4167 2005 4239; baseline 0.001 -14"><span class='ocrx_word' id='word_1_541' title='bbox 434 4182 491 4226; x_wconf 92' lang='lat' dir='ltr'><strong>ut</strong></span> <span class='ocrx_word' id='word_1_542' title='bbox 515 4187 634 4226; x_wconf 89' lang='lat' dir='ltr'><strong>cum</strong></span> <span class='ocrx_word' id='word_1_543' title='bbox 662 4171 849 4226; x_wconf 89' lang='lat' dir='ltr'><strong>codem</strong></span> <span class='ocrx_word' id='word_1_544' title='bbox 878 4167 1236 4239; x_wconf 64' lang='lat' dir='ltr'><strong>pracipitetur</strong></span> <span class='ocrx_word' id='word_1_545' title='bbox 1262 4170 1314 4223; x_wconf 91' lang='lat' dir='ltr'><strong>in</strong></span> <span class='ocrx_word' id='word_1_546' title='bbox 1348 4168 1575 4225; x_wconf 84' lang='lat' dir='ltr'><strong>foveant.</strong></span> <span class='ocrx_word' id='word_1_547' title='bbox 1615 4168 1777 4239; x_wconf 81' lang='lat' dir='ltr'><strong>igitur</strong></span> <span class='ocrx_word' id='word_1_548' title='bbox 1802 4186 1895 4239; x_wconf 91' lang='lat' dir='ltr'><strong>per</strong></span> <span class='ocrx_word' id='word_1_549' title='bbox 1921 4171 2005 4226; x_wconf 90' lang='lat' dir='ltr'><strong>lit-</strong></span> 
     </span>
    </p>
   </div>
   <div class='ocr_carea' id='block_1_74' title="bbox 431 4260 2003 4331">
    <p class='ocr_par' dir='ltr' id='par_1_74' title="bbox 431 4260 2003 4331">
     <span class='ocr_line' id='line_1_74' title="bbox 431 4260 2003 4331; baseline 0.001 -15"><span class='ocrx_word' id='word_1_550' title='bbox 431 4272 575 4317; x_wconf 87' lang='lat' dir='ltr'><strong>teras</strong></span> <span class='ocrx_word' id='word_1_551' title='bbox 591 4276 721 4331; x_wconf 86' lang='lat' dir='ltr'><strong>quas</strong></span> <span class='ocrx_word' id='word_1_552' title='bbox 743 4276 836 4330; x_wconf 92' lang='lat' dir='ltr'><strong>per</strong></span> <span class='ocrx_word' id='word_1_553' title='bbox 857 4260 1156 4314; x_wconf 90' lang='lat' dir='ltr'><strong>Sinclitium</strong></span> <span class='ocrx_word' id='word_1_554' title='bbox 1181 4260 1457 4314; x_wconf 89' lang='lat' dir='ltr'><strong>diaconem</strong></span> <span class='ocrx_word' id='word_1_555' title='bbox 1475 4260 1801 4325; x_wconf 88' lang='lat' dir='ltr'><strong>destinastis,</strong></span> <span class='ocrx_word' id='word_1_556' title='bbox 1829 4261 1896 4316; x_wconf 94' lang='lat' dir='ltr'><strong>de</strong></span> <span class='ocrx_word' id='word_1_557' title='bbox 1920 4263 2003 4318; x_wconf 88' lang='lat' dir='ltr'><strong>his</strong></span> 
     </span>
    </p>
   </div>
   <div class='ocr_carea' id='block_1_75' title="bbox 2111 3177 3687 3249">
    <p class='ocr_par' dir='ltr' id='par_1_75' title="bbox 2111 3177 3687 3249">
     <span class='ocr_line' id='line_1_75' title="bbox 2111 3177 3687 3249; baseline 0.003 -18"><span class='ocrx_word' id='word_1_558' title='bbox 2111 3177 2286 3245; x_wconf 81' lang='lat' dir='ltr'><strong>(Rom.</strong></span> <span class='ocrx_word' id='word_1_559' title='bbox 2324 3180 2389 3246; x_wconf 82' lang='grc' dir='ltr'><strong>ι),</strong></span> <span class='ocrx_word' id='word_1_560' title='bbox 2440 3194 2566 3234; x_wconf 88' lang='lat' dir='ltr'><strong>vera</strong></span> <span class='ocrx_word' id='word_1_561' title='bbox 2591 3188 2751 3249; x_wconf 88' lang='lat' dir='ltr'><strong>atque</strong></span> <span class='ocrx_word' id='word_1_562' title='bbox 2778 3180 3039 3236; x_wconf 87' lang='lat' dir='ltr'><strong>catholica</strong></span> <span class='ocrx_word' id='word_1_563' title='bbox 3068 3189 3323 3249; x_wconf 84' lang='lat' dir='ltr'><strong>putantur</strong></span> <span class='ocrx_word' id='word_1_564' title='bbox 3352 3181 3552 3245; x_wconf 86' lang='lat' dir='ltr'><strong>vivere,</strong></span> <span class='ocrx_word' id='word_1_565' title='bbox 3599 3197 3687 3236; x_wconf 89' lang='lat' dir='ltr'><strong>re-</strong></span> 
     </span>
    </p>
   </div>
   <div class='ocr_carea' id='block_1_76' title="bbox 2109 3270 3685 3339">
    <p class='ocr_par' dir='ltr' id='par_1_76' title="bbox 2109 3270 3685 3339">
     <span class='ocr_line' id='line_1_76' title="bbox 2109 3270 3685 3339; baseline 0.002 -17"><span class='ocrx_word' id='word_1_566' title='bbox 2109 3276 2270 3336; x_wconf 89' lang='lat' dir='ltr'><strong>pente</strong></span> <span class='ocrx_word' id='word_1_567' title='bbox 2296 3278 2385 3323; x_wconf 91' lang='lat' dir='ltr'><strong>aut</strong></span> <span class='ocrx_word' id='word_1_568' title='bbox 2417 3270 2467 3323; x_wconf 93' lang='lat' dir='ltr'><strong>in</strong></span> <span class='ocrx_word' id='word_1_569' title='bbox 2496 3284 2662 3339; x_wconf 87' lang='lat' dir='ltr'><strong>prona</strong></span> <span class='ocrx_word' id='word_1_570' title='bbox 2694 3271 2989 3337; x_wconf 82' lang='lat' dir='ltr'><strong>pravitatis,</strong></span> <span class='ocrx_word' id='word_1_571' title='bbox 3038 3280 3129 3325; x_wconf 90' lang='lat' dir='ltr'><strong>aut</strong></span> <span class='ocrx_word' id='word_1_572' title='bbox 3163 3272 3214 3326; x_wconf 90' lang='lat' dir='ltr'><strong>in</strong></span> <span class='ocrx_word' id='word_1_573' title='bbox 3247 3271 3511 3326; x_wconf 70' lang='lat' dir='ltr'><strong>haeretica:</strong></span> <span class='ocrx_word' id='word_1_574' title='bbox 3540 3287 3685 3326; x_wconf 86' lang='lat' dir='ltr'><strong>com-</strong></span> 
     </span>
    </p>
   </div>
   <div class='ocr_carea' id='block_1_77' title="bbox 2109 3358 3686 3429">
    <p class='ocr_par' dir='ltr' id='par_1_77' title="bbox 2109 3358 3686 3429">
     <span class='ocr_line' id='line_1_77' title="bbox 2109 3358 3686 3429; baseline 0.002 -16"><span class='ocrx_word' id='word_1_575' title='bbox 2109 3359 2376 3413; x_wconf 85' lang='lat' dir='ltr'><strong>muniOuis</strong></span> <span class='ocrx_word' id='word_1_576' title='bbox 2404 3358 2614 3413; x_wconf 89' lang='lat' dir='ltr'><strong>inferna</strong></span> <span class='ocrx_word' id='word_1_577' title='bbox 2644 3369 2886 3429; x_wconf 86' lang='lat' dir='ltr'><strong>vergunt.</strong></span> <span class='ocrx_word' id='word_1_578' title='bbox 2941 3359 3080 3415; x_wconf 85' lang='lat' dir='ltr'><strong>Ecce</strong></span> <span class='ocrx_word' id='word_1_579' title='bbox 3108 3361 3290 3429; x_wconf 88' lang='lat' dir='ltr'><strong>quales</strong></span> <span class='ocrx_word' id='word_1_580' title='bbox 3317 3361 3529 3416; x_wconf 87' lang='lat' dir='ltr'><strong>Christo</strong></span> <span class='ocrx_word' id='word_1_581' title='bbox 3555 3361 3686 3416; x_wconf 81' lang='lat' dir='ltr'><strong>dici-</strong></span> 
     </span>
    </p>
   </div>
   <div class='ocr_carea' id='block_1_78' title="bbox 2109 3449 3686 3519">
    <p class='ocr_par' dir='ltr' id='par_1_78' title="bbox 2109 3449 3686 3519">
     <span class='ocr_line' id='line_1_78' title="bbox 2109 3449 3686 3519; baseline 0.002 -17"><span class='ocrx_word' id='word_1_582' title='bbox 2109 3449 2176 3503; x_wconf 91' lang='lat' dir='ltr'><strong>tis</strong></span> <span class='ocrx_word' id='word_1_583' title='bbox 2201 3463 2323 3503; x_wconf 91' lang='lat' dir='ltr'><strong>esse</strong></span> <span class='ocrx_word' id='word_1_584' title='bbox 2366 3449 2779 3519; x_wconf 67' lang='lat' dir='ltr'><strong>praeponendos,</strong></span> <span class='ocrx_word' id='word_1_585' title='bbox 2830 3464 2949 3505; x_wconf 90' lang='lat' dir='ltr'><strong>cum</strong></span> <span class='ocrx_word' id='word_1_586' title='bbox 3002 3450 3087 3504; x_wconf 93' lang='lat' dir='ltr'><strong>ille</strong></span> <span class='ocrx_word' id='word_1_587' title='bbox 3118 3465 3215 3506; x_wconf 84' lang='lat' dir='ltr'><strong>nec</strong></span> <span class='ocrx_word' id='word_1_588' title='bbox 3245 3450 3449 3504; x_wconf 90' lang='lat' dir='ltr'><strong>animas</strong></span> <span class='ocrx_word' id='word_1_589' title='bbox 3479 3463 3686 3505; x_wconf 64' lang='lat' dir='ltr'><strong>nosnos</strong></span> 
     </span>
    </p>
   </div>
   <div class='ocr_carea' id='block_1_79' title="bbox 2108 3537 3685 3608">
    <p class='ocr_par' dir='ltr' id='par_1_79' title="bbox 2108 3537 3685 3608">
     <span class='ocr_line' id='line_1_79' title="bbox 2108 3537 3685 3608; baseline -0.001 -16"><span class='ocrx_word' id='word_1_590' title='bbox 2108 3537 2319 3593; x_wconf 84' lang='lat' dir='ltr'><strong>sibimet</strong></span> <span class='ocrx_word' id='word_1_591' title='bbox 2350 3538 2622 3608; x_wconf 69' lang='lat' dir='ltr'><strong>praecipiat</strong></span> <span class='ocrx_word' id='word_1_592' title='bbox 2667 3538 2940 3608; x_wconf 90' lang='lat' dir='ltr'><strong>anteponi.</strong></span> <span class='ocrx_word' id='word_1_593' title='bbox 2992 3539 3102 3593; x_wconf 86' lang='lat' dir='ltr'><strong>imo</strong></span> <span class='ocrx_word' id='word_1_594' title='bbox 3150 3549 3203 3595; x_wconf 91' lang='lat' dir='ltr'><strong>et</strong></span> <span class='ocrx_word' id='word_1_595' title='bbox 3248 3538 3420 3594; x_wconf 87' lang='lat' dir='ltr'><strong>adhuc</strong></span> <span class='ocrx_word' id='word_1_596' title='bbox 3446 3537 3685 3608; x_wconf 63' lang='lat' dir='ltr'><strong>quaeritis</strong></span> 
     </span>
    </p>
   </div>
   <div class='ocr_carea' id='block_1_80' title="bbox 2108 3627 3682 3699">
    <p class='ocr_par' dir='ltr' id='par_1_80' title="bbox 2108 3627 3682 3699">
     <span class='ocr_line' id='line_1_80' title="bbox 2108 3627 3682 3699; baseline 0.002 -19"><span class='ocrx_word' id='word_1_597' title='bbox 2108 3628 2321 3697; x_wconf 85' lang='lat' dir='ltr'><strong>quando</strong></span> <span class='ocrx_word' id='word_1_598' title='bbox 2384 3628 2547 3682; x_wconf 89' lang='lat' dir='ltr'><strong>fuerit</strong></span> <span class='ocrx_word' id='word_1_599' title='bbox 2592 3628 2875 3682; x_wconf 79' lang='lat' dir='ltr'><strong>damnatus</strong></span> <span class='ocrx_word' id='word_1_600' title='bbox 2923 3629 3185 3695; x_wconf 84' lang='lat' dir='ltr'><strong>Acacius,</strong></span> <span class='ocrx_word' id='word_1_601' title='bbox 3244 3627 3396 3699; x_wconf 73' lang='lat' dir='ltr'><strong>quasi</strong></span> <span class='ocrx_word' id='word_1_602' title='bbox 3455 3643 3682 3693; x_wconf 88' lang='lat' dir='ltr'><strong>revera,</strong></span> 
     </span>
    </p>
   </div>
   <div class='ocr_carea' id='block_1_81' title="bbox 2106 3719 3685 3785">
    <p class='ocr_par' dir='ltr' id='par_1_81' title="bbox 2106 3719 3685 3785">
     <span class='ocr_line' id='line_1_81' title="bbox 2106 3719 3685 3785; baseline 0.001 -10"><span class='ocrx_word' id='word_1_603' title='bbox 2106 3719 2315 3775; x_wconf 89' lang='lat' dir='ltr'><strong>etiamsi</strong></span> <span class='ocrx_word' id='word_1_604' title='bbox 2343 3735 2467 3773; x_wconf 90' lang='lat' dir='ltr'><strong>eum</strong></span> <span class='ocrx_word' id='word_1_605' title='bbox 2507 3719 2685 3773; x_wconf 89' lang='lat' dir='ltr'><strong>nullus</strong></span> <span class='ocrx_word' id='word_1_606' title='bbox 2727 3728 2852 3773; x_wconf 88' lang='lat' dir='ltr'><strong>ante</strong></span> <span class='ocrx_word' id='word_1_607' title='bbox 2907 3719 3235 3785; x_wconf 85' lang='lat' dir='ltr'><strong>damnasset,</strong></span> <span class='ocrx_word' id='word_1_608' title='bbox 3285 3735 3392 3776; x_wconf 91' lang='lat' dir='ltr'><strong>non</strong></span> <span class='ocrx_word' id='word_1_609' title='bbox 3441 3720 3685 3777; x_wconf 84' lang='lat' dir='ltr'><strong>debuerit</strong></span> 
     </span>
    </p>
   </div>
   <div class='ocr_carea' id='block_1_82' title="bbox 2105 3807 3683 3881">
    <p class='ocr_par' dir='ltr' id='par_1_82' title="bbox 2105 3807 3683 3881">
     <span class='ocr_line' id='line_1_82' title="bbox 2105 3807 3683 3881; baseline 0.002 -17"><span class='ocrx_word' id='word_1_610' title='bbox 2105 3807 2423 3864; x_wconf 72' lang='lat' dir='ltr'><strong>orthodoxa:</strong></span> <span class='ocrx_word' id='word_1_611' title='bbox 2470 3817 2524 3864; x_wconf 94' lang='lat' dir='ltr'><strong>et</strong></span> <span class='ocrx_word' id='word_1_612' title='bbox 2551 3809 2860 3877; x_wconf 82' lang='lat' dir='ltr'><strong>apostolicae</strong></span> <span class='ocrx_word' id='word_1_613' title='bbox 2889 3811 3277 3864; x_wconf 87' lang='lat' dir='ltr'><strong>communionis</strong></span> <span class='ocrx_word' id='word_1_614' title='bbox 3301 3851 3316 3874; x_wconf 91' lang='lat'><strong>,</strong></span> <span class='ocrx_word' id='word_1_615' title='bbox 3365 3810 3519 3881; x_wconf 85' lang='lat' dir='ltr'><strong>cujus</strong></span> <span class='ocrx_word' id='word_1_616' title='bbox 3547 3825 3683 3880; x_wconf 53' lang='lat' dir='ltr'><strong>prce.</strong></span> 
     </span>
    </p>
   </div>
   <div class='ocr_carea' id='block_1_83' title="bbox 2104 3900 3679 3970">
    <p class='ocr_par' dir='ltr' id='par_1_83' title="bbox 2104 3900 3679 3970">
     <span class='ocr_line' id='line_1_83' title="bbox 2104 3900 3679 3970; baseline -0.001 -16"><span class='ocrx_word' id='word_1_617' title='bbox 2104 3901 2369 3955; x_wconf 89' lang='lat' dir='ltr'><strong>varicator</strong></span> <span class='ocrx_word' id='word_1_618' title='bbox 2396 3900 2598 3956; x_wconf 83' lang='lat' dir='ltr'><strong>exstitit</strong></span> <span class='ocrx_word' id='word_1_619' title='bbox 2628 3910 2682 3955; x_wconf 93' lang='lat' dir='ltr'><strong>et</strong></span> <span class='ocrx_word' id='word_1_620' title='bbox 2711 3900 2980 3967; x_wconf 90' lang='lat' dir='ltr'><strong>desertor,</strong></span> <span class='ocrx_word' id='word_1_621' title='bbox 3010 3900 3419 3970; x_wconf 86' lang='lat' dir='ltr'><strong>participatione</strong></span> <span class='ocrx_word' id='word_1_622' title='bbox 3445 3901 3679 3965; x_wconf 89' lang='lat' dir='ltr'><strong>secludi;</strong></span> 
     </span>
    </p>
   </div>
   <div class='ocr_carea' id='block_1_84' title="bbox 2105 3990 3682 4062">
    <p class='ocr_par' dir='ltr' id='par_1_84' title="bbox 2105 3990 3682 4062">
     <span class='ocr_line' id='line_1_84' title="bbox 2105 3990 3682 4062; baseline -0.001 -16"><span class='ocrx_word' id='word_1_623' title='bbox 2105 3993 2244 4047; x_wconf 88' lang='lat' dir='ltr'><strong>sicut</strong></span> <span class='ocrx_word' id='word_1_624' title='bbox 2284 3991 2443 4047; x_wconf 89' lang='lat' dir='ltr'><strong>etiam</strong></span> <span class='ocrx_word' id='word_1_625' title='bbox 2474 3992 2696 4062; x_wconf 89' lang='lat' dir='ltr'><strong>quilibet</strong></span> <span class='ocrx_word' id='word_1_626' title='bbox 2722 3991 2814 4061; x_wconf 87' lang='lat' dir='ltr'><strong>qui</strong></span> <span class='ocrx_word' id='word_1_627' title='bbox 2862 3992 3019 4045; x_wconf 86' lang='lat' dir='ltr'><strong>fuerit</strong></span> <span class='ocrx_word' id='word_1_628' title='bbox 3044 4000 3167 4046; x_wconf 92' lang='lat' dir='ltr'><strong>ante</strong></span> <span class='ocrx_word' id='word_1_629' title='bbox 3203 3990 3522 4056; x_wconf 83' lang='lat' dir='ltr'><strong>catholicus,</strong></span> <span class='ocrx_word' id='word_1_630' title='bbox 3571 3992 3682 4046; x_wconf 85' lang='lat' dir='ltr'><strong>cui-</strong></span> 
     </span>
    </p>
   </div>
   <div class='ocr_carea' id='block_1_85' title="bbox 2105 4082 3681 4154">
    <p class='ocr_par' dir='ltr' id='par_1_85' title="bbox 2105 4082 3681 4154">
     <span class='ocr_line' id='line_1_85' title="bbox 2105 4082 3681 4154; baseline -0.002 -15"><span class='ocrx_word' id='word_1_631' title='bbox 2105 4098 2313 4154; x_wconf 89' lang='lat' dir='ltr'><strong>cunque</strong></span> <span class='ocrx_word' id='word_1_632' title='bbox 2360 4083 2551 4149; x_wconf 73' lang='lat' dir='ltr'><strong>hteresi</strong></span> <span class='ocrx_word' id='word_1_633' title='bbox 2597 4084 3035 4149; x_wconf 85' lang='lat' dir='ltr'><strong>communicans,</strong></span> <span class='ocrx_word' id='word_1_634' title='bbox 3099 4084 3292 4138; x_wconf 88' lang='lat' dir='ltr'><strong>merito</strong></span> <span class='ocrx_word' id='word_1_635' title='bbox 3336 4082 3606 4151; x_wconf 78' lang='lat' dir='ltr'><strong>iudicatur</strong></span> <span class='ocrx_word' id='word_1_636' title='bbox 3651 4099 3681 4136; x_wconf 89' lang='lat' dir='ltr'><strong>a</strong></span> 
     </span>
    </p>
   </div>
   <div class='ocr_carea' id='block_1_86' title="bbox 2105 4171 3678 4239">
    <p class='ocr_par' dir='ltr' id='par_1_86' title="bbox 2105 4171 3678 4239">
     <span class='ocr_line' id='line_1_86' title="bbox 2105 4171 3678 4239; baseline -0.003 -12"><span class='ocrx_word' id='word_1_637' title='bbox 2105 4183 2287 4229; x_wconf 87' lang='lat' dir='ltr'><strong>nostra</strong></span> <span class='ocrx_word' id='word_1_638' title='bbox 2328 4174 2584 4229; x_wconf 89' lang='lat' dir='ltr'><strong>societate</strong></span> <span class='ocrx_word' id='word_1_639' title='bbox 2629 4174 3012 4239; x_wconf 87' lang='lat' dir='ltr'><strong>removendus;</strong></span> <span class='ocrx_word' id='word_1_640' title='bbox 3065 4183 3157 4227; x_wconf 91' lang='lat' dir='ltr'><strong>aut</strong></span> <span class='ocrx_word' id='word_1_641' title='bbox 3204 4172 3258 4227; x_wconf 93' lang='lat' dir='ltr'><strong>in</strong></span> <span class='ocrx_word' id='word_1_642' title='bbox 3287 4171 3378 4226; x_wconf 89' lang='lat' dir='ltr'><strong>tali</strong></span> <span class='ocrx_word' id='word_1_643' title='bbox 3407 4181 3551 4226; x_wconf 89' lang='lat' dir='ltr'><strong>sorte</strong></span> <span class='ocrx_word' id='word_1_644' title='bbox 3580 4172 3678 4225; x_wconf 72' lang='lat' dir='ltr'><strong>ile-</strong></span> 
     </span>
    </p>
   </div>
   <div class='ocr_carea' id='block_1_87' title="bbox 2104 4264 3675 4331">
    <p class='ocr_par' dir='ltr' id='par_1_87' title="bbox 2104 4264 3675 4331">
     <span class='ocr_line' id='line_1_87' title="bbox 2104 4264 3675 4331; baseline -0.002 -13"><span class='ocrx_word' id='word_1_645' title='bbox 2104 4264 2335 4331; x_wconf 88' lang='lat' dir='ltr'><strong>functus,</strong></span> <span class='ocrx_word' id='word_1_646' title='bbox 2366 4265 2507 4319; x_wconf 87' lang='lat' dir='ltr'><strong>inter</strong></span> <span class='ocrx_word' id='word_1_647' title='bbox 2535 4264 2921 4321; x_wconf 83' lang='lat' dir='ltr'><strong>catholicorum</strong></span> <span class='ocrx_word' id='word_1_648' title='bbox 2954 4264 3168 4318; x_wconf 86' lang='lat' dir='ltr'><strong>nomina</strong></span> <span class='ocrx_word' id='word_1_649' title='bbox 3199 4264 3502 4318; x_wconf 87' lang='lat' dir='ltr'><strong>nullatenus</strong></span> <span class='ocrx_word' id='word_1_650' title='bbox 3527 4278 3675 4317; x_wconf 86' lang='lat' dir='ltr'><strong>com-</strong></span> 
     </span>
    </p>
   </div>
   <div class='ocr_carea' id='block_1_88' title="bbox 432 4350 3679 4430">
    <p class='ocr_par' dir='ltr' id='par_1_88' title="bbox 432 4350 3679 4430">
     <span class='ocr_line' id='line_1_88' title="bbox 432 4350 3679 4430; baseline 0.003 -29"><span class='ocrx_word' id='word_1_651' title='bbox 432 4367 564 4423; x_wconf 83' lang='lat' dir='ltr'><strong>quos</strong></span> <span class='ocrx_word' id='word_1_652' title='bbox 605 4352 909 4419; x_wconf 84' lang='lat' dir='ltr'><strong>baptizavit,</strong></span> <span class='ocrx_word' id='word_1_653' title='bbox 956 4366 1090 4420; x_wconf 90' lang='lat' dir='ltr'><strong>quos</strong></span> <span class='ocrx_word' id='word_1_654' title='bbox 1131 4350 1398 4404; x_wconf 75' lang='lat' dir='ltr'><strong>ordinavit</strong></span> <span class='ocrx_word' id='word_1_655' title='bbox 1438 4351 1686 4415; x_wconf 77' lang='lat' dir='ltr'><strong>Aeacius,</strong></span> <span class='ocrx_word' id='word_1_656' title='bbox 1735 4352 1997 4420; x_wconf 88' lang='lat' dir='ltr'><strong>majorum</strong></span> <span class='ocrx_word' id='word_1_657' title='bbox 2030 4422 2070 4430; x_wconf 79' lang='lat'><strong><em>_</em></strong></span> <span class='ocrx_word' id='word_1_658' title='bbox 2102 4360 2299 4430; x_wconf 89' lang='lat' dir='ltr'><strong>putari.</strong></span> <span class='ocrx_word' id='word_1_659' title='bbox 2350 4360 2603 4415; x_wconf 87' lang='lat' dir='ltr'><strong>Miramur</strong></span> <span class='ocrx_word' id='word_1_660' title='bbox 2633 4368 2808 4414; x_wconf 88' lang='lat' dir='ltr'><strong>tamen</strong></span> <span class='ocrx_word' id='word_1_661' title='bbox 2840 4357 3105 4428; x_wconf 89' lang='lat' dir='ltr'><strong>quomodo</strong></span> <span class='ocrx_word' id='word_1_662' title='bbox 3146 4357 3245 4411; x_wconf 89' lang='lat' dir='ltr'><strong>ista</strong></span> <span class='ocrx_word' id='word_1_663' title='bbox 3276 4355 3547 4426; x_wconf 88' lang='lat' dir='ltr'><strong>profertis,</strong></span> <span class='ocrx_word' id='word_1_664' title='bbox 3579 4356 3679 4410; x_wconf 89' lang='lat' dir='ltr'><strong>hoc</strong></span> 
     </span>
    </p>
   </div>
   <div class='ocr_carea' id='block_1_89' title="bbox 433 4422 3680 4522">
    <p class='ocr_par' dir='ltr' id='par_1_89' title="bbox 433 4422 3680 4522">
     <span class='ocr_line' id='line_1_89' title="bbox 433 4422 3680 4522; baseline 0.001 -23"><span class='ocrx_word' id='word_1_665' title='bbox 433 4422 717 4499; x_wconf 85' lang='lat' dir='ltr'><strong>traditione</strong></span> <span class='ocrx_word' id='word_1_666' title='bbox 757 4442 1055 4517; x_wconf 84' lang='lat' dir='ltr'><strong>confectam</strong></span> <span class='ocrx_word' id='word_1_667' title='bbox 1097 4450 1151 4496; x_wconf 92' lang='lat' dir='ltr'><strong>et</strong></span> <span class='ocrx_word' id='word_1_668' title='bbox 1177 4458 1383 4503; x_wconf 86' lang='lat' dir='ltr'><strong>veram,</strong></span> <span class='ocrx_word' id='word_1_669' title='bbox 1436 4443 1699 4510; x_wconf 60' lang='lat' dir='ltr'><strong>praecipue</strong></span> <span class='ocrx_word' id='word_1_670' title='bbox 1740 4444 2002 4513; x_wconf 66' lang='lat' dir='ltr'><strong>religiosa:</strong></span> <span class='ocrx_word' id='word_1_671' title='bbox 2030 4422 2079 4481; x_wconf 79' lang='lat' dir='ltr'>D</span> <span class='ocrx_word' id='word_1_672' title='bbox 2106 4422 2190 4507; x_wconf 66' lang='lat' dir='ltr'><strong>est</strong></span> <span class='ocrx_word' id='word_1_673' title='bbox 2211 4460 2265 4507; x_wconf 89' lang='lat' dir='ltr'><strong>et</strong></span> <span class='ocrx_word' id='word_1_674' title='bbox 2308 4451 2568 4522; x_wconf 88' lang='lat' dir='ltr'><strong>synodum</strong></span> <span class='ocrx_word' id='word_1_675' title='bbox 2609 4422 3099 4505; x_wconf 81' lang='lat' dir='ltr'><strong>Chalcedonensem</strong></span> <span class='ocrx_word' id='word_1_676' title='bbox 3134 4463 3229 4502; x_wconf 89' lang='lat' dir='ltr'><strong>vos</strong></span> <span class='ocrx_word' id='word_1_677' title='bbox 3272 4422 3543 4516; x_wconf 74' lang='lat' dir='ltr'><strong>suscipere</strong></span> <span class='ocrx_word' id='word_1_678' title='bbox 3585 4464 3680 4517; x_wconf 90' lang='lat' dir='ltr'><strong>pro</strong></span> 
     </span>
    </p>
   </div>
   <div class='ocr_carea' id='block_1_90' title="bbox 431 4530 2005 4600">
    <p class='ocr_par' dir='ltr' id='par_1_90' title="bbox 431 4530 2005 4600">
     <span class='ocr_line' id='line_1_90' title="bbox 431 4530 2005 4600; baseline -0.001 -10"><span class='ocrx_word' id='word_1_679' title='bbox 431 4532 778 4590; x_wconf 87' lang='lat' dir='ltr'><strong>sollicitudini</strong></span> <span class='ocrx_word' id='word_1_680' title='bbox 794 4545 1079 4600; x_wconf 87' lang='lat' dir='ltr'><strong>congruam</strong></span> <span class='ocrx_word' id='word_1_681' title='bbox 1105 4530 1406 4599; x_wconf 69' lang='lat' dir='ltr'><strong>prmbemus</strong></span> <span class='ocrx_word' id='word_1_682' title='bbox 1427 4533 1545 4585; x_wconf 92' lang='lat' dir='ltr'><strong>sine</strong></span> <span class='ocrx_word' id='word_1_683' title='bbox 1565 4531 1876 4587; x_wconf 87' lang='lat' dir='ltr'><strong>difﬁcultate</strong></span> <span class='ocrx_word' id='word_1_684' title='bbox 1898 4548 2005 4588; x_wconf 92' lang='lat' dir='ltr'><strong>me-</strong></span> 
     </span>
    </p>
   </div>
   <div class='ocr_carea' id='block_1_91' title="bbox 431 4621 2000 4690">
    <p class='ocr_par' dir='ltr' id='par_1_91' title="bbox 431 4621 2000 4690">
     <span class='ocr_line' id='line_1_91' title="bbox 431 4621 2000 4690; baseline -0.002 -9"><span class='ocrx_word' id='word_1_685' title='bbox 431 4628 680 4681; x_wconf 91' lang='lat' dir='ltr'><strong>dicinam.</strong></span> <span class='ocrx_word' id='word_1_686' title='bbox 709 4626 824 4690; x_wconf 87' lang='lat' dir='ltr'><strong>Quo</strong></span> <span class='ocrx_word' id='word_1_687' title='bbox 846 4637 944 4675; x_wconf 90' lang='lat' dir='ltr'><strong>nos</strong></span> <span class='ocrx_word' id='word_1_688' title='bbox 975 4622 1133 4675; x_wconf 78' lang='lat' dir='ltr'><strong>vultis</strong></span> <span class='ocrx_word' id='word_1_689' title='bbox 1155 4621 1290 4675; x_wconf 90' lang='lat' dir='ltr'><strong>ultra</strong></span> <span class='ocrx_word' id='word_1_690' title='bbox 1313 4622 1672 4677; x_wconf 88' lang='lat' dir='ltr'><strong>descendere?</strong></span> <span class='ocrx_word' id='word_1_691' title='bbox 1693 4624 1830 4688; x_wconf 83' lang='lat' dir='ltr'><strong>Quid</strong></span> <span class='ocrx_word' id='word_1_692' title='bbox 1855 4633 2000 4678; x_wconf 86' lang='lat' dir='ltr'><strong>tace-</strong></span> 
     </span>
    </p>
   </div>
   <div class='ocr_carea' id='block_1_92' title="bbox 431 4712 2005 4783">
    <p class='ocr_par' dir='ltr' id='par_1_92' title="bbox 431 4712 2005 4783">
     <span class='ocr_line' id='line_1_92' title="bbox 431 4712 2005 4783; baseline -0.002 -11"><span class='ocrx_word' id='word_1_693' title='bbox 431 4718 531 4772; x_wconf 86' lang='lat' dir='ltr'><strong>tis?</strong></span> <span class='ocrx_word' id='word_1_694' title='bbox 555 4716 687 4783; x_wconf 87' lang='lat' dir='ltr'><strong>Quid</strong></span> <span class='ocrx_word' id='word_1_695' title='bbox 716 4712 1144 4770; x_wconf 83' lang='lat' dir='ltr'><strong>verecundamini</strong></span> <span class='ocrx_word' id='word_1_696' title='bbox 1165 4714 1340 4766; x_wconf 88' lang='lat' dir='ltr'><strong>verbis</strong></span> <span class='ocrx_word' id='word_1_697' title='bbox 1368 4713 1667 4781; x_wconf 81' lang='lat' dir='ltr'><strong>exprimere</strong></span> <span class='ocrx_word' id='word_1_698' title='bbox 1685 4713 1825 4783; x_wconf 91' lang='lat' dir='ltr'><strong>quod</strong></span> <span class='ocrx_word' id='word_1_699' title='bbox 1841 4714 2005 4770; x_wconf 92' lang='lat' dir='ltr'><strong>corde</strong></span> 
     </span>
    </p>
   </div>
   <div class='ocr_carea' id='block_1_93' title="bbox 428 4802 2007 4879">
    <p class='ocr_par' dir='ltr' id='par_1_93' title="bbox 428 4802 2007 4879">
     <span class='ocr_line' id='line_1_93' title="bbox 428 4802 2007 4879; baseline -0.001 -18"><span class='ocrx_word' id='word_1_700' title='bbox 428 4807 687 4879; x_wconf 82' lang='lat' dir='ltr'><strong>gestatis?</strong></span> <span class='ocrx_word' id='word_1_701' title='bbox 716 4805 831 4874; x_wconf 86' lang='lat' dir='ltr'><strong>Ipsa</strong></span> <span class='ocrx_word' id='word_1_702' title='bbox 862 4819 958 4858; x_wconf 91' lang='lat' dir='ltr'><strong>vos</strong></span> <span class='ocrx_word' id='word_1_703' title='bbox 986 4803 1173 4857; x_wconf 91' lang='lat' dir='ltr'><strong>saltem</strong></span> <span class='ocrx_word' id='word_1_704' title='bbox 1207 4802 1546 4867; x_wconf 88' lang='lat' dir='ltr'><strong>verecundia,</strong></span> <span class='ocrx_word' id='word_1_705' title='bbox 1587 4803 1726 4872; x_wconf 90' lang='lat' dir='ltr'><strong>quod</strong></span> <span class='ocrx_word' id='word_1_706' title='bbox 1759 4818 2007 4859; x_wconf 91' lang='lat' dir='ltr'><strong>nonnun-</strong></span> 
     </span>
    </p>
   </div>
   <div class='ocr_carea' id='block_1_94' title="bbox 424 4891 2000 4965">
    <p class='ocr_par' dir='ltr' id='par_1_94' title="bbox 424 4891 2000 4965">
     <span class='ocr_line' id='line_1_94' title="bbox 424 4891 2000 4965; baseline -0.003 -14"><span class='ocrx_word' id='word_1_707' title='bbox 424 4912 582 4965; x_wconf 88' lang='lat' dir='ltr'><strong>quam</strong></span> <span class='ocrx_word' id='word_1_708' title='bbox 613 4895 690 4961; x_wconf 85' lang='lat' dir='ltr'><strong>iit,</strong></span> <span class='ocrx_word' id='word_1_709' title='bbox 724 4894 903 4948; x_wconf 89' lang='lat' dir='ltr'><strong>debuit</strong></span> <span class='ocrx_word' id='word_1_710' title='bbox 931 4907 1294 4947; x_wconf 91' lang='lat' dir='ltr'><strong>commonere.</strong></span> <span class='ocrx_word' id='word_1_711' title='bbox 1327 4894 1407 4946; x_wconf 83' lang='lat' dir='ltr'><strong>Au</strong></span> <span class='ocrx_word' id='word_1_712' title='bbox 1438 4892 1679 4959; x_wconf 89' lang='lat' dir='ltr'><strong>forsitan,</strong></span> <span class='ocrx_word' id='word_1_713' title='bbox 1702 4903 1759 4947; x_wconf 89' lang='lat' dir='ltr'><strong>ut</strong></span> <span class='ocrx_word' id='word_1_714' title='bbox 1786 4891 2000 4950; x_wconf 67' lang='lat' dir='ltr'><strong>haereti-</strong></span> 
     </span>
    </p>
   </div>
   <div class='ocr_carea' id='block_1_95' title="bbox 426 4981 1996 5052">
    <p class='ocr_par' dir='ltr' id='par_1_95' title="bbox 426 4981 1996 5052">
     <span class='ocr_line' id='line_1_95' title="bbox 426 4981 1996 5052; baseline -0.001 -12"><span class='ocrx_word' id='word_1_715' title='bbox 426 5002 611 5040; x_wconf 90' lang='lat' dir='ltr'><strong>corum</strong></span> <span class='ocrx_word' id='word_1_716' title='bbox 638 4985 1118 5052; x_wconf 89' lang='lat' dir='ltr'><strong>damnatorumque</strong></span> <span class='ocrx_word' id='word_1_717' title='bbox 1157 4991 1210 5037; x_wconf 89' lang='lat' dir='ltr'><strong>et</strong></span> <span class='ocrx_word' id='word_1_718' title='bbox 1237 4981 1318 5035; x_wconf 90' lang='lat' dir='ltr'><strong>bis</strong></span> <span class='ocrx_word' id='word_1_719' title='bbox 1348 4982 1433 5037; x_wconf 91' lang='lat' dir='ltr'><strong>vel</strong></span> <span class='ocrx_word' id='word_1_720' title='bbox 1459 4997 1642 5037; x_wconf 91' lang='lat' dir='ltr'><strong>eorum</strong></span> <span class='ocrx_word' id='word_1_721' title='bbox 1670 4986 1996 5039; x_wconf 87' lang='lat' dir='ltr'><strong>successori-</strong></span> 
     </span>
    </p>
   </div>
   <div class='ocr_carea' id='block_1_96' title="bbox 426 5075 1998 5133">
    <p class='ocr_par' dir='ltr' id='par_1_96' title="bbox 426 5075 1998 5133">
     <span class='ocr_line' id='line_1_96' title="bbox 426 5075 1998 5133; baseline -0.001 0"><span class='ocrx_word' id='word_1_722' title='bbox 426 5082 525 5133; x_wconf 86' lang='lat' dir='ltr'><strong>bus</strong></span> <span class='ocrx_word' id='word_1_723' title='bbox 554 5075 1057 5132; x_wconf 89' lang='lat' dir='ltr'><strong>communicantium</strong></span> <span class='ocrx_word' id='word_1_724' title='bbox 1086 5075 1301 5129; x_wconf 87' lang='lat' dir='ltr'><strong>nomina</strong></span> <span class='ocrx_word' id='word_1_725' title='bbox 1327 5075 1723 5130; x_wconf 90' lang='lat' dir='ltr'><strong>consentiamus</strong></span> <span class='ocrx_word' id='word_1_726' title='bbox 1753 5075 1998 5132; x_wconf 85' lang='lat' dir='ltr'><strong>admitti?</strong></span> 
     </span>
    </p>
   </div>
   <div class='ocr_carea' id='block_1_97' title="bbox 430 5165 1997 5234">
    <p class='ocr_par' dir='ltr' id='par_1_97' title="bbox 430 5165 1997 5234">
     <span class='ocr_line' id='line_1_97' title="bbox 430 5165 1997 5234; baseline 0 -10"><span class='ocrx_word' id='word_1_727' title='bbox 430 5172 539 5224; x_wconf 91' lang='lat' dir='ltr'><strong>Iloc</strong></span> <span class='ocrx_word' id='word_1_728' title='bbox 577 5185 685 5224; x_wconf 89' lang='lat' dir='ltr'><strong>non</strong></span> <span class='ocrx_word' id='word_1_729' title='bbox 715 5176 799 5223; x_wconf 89' lang='lat' dir='ltr'><strong>est</strong></span> <span class='ocrx_word' id='word_1_730' title='bbox 836 5165 1268 5221; x_wconf 89' lang='lat' dir='ltr'><strong>condescendere</strong></span> <span class='ocrx_word' id='word_1_731' title='bbox 1295 5165 1359 5220; x_wconf 90' lang='lat' dir='ltr'><strong>ad</strong></span> <span class='ocrx_word' id='word_1_732' title='bbox 1409 5166 1851 5234; x_wconf 86' lang='lat' dir='ltr'><strong>subveniendum,</strong></span> <span class='ocrx_word' id='word_1_733' title='bbox 1903 5168 1997 5223; x_wconf 91' lang='lat' dir='ltr'><strong>sed</strong></span> 
     </span>
    </p>
   </div>
   <div class='ocr_carea' id='block_1_98' title="bbox 426 5256 1994 5327">
    <p class='ocr_par' dir='ltr' id='par_1_98' title="bbox 426 5256 1994 5327">
     <span class='ocr_line' id='line_1_98' title="bbox 426 5256 1994 5327; baseline -0.001 -11"><span class='ocrx_word' id='word_1_734' title='bbox 426 5261 701 5317; x_wconf 90' lang='lat' dir='ltr'><strong>evidenter</strong></span> <span class='ocrx_word' id='word_1_735' title='bbox 746 5260 798 5312; x_wconf 92' lang='lat' dir='ltr'><strong>in</strong></span> <span class='ocrx_word' id='word_1_736' title='bbox 843 5257 1047 5312; x_wconf 85' lang='lat' dir='ltr'><strong>inferna</strong></span> <span class='ocrx_word' id='word_1_737' title='bbox 1093 5256 1348 5327; x_wconf 88' lang='lat' dir='ltr'><strong>demergi.</strong></span> <span class='ocrx_word' id='word_1_738' title='bbox 1420 5257 1646 5323; x_wconf 85' lang='lat' dir='ltr'><strong>Parcite,</strong></span> <span class='ocrx_word' id='word_1_739' title='bbox 1694 5272 1897 5327; x_wconf 63' lang='lat' dir='ltr'><strong>quaeso,</strong></span> <span class='ocrx_word' id='word_1_740' title='bbox 1942 5272 1994 5315; x_wconf 90' lang='lat' dir='ltr'><strong>et</strong></span> 
     </span>
    </p>
   </div>
   <div class='ocr_carea' id='block_1_99' title="bbox 429 5350 1992 5419">
    <p class='ocr_par' dir='ltr' id='par_1_99' title="bbox 429 5350 1992 5419">
     <span class='ocr_line' id='line_1_99' title="bbox 429 5350 1992 5419; baseline -0.001 -9"><span class='ocrx_word' id='word_1_741' title='bbox 429 5356 581 5410; x_wconf 84' lang='lat' dir='ltr'><strong>nobis</strong></span> <span class='ocrx_word' id='word_1_742' title='bbox 604 5362 658 5409; x_wconf 89' lang='lat' dir='ltr'><strong>et</strong></span> <span class='ocrx_word' id='word_1_743' title='bbox 681 5353 848 5407; x_wconf 87' lang='lat' dir='ltr'><strong>vobis.</strong></span> <span class='ocrx_word' id='word_1_744' title='bbox 880 5351 1031 5419; x_wconf 83' lang='lat' dir='ltr'><strong>Quod</strong></span> <span class='ocrx_word' id='word_1_745' title='bbox 1062 5351 1107 5405; x_wconf 87' lang='lat' dir='ltr'><strong>si</strong></span> <span class='ocrx_word' id='word_1_746' title='bbox 1134 5366 1313 5404; x_wconf 93' lang='lat' dir='ltr'><strong>curam</strong></span> <span class='ocrx_word' id='word_1_747' title='bbox 1343 5350 1505 5405; x_wconf 89' lang='lat' dir='ltr'><strong>vestri</strong></span> <span class='ocrx_word' id='word_1_748' title='bbox 1527 5351 1660 5405; x_wconf 86' lang='lat' dir='ltr'><strong>adeo</strong></span> <span class='ocrx_word' id='word_1_749' title='bbox 1691 5365 1795 5406; x_wconf 90' lang='lat' dir='ltr'><strong>non</strong></span> <span class='ocrx_word' id='word_1_750' title='bbox 1825 5351 1992 5408; x_wconf 87' lang='lat' dir='ltr'><strong>habe-</strong></span> 
     </span>
    </p>
   </div>
   <div class='ocr_carea' id='block_1_100' title="bbox 429 5441 1993 5514">
    <p class='ocr_par' dir='ltr' id='par_1_100' title="bbox 429 5441 1993 5514">
     <span class='ocr_line' id='line_1_100' title="bbox 429 5441 1993 5514; baseline 0 -14"><span class='ocrx_word' id='word_1_751' title='bbox 429 5447 518 5502; x_wconf 90' lang='lat' dir='ltr'><strong>tis.</strong></span> <span class='ocrx_word' id='word_1_752' title='bbox 547 5447 669 5502; x_wconf 90' lang='lat' dir='ltr'><strong>date</strong></span> <span class='ocrx_word' id='word_1_753' title='bbox 697 5444 902 5499; x_wconf 86' lang='lat' dir='ltr'><strong>veniam</strong></span> <span class='ocrx_word' id='word_1_754' title='bbox 934 5441 1105 5498; x_wconf 89' lang='lat' dir='ltr'><strong>nobis.</strong></span> <span class='ocrx_word' id='word_1_755' title='bbox 1155 5441 1344 5497; x_wconf 87' lang='lat' dir='ltr'><strong>Dolere</strong></span> <span class='ocrx_word' id='word_1_756' title='bbox 1373 5451 1426 5497; x_wconf 91' lang='lat' dir='ltr'><strong>ct</strong></span> <span class='ocrx_word' id='word_1_757' title='bbox 1458 5443 1589 5499; x_wconf 76' lang='lat' dir='ltr'><strong>[lere</strong></span> <span class='ocrx_word' id='word_1_758' title='bbox 1619 5456 1904 5514; x_wconf 84' lang='lat' dir='ltr'><strong>possumus</strong></span> <span class='ocrx_word' id='word_1_759' title='bbox 1939 5454 1993 5500; x_wconf 92' lang='lat' dir='ltr'><strong>et</strong></span> 
     </span>
    </p>
   </div>
   <div class='ocr_carea' id='block_1_101' title="bbox 499 5616 1531 5688">
    <p class='ocr_par' dir='ltr' id='par_1_101' title="bbox 499 5616 1531 5688">
     <span class='ocr_line' id='line_1_101' title="bbox 499 5616 1531 5688; baseline -0.005 -10"><span class='ocrx_word' id='word_1_760' title='bbox 499 5628 515 5654; x_wconf 82' lang='grc'>³</span> <span class='ocrx_word' id='word_1_761' title='bbox 557 5627 715 5678; x_wconf 71' lang='lat' dir='ltr'><strong>Forte</strong></span> <span class='ocrx_word' id='word_1_762' title='bbox 741 5622 981 5688; x_wconf 59' lang='lat' dir='ltr'><strong>rectius,</strong></span> <span class='ocrx_word' id='word_1_763' title='bbox 1004 5619 1064 5672; x_wconf 81' lang='lat' dir='ltr'><strong>At</strong></span> <span class='ocrx_word' id='word_1_764' title='bbox 1094 5619 1239 5673; x_wconf 80' lang='lat' dir='ltr'><strong>dicis.</strong></span> <span class='ocrx_word' id='word_1_765' title='bbox 1272 5616 1531 5674; x_wconf 59' lang='lat' dir='ltr'><strong>iisunum.</strong></span> 
     </span>
    </p>
   </div>
   <div class='ocr_carea' id='block_1_102' title="bbox 2109 4538 3678 4608">
    <p class='ocr_par' dir='ltr' id='par_1_102' title="bbox 2109 4538 3678 4608">
     <span class='ocr_line' id='line_1_102' title="bbox 2109 4538 3678 4608; baseline -0.003 -15"><span class='ocrx_word' id='word_1_766' title='bbox 2109 4540 2213 4594; x_wconf 87' lang='lat' dir='ltr'><strong>ﬁde</strong></span> <span class='ocrx_word' id='word_1_767' title='bbox 2243 4540 2501 4594; x_wconf 85' lang='lat' dir='ltr'><strong>catlwlica</strong></span> <span class='ocrx_word' id='word_1_768' title='bbox 2532 4538 2920 4608; x_wconf 85' lang='lat' dir='ltr'><strong>profiteamini;</strong></span> <span class='ocrx_word' id='word_1_769' title='bbox 2970 4547 3024 4593; x_wconf 91' lang='lat' dir='ltr'><strong>et</strong></span> <span class='ocrx_word' id='word_1_770' title='bbox 3066 4552 3159 4592; x_wconf 90' lang='lat' dir='ltr'><strong>eos</strong></span> <span class='ocrx_word' id='word_1_771' title='bbox 3202 4552 3337 4607; x_wconf 89' lang='lat' dir='ltr'><strong>quos</strong></span> <span class='ocrx_word' id='word_1_772' title='bbox 3385 4540 3678 4599; x_wconf 86' lang='lat' dir='ltr'><strong>damnavit,</strong></span> 
     </span>
    </p>
   </div>
   <div class='ocr_carea' id='block_1_103' title="bbox 2109 4628 3679 4697">
    <p class='ocr_par' dir='ltr' id='par_1_103' title="bbox 2109 4628 3679 4697">
     <span class='ocr_line' id='line_1_103' title="bbox 2109 4628 3679 4697; baseline -0.003 -11"><span class='ocrx_word' id='word_1_773' title='bbox 2109 4631 2423 4686; x_wconf 88' lang='lat' dir='ltr'><strong>sectantium</strong></span> <span class='ocrx_word' id='word_1_774' title='bbox 2474 4630 2976 4694; x_wconf 80' lang='lat' dir='ltr'><strong>communicatores,</strong></span> <span class='ocrx_word' id='word_1_775' title='bbox 3026 4642 3132 4682; x_wconf 92' lang='lat' dir='ltr'><strong>non</strong></span> <span class='ocrx_word' id='word_1_776' title='bbox 3163 4628 3555 4697; x_wconf 89' lang='lat' dir='ltr'><strong>particulariter</strong></span> <span class='ocrx_word' id='word_1_777' title='bbox 3589 4643 3679 4696; x_wconf 85' lang='lat' dir='ltr'><strong>ge-</strong></span> 
     </span>
    </p>
   </div>
   <div class='ocr_carea' id='block_1_104' title="bbox 2111 4716 3679 4787">
    <p class='ocr_par' dir='ltr' id='par_1_104' title="bbox 2111 4716 3679 4787">
     <span class='ocr_line' id='line_1_104' title="bbox 2111 4716 3679 4787; baseline -0.002 -13"><span class='ocrx_word' id='word_1_778' title='bbox 2111 4721 2465 4785; x_wconf 71' lang='lat' dir='ltr'><strong>neralitt-rque</strong></span> <span class='ocrx_word' id='word_1_779' title='bbox 2490 4721 2684 4787; x_wconf 87' lang='lat' dir='ltr'><strong>putetis</strong></span> <span class='ocrx_word' id='word_1_780' title='bbox 2713 4719 2874 4771; x_wconf 75' lang='lat' dir='ltr'><strong>fuisse</strong></span> <span class='ocrx_word' id='word_1_781' title='bbox 2904 4717 3205 4771; x_wconf 86' lang='lat' dir='ltr'><strong>damnatos.</strong></span> <span class='ocrx_word' id='word_1_782' title='bbox 3255 4716 3531 4772; x_wconf 86' lang='lat' dir='ltr'><strong>Ostendite</strong></span> <span class='ocrx_word' id='word_1_783' title='bbox 3551 4731 3679 4785; x_wconf 81' lang='lat' dir='ltr'><strong>ergo</strong></span> 
     </span>
    </p>
   </div>
   <div class='ocr_carea' id='block_1_105' title="bbox 2109 4807 3679 4879">
    <p class='ocr_par' dir='ltr' id='par_1_105' title="bbox 2109 4807 3679 4879">
     <span class='ocr_line' id='line_1_105' title="bbox 2109 4807 3679 4879; baseline -0.002 -16"><span class='ocrx_word' id='word_1_784' title='bbox 2109 4825 2229 4879; x_wconf 76' lang='lat' dir='ltr'><strong>quae</strong></span> <span class='ocrx_word' id='word_1_785' title='bbox 2269 4808 2503 4878; x_wconf 87' lang='lat' dir='ltr'><strong>synodus</strong></span> <span class='ocrx_word' id='word_1_786' title='bbox 2547 4807 2599 4860; x_wconf 93' lang='lat' dir='ltr'><strong>in</strong></span> <span class='ocrx_word' id='word_1_787' title='bbox 2644 4822 2962 4876; x_wconf 79' lang='lat' dir='ltr'><strong>unaquaque</strong></span> <span class='ocrx_word' id='word_1_788' title='bbox 3010 4807 3196 4861; x_wconf 70' lang='lat' dir='ltr'><strong>haeresi</strong></span> <span class='ocrx_word' id='word_1_789' title='bbox 3244 4821 3362 4859; x_wconf 89' lang='lat' dir='ltr'><strong>cum</strong></span> <span class='ocrx_word' id='word_1_790' title='bbox 3408 4807 3679 4860; x_wconf 90' lang='lat' dir='ltr'><strong>erroribus</strong></span> 
     </span>
    </p>
   </div>
   <div class='ocr_carea' id='block_1_106' title="bbox 2104 4896 3675 4966">
    <p class='ocr_par' dir='ltr' id='par_1_106' title="bbox 2104 4896 3675 4966">
     <span class='ocr_line' id='line_1_106' title="bbox 2104 4896 3675 4966; baseline -0.001 -12"><span class='ocrx_word' id='word_1_791' title='bbox 2104 4915 2440 4955; x_wconf 87' lang='lat' dir='ltr'><strong>successores</strong></span> <span class='ocrx_word' id='word_1_792' title='bbox 2452 4914 2636 4955; x_wconf 90' lang='lat' dir='ltr'><strong>eorum</strong></span> <span class='ocrx_word' id='word_1_793' title='bbox 2651 4899 2731 4953; x_wconf 90' lang='lat' dir='ltr'><strong>his</strong></span> <span class='ocrx_word' id='word_1_794' title='bbox 2744 4899 3197 4953; x_wconf 89' lang='lat' dir='ltr'><strong>communicantes</strong></span> <span class='ocrx_word' id='word_1_795' title='bbox 3213 4896 3474 4966; x_wconf 86' lang='lat' dir='ltr'><strong>simulque</strong></span> <span class='ocrx_word' id='word_1_796' title='bbox 3490 4913 3675 4953; x_wconf 88' lang='lat' dir='ltr'><strong>omnes</strong></span> 
     </span>
    </p>
   </div>
   <div class='ocr_carea' id='block_1_107' title="bbox 2103 4987 3676 5057">
    <p class='ocr_par' dir='ltr' id='par_1_107' title="bbox 2103 4987 3676 5057">
     <span class='ocr_line' id='line_1_107' title="bbox 2103 4987 3676 5057; baseline -0.003 -12"><span class='ocrx_word' id='word_1_797' title='bbox 2103 5005 2208 5045; x_wconf 90' lang='lat' dir='ltr'><strong>non</strong></span> <span class='ocrx_word' id='word_1_798' title='bbox 2236 4991 2455 5045; x_wconf 89' lang='lat' dir='ltr'><strong>damnet</strong></span> <span class='ocrx_word' id='word_1_799' title='bbox 2484 4998 2533 5043; x_wconf 77' lang='lat' dir='ltr'><strong>ct</strong></span> <span class='ocrx_word' id='word_1_800' title='bbox 2562 4988 2872 5057; x_wconf 89' lang='lat' dir='ltr'><strong>complices.</strong></span> <span class='ocrx_word' id='word_1_801' title='bbox 2905 4989 3083 5057; x_wconf 88' lang='lat' dir='ltr'><strong>Itaque</strong></span> <span class='ocrx_word' id='word_1_802' title='bbox 3112 4987 3203 5041; x_wconf 85' lang='lat' dir='ltr'><strong>illo</strong></span> <span class='ocrx_word' id='word_1_803' title='bbox 3229 4997 3406 5042; x_wconf 87' lang='lat' dir='ltr'><strong>vester</strong></span> <span class='ocrx_word' id='word_1_804' title='bbox 3427 4988 3676 5056; x_wconf 83' lang='lat' dir='ltr'><strong>Aeacius,</strong></span> 
     </span>
    </p>
   </div>
   <div class='ocr_carea' id='block_1_108' title="bbox 2100 5078 3677 5152">
    <p class='ocr_par' dir='ltr' id='par_1_108' title="bbox 2100 5078 3677 5152">
     <span class='ocr_line' id='line_1_108' title="bbox 2100 5078 3677 5152; baseline -0.002 -17"><span class='ocrx_word' id='word_1_805' title='bbox 2100 5084 2190 5152; x_wconf 89' lang='lat' dir='ltr'><strong>qui</strong></span> <span class='ocrx_word' id='word_1_806' title='bbox 2237 5081 2579 5152; x_wconf 85' lang='lat' dir='ltr'><strong>Eutychianis</strong></span> <span class='ocrx_word' id='word_1_807' title='bbox 2621 5079 2890 5133; x_wconf 66' lang='lat' dir='ltr'><strong>haereticis</strong></span> <span class='ocrx_word' id='word_1_808' title='bbox 2951 5078 3251 5133; x_wconf 51' lang='lat' dir='ltr'><strong>detestabili</strong></span> <span class='ocrx_word' id='word_1_809' title='bbox 3302 5080 3677 5134; x_wconf 89' lang='lat' dir='ltr'><strong>communione</strong></span> 
     </span>
    </p>
   </div>
   <div class='ocr_carea' id='block_1_109' title="bbox 2104 5169 3677 5241">
    <p class='ocr_par' dir='ltr' id='par_1_109' title="bbox 2104 5169 3677 5241">
     <span class='ocr_line' id='line_1_109' title="bbox 2104 5169 3677 5241; baseline 0 -16"><span class='ocrx_word' id='word_1_810' title='bbox 2104 5172 2272 5226; x_wconf 79' lang='lat' dir='ltr'><strong>factus</strong></span> <span class='ocrx_word' id='word_1_811' title='bbox 2299 5182 2381 5226; x_wconf 87' lang='lat' dir='ltr'><strong>est</strong></span> <span class='ocrx_word' id='word_1_812' title='bbox 2422 5171 2706 5241; x_wconf 89' lang='lat' dir='ltr'><strong>particeps,</strong></span> <span class='ocrx_word' id='word_1_813' title='bbox 2755 5170 2823 5226; x_wconf 89' lang='lat' dir='ltr'><strong>ab</strong></span> <span class='ocrx_word' id='word_1_814' title='bbox 2852 5171 3037 5225; x_wconf 87' lang='lat' dir='ltr'><strong>eadem</strong></span> <span class='ocrx_word' id='word_1_815' title='bbox 3082 5170 3287 5240; x_wconf 81' lang='lat' dir='ltr'><strong>synodo</strong></span> <span class='ocrx_word' id='word_1_816' title='bbox 3325 5170 3442 5224; x_wconf 91' lang='lat' dir='ltr'><strong>sine</strong></span> <span class='ocrx_word' id='word_1_817' title='bbox 3472 5169 3677 5225; x_wconf 86' lang='lat' dir='ltr'><strong>dubita-</strong></span> 
     </span>
    </p>
   </div>
   <div class='ocr_carea' id='block_1_110' title="bbox 2102 5259 3677 5331">
    <p class='ocr_par' dir='ltr' id='par_1_110' title="bbox 2102 5259 3677 5331">
     <span class='ocr_line' id='line_1_110' title="bbox 2102 5259 3677 5331; baseline -0.001 -14"><span class='ocrx_word' id='word_1_818' title='bbox 2102 5263 2246 5317; x_wconf 89' lang='lat' dir='ltr'><strong>tione</strong></span> <span class='ocrx_word' id='word_1_819' title='bbox 2275 5262 2556 5316; x_wconf 90' lang='lat' dir='ltr'><strong>damnatus</strong></span> <span class='ocrx_word' id='word_1_820' title='bbox 2585 5270 2690 5326; x_wconf 91' lang='lat' dir='ltr'><strong>est,</strong></span> <span class='ocrx_word' id='word_1_821' title='bbox 2721 5276 2840 5331; x_wconf 68' lang='lat' dir='ltr'><strong>qua:</strong></span> <span class='ocrx_word' id='word_1_822' title='bbox 2880 5271 2932 5315; x_wconf 91' lang='lat' dir='ltr'><strong>et</strong></span> <span class='ocrx_word' id='word_1_823' title='bbox 2964 5259 3233 5330; x_wconf 87' lang='lat' dir='ltr'><strong>Eutychen</strong></span> <span class='ocrx_word' id='word_1_824' title='bbox 3264 5259 3677 5330; x_wconf 81' lang='lat' dir='ltr'><strong>Dioscorutnquc</strong></span> 
     </span>
    </p>
   </div>
   <div class='ocr_carea' id='block_1_111' title="bbox 2100 5352 3676 5424">
    <p class='ocr_par' dir='ltr' id='par_1_111' title="bbox 2100 5352 3676 5424">
     <span class='ocr_line' id='line_1_111' title="bbox 2100 5352 3676 5424; baseline -0.004 -12"><span class='ocrx_word' id='word_1_825' title='bbox 2100 5370 2221 5412; x_wconf 90' lang='lat' dir='ltr'><strong>cum</strong></span> <span class='ocrx_word' id='word_1_826' title='bbox 2243 5354 2643 5411; x_wconf 70' lang='lat' dir='ltr'><strong>successmibus</strong></span> <span class='ocrx_word' id='word_1_827' title='bbox 2674 5368 2860 5408; x_wconf 91' lang='lat' dir='ltr'><strong>eorum</strong></span> <span class='ocrx_word' id='word_1_828' title='bbox 2894 5352 3079 5423; x_wconf 89' lang='lat' dir='ltr'><strong>hisque</strong></span> <span class='ocrx_word' id='word_1_829' title='bbox 3111 5352 3565 5408; x_wconf 82' lang='lat' dir='ltr'><strong>connnunicantes</strong></span> <span class='ocrx_word' id='word_1_830' title='bbox 3593 5366 3676 5424; x_wconf 69' lang='lat' dir='ltr'><strong>sy«</strong></span> 
     </span>
    </p>
   </div>
   <div class='ocr_carea' id='block_1_112' title="bbox 2103 5444 2845 5513">
    <p class='ocr_par' dir='ltr' id='par_1_112' title="bbox 2103 5444 2845 5513">
     <span class='ocr_line' id='line_1_112' title="bbox 2103 5444 2845 5513; baseline 0 -14"><span class='ocrx_word' id='word_1_831' title='bbox 2103 5444 2297 5501; x_wconf 88' lang='lat' dir='ltr'><strong>nodico</strong></span> <span class='ocrx_word' id='word_1_832' title='bbox 2337 5454 2517 5500; x_wconf 87' lang='lat' dir='ltr'><strong>tenore</strong></span> <span class='ocrx_word' id='word_1_833' title='bbox 2545 5444 2845 5513; x_wconf 86' lang='lat' dir='ltr'><strong>prostravit.</strong></span> 
     </span>
    </p>
   </div>
  </div>
