4098 6172
375 369 437 423 I7
1566 366 1922 423 EPISTOLJE

2048 370 2050 382 '
2091 367 2424 424 DECRETA.
3583 378 3640 431 Β

437 482 527 538 Sic
553 492 812 549 sequaces
841 490 1053 548 quoque
1081 490 1290 545 eorum,
1331 476 1671 534 Timotheum
1699 479 1943 533 Petrum-
1973 481 2025 540 Α
2053 494 2236 548 preces
2252 480 2637 551 deposco,quze
2652 495 2745 550 per
2767 490 3027 537 totannns
3046 483 3113 539 ab
3136 482 3240 539 illis
3256 484 3502 540 Patribus
3518 489 3636 556 glo-

366 590 471 646 que
494 574 654 627 simili
686 571 999 627 deﬁnitione
1039 570 1255 640 dejecit.
1308 569 1540 625 Proinde
1570 572 1614 625 si
1663 587 1723 626 ea
1748 588 1865 642 qure
1896 571 1949 625 in

366 667 575 737 synodo
605 664 1030 719 Chalcedonensi
1073 678 1171 732 pro
1214 663 1318 717 ﬁde
1349 670 1403 717 et
1446 665 1825 719 communione
1854 679 1947 719 ca-

365 758 565 811 tholica
599 756 715 825 lege
742 754 1033 823 apostolica
1074 752 1294 808 deﬁnita
1337 764 1485 822 sunt,
1532 770 1665 810 vere
1694 765 1950 825 certeque

360 849 668 915 sectamini,
700 848 839 902 sicut
864 857 1041 901 veSIra
1087 846 1418 916 professione
1464 847 1743 918 multiplici
1774 850 1949 901 conti-

367 952 559 1004 netur;
608 948 701 992 aut
729 952 1068 994 successores
1106 939 1174 993 ab
1206 940 1293 993 illa
1339 939 1545 1007 synodo
1573 940 1946 994 damnatorum

366 1030 560 1099 hisque
584 1028 1039 1084 communicantes
1064 1030 1308 1099 abjicite;
1336 1040 1447 1097 aut,
1479 1031 1523 1086 si
1552 1031 1685 1086 istos
1713 1033 1951 1086 admitti-

365 1123 457 1188 tis,
501 1136 560 1175 ea
591 1137 709 1189 quae
741 1120 793 1175 in
827 1121 915 1175 illa
958 1121 1165 1192 synodo
1209 1137 1306 1191 pro
1339 1121 1444 1178 ﬁde
1488 1132 1546 1179 et
1568 1124 1946 1180 communione

364 1213 624 1269 catholica
657 1225 712 1268 et
735 1214 1026 1283 apostolica
1055 1223 1178 1268 sunt
1207 1225 1445 1286 peracta,
1485 1230 1590 1271 non
1615 1218 1785 1270 solum
1815 1216 1948 1271 falso

367 1320 464 1359 vos
514 1306 751 1360 retinere
803 1303 1172 1374 perpenditis,
1223 1304 1318 1360 sed
1365 1299 1584 1376 insuper
1624 1306 1947 1363 labefactare

364 1396 656 1460 conamini,
689 1404 743 1451 et
772 1397 825 1450 in
850 1395 1239 1467 Eutychianam
1271 1396 1519 1452 haeresim
1546 1399 1663 1455 sine
1695 1408 1949 1453 retracta-

365 1489 514 1543 tione
544 1487 802 1555 reciditis,
828 1489 1125 1559 tneritoque
1153 1504 1183 1543 a
1203 1488 1479 1544 catholicis
1510 1490 1806 1559 probamini
1831 1505 1949 1545 esse

364 1580 569 1636 vitandi
598 1579 757 1648 :quia
789 1589 845 1635 ut
877 1578 1034 1634 talem
1076 1580 1435 1650 pestilentiam
1480 1593 1739 1649 perpetuo
1766 1595 1951 1651 posse-

367 1689 490 1728 mus
516 1672 771 1737 evadere,
815 1685 879 1726 ea
908 1686 1027 1741 quas
1075 1678 1263 1726 contra
1308 1673 1476 1741 ipsam
1520 1671 1589 1727 ab
1626 1687 1689 1727 ea
1718 1687 1945 1741 congre-

368 1766 582 1833 gatione
605 1772 915 1819 sanctorum
949 1763 1163 1817 Patrum
1193 1764 1483 1818 salubriter
1522 1762 1735 1819 decreta
1767 1766 1949 1835 legun-

2054 574 2231 639 riosis,
2265 573 2465 628 illibata
2497 574 2801 645 intactaque
2829 586 3041 631 servata
3070 587 3174 633 est.
3199 576 3325 633 ﬂare
3343 578 3485 633 enim
3525 588 3631 648 est,

2054 666 2191 720 sicut
2223 666 2335 735 ipse
2363 668 2516 731 dicis,
2562 681 2719 733 quam
2756 667 2893 721 Deus
2915 677 3097 724 n0ster
3125 667 3193 724 de
3221 670 3471 726 omnibus
3500 671 3636 727 bene

2053 755 2304 819 futuram,
2331 766 2383 811 et
2404 755 2695 811 secundum
2719 770 2869 810 suam
2894 757 3172 813 veritatem
3195 770 3247 815 et
3272 762 3509 831 regulam
3536 778 3635 833 gu-

2052 845 2406 911 bernandum,
2448 853 2502 901 et
2538 860 2632 915 pm
2651 849 2791 901 scius
2836 858 2959 903 ante
2999 850 3294 919 constituit,
3328 864 3381 908 et
3410 854 3636 924 singulis

2051 937 2351 1008 quibusque
2382 938 2712 1007 temporibus
2747 952 2840 992 sua
2870 938 3221 1009 dispositione
3249 945 3637 999 convenienter

2051 1031 2270 1098 aptavit.
2306 1029 2427 1083 llrec
2455 1037 2539 1083 est
2566 1028 2810 1083 voluntas
2845 1030 2957 1097 Dei,
2985 1031 3136 1100 cujus
3170 1040 3224 1085 tu
3253 1033 3449 1100 ingeris
3480 1048 3633 1087 men-

2054 1121 2273 1184 tionem,
2321 1134 2478 1188 quam
2518 1134 2618 1188 ego
2659 1135 2872 1189 quoque
2900 1136 2995 1189 pro
3034 1136 3154 1177 meo
3192 1122 3427 1189 modulo,
3474 1139 3633 1193 quem

2054 1212 2310 1267 Dominus
2342 1214 2542 1267 donare
2586 1212 2864 1282 dignatur,
2916 1215 3072 1283 cupio
3117 1229 3334 1283 prorsus
3383 1215 3632 1285 implere,

2054 1316 2111 1361 ut
2152 1321 2256 1361 non
2298 1321 2423 1361 reus
2467 1306 2535 1361 de
2582 1306 2737 1375 hujus
2780 1305 2964 1361 talenti
3009 1306 3244 1362 caelestis
3282 1306 3635 1362 diminutione

2053 1398 2292 1468 reperiar
2322 1416 2334 1451 :
2366 1396 2461 1452 sed
2493 1398 2542 1452 in
2574 1398 2676 1453 hoc
2708 1398 2906 1453 talento
2950 1399 3112 1469 (sicut
3143 1399 3256 1469 ipse
3292 1415 3505 1471 quoque
3534 1416 3632 1456 nos

2051 1489 2327 1560 admonet)
2360 1489 2745 1545 incrementum
2774 1488 2971 1544 Christi
3001 1490 3167 1559 gratia
3204 1490 3417 1558 postulo
3446 1504 3636 1545 come-

2052 1581 2163 1649 qui,
2197 1589 2251 1634 et
2278 1580 2477 1633 nullum
2513 1594 2730 1649 prorsus
2772 1580 3011 1635 incidere
3042 1580 3445 1636 detrimentum.
3498 1580 3633 1634 Hinc

2052 1681 2134 1727 est
2163 1672 2302 1741 quod
2332 1673 2596 1741 prioribus
2630 1672 2934 1729 dilectionis
2966 1681 3066 1728 tua:
3106 1671 3320 1738 litteris,
3362 1672 3499 1727 sicut
3544 1679 3632 1727 tua

2052 1780 2263 1834 quoque
2292 1764 2825 1836 pagiuadesignavit,
2858 1780 2952 1834 pro
2996 1775 3173 1821 vestra
3219 1764 3421 1834 sumpsi
3462 1763 3636 1819 salute

374 1866 481 1919 tur,
511 1855 816 1909 nullatenus
848 1851 1160 1920 mutilanda,
1192 1870 1299 1909 non
1341 1855 1511 1909 solum
1543 1855 1685 1911 sedis
1735 1867 1948 1927 aposto-
1981 1850 2026 1908 Β
2057 1856 2349 1922 tristitiam,
2379 1856 2465 1910 ubi
2502 1858 2738 1926 comperi
2774 1855 2915 1927 quod
2958 1866 3074 1911 erat
3124 1855 3275 1910 vobis
3303 1855 3549 1920 noxium,
3580 1862 3636 1909 et

372 1947 490 2003 lica:
518 1948 796 2017 praesules,
843 1946 937 2004 sed
969 1947 1128 2003 etiam
1159 1949 1509 2005 Orientalium
1557 1952 1834 2019 regionum
1863 1967 1943 2007 ca-

369 2037 553 2093 tholici
583 2052 842 2093 censuere
868 2038 1167 2106 pontiﬁces.
1210 2042 1292 2095 An
1337 2039 1551 2094 Petrum
1583 2040 1760 2095 dicitis
1789 2041 1952 2097 fuisse

368 2140 675 2200 purgatum,
716 2130 800 2185 cui
845 2130 1263 2185 communicavit
1292 2131 1550 2185 Aeacius?
1595 2131 1744 2187 Veris
1771 2148 1951 2187 asser-

371 2223 606 2276 tionibus
632 2222 873 2288 edocete,
902 2221 1003 2276 hoc
1023 2221 1309 2288 ostendite,
1335 2221 1435 2277 hoc
1463 2223 1703 2292 probate,
1757 2224 1951 2294 quibus

367 2316 460 2371 ille
498 2314 697 2380 modis,
741 2314 933 2384 quibus
984 2314 1072 2369 ille
1112 2316 1310 2386 regulis
1344 2316 1410 2371 ab
1439 2316 1766 2387 Eutychiana
1797 2317 1954 2371 luerit

366 2406 708 2476 professione
752 2404 834 2460 vel
882 2408 1259 2462 communione
1290 2406 1577 2463 mundatus
1610 2424 1624 2461 :
1665 2415 1724 2461 ut
1750 2422 1870 2461 cum
1900 2406 1952 2465 id

365 2498 719 2553 nihilominus
745 2497 975 2553 evidenti
1005 2513 1185 2552 rerum
1209 2499 1462 2554 claruerit
1494 2499 1953 2554 demonstratione

362 2593 696 2657 convictum,
726 2590 900 2661 palam
940 2599 1234 2661 aperteque
1280 2591 1495 2661 possitis
1525 2591 1827 2661 advertere,
1860 2599 1953 2647 aut

364 2698 466 2737 VOS
493 2682 692 2737 debere
721 2682 915 2737 cedere
944 2682 1178 2749 veritati,
1208 2694 1301 2737 aut
1330 2682 1592 2738 adversus
1623 2682 1759 2736 hanc
1780 2682 1953 2737 mani-

363 2772 505 2827 festa
532 2771 875 2827 dimicatione
901 2772 1210 2843 conﬂigere.
1258 2772 1368 2827 Nec
1394 2774 1543 2828 vobis
1578 2772 1950 2839 blandiamini,

361 2864 493 2927 quia
521 2861 677 2917 ﬁdem
721 2862 1041 2917 catholicam
1094 2862 1419 2931 proﬁtemini
1448 2877 1543 2918 vos
1570 2871 1776 2927 tenere,
1827 2864 1953 2933 quia

360 2952 680 3022 Eutychetis
726 2966 919 3006 nomen
960 2953 1257 3015 ademistis.
1308 2953 1430 3022 quia
1476 2968 1537 3007 ea
1569 2955 1730 3008 veluti
1760 2954 1953 3023 prtedi-

360 3059 494 3100 care
526 3044 831 3109 videamini,
866 3060 985 3114 qua:
1013 3044 1308 3099 orthodoxa
1356 3046 1666 3116 pratdicavit
1718 3046 1951 3118 antiqui-

362 3146 469 3192 tas.
495 3135 703 3191 Clamat
731 3137 872 3190 enim
901 3137 1053 3191 nobis
1080 3137 1166 3191 illa
1194 3138 1497 3206 evangelica
1526 3140 1814 3193 sententia:
1847 3141 1949 3194 Aut

2056 1947 2196 2018 quod
2224 1964 2366 2003 verte
2395 1949 2506 2016 paci
2533 1949 2859 2003 contrarium
2887 1948 3082 2018 reperi.
3116 1948 3471 2003 Contristatur
3490 1947 3633 2001 enim

2055 2026 2344 2107 ApoSto'lus
2374 2035 2459 2107 (Il
2484 2037 2599 2091 Cor.
2622 2038 2713 2107 vn)
2743 2037 2809 2091 de
2834 2052 3021 2092 errore
3048 2038 3398 2101 deviantium,
3418 2047 3469 2091 et
3502 2036 3636 2090 laesi-

2054 2132 2182 2185 tiam
2231 2129 2420 2199 recipit
2449 2128 2517 2184 de
2557 2129 2761 2184 eisdem
2806 2144 2899 2184 sua
2932 2128 3310 2198 praedicatione
3353 2128 3631 2183 correctis.

2053 2220 2110 2277 Si
2138 2228 2316 2277 autem
2350 2230 2433 2276 tua
2465 2220 2679 2288 caritas,
2706 2229 2761 2274 ut
2790 2219 2945 2287 dixit,
2976 2220 3156 2274 nescio
3185 2234 3410 2290 quorum
3442 2233 3632 2273 neces-

2053 2314 2209 2368 sitate
2234 2313 2632 2383 constringitur,
2657 2311 2796 2383 quod
2826 2315 2977 2382 (pace
3000 2320 3086 2366 tua
3109 2311 3357 2382 dixerim)
3383 2312 3634 2366 sacerdos

2054 2422 2151 2478 pro
2190 2410 2413 2463 veritate
2456 2408 2752 2478 promenda
2793 2422 2895 2463 nec
2937 2408 3115 2462 facere
3158 2406 3377 2462 deberet
3416 2407 3635 2460 omnino

2055 2514 2155 2555 nec
2187 2500 2398 2565 dicere;
2440 2500 2679 2567 ignoscat
2720 2498 2875 2553 nobis
2914 2498 3217 2554 hominibus
3257 2497 3631 2563 timidissimis,

2054 2592 2099 2646 si
2129 2598 2433 2646 coarctante
2462 2605 2559 2645 nos
2587 2589 2809 2646 terribili
2838 2598 2889 2646 et
2917 2590 3083 2645 divini
3115 2588 3297 2657 judicii
3325 2587 3511 2658 grandi
3541 2603 3634 2643 ne-

2053 2683 2303 2738 cessitate
2328 2683 2761 2752 constringimur.
2783 2686 2921 2737 sicut
2944 2682 3339 2752 qualescunque
3363 2679 3634 2734 ministros

2053 2775 2249 2832 Christi
2280 2775 2455 2840 decet,
2488 2778 2504 2808 ¹
2530 2789 2627 2831 nos
2665 2776 2870 2830 animas
2900 2784 3111 2830 nostras
3143 2789 3341 2843 ponere
3370 2789 3466 2842 pro
3494 2772 3629 2827 veris

2054 2878 2162 2925 tate
2185 2868 2487 2933 salvan-das,
2515 2882 2673 2939 quam
2698 2882 2790 2924 eas
2822 2866 3015 2923 lucrari
3047 2866 3182 2923 velle
3213 2865 3449 2921 veritatis
3478 2863 3628 2918 dimi-

2054 2963 2274 3016 nutione
2296 2959 2615 3029 perdendus,
2639 2967 2697 3014 ut
2724 2974 2829 3015 non
2851 2959 3046 3026 dicam,
3075 2966 3259 3016 contra
3286 2957 3442 3013 ﬁdem
3472 2956 3624 3011 libiti.

2053 3050 2335 3120 cujuslibet
2364 3049 2710 3107 abdicandas.
2753 3052 2870 3105 ista:
2902 3050 3031 3105 mihi
3079 3057 3205 3105 sunt
3234 3049 3388 3120 (quas
3416 3046 3633 3103 dilectio

2054 3149 2140 3194 tua
2184 3140 2544 3211 commendat)
2590 3151 2753 3196 certa:
2783 3140 2904 3196 ﬁdei
2934 3149 3203 3210 perpetute
3246 3153 3367 3193 cum
3398 3151 3483 3206 eo,
3516 3135 3633 3205 qui-

361 3229 521 3300 facile
547 3228 780 3283 arborem
802 3229 1007 3296 bonam,
1033 3238 1080 3282 et
1109 3230 1304 3299 fructus
1325 3231 1436 3297 eius
1465 3231 1653 3298 bonos;
1679 3242 1766 3285 aut
1793 3235 1948 3303 facite
1971 3215 2018 3278 C
2050 3251 2260 3307 cunque
2294 3233 2539 3299 voluerit,
2568 3235 2620 3289 in
2653 3232 2851 3288 Christi
2885 3232 3177 3287 visceribus
3212 3229 3482 3284 amicitize.
3534 3227 3631 3281 llic

358 3322 600 3374 arborem
628 3320 818 3374 malum
840 3329 887 3375 et
915 3324 1112 3390 [ructus
1130 3325 1240 3389 ejus
1268 3324 1430 3376 malos
1452 3339 1470 3376 :
1491 3341 1523 3377 a
1544 3324 1789 3394 fructibus
1811 3329 1944 3381 enim

357 3413 517 3466 arbor
555 3412 875 3481 cognoscitur
921 3412 1135 3484 (Matth.
1182 3413 1327 3483 xu):
1375 3414 1425 3468 id
1464 3426 1566 3479 est,
1615 3416 1659 3469 si
1705 3431 1851 3481 voce,
1898 3419 1943 3472 si

359 3504 494 3569 ﬁde,
532 3503 579 3557 si
616 3502 945 3572 professione
974 3503 1235 3558 catholica
1281 3514 1336 3559 et
1378 3507 1671 3576 apostolica
1717 3508 1945 3564 ﬁdeliter

357 3595 734 3663 veraciterque
759 3594 1085 3664 gloriamini,
1134 3595 1288 3666 hujus
1318 3606 1371 3651 et
1399 3599 1831 3653 communionem
1861 3616 1943 3654 re-

357 3689 547 3758 cipite.
595 3686 651 3742 Si
703 3702 826 3740 vero
853 3685 1248 3755 haereticorum,
1300 3688 1507 3743 scilicet
1548 3689 1939 3754 damnatorum,

356 3781 443 3835 vel
480 3780 562 3833 his
592 3786 684 3832 aut
724 3779 1125 3834 successoribus
1176 3794 1359 3835 eorum
1408 3782 1939 3849 communicandum,

354 3872 671 3927 communio
695 3873 841 3925 vobis
872 3872 1066 3940 placet,
1090 3872 1212 3942 quid
1237 3873 1425 3928 statis?
1472 3873 1596 3942 quid
1628 3875 1942 3944 circumspi-

353 3964 516 4020 citis?
564 3965 797 4018 simulet
823 3980 1008 4019 eorum
1040 3973 1227 4031 aperte
1266 3964 1671 4034 manifesteque,
1722 3965 1941 4019 remotis

354 4057 673 4120 obstaculi-‘,
718 4054 910 4126 dogma
939 4054 1230 4111 defendite.
1270 4056 1405 4123 Quid
1437 4059 1578 4110 enim
1606 4056 1785 4124 juvat?
1833 4057 1941 4111 imo

353 4159 411 4205 et
443 4149 576 4201 satis
603 4159 811 4217 gravat,
862 4148 1017 4201 dictis
1046 4148 1281 4217 polliceri
1310 4147 1453 4217 quod
1499 4148 1652 4203 factis
1694 4158 1937 4218 negatur,

353 4251 415 4296 ut
439 4256 549 4294 non
577 4240 751 4294 solum
787 4240 897 4309 ipsa
928 4254 1022 4308 per
1052 4254 1112 4294 se
1141 4239 1360 4294 han-esis
1390 4240 1744 4311 Eutychinna,
1778 4257 1936 4312 quam

350 4333 428 4386 sit
452 4330 975 4385 funestaChristiano
996 4341 1351 4401 sacramento,
1379 4331 1595 4400 possitis
1622 4348 1934 4402 agnoscere,

349 4423 457 4480 sed
488 4432 679 4491 quanta
707 4431 761 4477 et
789 4436 947 4492 quam
980 4421 1158 4491 gravia
1188 4423 1411 4478 hrcresis
1436 4422 1537 4477 ista
1560 4424 1611 4478 in
1641 4424 1722 4479 sui
1748 4424 1939 4481 delini-

350 4522 509 4570 tione
536 4516 826 4570 contineat.
873 4515 1012 4571 Ecce
1037 4515 1103 4569 ad
1130 4530 1247 4585 quae
1286 4530 1383 4570 nos
1429 4517 1716 4585 praecipitia
1739 4520 1938 4573 conde-

2050 3338 2279 3382 nontam
2300 3334 2547 3395 optamus
2575 3326 2808 3394 prmponi
2834 3324 2973 3391 aliis,
2997 3324 3135 3378 sicut
3162 3321 3449 3391 pradicas,
3467 3333 3628 3389 quam

2047 3433 2168 3473 cum
2195 3418 2437 3473 ﬁdelibus
2451 3418 2662 3473 cunctis
2683 3426 2924 3471 sanctum
2950 3425 3003 3473 et
3025 3416 3134 3471 Deo
3156 3414 3406 3484 placitum
3432 3412 3630 3467 habere

2046 3513 2395 3567 Consortium.
2442 3512 2565 3566 llaec
2597 3510 2727 3566 mihi
2772 3512 2949 3579 (quam
2995 3509 3212 3564 mandat
3257 3505 3473 3562 dilectio
3514 3505 3629 3572 tua)

2049 3618 2148 3671 pax
2177 3602 2368 3664 solida,
2408 3601 2739 3667 inconvulsa,
2777 3611 2831 3655 et
2863 3600 3144 3669 perennis;
3178 3599 3278 3653 hoc
3313 3611 3474 3651 unum
3513 3596 3630 3650 vin-

2045 3695 2222 3749 culum
2252 3696 2415 3765 (sicut
2437 3695 2597 3749 etiam
2629 3695 2745 3763 ipse
2774 3692 3071 3763 desideras)
3101 3692 3338 3747 salutare
3366 3705 3471 3757 quo
3498 3703 3630 3744 cun-

2044 3798 2127 3840 sta
2170 3786 2306 3841 uniri
2350 3785 2516 3855 possit
2540 3785 2798 3842 Ecclesia.
2851 3785 2962 3839 Hoc
3000 3784 3193 3855 quibus
3238 3791 3321 3839 est
3366 3780 3627 3838 creditum

2045 3879 2207 3949 (sicut
2240 3887 2294 3934 et
2332 3882 2447 3948 ipse
2476 3877 2804 3949 deprecaris)
2845 3875 3107 3947 protectio
3146 3874 3325 3929 divina
3364 3871 3624 3943 perﬁciat.

2047 3971 2168 4026 llaec
2198 3980 2299 4034 est,
2344 3986 2459 4042 qua:
2489 3970 2630 4025 Deus
2665 3980 2765 4034 est,
2808 3969 2995 4023 caritas
3034 3965 3088 4038 (I
3124 3966 3284 4021 Joan.
3320 3964 3418 4035 tv),
3468 3977 3628 4032 quam

2046 4062 2219 4131 poscis
2259 4062 2321 4116 de
2356 4063 2509 4116 corde
2542 4078 2694 4131 puro,
2724 4068 2771 4113 et
2808 4059 3112 4114 conscientia
3141 4059 3292 4121 bona,
3324 4064 3371 4108 et
3395 4053 3500 4121 ﬁde
3526 4068 3629 4107 non

2044 4156 2165 4223 [icta
2195 4155 2244 4225 (Ι
2272 4154 2407 4207 Tim.
2440 4154 2504 4221 ι).
2536 4150 2812 4219 Quomodo
2839 4164 2968 4219 ergo
2993 4149 3056 4201 de
3084 4146 3235 4200 corde
3261 4159 3415 4212 puro,
3444 4143 3488 4197 si
3519 4142 3629 4195 hac-

2042 4244 2333 4299 reticorum
2394 4242 2552 4297 fuerit
2596 4239 3001 4310 participatione
3054 4237 3293 4307 polluta?
3347 4235 3630 4302 Quomodo

2042 4338 2350 4391 conscientia
2379 4336 2533 4400 bona,
2566 4335 2609 4389 si
2642 4333 2903 4387 malorum
2945 4330 3103 4386 fuerit
3146 4329 3463 4384 confusione
3508 4342 3631 4396 pcr-

2043 4427 2251 4481 mista?
2290 4425 2571 4494 Quomodo
2608 4425 2710 4493 ﬁde
2735 4440 2837 4478 non
2867 4423 3010 4490 ﬁcta,
3041 4423 3084 4477 si
3116 4422 3272 4477 fuerit
3303 4420 3470 4474 mixta
3504 4432 3626 4473 cum

2044 4516 2297 4587 perﬁdis?
2334 4518 2463 4584 Quae
2490 4516 2533 4571 si
2561 4515 2837 4586 prudentia
2872 4525 2959 4569 tua
2986 4514 3149 4585 (sicut
3169 4527 3286 4567 eam
3317 4511 3626 4582 precamur)

348 4611 618 4663 scendere
642 4608 965 4677 provocatis,
1013 4616 1174 4677 atque
1202 4608 1268 4663 ad
1296 4609 1543 4678 quzejnos
1568 4610 1695 4664 vitae
1723 4621 1939 4667 acterna:
1967 4591 2020 4653 Ῐ)
2046 4609 2326 4679 diligenter
2358 4607 2621 4671 advertat,
2650 4605 2903 4676 perspicit
2927 4605 3273 4674 apostolicam
3302 4602 3488 4658 sedem
3520 4616 3627 4655 non

348 4702 597 4772 pericula
624 4704 818 4773 cupitis
858 4703 1137 4759 inclinare.
1172 4704 1283 4760 Hoc
1301 4703 1576 4759 descensu
1619 4706 1825 4761 salvare
1856 4715 1941 4762 est

346 4804 728 4863 a~grotantem,
771 4810 837 4849 an
864 4810 985 4849 cum
1027 4795 1311 4866 languente
1353 4796 1639 4851 consumi?
1686 4797 1811 4853 llzec
1835 4798 1939 4854 erit

347 4901 399 4950 ο,
428 4885 558 4939 tima
599 4885 877 4955 dispositio
930 4886 1072 4940 illius
1120 4902 1278 4957 quam
1327 4901 1595 4941 memoras
1626 4887 1939 4958 reparanda:

347 4975 680 5044 concordiae,
720 4991 786 5030 an
816 4978 905 5031 illa
937 4978 1134 5045 potius,
1186 4986 1241 5032 ut
1269 4978 1484 5049 rejectis
1513 4978 1774 5049 contagiis
1817 4994 1940 5049 per-

348 5069 608 5130 ﬁdorum.
652 5070 859 5138 integra
905 5069 1026 5135 (ide,
1073 5071 1278 5125 sincera
1322 5069 1405 5125 sui
1434 5072 1810 5127 communione
1840 5086 1938 5141 po-

349 5162 519 5213 tiatur
536 5160 841 5213 communio
862 5160 1125 5215 catholica
1150 5169 1309 5229 atque
1333 5161 1648 5229 apostolica,
1674 5177 1739 5216 ne
1766 5162 1937 5216 hatre-

348 5250 583 5305 ticorum
634 5249 755 5305 tabe
793 5250 1040 5319 depulsa,
1086 5252 1459 5305 intemeratam
1505 5266 1617 5306 sua:
1652 5252 1771 5307 ﬁdei
1815 5266 1939 5307 con-

345 5343 643 5397 fessionem
686 5344 890 5397 nitatur
930 5354 1205 5408 astruere,
1249 5354 1409 5415 atque
1456 5345 1686 5400 invicem
1710 5346 1927 5401 sibimet

344 5433 696 5503 congruentis
718 5434 1030 5489 orthodoxa:
1052 5433 1399 5504 professionis
1426 5439 1929 5508 communionisque

342 5525 421 5580 sit
448 5525 655 5580 unitas?
699 5526 849 5581 lianc
872 5526 1034 5595 (sicut
1058 5526 1361 5581 dilectionis
1391 5536 1492 5581 tuae
1523 5526 1715 5580 littera:
1735 5528 1931 5582 cohor-

342 5617 557 5688 tantur)
583 5618 718 5672 meis
738 5632 949 5687 quoque
978 5619 1305 5688 temporibus
1329 5617 1607 5685 custodiri,
1650 5633 1752 5687 qua
1776 5620 1926 5677 valeo

425 5731 445 5802 ἒ
475 5732 633 5802 Forte
658 5735 826 5802 potius
852 5735 1069 5792 animos.
1100 5734 1360 5789 HABDUIN.

2043 4702 2212 4756 vitare
2267 4715 2488 4771 pacem,
2543 4700 2637 4754 sed
2709 4698 3083 4753 lncreticorum
3141 4696 3628 4763 damnatorumque

2043 4795 2214 4849 vitare
2257 4793 2476 4860 vesdgia
2510 4790 2603 4863 (at.
2637 4788 2921 4860 contagia].
2972 4788 3102 4857 Quae
3146 4788 3307 4842 etiam
3334 4799 3429 4839 vos
3458 4784 3622 4838 ratio-

2042 4883 2291 4939 nabiliter
2310 4883 2598 4946 intuentes,
2621 4879 2841 4935 creditis
2862 4882 2881 4910 ²
2898 4877 3343 4933 commonendum
3366 4874 3621 4945 populum

2040 4975 2730 5045 Constantinopolitauum,
2786 4986 2892 5026 non
2941 4974 3251 5038 permittere
3314 4965 3624 5022 submoveri

2042 5072 2259 5124 nomine
2311 5068 2655 5138 perﬁdorum.
2702 5064 2959 5131 Quisnam
2991 5064 3091 5116 hoc
3129 5062 3181 5116 iu
3218 5059 3456 5115 Ecclesia
3503 5057 3622 5123 Dei.

2041 5179 2221 5233 tptmso
2251 5172 2323 5229 te,
2358 5161 2521 5230 possit
2554 5158 2756 5223 audire,
2790 5172 2911 5211 cum
2944 5156 3125 5225 utique
3154 5167 3426 5228 pastorem
3468 5157 3621 5228 sequi

2041 5272 2169 5327 grex
2218 5255 2409 5311 debeat
2454 5252 2519 5307 ad
2556 5265 2748 5322 pascua
2789 5251 3042 5305 salutaria
3092 5261 3467 5315 revocantem,
3514 5263 3622 5304 non

2043 5365 2137 5418 per
2176 5347 2325 5402 devia
2358 5362 2571 5417 gregem
2604 5353 2785 5413 pastor
2823 5340 3140 5397 errantem?
3190 5341 3283 5395 Dic
3312 5341 3464 5406 mihi,
3492 5354 3622 5405 rogo

2045 5451 2117 5509 te,
2144 5457 2269 5511 grex
2304 5455 2399 5509 pro
2422 5450 2494 5503 te,
2523 5454 2590 5493 an
2625 5448 2677 5491 tu
2702 5451 2799 5506 pro
2828 5449 2987 5505 grege
3016 5433 3321 5489 redditurus
3353 5448 3411 5485 es
3451 5431 3621 5483 ratio-

2039 5534 2206 5589 nem?
2252 5534 2411 5588 Certe
2444 5532 2489 5586 si
2533 5530 2681 5584 vobis
2711 5530 2814 5584 hoc
2846 5529 3036 5598 placet,
3064 5526 3229 5580 multo
3262 5521 3429 5591 magis
3458 5533 3617 5576 causa

2036 5634 2119 5681 est
2146 5639 2300 5679 noots
2325 5623 2541 5694 justior,
2582 5624 2673 5693 qui
2719 5624 2970 5695 populum
3000 5620 3297 5676 Romanum
3328 5630 3358 5668 a
3391 5612 3495 5671 ﬁde
3522 5613 3615 5672 illa

421 5801 446 5832 ³
472 5801 632 5859 Forte
674 5805 1128 5866 commovendum;
1166 5805 1217 5858 iu
1257 5805 1480 5868 Bellov.,
1526 5805 1902 5870 opponendum.
1934 5807 2199 5865 "unum.
