4098 6172
363 388 430 444 19

1733 373 2000 429 GELASII
2041 372 2241 429 PAPAL'
2279 372 2300 426 Ι

3562 372 3634 428 20

361 511 477 565 sua,
501 490 750 547 laudabili
779 487 1039 557 majorum
1072 484 1355 539 traditione
1377 491 1649 553 percepta,
1673 482 1943 536 declinare
1971 485 2025 543 Α
2121 484 2454 537 Confitemur
2484 498 2612 552 ergo
2641 485 2922 541 Dominum
2971 495 3211 542 nostrum
3250 488 3428 544 Jesum
3471 486 3633 542 Chri-

362 602 469 639 non
501 585 764 638 sinentem
797 593 894 632 nos
917 578 1131 646 penitus
1161 574 1392 630 libenter
1420 574 1739 635 audivimus,
1770 575 1813 627 si
1850 588 1946 627 vos

364 671 1005 740 Constantinopolitanam
1052 666 1280 734 plebem,
1310 665 1378 719 ab
1422 664 1672 719 haeretica
1708 678 1947 718 cominu-

366 766 526 820 nione
555 762 833 818 discedere
860 767 1215 823 recusantem,
1257 771 1361 809 non
1394 756 1555 810 vultis
1584 755 1876 810 offendere.

343 846 352 921 δ
438 856 544 912 Sed
589 870 687 910 nos
729 854 905 907 dicitis
946 850 1142 905 debere
1187 848 1425 917 dirigere
1463 847 1549 917 qui
1596 863 1711 901 eam
1744 848 1952 900 valeant

368 950 633 1019 mitigare.
686 943 968 1017 Quomodo
1010 956 1098 997 me
1138 940 1385 995 auditura
1425 949 1523 1003 est,
1558 955 1715 1009 quem
1744 940 1952 994 videtur

370 1042 568 1097 habere
609 1033 938 1107 suspect’um,
975 1034 1019 1089 si
1052 1034 1307 1103 praesules
1348 1046 1474 1086 suos
1513 1032 1740 1100 despicit
1768 1032 1952 1085 admo-

369 1131 595 1187 nentes?
638 1130 827 1184 Nonne
859 1126 988 1196 ipsis
1018 1124 1272 1194 apostolis
1302 1134 1386 1179 est
1414 1137 1735 1192 praeceptum
1770 1122 1821 1176 in
1854 1124 1952 1175 ali-

370 1222 565 1292 quibus
616 1219 927 1290 regionibus
975 1218 1117 1271 vcrbi
1152 1216 1536 1285 praedicatione
1582 1231 1687 1268 non
1738 1216 1832 1279 nti,
1870 1216 1953 1268 his

372 1315 566 1382 quippe
604 1313 658 1366 in
688 1310 882 1379 quibus
912 1322 1016 1361 non
1065 1308 1272 1361 fuerant
1316 1305 1612 1360 audiendi?
1643 1306 1952 1371 Veniamus,

373 1402 542 1458 frater
573 1399 963 1469 Eupltemiane,
1010 1397 1126 1451 sine
1172 1395 1527 1463 dubitatione,
1571 1398 1845 1456 veniemus
1887 1396 1954 1449 ad

376 1494 508 1548 illud
558 1490 857 1562 pavendum
908 1488 1138 1543 tribunal
1179 1486 1377 1541 ChriSti
1429 1486 1511 1557 (ut
1552 1496 1752 1541 taceam
1789 1487 1804 1516 ¹
1839 1501 1956 1554 qutc

375 1602 439 1640 ex
475 1585 578 1639 hoc
609 1584 678 1638 sit
716 1580 998 1637 metuenda
1034 1577 1314 1649 vindicta),
1356 1578 1824 1632 circumstantibus
1851 1577 1959 1632 illis

379 1694 409 1732 a
440 1678 633 1748 quibus
677 1675 809 1730 fides
850 1675 962 1743 ipsa
1001 1673 1022 1703 ³
1065 1681 1165 1726 est.
1210 1671 1323 1725 Non
1371 1672 1482 1727 illic
1522 1669 1954 1735 inficiationibus,

380 1786 487 1824 non
515 1766 883 1831 dilationibus,
936 1779 1041 1816 non
1090 1762 1110 1793 ³
1140 1762 1524 1817 inclusionibus
1553 1771 1633 1815 est
1659 1761 1953 1830 agendum;

2051 583 2190 625 stmn
2237 572 2426 626 Filium
2466 573 2567 627 “Dei
2631 576 2955 646 unigenitum
3019 588 3144 633 ante
3194 579 3373 632 omnia
3420 579 3635 648 quidem

2052 663 2268 729 saecula,
2314 664 2431 717 sine
2476 666 2768 734 principio,
2802 682 2871 721 ex
2909 668 3069 722 Patre
3116 678 3298 723 natum
3343 670 3636 723 secundum

2052 753 2342 819 deitatem;
2378 755 2429 808 in
2463 757 2765 811 novissimis
2796 769 2972 812 autem
2995 760 3182 814 diebus
3210 759 3277 813 de
3305 760 3637 814 sanctissima

2054 845 2272 915 Virgine
2326 848 2489 901 Maria
2547 850 2794 903 eumdem
2856 853 3191 906 incarnaturn
3247 862 3301 907 et
3346 853 3640 921 perfectum

2055 935 2327 990 hominem
2360 953 2423 992 ex
2458 939 2634 991 anima
2676 941 2923 994 rationali
2953 950 3007 995 et
3034 943 3276 1011 c0rporis
3304 944 3643 1011 susceptione

2056 1026 2371 1081 bomousion
2406 1028 2550 1083 Patri
2590 1030 2885 1084 secundum
2916 1031 3192 1099 deitatem,
3239 1042 3293 1088 et
3324 1034 3640 1088 bomousion

2055 1120 2211 1173 nobis
2242 1121 2535 1175 secundum
2579 1122 2990 1177 humanitatem.
3035 1124 3269 1178 Duarum
3315 1128 3456 1179 enim
3491 1136 3644 1179 natu-

2056 1229 2236 1267 rarnut
2280 1213 2654 1282 -perfectarum
2715 1216 2891 1270 unitas
2960 1216 3099 1273 facta
3148 1227 3229 1272 est
3282 1218 3642 1283 ineffabiliter,

2059 1312 2276 1373 propter
2306 1305 2443 1372 quod
2478 1321 2639 1360 unum
2666 1306 2936 1362 Christum
2968 1309 3217 1364 eumdem
3249 1309 3441 1363 Filium
3471 1309 3561 1363 Dei
3590 1316 3645 1366 et

2060 1394 2292 1448 hominis
2342 1396 2673 1464 unigenitum
2724 1412 2752 1451 a
2799 1398 2976 1463 Patre,
3027 1408 3081 1453 et
3125 1399 3533 1469 primogenitum
3577 1414 3643 1452 ex

2061 1486 2283 1539 mortuis
2303 1488 2647 1554 confitemur;
2677 1491 2908 1545 scientes
2930 1492 3070 1560 quod
3094 1491 3302 1561 quidem
3327 1500 3643 1545 coaeternus

2058 1574 2128 1627 sit
2151 1589 2250 1628 suo
2279 1576 2419 1630 Patri
2446 1578 2741 1633 secundum
2772 1579 3129 1643 divinitatem,
3163 1580 3453 1634 secundum
3482 1596 3641 1648 quam

2059 1664 2235 1733 opifex
2265 1676 2345 1720 est
2380 1669 2639 1734 omnium,
2672 1679 2726 1723 et
2764 1670 3013 1739 dignatus
3052 1679 3137 1725 est
3176 1682 3295 1739 post
3333 1670 3644 1724 consensio-

2063 1771 2183 1809 nem
2231 1759 2583 1813 sanctissimze
2614 1759 2865 1829 Virginis,
2910 1776 3032 1815 cum
3063 1761 3202 1815 dixit
3240 1762 3305 1814 ad
3352 1762 3598 1830 angelum
3630 1778 3643 1815 :

378 1861 473 1917 sed
500 1859 933 1915 manifestissime
963 1854 1419 1924 comprobandum
1450 1863 1624 1908 utrum
1656 1851 1792 1907 beati
1818 1851 1957 1905 Petri
1992 1842 2034 1900 Β
2066 1850 2196 1906 Ecce
2224 1856 2413 1908 ancilla
2436 1856 2664 1920 Domini,
2689 1857 2779 1925 fiat
2809 1857 2931 1909 mihi
2962 1858 3242 1911 secundum
3269 1856 3473 1913 verbum
3505 1866 3650 1908 tuum

378 1952 610 2023 gloriosa
667 1948 940 2004 confessio
987 1947 1233 2015 cuiquam
1294 1961 1482 2000 eorum
1525 1957 1661 2013 quos
1706 1942 1970 2011 regendos

381 2046 605 2112 accepit,
654 2041 941 2111 quidquam
973 2040 1298 2094 subtraxerit
1336 2038 1402 2091 ad
1443 2038 1705 2100 salutem;
1738 2051 1803 2088 an
1849 2048 1970 2088 eam

386 2134 691 2190 auscultare
730 2133 939 2195 nolens,
974 2130 1132 2186 etiam
1160 2144 1280 2182 cum
1316 2144 1416 2181 suo
1463 2126 1700 2196 periculo
1756 2123 1972 2179 rebellis

385 2224 689 2281 ‘exstiterit
714 2222 979 2276 obstinata
1009 2220 1309 2291 pernicies?
1335 2218 1407 2272 lbi
1429 2227 1573 2272 certe
1600 2215 1975 2270 dilucidabitnr

388 2329 565 2370 utrum
609 2329 711 2383 ego
742 2313 901 2382 (sicut
941 2310 1159 2380 putatis)
1209 2308 1452 2371 acerbus,
1501 2320 1678 2375 asper,
1718 2314 1772 2359 et
1814 2305 1972 2359 nimis

387 2408 570 2473 durus,
611 2387 951 2473 difficilisque
990 2403 1088 2456 sim
1123 2401 1308 2463 vobis,
1345 2400 1433 2468 qui
1474 2413 1593 2450 cum
1636 2399 1843 2450 ratione
1884 2412 1973 2451 ve-

386 2506 550 2552 stram
595 2496 823 2550 salutem
866 2492 1125 2561 partnrio,
1158 2494 1245 2560 qui
1295 2492 1467 2544 clamo
1493 2506 1505 2541 :
1536 2488 1755 2542 Etiamsi
1798 2498 1977 2543 auste-

389 2606 507 2643 rttm
554 2588 762 2642 videtur
809 2584 1142 2643 antidotum,
1190 2582 1447 2649 accipite,
1506 2594 1721 2649 qnteso,
1778 2579 1972 2643 bibite,

389 2680 586 2745 vivite,
616 2679 741 2732 nolo
772 2675 1109 2739 moriamini;
1143 2688 1209 2726 an
1242 2687 1357 2737 vos,
1390 2673 1477 2740 qui
1521 2687 1548 2723 a
1594 2670 1768 2724 noxiis
1800 2669 1977 2738 prohi-

389 2769 511 2837 biti,
547 2768 786 2823 medicos
829 2765 1025 2821 ducitis
1080 2761 1472 2827 exsecrandos,
1530 2760 1638 2814 imo
1681 2759 1771 2828 qui
1821 2759 1979 2814 vultis

393 2860 666 2915 vobiscum
728 2856 968 2911 medicos
1018 2863 1280 2923 aégrotare
1310 2893 1322 2916 ,
1386 2866 1544 2918 quam
1592 2864 1687 2902 vos
1738 2847 1979 2916 recipere

396 2954 417 2985 ⁸
441 2953 749 3007 sanitatem.
778 2949 840 3003 Et
890 2948 993 3001 alia
1038 2962 1194 2999 manu
1222 2960 1239 2999 :
1269 2943 1524 2998 Dominus
1563 2952 1615 2996 te
1656 2940 1976 2995 incolumem

396 3045 680 3103 custodiat.

929 3142 955 3170 η
995 3131 1323 3187 EPISTULA
1368 3130 1428 3183 ll.
1502 3186 1507 3189 .

608 3245 674 3284 AD
713 3243 1054 3284 LAUBENTIUM
1096 3242 1162 3279 DE
1204 3239 1410 3280 LIGNIDO
1451 3235 1757 3275 EPISCOPUII.

402 3321 479 3374 Ad
508 3320 860 3390 ponti/iratum
896 3325 1187 3386 assumptus
1218 3317 1281 3368 de
1309 3330 1445 3367 more
1473 3312 1715 3390 Romanis
1742 3308 1985 3362 Ecclesia:

472 3384 590 3459 ﬁdei
640 3389 935 3510 fog‘nmlam,
976 3384 1131 3457 quam
1182 3401 1353 3438 omnes
1416 3384 1644 3451 proﬁteri
1696 3389 1982 3444 teneantur,

474 3461 679 3511 vra’scri
716 3459 775 3511 if.

474 3475 775 3527 pra'scrwtt.

476 3598 533 3651 In
572 3596 884 3665 prolixitate
923 3592 1161 3663 epistolae
1188 3591 1494 3647 dilectionis
1533 3599 1636 3644 tuae
1667 3602 1858 3658 magno
1889 3602 1986 3642 nos

404 3688 594 3758 gaudio
618 3687 838 3755 replesti
866 3688 917 3739 in
946 3702 1008 3739 ea
1035 3695 1186 3754 parte
1217 3686 1266 3737 in
1296 3698 1393 3751 qua
1422 3683 1624 3737 dictum
1652 3692 1734 3737 est
1758 3680 1899 3751 quod
1934 3681 1983 3732 in

406 3779 870 3835 Thessalonicensi
908 3778 1166 3841 Ecclesia,
1198 3778 1281 3832 vel
1331 3778 1381 3829 in
1414 3776 1533 3829 aliis
1563 3776 1808 3829 similiter
1851 3775 1988 3827 reci-

407 3882 513 3928 tata
563 3872 789 3942 epistola
851 3870 1261 3938 prtedecessoris
1324 3870 1493 3924 nostri
1552 3868 1619 3922 de
1678 3868 1988 3921 excessibus

408 3965 605 4026 Acacii,
637 3963 811 4016 cuncti
854 3962 1030 4015 eidem
1079 3962 1363 4014 anathema
1408 3960 1660 4024 dixerint,
1705 3974 1803 4013 nec
1839 3961 1987 4028 quis-

409 4072 565 4127 quam
637 4055 999 4111 communioni
1055 4053 1448 4123 prmvarieatori
1506 4067 1625 4107 sese
1692 4052 1985 4107 miscuerit.

410 4151 565 4206 Unde
594 4152 713 4221 quia
746 4164 843 4203 nos
872 4150 1131 4203 admones
1161 4148 1449 4202 dilectione
1472 4148 1730 4210 fraterna,
1757 4154 1815 4200 ut
1843 4146 1990 4200 velut

412 4243 729 4298 medicinam
772 4240 1056 4311 quamdam
1098 4239 1219 4294 fidei
1259 4239 1526 4307 episcopis
1572 4252 1666 4305 per
1697 4236 1986 4307 Illyricum,

410 4332 492 4386 vel
520 4332 636 4385 aliis
662 4332 964 4384 ministrare
995 4330 1306 4393 debeamus,
1342 4344 1641 4396 quanquam
1676 4329 1776 4381 hoc
1806 4329 1989 4396 copio-

412 4422 625 4477 sissime
661 4422 852 4476 factum
890 4424 958 4476 sit
995 4438 1021 4474 a
1054 4423 1225 4476 beatze
1267 4422 1657 4475 recordationis
1695 4424 1993 4489 prmileces—

410 4529 534 4569 sore
597 4524 807 4577 nostro;
863 4524 917 4566 et
963 4514 1086 4581 quia
1134 4528 1250 4565 mos
1299 4523 1380 4566 est
1428 4513 1681 4565 Romana:
1738 4513 1989 4567 Ecclesiae

412 4607 675 4661 sacerdoti
725 4607 932 4659 noviter
977 4606 1271 4658 constituto
1317 4604 1539 4658 formam
1590 4606 1711 4657 fidei
1765 4621 1875 4658 sure
1924 4606 1989 4658 ad
2021 4584 2068 4642 D

410 4710 621 4751 sanctas
642 4696 904 4750 Ecclesias
928 4709 1249 4765 praerogare,
1270 4694 1382 4747 bare
1405 4694 1589 4749 eadem
1612 4695 1991 4763 compendiosa

413 4788 571 4842 nimis
618 4788 875 4841 brevitate
923 4787 1095 4839 studui
1146 4800 1435 4849 renovare,
1488 4794 1545 4838 ut
1587 4784 1687 4839 sub
1740 4800 1841 4853 qua
1893 4786 1995 4842 fide

412 4877 699 4932 vivendum
749 4878 838 4939 sit,
885 4876 1176 4931 secundum
1227 4886 1424 4929 statuta
1469 4876 1708 4945 Patrum,
1760 4877 1811 4931 in
1858 4878 1995 4932 hanc

416 4978 653 5023 nostram
699 4968 980 5038 epistolam
1021 4976 1237 5037 propter
1275 4968 1587 5022 brevitatem
1628 4968 1747 5023 sine
1785 4968 1996 5025 fastidio

416 5064 585 5116 lector
610 5069 884 5131 agnoscat.

489 5202 517 5230 ι
539 5193 666 5247 llaac
691 5194 911 5256 epistola
937 5192 1214 5249 circularis
1239 5202 1321 5247 est
1352 5202 1404 5248 et
1423 5195 1692 5264 eucyclica
1720 5197 1783 5251 ad
1807 5212 1996 5254 omnes

418 5264 697 5331 episcopos
719 5265 1039 5319 Macedonia:
1066 5279 1205 5319 anno
1230 5267 1249 5318 l
1282 5263 1620 5332 pontificatus
1642 5263 1839 5321 Gelasii
1863 5270 1997 5323 scri-

419 5344 541 5403 pta,
580 5348 640 5387 ea
678 5335 961 5390 occasione
997 5337 1135 5403 quod
1178 5335 1460 5401 episcopus
1500 5336 1997 5394 Thessalonicensis

419 5406 581 5476 t0tius
609 5404 931 5476 Macedonia:
962 5405 1252 5476 provincia:
1282 5407 1724 5476 metropolitanus
1756 5407 1836 5476 (ut
1864 5424 1995 5463 con-

417 5484 522 5549 stat
566 5475 700 5549 infra
742 5489 806 5528 ex
834 5475 1073 5549 _epist._9
1112 5475 1176 5529 ad
1218 5475 1452 5549 Dardau.
1499 5485 1553 5530 et
1597 5474 1992 5549 illyr.'episc.),

419 5545 697 5599 Acacianis
726 5544 884 5599 modo
912 5545 1139 5613 turpiter
1166 5545 1487 5612 adhaereret,
1520 5547 1610 5616 qui
1647 5544 1780 5603 alias
1809 5544 1996 5606 contra

491 5660 509 5733 ξ
538 5658 672 5733 Cod.
703 5661 918 5731 capituli
946 5663 1239 5731 Veronen.,
1270 5661 1390 5733 quia
1415 5670 1463 5716 et
1492 5662 1591 5717 hic.

488 5732 511 5764 ³
540 5729 615 5800 Id.
647 5729 791 5799 eod.,
816 5733 1021 5800 defensa
1048 5743 1141 5786 est.
1162 5748 1175 5766 ο

488 5802 511 5837 ⁸
535 5799 613 5859 1d.
644 5802 801 5868 eod.,
828 5799 1169 5865 illusionibus.

2010 3212 2056 3275 C

2077 1945 2226 2016 (Luc.
2250 1946 2310 2015 ι).
2342 1946 2683 2002 lnefl‘abiliter
2706 1947 2805 2001 sibi
2833 1963 2900 2001 cx
2924 1948 3037 2015 ipsa
3063 1947 3343 2003 aedificavit
3370 1942 3648 2011 templum,

2073 2048 2126 2092 et
2155 2040 2253 2093 sibi
2288 2041 2477 2102 univit,
2510 2040 2649 2108 quod
2684 2056 2788 2093 non
2833 2050 3159 2095 comternum
3186 2038 3252 2093 de
3280 2054 3372 2091 sua
3407 2038 3655 2091 substan-

2077 2131 2143 2184 tia
2185 2146 2215 2184 e
2244 2132 2382 2185 coelo
2409 2131 2602 2185 detulit
2630 2146 2844 2199 corpus,
2877 2130 2969 2186 sed
3000 2145 3066 2185 ex
3094 2144 3266 2183 massa
3298 2138 3494 2182 nostrae
3529 2128 3656 2181 sub-

2074 2223 2306 2289 stantiae,
2352 2223 2450 2277 hoc
2491 2232 2574 2277 est
2614 2239 2679 2277 ex
2724 2224 2925 2293 virgine
2972 2222 3070 2275 hoc
3116 2221 3403 2288 accipiens,
3451 2230 3504 2273 et
3551 2218 3654 2273 sibi

2077 2312 2290 2379 unicus,
2334 2328 2437 2367 non
2482 2314 2627 2367 Deus
2663 2314 2896 2368 Verbum
2950 2315 3001 2367 in
3045 2327 3258 2365 carnem
3302 2326 3490 2365 versus
3538 2320 3652 2374 est;

2078 2421 2251 2476 neque
2279 2415 2335 2460 ut
2366 2406 2678 2476 phantasma
2709 2420 3003 2475 apparens,
3041 2404 3133 2458 sed
3178 2402 3659 2459 ineonvertibiliter

2078 2509 2133 2555 et
2198 2499 2708 2554 incommutabiliter
2776 2513 2924 2551 suam
2979 2494 3318 2550 conservavit
3370 2492 3660 2545 essentiam

2082 2591 2341 2659 primitias
2369 2599 2571 2644 natura:
2602 2600 2799 2643 nostrae
2826 2588 3139 2657 suscipiens,
3175 2585 3275 2640 sibi
3307 2585 3492 2637 nnivit.
3528 2582 3659 2636 Nam

2084 2682 2401 2751 principium
2435 2682 2573 2735 Deus
2608 2679 2839 2734 Verbum
2878 2682 2973 2731 has
3011 2687 3207 2731 nostra:
3245 2686 3447 2729 naturm
3478 2671 3663 2741 primi~

2083 2775 2182 2828 tias
2221 2775 2384 2829 multa
2415 2772 2515 2827 sibi
2547 2772 2781 2826 bonitate
2824 2772 2977 2824 unirc
3007 2769 3252 2838 dignatus
3296 2776 3395 2831 cst,
3429 2766 3517 2834 qui
3557 2780 3662 2817 non

2084 2867 2396 2937 permixtus,
2431 2864 2523 2918 sed
2556 2864 2607 2917 in
2639 2864 2918 2931 utriusque
2955 2860 3250 2916 substantia
3292 2872 3428 2911 unus
3459 2866 3512 2910 et
3552 2858 3664 2924 ipse

2082 2961 2249 3024 visus,
2274 2944 2562 3013 secundum
2591 2956 2731 3025 quod
2763 2958 3021 3023 scriptum
3054 2963 3173 3006 est:
3206 2952 3400 3005 sttuite
3423 2948 3664 3018 templum

2082 3053 2239 3116 istud,
2274 3062 2318 3103 et
2354 3052 2406 3102 in
2454 3049 2613 3101 tribus
2652 3047 2827 3099 diebus
2864 3044 3171 3098 resuscilabo
3209 3040 3338 3094 illud
3373 3038 3550 3107 (Joa-tt.
3582 3038 3662 3107 tt).

2086 3142 2323 3197 Solvitur
2350 3141 2490 3194 enim
2521 3138 2764 3193 Christus
2792 3136 2969 3201 Jesus,
2998 3132 3289 3189 secundum
3318 3146 3514 3185 meram
3547 3130 3666 3182 sub-

2089 3236 2334 3289 Stantiam
2360 3248 2515 3301 quam
2546 3230 2802 3297 suscepit,
2825 3237 2879 3282 et
2901 3228 3130 3281 solutum
3153 3224 3373 3278 suscitat
3397 3220 3667 3291 proprium

2090 3330 2344 3396 templum
2379 3344 2392 3379 :
2428 3326 2528 3378 hoc
2558 3326 2670 3392 ipse
2702 3314 2991 3375 secutidum
3024 3320 3256 3372 divinam
3289 3314 3665 3378 substantiam,

2089 3419 2381 3474 secundum
2425 3430 2583 3486 quam
2626 3424 2680 3467 et
2718 3413 2956 3467 omnium
3004 3409 3191 3463 artifex
3231 3418 3332 3463 est.
3387 3408 3666 3475 Nunquam

2091 3524 2265 3567 autem
2306 3520 2422 3579 post
2468 3505 2913 3561 resurrectionem
2957 3502 3209 3556 uuitiunis
3241 3510 3436 3553 nostra:
3465 3507 3668 3551 natura:

2091 3603 2335 3658 discessit
2382 3615 2408 3651 a
2458 3598 2678 3668 pr0prio
2730 3596 2962 3660 templo,
3025 3608 3121 3645 nec
3171 3589 3447 3644 discedere
3494 3595 3670 3656 poti-st

2093 3705 2308 3762 pr0pter
2337 3689 2663 3744 ineffabilem
2700 3704 2849 3740 suam
2885 3684 3290 3751 benignitatem,
3321 3680 3412 3735 sed
3446 3689 3527 3734 est
3555 3681 3669 3749 ipse

2094 3786 2347 3838 Dominus
2373 3783 2527 3835 Jesus
2549 3780 2790 3833 Christus
2810 3788 2863 3831 ct
2890 3776 3176 3844 passibilis,
3208 3785 3261 3829 et
3283 3773 3625 3842 impassibilis
3652 3791 3665 3825 :

2091 3876 2360 3948 passibilis
2408 3874 2703 3929 secundum
2745 3872 3168 3936 humanitatem,
3205 3868 3547 3937 impassibilis
3585 3882 3672 3921 se-

2090 3971 2320 4024 cundum
2345 3969 2697 4023 divinitatem.
2728 3966 3016 4021 Suscitavit
3045 3965 3204 4034 igitur
3232 3980 3383 4017 suum
3417 3963 3671 4031 templum

2093 4062 2234 4115 Deus
2257 4061 2509 4127 Verbum,
2537 4069 2592 4111 et
2617 4058 2667 4111 in
2693 4073 2750 4111 se
2772 4067 2974 4111 natura)
3002 4068 3198 4111 nostrae
3224 4056 3669 4111 resurrectionem

2092 4164 2146 4210 et
2174 4154 2571 4208 renovationem
2602 4161 2851 4219 operatus
2877 4160 2979 4215 est,
3007 4160 3061 4204 ct
3084 4148 3219 4201 banc
3242 4147 3497 4203 Dominus
3520 4146 3672 4200 Chri-

2092 4254 2206 4299 stus
2251 4254 2431 4297 nostcr
2473 4242 2633 4304 Deus,
2678 4252 2957 4309 postquam
3009 4240 3302 4294 resurrexit
3348 4254 3376 4291 a
3425 4237 3668 4300 mortuis,

2093 4335 2369 4404 discipulis
2417 4333 2528 4388 suis
2576 4331 2895 4386 ostendebat
2940 4331 3165 4387 dicens:
3215 4329 3435 4395 Palpate
3480 4342 3578 4392 me,
3626 4333 3673 4378 et

2093 4427 2258 4482 videte
2289 4428 2531 4497 quoniam
2578 4426 2791 4493 spiritus
2839 4440 3043 4476 carnem
3093 4434 3137 4475 et
3191 4438 3305 4474 ossa
3346 4437 3445 4473 non
3498 4420 3672 4485 habet,

2094 4517 2517 4586 quemadmodum
2554 4531 2630 4568 me
2664 4515 2840 4567 videtis
2872 4515 3054 4568 habere
3083 4512 3232 4583 (Luc.
3259 4512 3426 4577 XXIV);
3464 4527 3568 4563 non
3598 4511 3677 4563 di-

2099 4612 2194 4673 xit,
2224 4607 2671 4678 quemadmodum
2702 4624 2787 4661 me
2813 4606 2991 4660 dicitis
3017 4619 3157 4668 esse,
3191 4603 3281 4656 sed
3312 4603 3513 4663 habere,
3542 4613 3599 4653 ut
3624 4610 3678 4655 et

2100 4700 2189 4769 qui
2233 4700 2413 4766 habet,
2446 4709 2497 4753 et
2524 4702 2612 4768 qui
2646 4699 2873 4753 habetur
2905 4696 3272 4757 considerans,
3304 4709 3410 4747 non
3444 4694 3679 4759 permix-

2100 4792 2323 4855 tionem,
2370 4805 2477 4844 non
2524 4789 2955 4852 conversionem,
3006 4802 3112 4839 non
3159 4784 3535 4845 mutationem,
3585 4782 3679 4835 sed

2102 4884 2357 4937 unitatem
2410 4882 2602 4936 factam
2654 4880 2933 4949 respicias.
2995 4878 3325 4944 Propterea,
3376 4882 3429 4927 et
3479 4873 3682 4926 fixuras

2099 4976 2396 5038 clavorum,
2425 4984 2479 5028 et
2510 4973 2760 5026 fixionem
2805 4971 3008 5024 lancea:
3038 4966 3446 5029 demonstravit,
3477 4974 3530 5020 et
3559 4978 3680 5017 cum

2100 5066 2377 5135 discipulis
2412 5062 2781 5126 manducavit,
2816 5069 2871 5114 ut
2901 5074 2995 5129 per
3023 5056 3203 5111 omnia
3234 5054 3681 5110 resurrectionem

2106 5200 2294 5254 oborta
2325 5199 2608 5253 schismata
2649 5199 2785 5251 inter
2813 5194 3111 5249 Orientales
3141 5202 3194 5246 et
3220 5193 3516 5245 Romanum
3549 5205 3684 5257 pon-

2107 5271 2324 5334 tificem,
2351 5270 2465 5324 sedi
2514 5268 2822 5339 apostolicm
2859 5266 3083 5339 firmiter
3125 5263 3410 5339 inhaerere,
3462 5262 3685 5339 ejusque

2107 5332 2457 5410 patrocinium
2487 5332 2759 5410 suscipere
2783 5334 3169 5410 consuevisset.
3202 5333 3275 5410 Ut_
3292 5346 3420 5410 ergo
3451 5332 3686 5399 reliquos

2105 5402 2223 5479 ejus
2250 5410 2540 5479 provincize
2569 5402 2847 5479 episcopos
2881 5407 2932 5479 in
2964 5402 3449 5479 officio_cathol_ic:e
3476 5411 3529 5455 et
3558 5415 3688 5479 apo-

2104 5471 2307 5535 siolic'aa
2338 5471 2729 5534 communionis
2753 5471 3072 5539 contineret,
3104 5473 3169 5528 ad
3207 5472 3445 5542 ejusdem
3473 5471 3687 5539 provin-

2105 5553 2204 5607 ciae
2217 5551 2481 5606 antistites
2500 5549 2596 5603 has
2618 5548 2906 5603 circulares
2925 5545 3133 5601 litteras
3148 5544 3316 5602 dedit.
3337 5542 3466 5600 Ssv.
3480 5542 3682 5598 Bttuus.

2160 5666 2192 5712 .⁸
2222 5666 2298 5720 Id.
2330 5666 2474 5730 eod.,
2505 5665 2758 5720 existeret.

2174 5737 2324 5807 “AL,
2361 5739 2595 5793 salutem.
2631 5737 2890 5793 llauouuv.
