4120 6186
373 311 437 365 21
1588 309 1944 367 EPISTOLA'J
1988 310 2072 365 ET
2118 309 2451 368 DECRETA.
3587 314 3657 366 ‘19.

377 435 577 483 nostra:
623 433 832 481 naturae
874 424 928 479 in
978 438 1037 479 se
1086 431 1395 478 renovatam
1440 422 1703 476 doceret:
1736 432 1790 477 et
1839 424 1963 490 quia
1996 429 2039 483 Α
2071 435 2265 493 gnatus
2297 440 2354 479 es
2383 464 2398 487 ,
2448 424 2665 479 domine
2697 434 2880 479 sancte
2920 426 3209 495 apostoliee
3253 436 3306 480 et
3354 427 3659 484 beatissime

378 518 673 573 secundum
708 517 921 571 beatam
953 514 1249 570 divinitatis
1286 513 1639 567 substantiam
1682 514 1966 567 inconver-

379 609 543 663 tibilis
569 650 585 674 ,
632 606 1089 661 incommutabilis
1116 646 1132 669 ,
1183 605 1526 675 impassibilis
1550 650 1564 673 ,
1614 604 1967 670 immOrtalis,

378 700 582 755 nullius
610 699 871 769 indigens,
903 698 1191 767 pet-ﬁciens
1221 711 1406 751 omnes
1437 697 1730 766 passiones,
1762 711 1821 750 se
1852 711 1973 765 per»

384 795 539 848 misit
606 794 818 862 proprio
866 791 1051 846 inferri
1086 791 1308 860 templo,
1355 790 1495 857 quod
1528 790 1723 844 virtute
1759 787 1971 857 propria

380 887 685 949 suscitavit,
730 898 779 939 et
820 884 1215 953 perprOpriam
1248 882 1636 953 perfectionem
1682 882 1863 949 templi
1894 882 1973 934 sui

383 981 785 1032 renovationem
810 983 1008 1029 110511⁸ίῦ
1033 983 1238 1028 naturas
1264 985 1519 1042 operatus
1544 981 1644 1027 est.
1669 972 1768 1039 Qui
1796 981 1972 1027 autem

383 1068 571 1123 dicunt
615 1067 862 1121 subtilem
897 1066 1169 1118 hominem
1203 1064 1495 1123 Christum.
1538 1072 1629 1117 aut
1666 1063 1975 1132 passibilem

384 1159 553 1213 Deum
579 1200 594 1221 ,
639 1166 735 1211 aut
776 1157 830 1210 in
876 1170 1041 1212 carne
1091 1171 1338 1221 versum,
1370 1163 1463 1209 aut
1506 1170 1614 1208 non
1655 1156 1668 1184 ¹
1701 1152 1974 1222 cognitum

386 1250 641 1305 habuisse
690 1261 916 1317 corpus,
960 1256 1052 1301 aut
1101 1246 1169 1301 de
1216 1246 1355 1301 caelo
1400 1246 1502 1300 hoc
1548 1244 1835 1309 detulisse,
1886 1251 1979 1297 aut

386 1344 702 1411 phantasma
747 1354 890 1407 esse,
923 1349 1012 1394 aut
1042 1339 1323 1394 mortalem
1354 1339 1615 1402 dicentes,
1652 1338 1815 1390 Deum
1847 1334 1976 1388 Ver-

385 1433 513 1489 bum
563 1432 858 1503 indiguisse
900 1440 957 1485 ut
1006 1445 1036 1484 a
1074 1431 1231 1484 Patre
1285 1429 1671 1493 suscitaretur,
1717 1438 1804 1481 aut
1860 1426 1977 1481 sine

384 1526 567 1579 anima
606 1539 835 1593 corpus,
865 1533 952 1576 aut
990 1523 1106 1576 sine
1145 1535 1307 1576 sensu
1338 1518 1612 1573 hominem
1652 1516 1974 1585 suscepisse,

386 1625 482 1670 aut
502 1616 637 1669 duas
660 1614 987 1669 substantias
1008 1610 1225 1677 Christi,
1252 1610 1545 1666 secundum
1571 1607 1978 1678 permixtionem

386 1709 663 1773 confusas,
716 1721 875 1759 unam
921 1705 1113 1760 laetam
1154 1704 1319 1758 fuisse
1363 1701 1736 1764 substantiam,
1778 1710 1832 1756 et
1871 1715 1979 1753 non

390 1799 710 1853 conﬁtentes
736 1798 1021 1851 Dominum
1060 1804 1303 1849 nostrum
1333 1793 1516 1848 Jesum
1547 1791 1817 1846 Christum
1849 1789 1980 1845 duas
2012 1768 2059 1828 Β

394 1906 517 1947 esse
566 1899 780 1944 naturas
830 1888 1170 1953 inconfusas,
1223 1900 1383 1940 unam
1430 1892 1609 1939 autem
1659 1897 1977 1951 personam,

391 1980 685 2036 secundum
734 1978 873 2047 quod
922 1993 1056 2031 unus
1094 1976 1375 2044 Christus,
1427 1989 1563 2029 unus
1610 1974 1750 2027 idem
1792 1973 1979 2041 Filius,

392 2071 524 2125 istos
554 2069 971 2123 anathematizat
1003 2066 1264 2122 catholica
1304 2077 1355 2122 et
1386 2066 1677 2137 ap0stolica
1718 2063 1978 2119 Ecclesia.

392 2170 520 2224 Haec
552 2185 679 2239 ergo
702 2177 846 2231 sunt,
878 2167 1043 2222 frater
1065 2165 1436 2228 dilectissime,
1468 2179 1588 2232 qua:
1613 2178 1708 2231 pro
1742 2162 1984 2215 antidoto

393 2278 493 2317 nos
509 2263 709 2318 debere
741 2264 953 2316 mittere
995 2259 1266 2328 ﬂagitasti,
1298 2257 1439 2328 quod
1476 2256 1678 2309 nullon:
1718 2268 1980 2318 amarum,

392 2369 569 2423 neque
599 2354 756 2409 dulce
795 2354 1013 2407 noxium
1048 2350 1335 2405 videndum
1373 2348 1624 2417 relugite,
1666 2362 1787 2400 nam
1822 2354 1876 2400 et
1916 2344 1985 2400 de

393 2458 583 2503 nostro
636 2455 901 2501 conventu
952 2445 1389 2514 disposueramus
1432 2441 1688 2511 quosdam
1730 2440 1981 2507 dirigere,

392 2539 442 2592 si
488 2539 622 2592 ratio
661 2538 711 2593 id
763 2539 1020 2606 temporis
1060 2536 1174 2590 ﬁeri
1218 2535 1546 2603 permisisset
1579 2552 1591 2586 :
1637 2532 1777 2602 quod
1809 2531 1987 2586 facere

391 2631 666 2684 credimus
699 2638 1021 2698 opportune,
1056 2642 1178 2681 cum
1215 2627 1425 2680 illarum
1460 2625 1689 2693 partium
1724 2624 1985 2679 correCtio

393 2722 464 2776 ad
497 2736 611 2785 nos,
650 2723 867 2791 juvante
894 2721 1143 2779 Domino,
1174 2718 1438 2788 legatione
1484 2716 1817 2787 plenissima,
1847 2714 1986 2769 sicut

391 2814 717 2868 conﬁdimus
759 2814 917 2867 fuerit
967 2813 1229 2866 nuntiata.
1272 2811 1563 2881 Sperantes
1606 2810 1767 2865 etiam
1800 2808 1866 2862 de
1889 2808 1983 2862 Dei

395 2909 568 2963 nostri
598 2906 988 2971 misericordia,
1022 2915 1078 2959 ut
1104 2904 1227 2958 huic
1260 2903 1623 2972 prtedicationi
1650 2912 1848 2957 nostra:
1874 2901 1985 2956 cle-

396 3000 766 3054 mentissimus
794 3008 848 3052 et
876 2996 1368 3051 Christianissimus
1398 2997 1689 3065 imperator
1720 2994 1985 3049 unanimi-

392 3099 559 3145 tatem
606 3105 757 3145 suam
807 3091 1173 3159 auxiliumque
1218 3090 1526 3159 coniungat,
1574 3101 1836 3157 quatenus
1883 3104 1981 3159 pro

392 3181 501 3235 ﬁde
521 3196 623 3249 qua
655 3180 840 3247 pollet,
868 3182 919 3233 itt
949 3180 1053 3233 illis
1085 3180 1393 3246 regionibus
1420 3189 1685 3242 coerceat,
1710 3181 1839 3249 quin
1870 3180 1982 3235 suis

393 3270 817 3339 quaestiunculis,
862 3280 916 3324 et
958 3269 1253 3324 secundum
1298 3270 1560 3323 elementa
1608 3271 1814 3337 mundi,
1844 3270 1986 3325 sicut

392 3376 490 3416 vas
516 3363 797 3417 electionis
826 3372 951 3416 ante
981 3363 1248 3433 pra-dixit,
1284 3364 1554 3430 superﬂua
1586 3379 1827 3432 vanaque
1856 3380 1984 3419 con-

392 3455 596 3520 ciuant,
626 3457 873 3511 nolentes
899 3457 1160 3511 contineri
1193 3456 1510 3511 salutaribus
1532 3456 1825 3524 disciplinis
1852 3475 1863 3509 :
1890 3459 1984 3513 sed

392 3564 503 3612 vos,
533 3548 673 3601 sicut
698 3549 771 3602 ait
804 3549 942 3601 idern
978 3550 1273 3617 apostolus,
1305 3566 1405 3601 non
1439 3549 1509 3601 ita
1540 3550 1804 3610 didicistis,
1838 3548 1990 3602 Chri-

394 3637 773 3701 stum(Coloss.
805 3640 887 3704 tt),
928 3640 971 3691 si
1016 3653 1189 3693 tamen
1242 3640 1386 3693 illum
1432 3640 1676 3705 audistis,
1709 3650 1763 3694 et
1804 3640 1855 3693 in
1896 3640 1989 3694 illo

394 3729 539 3781 docti
581 3730 733 3794 estis,
759 3730 899 3783 sicut
929 3739 1011 3783 est
1044 3731 1243 3783 veritas
1284 3729 1336 3782 in
1372 3730 1577 3794 Jesum,
1606 3745 1763 3800 quam
1807 3731 1989 3799 utique

395 3819 489 3875 ille
524 3821 935 3889 apprehendere
967 3822 1159 3890 poterit
1183 3822 1271 3891 qui
1302 3822 1723 3875 ortltodoxorum
1749 3822 1987 3889 Patrum,

394 3911 535 3964 sicut
578 3913 686 3978 jam
734 3928 879 3979 szepe
924 3913 1123 3968 dictum
1163 3921 1266 3977 est,
1310 3914 1679 3967 observaverit
1725 3913 1987 3968 instituta.

398 3999 541 4054 Deus
567 4010 618 4055 te
649 4002 968 4057 incolumem
998 4003 1285 4068 custodiat,
1320 4002 1485 4059 frater
1514 4004 1808 4059 Carissime.

989 4113 1421 4169 RESCRIPTUM

541 4220 895 4259 EPISCOPOBUM
937 4222 1212 4259 υιυιῡΑΝιιε
1251 4222 1317 4259 ΔΙ)
1357 4221 1616 4261 GELASIUI!
1653 4223 1845 4263 PAPAM.

395 4294 607 4350 Gratias
632 4309 787 4367 agunt
814 4299 951 4363 quod
981 4298 1117 4365 ipsos
1147 4301 1397 4351 monuerit
1426 4315 1456 4351 a
1494 4300 1677 4368 quibus
1712 4300 1994 4353 cavendum

471 4368 569 4489 git;
603 4378 647 4421 et
690 4385 873 4438 cupere
913 4369 1050 4437 ipsos
1085 4369 1145 4422 ab
1172 4370 1455 4436 apostolica
1483 4370 1599 4423 sede
1633 4372 1826 4424 visitari
1860 4372 1993 4425 scri-

511 4448 617 4489 unt.

511 4448 617 4490 unt.

475 4546 701 4601 Domino
730 4556 916 4602 sancto
957 4548 1199 4616 apostolo
1240 4547 1337 4620 [αι.
1368 4547 1683 4619 apostolico]
1713 4558 1764 4603 et
1794 4550 1993 4603 beatis-

396 4638 541 4693 simo
570 4640 705 4708 patri
740 4651 948 4709 patrum
987 4638 1201 4693 Gelasio
1234 4655 1382 4710 papa:
1410 4643 1551 4696 urbis
1584 4642 1790 4707 Romze,
1821 4642 1995 4697 humi-

396 4732 483 4786 les
510 4733 746 4801 episcopi
779 4732 1077 4786 Dardaniae.

472 4821 834 4877 Saluberrima
864 4824 1191 4891 apostolatus
1223 4825 1380 4878 νεοδινὶ
1410 4834 1672 4893 praecepta
1706 4825 1995 4897 Tryphone

398 4926 525 4965 viro
553 4913 804 4983 religioso
837 4913 944 4967 (ilio
976 4924 1159 4969 nostro
1187 4915 1461 4969 deferente
1483 4956 1499 4983 ,
1530 4932 1632 4985 qua
1665 4928 1875 4985 Oportet
1901 4918 1995 4972 de-

398 5002 627 5057 votione
654 5006 1007 5074 suscepimus,
1032 5014 1085 5059 et
1115 5006 1373 5060 max'mas
1407 5006 1512 5060 Deo
1539 5008 1913 5077 omnipotenti,
1943 5019 1997 5064 ct

397 5094 719 5150 beatitudini
748 5109 939 5149 vesme
968 5095 1248 5150 referimus
1278 5097 1497 5165 gratias,
1522 5099 1660 5165 quod
1693 5114 1789 5152 nos
1816 5110 1993 5166 pasto-

398 5185 501 5241 tali
524 5186 888 5242 admonitione
926 5195 981 5241 et
1025 5188 1333 5256 evangelica
1378 5188 1618 5242 doetrina
1668 5190 1883 5245 visitare
1912 5193 1993 5248 Ji-

475 5376 501 5404 ι
543 5365 761 5439 Duabus
776 5366 1016 5435 epistolis
1046 5367 1321 5439 admonuit
1343 5366 1584 5419 Gelasius
1609 5369 1840 5434 pontifex
1869 5373 1984 5439 cpi-

397 5452 597 5504 scopus
631 5438 906 5490 Dardania:
932 5481 945 5500 ,
979 5449 1036 5490 ut
1068 5438 1520 5505 Eutycbinnoruut
1552 5438 1987 5495 cntututtnionetn

397 5508 589 5578 sedqu
635 5508 884 5561 vitarent.
935 5509 1171 5562 Priorem
1221 5511 1362 5573 (qua:
1405 5507 1622 5576 excidit)
1679 5511 1821 5563 misit
1897 5528 1989 5578 per

399 5576 781 5647 Tryphonem;
818 5580 884 5631 ad
916 5595 1071 5648 quam
1107 5578 1413 5647 prarcedens
1433 5580 1658 5645 epistola
1687 5581 1752 5635 ab
1782 5576 1988 5651 episco-

476 5713 494 5745 ⁸
517 5713 660 5769 Edit.
687 5712 844 5769 Rom.
870 5712 1062 5769 melius
1093 5713 1247 5767 habet
1277 5713 1539 5765 munitum

2009 3139 2055 3203 C

2076 524 2225 585 pater
2258 526 2485 581 patrum.
2531 516 2790 570 Desiderii
2824 518 2965 571 enim
3006 529 3058 571 et
3100 521 3207 573 voti
3240 518 3405 573 nostri
3443 532 3519 574 est
3549 521 3661 589 jus-

2075 606 2317 659 sionibus
2341 608 2535 661 vestris
2568 608 2619 660 in
2661 610 2911 663 omnibus
2937 610 3154 665 obedire
3178 652 3191 676 ,
3236 620 3290 665 ct
3319 613 3661 679 quemadmo-

2075 697 2201 751 dum
2232 712 2260 750 a
2294 698 2532 767 patribus
2563 700 2763 754 nostris
2790 701 3120 770 accepimus,
3157 703 3301 756 sedis
3329 703 3660 771 apostolicze,

2075 803 2193 857 qua:
2222 789 2341 842 vita:
2372 798 2424 844 et
2449 792 2654 845 meritis
2684 792 2879 846 vestris
2908 792 3080 848 delata
3120 802 3235 860 est,
3278 804 3542 864 praerepta
3576 794 3661 847 iu-

2078 886 2334 932 temerate
2364 894 2603 944 servare,
2643 892 2801 949 atque
2829 883 3136 952 religionem
3165 885 3536 950 orthodoxam,
3567 899 3663 938 cu-

2074 968 2161 1036 jus
2189 969 2316 1022 estis
2346 970 2718 1037 praedicatores
2742 1010 2758 1036 ,
2809 971 2949 1026 fideli
2980 982 3032 1027 et
3064 974 3323 1042 inculpata
3356 974 3663 1040 devotione,

2084 1069 2241 1128 prout
2289 1070 2485 1115 nostra
2536 1062 2846 1117 rusticitatis
2887 1078 3076 1119 sensus
3106 1065 3302 1133 patitur
3328 1103 3341 1129 ,
3372 1063 3662 1118 custodire.

2081 1152 2339 1223 Eutycbis
2369 1156 2510 1207 enim
2540 1156 2619 1207 vel
2655 1156 2795 1209 Petri
2825 1156 3112 1227 Acaciique
3147 1167 3201 1211 et
3228 1156 3465 1210 omnium
3496 1164 3671 1209 secta-

2083 1252 2255 1298 torum
2292 1244 2409 1312 ejus
2447 1252 2604 1314 atque
2647 1248 3003 1312 consortium,
3038 1248 3180 1302 velut
3218 1248 3459 1315 quaedam
3507 1246 3672 1314 pesti-

2081 1338 2192 1393 fera
2217 1340 2483 1408 contagia,
2515 1349 2638 1394 ante
2666 1350 2894 1395 vestram
2926 1356 3137 1411 quoque
3167 1342 3447 1395 vitavitnus
3474 1340 3670 1408 jussio-

2084 1446 2205 1485 nem
2226 1473 2240 1497 ,
2281 1442 2336 1485 et
2364 1432 2529 1486 multo
2558 1435 2725 1501 magis
2768 1447 2907 1486 nunc
2936 1443 3054 1501 post
3083 1431 3497 1486 admonitionem
3527 1430 3671 1482 sedis

2082 1522 2390 1590 apostolica:
2413 1565 2427 1589 ,
2470 1531 2525 1577 et
2568 1521 2635 1577 ab
2664 1522 2848 1577 eadem
2886 1536 2982 1576 nos
3027 1522 3312 1591 pollu'ione
3342 1535 3562 1575 neersse
3589 1529 3672 1575 est

2084 1612 2354 1669 abstinere
2386 1630 2399 1666 :
2428 1623 2481 1669 et
2510 1614 2555 1667 si
2588 1615 2676 1677 qui
2707 1614 2797 1667 alii
2827 1614 3066 1682 ejusdem
3111 1612 3422 1682 Eutychetis
3448 1621 3669 1675 sectam,

2086 1704 2171 1759 vel
2201 1704 2341 1759 Petri
2368 1713 2424 1758 et
2450 1704 2655 1769 Acacii,
2679 1713 2769 1758 aut
2793 1706 2961 1758 secuti
2988 1712 3111 1759 sunt
3139 1714 3228 1757 aut
3254 1712 3562 1772 sequentur,
3594 1704 3671 1756 vel

2086 1799 2397 1853 eorumdem
2426 1813 2545 1854 sese
2572 1800 2920 1868 complicibus
2960 1809 3118 1869 atque
3158 1798 3494 1852 consortibus
3532 1796 3673 1849 asti-

2087 1897 2234 1943 mant
2261 1889 2641 1944 immiscendos
2666 1932 2681 1957 ,
2716 1899 2771 1944 et
2798 1906 2825 1944 a
2874 1890 3025 1945 nobis
3050 1932 3063 1955 ,
3099 1890 3189 1958 qui
3227 1889 3338 1943 sedi
3370 1888 3675 1956 apostolica:

2085 1980 2381 2035 secundum
2412 1981 2591 2034 divina
2630 1990 2893 2049 przecepta
2922 1989 2976 2035 et
3015 1981 3228 2034 Patrum
3271 1988 3465 2034 statuta
3508 1980 3675 2031 incul-

2088 2074 2197 2140 pati
2228 2073 2431 2127 servire
2458 2072 2825 2127 desideramus
2844 2111 2860 2138 ,
2888 2072 3035 2125 omni
3064 2073 3271 2125 ratione
3300 2069 3498 2123 vitandi
3530 2079 3673 2123 sunt.

2088 2163 2158 2218 Et
2182 2166 2225 2217 si
2253 2163 2344 2232 qui
2376 2164 2516 2219 forte
2544 2178 2703 2232 prava
2731 2163 3029 2218 intentione
3060 2161 3222 2235 (quod
3251 2177 3421 2232 neque
3445 2160 3676 2214 arbitra-

2089 2272 2210 2312 mur
2240 2271 2412 2325 neque
2442 2254 2712 2327 optamus)
2738 2271 2767 2309 a
2800 2255 2926 2311 sede
2954 2255 3246 2323 apostolica
3275 2270 3331 2308 se
3354 2254 3677 2309 crediderint

2087 2348 2447 2418 segregandos
2472 2387 2488 2413 ,
2536 2348 2603 2404 ab
2648 2364 2835 2403 eorum
2887 2361 2985 2401 nos
3024 2348 3230 2401 alienos
3263 2347 3678 2401 esseconsortio

2088 2440 2428 2509 proﬁtemur;
2460 2440 2711 2509 queuiam
2731 2480 2747 2505 ,
2779 2448 2838 2493 ut
2862 2440 3061 2494 dictum
3090 2448 3205 2506 est,
3237 2438 3451 2492 Patrum
3480 2437 3531 2491 in
3559 2453 3677 2491 om-

2089 2531 2246 2585 nibus
2285 2530 2651 2585 custodientes
2695 2540 2996 2600 pratcepta,
3034 2538 3090 2585 et
3133 2529 3455 2584 inviolabilia
3501 2545 3680 2584 sacro-

2087 2636 2394 2680 sanctorum
2427 2639 2691 2679 canonnm
2738 2625 2978 2679 instituta
3028 2634 3333 2690 sectantes,
3373 2625 3679 2695 apostolica}

2087 2728 2141 2773 et
2168 2719 2425 2788 singulari
2447 2719 2519 2773 illi
2548 2719 2663 2774 sedi
2687 2727 2878 2774 vestra:
2904 2721 3174 2775 communi
3204 2721 3305 2775 [ide
3326 2730 3377 2775 et
3399 2721 3681 2774 devotione

2088 2820 2277 2880 parere
2308 2810 2703 2865 contendimus.
2734 2811 2799 2865 Et
2822 2812 3069 2879 quoniam
3099 2812 3417 2881 suggerendi
3441 2812 3679 2865 fomitem

2086 2902 2241 2956 nobis
2264 2917 2358 2971 pro
2388 2902 2541 2956 insita
2567 2902 2666 2956 sibi
2696 2902 3022 2973 benignitate
3054 2904 3324 2959 beatitudo
3351 2914 3524 2958 vestra
3553 2918 3681 2958 con-

2085 2995 2265 3064 cessit,
2299 2995 2473 3065 aliqua
2505 3004 2801 3051 memorato
2840 2996 3116 3067 Tryphoni
3144 2997 3258 3051 viro
3294 2998 3544 3065 religioso
3575 2996 3682 3049 lilio

2086 3094 2293 3152 nostro,
2319 3095 2708 3156 prazceptorum
2733 3096 3032 3142 vestrorum
3066 3089 3329 3156 portitori,
3349 3088 3679 3157 suggerenda

2086 3177 2474 3232 mandavimus.
2510 3178 2575 3231 Et
2601 3186 2658 3233 ut
2686 3179 3077 3249 suggestionem
3120 3181 3266 3249 ejus,
3311 3191 3565 3251 quantum
3595 3196 3680 3233 ar-

2084 3270 2343 3325 bitramur
2365 3271 2561 3339 justam
2588 3282 2638 3327 et
2666 3272 3032 3328 rationabilem
3057 3289 3153 3342 pro
3180 3276 3562 3342 supplicatione
3588 3290 3681 3328 no-

2082 3372 2189 3417 stra
2217 3363 2399 3418 libenti
2430 3366 2609 3419 animo
2632 3366 2957 3434 apostolatus
2997 3377 3172 3423 vester
3208 3368 3454 3437 dignetur
3492 3368 3683 3420 admit-

2086 3464 2220 3519 tere,
2237 3455 2391 3519 justis
2417 3457 2660 3522 precibus
2681 3473 2965 3513 exoramus
2981 3460 3141 3531 (quod
3165 3461 3479 3528 suppl‘catio
3504 3470 3680 3513 nostra

2088 3553 2327 3599 meretur
2347 3546 2621 3618 elIectum)
2654 3564 2817 3602 unum
2847 3565 2909 3604 ex
2933 3551 3170 3619 angelica
3201 3552 3329 3605 sede
3361 3561 3534 3604 vestra
3559 3567 3678 3604 cum

2089 3651 2234 3703 saepe
2280 3637 2425 3691 dicto
2477 3639 2592 3691 viro
2642 3639 2896 3708 religioso
2953 3640 3015 3693 ad
3058 3656 3154 3695 nos
3207 3657 3371 3709 usque
3413 3643 3682 3707 pra-ripite

2089 3726 2385 3791 destinare,
2413 3734 2471 3781 ut
2495 3727 2596 3782 sub
2617 3728 2731 3797 ejus
2756 3731 3037 3798 przcsenlia
3063 3747 3179 3799 qua:
3205 3731 3337 3786 ﬁdes
3362 3732 3681 3795 orthodoxa,

2091 3827 2145 3871 et
2173 3828 2363 3872 vestra:
2408 3817 2665 3888 jussionis
2714 3820 2993 3875 sinceritas
3027 3823 3295 3891 posutlat,
3348 3823 3682 3876 ordinentur-

2092 3908 2161 3962 Et
2190 3911 2511 3982 subscriptio.

2163 4003 2397 4059 Joannes
2423 4005 2706 4073 episcopus
2744 4014 3100 4061 sacrosancte
3145 4006 3395 4059 Ecclesiae
3438 4006 3684 4073 Scopiuze

2095 4095 2519 4162 metropolitanre
2557 4098 2789 4149 civitatis
2833 4097 2955 4150 huic
2992 4097 3253 4161 rescripto
3292 4110 3321 4147 a
3364 4096 3517 4149 nobis
3559 4097 3684 4149 dato

2097 4184 2476 4247 consentiens,
2534 4184 2598 4237 ad
2647 4186 2827 4237 omnia
2881 4200 2998 4253 qua:
3046 4185 3290 4251 snperius
3340 4179 3680 4241 contizentur

2097 4286 2256 4324 manu
2290 4274 2496 4340 propria
2530 4274 2840 4339 subscripsi.

2170 4363 2407 4416 Bonosus
2433 4365 2629 4428 episcoi
2652 4380 2714 4416 us
2739 4374 2789 4417 ut
2826 4380 2981 4433 supra
3014 4366 3327 4435 subscripsi.

2023 4484 2072 4543 ι)
2169 4455 2383 4509 Samuel
2413 4455 2696 4523 episc0pus
2726 4466 2781 4509 ut
2819 4471 2977 4525 supra
3006 4458 3318 4528 subscripsi.

2171 4547 2434 4603 Verianus
2463 4550 2746 4619 episcopus
2772 4565 2866 4619 per
2884 4549 3220 4606 Valentinum
3248 4550 3688 4606 arebidiaconum

2099 4646 2157 4692 ut
2182 4655 2341 4709 supra
2373 4640 2686 4708 subscripsi.

2172 4730 2461 4785 Faustinus
2487 4732 2768 4800 episeopus
2798 4741 2854 4785 ut
2883 4748 3045 4801 supra
3085 4733 3393 4803 subscripsi.

2175 4822 2400 4878 Ursinus
2435 4822 2717 4894 episcopus
2746 4835 2806 4880 ut
2833 4839 2992 4895 supra
3022 4826 3331 4895 subscripsi.

2625 4967 2651 4996 ι
2690 4957 3024 5014 EPISTULA
3064 4958 3148 5013 Ill.

2534 5088 2599 5127 AD
2639 5087 2915 5128 EPISCOPOS
2952 5088 3249 5127 DARDANIl.

2102 5201 2333 5257 Nuntiat
2361 5219 2413 5258 se
2436 5204 2724 5274 pontiﬁcem
2744 5203 2993 5270 electum;
3020 5203 3285 5259 catholica:
3312 5204 3434 5274 ﬁdei
3466 5207 3689 5260 libellum

2098 5375 2179 5441 pis
2216 5374 2496 5429 Dardania:
2537 5377 2790 5446 rescripta
2832 5378 2947 5430 fuit.
2990 5376 3349 5431 Posteriorem
3384 5376 3518 5429 hanc
3550 5374 3687 5446 ejus-

2098 5445 2219 5497 dem
2248 5447 2544 5515 argmnenti
2579 5448 2716 5499 misit
2752 5463 2843 5515 per
2873 5447 3199 5512 Ursicinum,
3235 5456 3389 5511 prout
3421 5447 3517 5512 ipsi
3551 5445 3684 5511 peti-

2097 5525 2306 5568 verant.
2364 5517 2701 5587 Encyclicatn
2758 5529 2814 5571 et
2866 5520 3181 5572 circularem
3226 5519 3578 5587 fuisseipateil
3619 5529 3682 5569 ex

2102 5586 2279 5641 verbis
2322 5588 2560 5655 epistola:
2602 5589 2655 5642 in
2697 5590 2822 5643 line.
2876 5592 2949 5643 litt
2982 5605 3047 5644 eo
3070 5588 3211 5658 quod
3242 5589 3309 5640 ab
3348 5586 3496 5640 initio
3525 5586 3683 5653 Eutyc
