4120 6186
424 318 498 371 es
1778 310 2048 367 censu
2087 310 2288 367 Pars:
2327 317 2348 369 ι
3616 319 3682 372 si

496 428 813 493 transmittit,
859 426 1189 497 hortaturque
1240 418 1295 479 itt
1334 440 1449 478 cum
1473 423 1873 497 Eutychiantstis
1899 444 2001 482 non
2030 433 2084 491 Α
2108 440 2198 480 sus
2224 426 2497 493 apostolus
2519 423 2713 479 Paulus
2734 425 2943 494 qualem
2967 423 3124 480 hodie
3147 424 3366 480 credere
3391 425 3682 482 debeamus

492 501 889 564 communicent,
920 508 965 551 ct
992 496 1189 551 muneri
1208 497 1455 568 pastorali
1482 496 1762 567 inuigilent.

490 611 860 666 Dilectissimis
889 609 1141 664 fratribus
1168 608 1427 663 universis
1451 608 1715 679 episcopis
1742 624 1837 679 per
1860 610 1994 663 Dar-

418 702 629 755 daniam
658 702 956 757 constitutis
990 701 1233 756 Gelasius
1268 700 1570 770 episcOpus.

491 793 588 847 Ubi
619 795 846 861 primum
879 792 1140 859 reSpirare
1169 792 1248 846 fas
1290 802 1373 847 est
1401 808 1430 846 a
1461 803 1834 849 cnttttnuorum
1863 803 1998 847 tem-

416 893 623 949 pestate
657 884 937 945 bellorum,
969 898 1086 949 qua:
1125 884 1176 937 in
1209 884 1312 938 illis
1343 886 1647 952 provinciis,
1680 888 1762 938 vel
1794 885 1845 938 in
1882 886 1995 938 iStis

416 972 745 1040 temporibus
773 972 997 1038 qualitas
1019 973 1347 1028 incessanter
1373 976 1627 1038 excreuit,
1653 986 1875 1031 cunctos
1903 993 1996 1044 per

414 1062 733 1116 Dardaniam
764 1063 974 1118 Domini
1004 1063 1310 1120 sacerdotes
1339 1064 1588 1121 fraterna
1618 1066 1993 1126 sollicitudiu's

413 1151 637 1207 caritate
664 1151 910 1207 duximus
933 1153 1280 1223 alloquendos
1310 1171 1324 1209 :
1355 1156 1579 1225 primum
1610 1157 1731 1224 quia
1756 1159 1992 1227 regimen

413 1244 717 1310 apostolicae
738 1244 883 1300 sedis
905 1244 1103 1314 adepti,
1127 1246 1351 1314 strepitu
1377 1247 1606 1315 publico,
1632 1249 1769 1303 sicut
1790 1249 1991 1305 dictum

413 1348 523 1399 εει,
562 1337 899 1404 retardante,
933 1338 1279 1393 commissum
1321 1340 1474 1394 nobis
1503 1356 1669 1395 sacrae
1710 1342 1990 1411 dispensa-

415 1426 578 1481 tionis
598 1429 853 1495 ofﬁcium,
880 1431 1127 1499 pr0priis,
1157 1439 1216 1484 ut
1236 1447 1351 1486 mos
1377 1441 1511 1497 erat,
1537 1434 1730 1489 litteris
1758 1436 1774 1466 ⁸
1806 1439 1994 1505 nequi-

412 1532 529 1570 mus
556 1519 811 1587 indicare,
835 1536 941 1590 quo
974 1531 1148 1576 vestra
1181 1523 1483 1578 fraternitas
1513 1525 1581 1579 de
1604 1527 1993 1583 communionis

412 1608 620 1664 Domini
650 1612 924 1667 nobiscum
959 1629 1179 1668 munere
1203 1616 1516 1684 gratuletur.
1544 1617 1767 1684 Deinde,
1794 1628 1850 1674 ut
1871 1631 1993 1691 post

411 1712 583 1757 tantas
602 1706 917 1760 acerbitates
938 1707 1511 1778 incommoditatesque
1532 1712 1847 1779 mundanas,
1867 1730 1993 1784 qua-

410 1791 531 1846 liter
562 1794 787 1848 invicem
819 1796 1139 1860 valeremus,
1170 1808 1385 1852 mutuus
1411 1813 1589 1853 sermo
1615 1779 1988 1871 depromeret;
2025 1779 2066 1838 Β

410 1891 682 1948 postremo
702 1885 747 1938 si
775 1900 876 1955 qua
903 1887 969 1940 de
999 1888 1375 1942 ecclesiasticis
1404 1889 1683 1947 referenda
1711 1905 1836 1949 sunt
1860 1910 1991 1950 cau-

408 1972 485 2025 sis
508 2010 523 2034 ,
564 1988 680 2041 qua:
723 1985 941 2043 propter
971 1976 1188 2030 insidias
1218 1981 1457 2046 perpetui
1488 1980 1657 2035 hostis
1681 2021 1697 2047 ,
1741 1987 1992 2051 pastorali

408 2075 533 2117 sunt
556 2066 755 2134 jugiter
784 2067 1260 2136 circumspicienda
1299 2070 1566 2137 vigilantia
1594 2110 1608 2137 ,
1650 2074 1993 2140 signiﬁcatio-

407 2156 565 2211 nibus
592 2159 944 2229 ponderemus
965 2160 1203 2215 alternis.
1230 2160 1323 2214 llis
1354 2162 1510 2230 igitur
1537 2162 1740 2218 incitati
1765 2182 1858 2233 per
1882 2167 1992 2223 ira-

410 2256 544 2303 trem
581 2260 634 2303 et
663 2250 1036 2319 coepiscopum
1075 2262 1313 2307 nostrum
1360 2253 1661 2311 Ursicinum
1706 2263 1993 2328 prasentia

407 2340 638 2410 dirigere
665 2345 861 2413 scripta
898 2345 1235 2412 curavimus,
1281 2360 1555 2416 prmeurrte
1587 2353 1753 2420 gratia
1793 2355 1991 2410 saluta-

406 2432 596 2497 tionis,
629 2444 846 2490 orantes
873 2444 928 2489 ut
956 2438 1364 2506 magnanimiter
1390 2442 1587 2495 auxilio
1618 2443 1825 2498 Domini
1856 2448 1990 2502 tole-

406 2524 575 2578 rando
616 2540 794 2579 rerum
837 2530 1225 2582 transeuntium
1271 2532 1614 2599 vastitatem,
1662 2536 1830 2604 magis
1868 2551 1991 2591 esse

405 2614 695 2672 debeamus
724 2620 911 2674 attenti
932 2659 947 2684 ,
991 2636 1058 2675 ne
1078 2662 1092 2687 ,
1123 2623 1262 2690 quod
1295 2624 1470 2691 absit,
1502 2638 1770 2694 perpetua:
1797 2628 1988 2683 subea-

403 2723 522 2762 mus
554 2709 674 2763 vita:
703 2709 1058 2780 dispendium.
1089 2711 1424 2783 Proindeque
1452 2716 1729 2771 catholica:
1751 2720 1990 2775 veritatis

402 2801 574 2869 poscit
602 2801 799 2856 utilitas
832 2803 1177 2871 praecavenda
1203 2845 1219 2871 ,
1252 2806 1466 2860 dilectio
1498 2817 1675 2861 vestra
1716 2810 1988 2878 paulisper

403 2891 661 2947 advertat.
714 2892 867 2960 Apud
924 2894 1184 2960 Grtrcos,
1234 2896 1424 2965 quibus
1495 2899 1688 2953 multas
1755 2898 1986 2954 hrereses

402 2982 675 3038 abundare
708 3000 815 3037 non
844 2986 1060 3039 dubium
1089 2996 1200 3053 est,
1228 2989 1336 3057 jam
1375 2998 1497 3043 ante
1524 3006 1692 3044 annos
1718 2990 1827 3045 fere
1856 3008 1987 3061 qna-

408 3074 648 3145 draginta
680 3088 731 3132 et
757 3079 994 3149 quinque
1010 3080 1076 3133 de
1105 3079 1312 3135 Domini
1335 3084 1499 3137 nostri
1522 3083 1876 3139 etSalvatoris
1904 3086 1985 3138 in-

403 3169 715 3223 carnatione
745 3178 867 3222 nata
897 3171 1227 3241 conquaestio
1250 3182 1334 3227 est
1389 3191 1400 3225 :
1454 3172 1691 3243 Eutyche
1718 3176 1984 3244 qu-mdam

402 3259 709 3329 presbytero
747 3260 1340 3335 Constantirmpolitano
1370 3265 1422 3319 in
1469 3264 1829 3332 blasphemias
1864 3281 1986 3333 pro-

401 3358 624 3417 ruente,
654 3366 748 3422 per
776 3367 906 3422 quas
942 3354 1144 3409 diceret
1175 3369 1331 3407 unam
1364 3357 1759 3424 tantummodo,
1799 3358 1847 3410 id
1878 3368 1982 3425 est,

400 3443 571 3496 solum
606 3444 906 3497 Divinitatis
936 3454 1207 3510 naturam,
1242 3446 1356 3501 sive
1401 3446 1752 3501 substantiam
1799 3449 1848 3500 in
1881 3449 1985 3501 Do-

401 3535 548 3588 mino
572 3534 694 3589 Jesu
721 3534 934 3589 Christo
960 3536 1180 3591 credere
1212 3552 1305 3590 nos
1332 3536 1552 3601 debere,
1576 3548 1837 3606 suscepta
1866 3554 1984 3592 car-

400 3625 486 3679 nis
514 3627 734 3681 veritate
762 3641 984 3696 prorsus
1013 3627 1211 3681 abolita
1251 3646 1262 3681 :
1296 3630 1435 3698 quod
1476 3629 1657 3698 utique
1685 3631 1980 3699 improbum

402 3725 761 3771 commentum
784 3717 1156 3781 Marcionistis,
1184 3719 1594 3788 Manichacisque
1615 3719 1980 3789 conjunctum,

401 3816 569 3861 totum
601 3807 716 3861 sine
742 3807 906 3862 dubio
949 3810 1138 3862 salutis
1178 3820 1372 3864 nostrae
1406 3811 1639 3866 solveret
1677 3826 1983 3866 sacramen-

401 3911 541 3963 tum;
572 3900 834 3969 siquidem
857 3911 1110 3970 quantum
1134 3912 1187 3956 et
1206 3903 1495 3972 Srriptura:
1516 3904 1833 3959 venerabilis
1853 3905 1982 3960 dicit

397 3992 706 4058 auctoritas,
735 4001 789 4046 et
818 3994 1080 4059 majorum
1118 4003 1340 4047 testatur
1381 3993 1619 4046 doctrina
1652 4005 1976 4061 nostrorum,

398 4085 787 4154 redemptorem
828 4086 1010 4140 mundi
1047 4088 1231 4148 Deum,
1267 4095 1430 4141 totum
1462 4086 1618 4139 simul
1661 4084 1848 4154 Deum,
1895 4102 1977 4139 to»

398 4184 617 4246 tumque
640 4178 906 4232 hominem
928 4194 991 4232 ex
1014 4178 1175 4231 Maria
1205 4177 1416 4246 Virgine
1436 4176 1600 4230 fuisse
1622 4179 1975 4246 progenitum.

395 4269 463 4323 Et
493 4269 616 4322 huic
641 4271 839 4324 mundo
868 4280 1072 4325 certum
1103 4281 1184 4324 est
1212 4270 1480 4323 exstitisse
1504 4270 1874 4339 conspicuum,
1901 4270 1978 4324 sic

395 4376 631 4430 passum,
664 4372 822 4430 atque
846 4363 1204 4416 resurrexisse
1225 4372 1433 4416 constat
1458 4378 1487 4415 a
1514 4363 1759 4416 mortuis.
1795 4362 1977 4431 Itaque

2106 517 2387 571 Dominum
2421 527 2660 571 nostrum
2698 515 2879 571 Jesum
2910 514 3175 570 Christum
3206 517 3379 584 palam
3408 516 3682 586 professus

2101 620 2205 677 est,
2235 608 2418 663 dicens
2448 628 2461 662 :
2494 610 2561 663 In
2588 626 2686 677 quo
2714 610 2907 664 habitat
2938 609 3101 663 omnis
3128 610 3385 677 plenitudo
3404 609 3683 663 divinitatis

2100 700 2433 770 corporaliter
2483 697 2704 769 (Coloss.
2737 700 2833 769 tt),
2866 700 3006 770 quod
3050 700 3198 754 brevi
3247 698 3481 769 capitulo
3522 701 3680 754 simul

2103 790 2349 845 Arianam
2375 804 2598 860 pestem,
2621 802 2675 847 et
2696 793 2829 847 hanc
2847 808 3004 863 quam
3034 792 3270 849 diximus
3292 793 3673 865 Eutychianam

2098 882 2305 935 caelesti
2339 883 2715 951 praedicatione
2741 884 3019 951 subvertit,
3052 886 3172 953 quia
3208 896 3262 940 et
3290 885 3449 939 homo
3481 885 3676 939 nihilo-

2099 973 2273 1027 minus
2321 985 2441 1039 est,
2481 974 2570 1029 ubi
2609 975 2785 1030 omnis
2832 976 3091 1045 plenaque
3134 976 3392 1033 Divinitas
3436 977 3676 1033 habitare

2100 1066 2406 1133 perhibetur
2426 1108 2441 1132 ,
2487 1074 2541 1121 et
2568 1068 2915 1136 corporaliter
2953 1071 3298 1138 exprimendo
3323 1112 3338 1137 ,
3368 1072 3419 1125 in
3454 1072 3675 1126 veritate

2099 1157 2387 1225 persistere
2417 1160 2583 1213 nostri
2612 1161 2852 1228 corporis
2895 1162 3238 1228 approbatur.

2166 1248 2339 1316 Super
2361 1261 2540 1304 autem
2570 1250 2653 1305 his
2680 1251 2984 1321 frequenter
3010 1253 3076 1307 ab
3110 1254 3397 1323 apostolica
3427 1253 3554 1310 sede
3574 1296 3587 1319 ,
3619 1263 3671 1309 et

2096 1352 2191 1405 per
2210 1338 2378 1393 beat-te
2408 1342 2683 1395 memoria:
2710 1352 2948 1397 sanctum
2976 1345 3228 1411 Leonem,
3256 1357 3310 1400 et
3339 1361 3432 1414 per
3456 1361 3667 1401 succes-

2096 1444 2247 1485 sores
2267 1432 2381 1500 ejus
2409 1444 2614 1488 certum
2642 1446 2755 1501 est,
2785 1438 3001 1492 Graecos
3026 1438 3189 1494 fuisse
3213 1440 3505 1505 convictos,
3534 1442 3670 1494 sicut

2096 1522 2330 1589 ipsorum
2359 1525 2557 1581 chartis
2585 1542 2717 1597 quas
2745 1530 2884 1597 apud
2917 1543 3013 1583 nos
3043 1530 3321 1598 habemus,
3351 1533 3466 1587 sine
3496 1533 3666 1586 ambi-

2094 1615 2293 1681 guitate
2324 1625 2666 1671 monstratur.
2710 1618 2859 1673 Nunc
2885 1634 3010 1674 vero
3035 1622 3275 1688 quamvis
3304 1623 3469 1689 ipsam
3502 1624 3665 1690 pesti-

2098 1704 2315 1757 lentiam
2348 1720 2451 1761 non
2482 1707 2712 1764 audeant
2741 1709 3007 1777 proﬁteri,
3030 1725 3124 1765 eos
3151 1720 3325 1764 tamen
3356 1711 3441 1780 qui
3475 1713 3666 1767 talibus

2094 1795 2642 1865 communicavcrint,
2688 1800 2984 1869 meritoque
3032 1802 3322 1855 secundum
3372 1802 3659 1857 Cha‘ccdo-

2097 1886 2280 1940 nensis
2323 1886 2534 1943 decreta
2582 1890 2792 1945 concilii
2838 1890 2904 1945 ab
2940 1892 3229 1960 apostolica
3262 1893 3389 1947 sede
3434 1892 3664 1947 damnati

2094 1990 2261 2049 sunt,
2309 1980 2667 2051 ohstinatique
2710 1983 2764 2036 in
2809 1981 2994 2039 eadem
3032 1984 3373 2039 damnatione
3410 1984 3664 2051 defuncti,

2096 2071 2400 2138 pernicioso
2430 2073 2607 2129 furore
2646 2074 2965 2141 defendunt,
2994 2084 3048 2131 et
3089 2090 3273 2131 eorum
3303 2077 3666 2132 recitationem

2098 2164 2351 2220 Ecclesia:
2377 2167 2655 2222 catholicae
2681 2169 2971 2223 moliuntur
3001 2170 3259 2238 ingerere.
3288 2168 3439 2236 Quod
3464 2169 3662 2235 utique,

2094 2255 2235 2323 quod
2267 2256 2423 2324 absit,
2452 2259 2701 2327 receptis,
2733 2260 2892 2313 etiam
2923 2261 3222 2330 contagium
3262 2261 3556 2329 pravitatis,
3580 2260 3663 2313 cui

2091 2359 2152 2401 se
2189 2349 2562 2404 communione
2595 2350 2896 2419 sociarum,
2927 2362 3316 2421 consequenter
3355 2353 3661 2417 incurritur,

2091 2440 2536 2507 quemadmodum
2561 2442 2729 2512 (quod
2774 2443 3026 2498 Dominus
3066 2444 3322 2512 avertat!)
3368 2444 3411 2497 si
3444 2444 3550 2497 Arii
3580 2443 3665 2498 vel

2093 2532 2377 2601 cujuslibet
2418 2532 2655 2589 haeretici
2707 2534 2775 2587 ad
2830 2534 3239 2590 ecclesiasticam
3304 2534 3665 2589 recitationem

2092 2638 2288 2676 nomen
2317 2624 2643 2694 admittitur,
2684 2626 2838 2679 simul
2875 2634 2928 2680 et
2968 2626 3295 2679 consortium
3340 2624 3667 2680 detestabilis

2090 2715 2291 2767 erroris
2319 2717 2626 2771 assumitur.
2656 2716 2806 2772 Unde
2834 2718 2953 2786 quia
2985 2732 3222 2772 errorem
3253 2716 3466 2786 quidem
3501 2716 3669 2769 laten-

2092 2812 2205 2867 tur,
2246 2805 2344 2861 sed
2384 2820 2443 2859 ea
2494 2806 2593 2860 sibi
2639 2817 2824 2876 putant
2870 2809 3300 2862 communionem
3349 2806 3664 2859 catholicam

2091 2895 2396 2951 conditione
2429 2896 2733 2961 laxandam,
2761 2906 2817 2951 ut
2842 2898 3055 2951 nomina
3084 2911 3267 2952 eorum
3298 2896 3386 2966 qui
3418 2897 3667 2965 praevari-

2090 2986 2192 3038 cati
2224 2995 2345 3041 sunt
2375 2987 2481 3040 illis
2513 2988 2565 3040 in
2596 2989 2820 3043 ecclesia
2865 2990 3091 3044 recitare
3120 2987 3188 3042 sit
3217 2988 3411 3041 licitum
3432 3030 3447 3051 ,
3480 2997 3534 3043 et
3564 3003 3665 3042 non

2093 3086 2198 3129 tam
2234 3078 2333 3147 ipsi
2363 3080 2633 3148 corrigere
2664 3096 2821 3150 quam
2853 3080 3213 3135 sinceritatem
3242 3078 3555 3134 catholicam
3587 3080 3667 3133 in-

2012 3143 2059 3202 c
2093 3166 2251 3222 ﬁcere
2300 3172 2537 3222 nitantur
2590 3172 2837 3239 contagio
2892 3169 3263 3239 perﬁdorum;
3329 3169 3663 3223 dilectionem

2088 3270 2319 3313 veStram
2349 3259 2596 3314 fraterna:
2624 3262 2861 3314 caritatis
2892 3261 3080 3315 affectu
3111 3275 3215 3313 non
3247 3259 3544 3314 desﬁtimus
3573 3260 3664 3313 ad«

2088 3368 2330 3418 monere,
2356 3353 2475 3406 utsi
2500 3352 2586 3423 qui
2613 3353 2735 3406 talia
2766 3353 3091 3407 seminantes
3112 3352 3174 3405 ad
3199 3362 3401 3405 VPS'I‘aS
3424 3352 3664 3420 regiones

2088 3442 2223 3496 forte
2255 3444 2624 3510 pervenerint,
2663 3444 2834 3497 modis
2876 3442 3120 3497 omnibus
3159 3441 3528 3509 excludantur,
3563 3458 3659 3496 vo-

2090 3535 2273 3604 bisque
2297 3550 2415 3589 cum
2440 3537 2566 3589 sede
2594 3536 2731 3589 beati
2760 3534 2987 3605 apostoli
3018 3535 3180 3599 Petri,
3203 3535 3341 3587 sicut
3367 3550 3391 3584 a
3425 3536 3661 3602 patrihus

2086 3626 2283 3681 nostris
2312 3636 2395 3680 est
2426 3628 2618 3680 tradita
2649 3626 2845 3680 illibata
2874 3626 3182 3679 communio
3220 3634 3377 3693 atque
3422 3640 3487 3679 ex
3517 3626 3662 3680 omni

2087 3726 2237 3786 parte
2295 3718 2603 3772 inconvulsa
2674 3717 2945 3783 perduret.
3005 3717 3165 3770 Certe
3228 3716 3273 3769 si
3326 3715 3442 3784 quis
3505 3730 3661 3769 aures

2086 3820 2288 3865 vestras
2318 3810 2385 3864 de
2418 3808 2515 3863 hac
2540 3808 2827 3863 crediderit
2853 3808 3196 3876 sobrcptione
3225 3805 3527 3874 pulsandas,
3551 3806 3661 3860 sni-

2084 3900 2362 3956 licitudine
2400 3900 2651 3970 pastorali
2684 3900 2749 3953 ad
2785 3914 2882 3952 nos
2920 3914 3076 3966 quam
3107 3898 3264 3952 citius
3305 3896 3502 3951 referre
3541 3913 3660 3964 pro-

2084 3994 2282 4061 pcrctis
2307 4034 2320 4058 ,
2353 4002 2410 4046 ut
2440 3992 2709 4046 communi
2740 3991 2918 4046 studio
2942 4031 2957 4057 ,
2996 3990 3363 4058 catholicoque
3411 3998 3657 4056 tractatu,

2082 4099 2180 4152 pro
2211 4084 2372 4137 domo
2423 4084 2580 4137 unius
2629 4083 2839 4136 Domini
2882 4083 3059 4136 cuncti
3093 4082 3337 4135 catholici
3387 4081 3658 4134 confrrant

2082 4174 2427 4237 sacerdotes;
2476 4186 2534 4228 ut
2574 4188 2692 4242 quae
2745 4172 3057 4227 orthodoxze
3109 4171 3400 4227 deﬁnitioni
3444 4184 3657 4236 compe-

2082 4271 2201 4315 tunt
2224 4304 2239 4329 ,
2272 4262 2585 4317 intemerata
2613 4273 2928 4328 serventur;
2981 4271 3033 4315 et
3072 4272 3333 4329 quatenus
3358 4262 3657 4314 errantibus

2080 4352 2275 4409 debeat
2301 4354 2602 4420 subveniri,
2636 4354 2933 4409 rationabili
2971 4352 3352 4407 deliberatione
3382 4360 3653 4405 noscatur.

394 4452 742 4521 quadraginta
757 4452 945 4507 diebus
966 4454 1129 4508 fuisse
1145 4469 1264 4507 cum
1286 4453 1561 4521 discipulis
1576 4462 1971 4519 conversatum,
2004 4476 2055 4534 υ
2084 4445 2209 4501 llaec
2247 4455 2424 4501 autem
2463 4457 2636 4501 vestra
2667 4445 2885 4500 dilectio
2920 4447 3078 4499 etiam
3121 4443 3187 4497 ad
3209 4444 3509 4534 contiguas
3554 4442 3653 4494 sibi

392 4544 446 4597 in
477 4543 670 4596 cmlum
715 4544 1038 4606 ascendisse,
1081 4544 1230 4608 plena
1274 4543 1393 4596 luce
1428 4543 1496 4595 sit
1534 4543 1761 4608 clarum,
1803 4558 1974 4612 eoque

394 4634 556 4687 modo
582 4634 779 4687 dictum
805 4674 818 4697 ,
856 4633 921 4685 ad
945 4632 1238 4699 judicium,
1274 4632 1463 4700 angelo
1492 4641 1720 4686 testante
1739 4674 1754 4698 ,
1786 4644 1976 4687 ventu-

393 4740 531 4787 rum,
562 4732 619 4777 ut
650 4731 702 4777 et
742 4722 907 4775 Filius
945 4722 1201 4785 hominis,
1246 4737 1405 4791 quem
1443 4721 1631 4776 beatus
1670 4721 1974 4791 Stephanus

394 4825 597 4886 martyr
621 4830 651 4867 a
681 4813 883 4868 dextris
912 4814 1122 4866 virtutis
1152 4814 1246 4868 Dei
1292 4814 1423 4867 vidit
1456 4822 1719 4870 astantem
1746 4857 1761 4882 ,
1805 4818 1974 4871 mani-

394 4910 558 4963 festus
587 4918 856 4977 appareat,
882 4916 935 4960 et
958 4923 1113 4975 quem
1143 4916 1574 4974 compunxernnt
1602 4918 1971 4979 persecutores

392 5000 508 5069 ejus
532 5042 546 5065 ,
576 4995 836 5069 aspiciant
871 5014 886 5053 :
914 4998 1055 5066 quod
1085 4999 1333 5051 nimirum
1369 5001 1486 5053 sine
1513 5000 1692 5052 carnis
1721 5000 1968 5051 humana:

394 5106 499 5147 non
530 5100 704 5161 potest
722 5100 972 5144 constare
1003 5091 1222 5144 materia
1251 5131 1263 5154 ,
1294 5089 1449 5158 cujus
1482 5089 1777 5157 assumptio
1807 5089 1969 5156 glori-

392 5185 545 5237 ticata
577 5193 661 5239 est
683 5184 920 5248 deitate,
965 5197 1071 5237 non
1113 5198 1334 5251 prorsus
1380 5182 1680 5252 absumpta.
1723 5180 1877 5236 Unde
1915 5188 1971 5234 ct
2022 5183 2031 5189 ’

390 5277 579 5331 beatus
604 5276 872 5346 apostolus
897 5276 1125 5331 Joannes
1150 5275 1277 5329 dicit
1305 5292 1317 5326 :
1345 5276 1440 5336 Qui
1466 5284 1609 5343 negat
1637 5273 1893 5324 Christum
1917 5274 1969 5324 in

390 5384 542 5422 carne
566 5371 773 5436 venisse,
806 5369 887 5421 hic
915 5377 985 5423 est
1008 5357 1676 5431 antichristus(lloan.tt);
1701 5360 1965 5427 etglorio-

390 5522 593 5577 chiante
616 5523 901 5589 haereseos,
934 5539 1052 5588 qum
1074 5522 1281 5574 detecta
1309 5518 1407 5570 fuit
1431 5531 1570 5569 anno
1600 5513 1702 5589 448
1729 5512 1967 5589 luceluce

390 5605 667 5648 enumeret
693 5608 860 5647 annos
888 5584 992 5653 15',
1031 5601 1252 5658 apparet
1290 5604 1408 5644 eam
1447 5603 1587 5639 anno
1625 5584 1968 5651 pontiﬁcatus

464 5726 480 5759 ¹
523 5726 661 5781 Edit.
688 5726 865 5790 Rom,
899 5722 1225 5791 nequivimus.

2082 4552 2319 4607 quasque
2352 4537 2651 4603 provincias
2691 4537 3003 4602 vicinosque
3047 4531 3322 4601 pontiﬁces
3370 4531 3656 4599 prudenter

2079 4630 2237 4683 fat-int
2266 4627 2572 4695 pervenire.
2602 4636 2657 4679 ut
2692 4626 3041 4679 Ecelcsiarutn
3080 4621 3360 4690 praesules,
3394 4620 3653 4671 universa:

2078 4720 2315 4774 veritatis
2346 4718 2693 4771 instructione
2720 4725 2987 4781 percepta,
3032 4710 3360 4764 mortiferam
3386 4709 3654 4763 declinare

2076 4812 2287 4864 valeant
2327 4809 2631 4863 falsitatem.
2678 4804 2744 4858 Et
2782 4803 3080 4873 subscriptio
3106 4817 3124 4854 :
3156 4802 3294 4855 Deus
3322 4814 3416 4853 vos
3446 4798 3652 4852 incolu-

2078 4919 2191 4959 mes
2222 4903 2512 4966 custodiat,
2543 4899 2735 4952 fratres
2763 4894 3048 4951 carissimi.

2567 4987 2890 5043 EPISTULA
2930 4984 2993 5039 Ill
3030 4982 3145 5037 δί’.

2226 5098 2380 5136 ΒΕΛΤΙ
2421 5097 2562 5134 ΡΑΡᾸΞ
2602 5093 2803 5134 GELASII
2844 5093 2911 5130 AD
2949 5089 3195 5128 NATALEM
3235 5086 3498 5125 ABDATEH.

2145 5174 2499 5229 Dilectissimo
2530 5171 2637 5224 ﬁlio
2666 5169 2836 5223 Natali
2868 5168 3043 5221 abbati
3072 5163 3311 5218 Gelasius
3340 5162 3641 5229 cpisCOpus.

2144 5266 2397 5333 Quamvis
2437 5277 2532 5331 pro
2562 5261 2699 5317 beati
2732 5260 2875 5314 Petri
2905 5257 3128 5327 apostoli
3168 5252 3529 5309 moderamine
3571 5249 3648 5302 di-

2074 5359 2273 5410 vinitus
2304 5354 2566 5409 instituto.
2596 5368 2704 5421 quo
2742 5350 2887 5406 sedis
2925 5348 3041 5403 eius
3078 5345 3260 5400 vicarii
3295 5343 3498 5399 cunctis
3527 5349 3647 5395 sunt

2077 5510 2271 5566 Gelasii
2294 5511 2467 5582 primo
2491 5506 2742 5577 scriptam
2766 5522 2906 5562 esse.
2938 5506 3064 5562 Sev.
3096 5506 3270 5559 Brants
