4120 6186
432 347 504 404 εδ
1640 339 1995 396 EPISTOL/E
2036 340 2122 396 ET
2163 341 2502 399 necne“.
3638 348 3717 405 se

434 458 678 517 ecclesiis
713 455 1008 521 debitores,
1037 453 1105 508 ad
1146 451 1335 508 lratres
1381 460 1436 508 et
1475 454 1826 524 coepiscopos
1868 469 2018 510 meos
2048 456 2098 515 Α
2127 469 2245 510 mus
2271 470 2495 526 operam
2532 454 2780 530 quidem,
2813 456 2859 512 si
2901 455 3112 527 aliquos
3157 471 3225 513 ex
3271 456 3407 524 illis,
3454 472 3713 528 operante

434 568 531 622 per
570 549 887 604 Dardaniam
928 548 1249 601 constitutos
1288 547 1648 616 competentia
1691 548 1891 616 scripta
1923 548 2018 604 de-

440 641 700 706 derimus,
747 639 981 707 antiqua:
1024 637 1147 691 ﬁdei
1196 635 1698 705 communionisque
1748 637 2017 693 tramitem

438 735 841 801 subsequentes,
865 739 921 783 ut
943 742 1135 784 cavere
1160 729 1369 783 valeant
1393 730 1635 799 contagia
1666 728 2014 798 perﬁdorum,

435 835 485 878 et
533 823 811 876 nobiscum
867 820 1130 874 illibatum
1186 829 1374 874 tenere
1418 820 1785 884 consortium;
1839 829 2017 875 tamen

435 912 779 969 dilectionem
814 926 1027 981 quoque
1072 919 1215 964 tuam
1265 924 1371 963 nou
1404 910 1420 940 ⁸
1460 909 1765 965 destitimus
1802 909 2019 966 deside-

433 1013 618 1060 rantes
646 1003 823 1068 aﬁ'ari,
850 1002 1002 1071 cujus
1033 1000 1449 1056 sollicitudinem
1478 1000 1546 1056 de
1583 999 1759 1056 noxiis
1799 1001 2023 1071 quibus-

433 1111 543 1166 que
590 1094 845 1158 vitandis,
885 1102 940 1148 et
993 1093 1046 1146 in
1103 1091 1397 1147 retinendis
1450 1106 1571 1161 quas
1620 1090 1686 1146 ad
1735 1092 2019 1147 utilitatem

434 1189 706 1259 pertinent
726 1185 1114 1250 Christianam,
1147 1183 1469 1239 laudabilem
1501 1184 1870 1254 perspeximus
1898 1198 2021 1239 esse

436 1279 735 1346 fervorem,
776 1292 843 1332 ex
884 1275 1080 1331 litteris
1108 1277 1128 1306 ¹
1169 1273 1377 1330 scilicet
1422 1290 1556 1344 quas
1592 1274 1660 1330 ad
1708 1275 1926 1331 fratrem
1966 1283 2023 1332 et

433 1370 813 1437 coepiscOpum
842 1382 1022 1422 meum
1052 1366 1312 1422 Serenum
1356 1374 1446 1420 tua
1479 1366 1674 1421 caritas
1711 1365 2016 1421 destinavit.

433 1461 455 1492 ³
485 1460 719 1515 Proinde
742 1460 1177 1515 collaborandum
1206 1458 1308 1513 sibi
1350 1467 1437 1511 tua
1482 1458 1702 1513 dilectio
1738 1459 2021 1529 perpendit

434 1552 727 1622 Evangelio
769 1552 892 1618 Dei,
935 1560 990 1606 et
1024 1550 1047 1581 ⁸
1080 1560 1299 1607 aeterna:
1338 1550 1527 1605 salutis
1565 1549 1814 1603 intuitum
1859 1549 2020 1603 etiam

430 1642 775 1708 adversantia
802 1656 1027 1711 quinque
1054 1641 1329 1695 tolerando
1359 1649 1699 1706 constanter;
1732 1650 1789 1694 ut
1816 1640 2020 1695 nullum

431 1737 659 1799 subeas,
691 1735 831 1804 quod
871 1735 1039 1800 absit,
1071 1734 1308 1789 caelestis
1358 1734 1507 1804 regni
1548 1734 1921 1803 dispendium,
1953 1734 2020 1790 ad

2126 544 2375 613 Domino,
2407 546 2618 603 salvare
2649 546 2915 617 possimus
2949 564 2962 601 :
3003 546 3270 616 alioquin.
3301 549 3439 604 sicut
3467 550 3542 604 ait
3568 550 3717 621 Apo-

2121 637 2312 704 stolus,
2343 649 2390 695 te
2413 639 2581 710 ipsum
2606 650 2801 694 castum
2828 640 3026 693 custodi
3058 638 3113 711 (I
3140 639 3270 693 Tim.
3300 655 3353 706 ν,
3377 640 3495 711 2‘2).
3528 641 3717 701 Perire

2121 730 2414 784 volentium
2459 730 2692 785 nitamur
2730 729 3003 787 declinare
3052 732 3378 801 perniciem;
3427 743 3516 801 et,
3567 739 3712 805 quod

2123 825 2299 879 Solum
2340 824 2521 882 facere
2562 826 2875 891 debeamus,
2918 826 3150 881 divinam
3194 842 3292 895 pro
3336 827 3440 881 illis
3480 843 3718 884 exorare

2123 914 2495 982 clementiam,
2523 924 2583 971 ut
2628 916 2944 987 resipiscant
2970 932 2998 970 a
3039 917 3235 971 diaboli
3278 916 3484 986 laqueis
3527 933 3558 972 a
3602 932 3713 988 quo

2122 1007 2262 1077 capti
2295 1008 2603 1063 detinentur
2632 1006 2659 1047 δ
2690 1009 2759 1063 ab
2807 1008 2972 1077 ipsius
3006 1010 3315 1063 voluntate:
3345 1017 3404 1063 ut
3436 1009 3503 1064 ab
3546 1010 3711 1066 obsti-
3792 1060 3798 1069 .

2124 1101 2341 1153 natione
2371 1098 2644 1153 mortifera
2687 1099 3037 1168 respirantes,
3085 1108 3286 1165 pestem
3318 1113 3474 1167 quam
3507 1113 3565 1153 se
3606 1099 3708 1153 hu-
3757 1152 3767 1171 ,

2130 1191 2365 1244 manitus
2406 1189 2656 1244 incidisse
2689 1191 2851 1245 etiam
2892 1190 2991 1258 ipsi
3030 1191 3301 1253 sentiunt,
3344 1189 3514 1244 inutili
3557 1204 3712 1244 verc-
3759 1174 3763 1184 ’

2124 1280 2332 1334 cundia:
2364 1280 2619 1350 languore
2657 1278 2924 1347 deposito,
2969 1278 3034 1332 ad
3058 1277 3421 1346 recuperanda
3468 1279 3710 1333 remedia
3778 1272 3783 1277 ’

2124 1371 2444 1439 sempiterni
2479 1370 2649 1424 libero
2679 1369 2840 1423 corde
2877 1369 3211 1436 resipiscam.
3247 1368 3339 1422 llis
3367 1384 3497 1438 ergo
3525 1371 3710 1438 cogni-

2127 1463 2336 1530 tisquae
2366 1461 2504 1516 sicut
2532 1461 2761 1515 diximus
2804 1461 2871 1515 ad
2916 1462 3196 1529 regionum
3239 1469 3537 1514 vestrarum
3583 1470 3711 1514 sunt

2126 1552 2327 1607 directa
2372 1551 2682 1621 pontiﬁces,
2727 1562 2783 1605 et
2825 1551 2927 1621 ipsi
2975 1558 3288 1619 protegente
3343 1564 3438 1605 vos
3485 1550 3710 1604 Domino

2128 1643 2337 1697 debetis
2381 1657 2504 1697 esse
2555 1643 2941 1697 convenienter
2994 1642 3271 1707 instructi,
3320 1651 3373 1696 et
3422 1641 3710 1709 provinciis

2126 1734 2312 1788 eadem
2342 1733 2641 1802 quibusque
2673 1733 2693 1764 °
2722 1731 2988 1801 contiguis
3034 1731 3350 1785 ﬁducialiter
3395 1733 3709 1799 praedicare.

433 1824 580 1893 quod
609 1826 786 1893 utique
822 1824 921 1878 nisi
954 1824 1187 1894 legitime
1216 1825 1524 1889 certaveris,
1562 1839 1666 1879 non
1714 1835 1864 1895 potes
1896 1840 2019 1895 per-
2048 1820 2095 1880 B
2122 1824 2260 1879 Nihil
2291 1834 2373 1879 est
2401 1825 2540 1879 enim
2572 1825 2713 1893 quod
2756 1837 2956 1893 pavere
2993 1822 3310 1887 debeamus,
3349 1837 3470 1876 cum
3501 1834 3706 1876 certum

435 1918 641 1971 venire.
677 1916 850 1971 Tanto
882 1916 1062 1979 enim,
1110 1924 1400 1985 prmstanle
1450 1916 1698 1980 Domino,
1742 1916 1896 1972 nobis
1936 1924 2020 1971 est

433 2009 742 2063 instandum
774 2008 1230 2077 vigilandumque,
1266 2017 1464 2076 quanto
1500 2009 1599 2063 sub
1629 2008 1745 2077 ipso
1777 2008 1883 2063 ﬁne
1907 2008 2019 2077 jam

433 2098 622 2155 mundi
646 2098 1012 2154 vehementior
1055 2099 1272 2153 humani
1312 2099 1527 2168 generis
1569 2098 1739 2155 hostis
1770 2100 2019 2155 insistere

431 2208 543 2245 non
587 2191 832 2258 quiescit.
873 2189 1016 2244 Nihil
1062 2190 1427 2259 significamus
1477 2190 1764 2257 omissum,
1809 2200 1834 2228 ο
1877 2191 2019 2263 quod

430 2293 525 2336 aut
553 2281 874 2336 correctioni
901 2297 1079 2335 rerum
1120 2296 1254 2352 quas
1284 2283 1337 2337 in
1370 2283 1634 2338 Ecclesias
1658 2264 1893 2338 Orientis
1932 2298 2019 2339 se-

431 2373 659 2428 minavit
679 2375 945 2441 inimicus,
976 2374 1191 2428 Patrum
1217 2374 1416 2444 regulis
1442 2386 1826 2444 congruentem
1853 2375 2021 2444 pOSsit

429 2465 693 2520 adhibere
722 2465 1063 2519 medicinam.
1103 2462 1208 2518 Sed
1239 2464 1364 2533 quid
1397 2464 1659 2519 facimus?
1699 2467 1819 2535 quia
1850 2466 2020 2522 obdu-

431 2557 568 2611 ratis
596 2556 811 2610 auribus
842 2570 1027 2609 vocem
1070 2553 1337 2624 refugiunt
1370 2557 1613 2610 veritatis
1649 2557 1858 2625 audire,
1903 2568 2018 2611 tan-

432 2658 595 2717 taque
622 2648 699 2701 vis
726 2647 895 2702 morbi
926 2648 1197 2701 saevientis
1228 2646 1500 2714 incubuit,
1533 2657 1592 2701 ut
1620 2662 1802 2725 secum
1832 2650 2019 2705 malint

429 2744 613 2796 salvos
636 2755 876 2809 quosque
916 2739 1184 2794 lcthaliter
1214 2747 1503 2807 aegrotare,
1544 2754 1702 2807 quam
1743 2739 1843 2809 ipsi
1876 2741 2015 2795 reei-

429 2848 562 2901 pere
590 2831 907 2894 sanitatem;
938 2844 1077 2883 nunc
1110 2827 1409 2883 inﬁciantes
1440 2829 1684 2882 universa
1717 2846 1835 2899 qua:
1874 2830 2016 2899 ipso-

428 2940 553 2989 rum
582 2923 800 2991 chartis,
833 2924 1069 2992 ipsorum
1096 2920 1579 2990 subscriptionibus
1617 2923 2011 2993 approbamus;

428 3034 576 3073 nunc
616 3033 735 3072 cum
785 3016 1067 3070 manifesta
1109 3030 1286 3070 rerum
1342 3016 1539 3070 fuerint
1586 3016 1705 3071 luce
1751 3018 2011 3084 convicti,

428 3109 607 3179 palam
643 3117 932 3178 aperteque
958 3106 1185 3161 fatentes
1232 3120 1470 3160 errorem
1495 3147 1510 3172 ,
1549 3107 1691 3161 nolle
1735 3122 1795 3163 se
1835 3117 2013 3164 tamen

428 3205 627 3259 reverti
665 3204 731 3257 ad
759 3204 898 3257 viam
940 3217 1086 3272 purae
1125 3203 1478 3259 confessionis
1514 3206 2012 3276 communionisque

428 3297 450 3326 '
479 3303 778 3361 testantur;
808 3294 902 3348 sed
942 3309 1041 3349 nos
1085 3297 1261 3364 potius
1306 3306 1618 3365 exspectant
1653 3299 1762 3353 suis
1808 3314 2012 3367 praeva-

427 3387 751 3441 ricatoribus
786 3386 1070 3453 implicari.
1112 3386 1467 3457 Quapropter,
1510 3389 1766 3459 largiente
1812 3389 2012 3445 Christi

428 3478 630 3546 gratia,
662 3478 868 3544 magnis
896 3476 1087 3529 studiis
1116 3486 1199 3531 est
1234 3479 1529 3547 agendum,
1559 3488 1618 3534 ut
1657 3481 1780 3549 quia
1809 3481 1877 3536 de
1905 3484 2010 3536 vita

428 3574 687 3637 perpetua
730 3566 812 3619 vel
842 3565 1135 3619 amittenda
1173 3581 1259 3621 res
1303 3568 1481 3637 agitur
1507 3571 1591 3624 vel
1638 3571 1863 3626 tenenda
1918 3573 2012 3628 de-

503 3709 530 3736 ⁸
565 3700 840 3771 Quodaut
1001 3713 1088 3754 aut
1138 3710 1342 3769 patrum
1378 3703 1585 3771 regulis.
1625 3703 1713 3759 Sic
1756 3705 2014 3763 Maﬂ'eius.

432 3771 540 3827 Sed
572 3787 695 3825 cum
727 3770 1123 3825 incommodum
1152 3772 1221 3826 sit
1249 3770 1540 3828 secundum
1569 3784 1689 3840 aut,
1715 3778 2015 3834 redundare

432 3842 656 3894 proinde
687 3841 898 3894 videtur
926 3850 979 3894 et
1008 3845 1258 3894 primum.

454 3842 656 3895 aroinde
687 3841 898 3895 videtur
926 3850 979 3895 et
1008 3845 1258 3895 primum.

431 3850 656 3911 proinde
687 3850 898 3895 Videtur
926 3850 979 3895 et
1008 3850 1258 3903 primum.

521 3907 717 3965 hDeest
741 3913 879 3978 apud
914 3911 1177 3966 Maﬁ'eium
1207 3913 1511 3980 praepositio
1534 3914 1618 3971 ab.

520 3980 1073 4053 cCuniTheodoricus
1094 3982 1389 4037 Gothorum
1417 4000 1534 4051 rex,
1570 3994 1687 4053 post
1710 3986 2008 4044 Odoacrem

432 4066 614 4119 regem
661 4052 976 4106 llerulorum
1020 4054 1288 4107 devictum
1331 4064 1384 4108 et
1422 4052 1689 4120 occisUm,
1739 4074 1840 4111 una
1888 4076 2008 4114 cum

434 4121 686 4175 Ravenna
722 4126 923 4190 integra
959 4122 1104 4176 italia
1149 4124 1342 4188 potitus
1369 4135 1543 4190 esset,
1586 4126 1729 4180 bello
1757 4129 2010 4184 diuturno

433 4191 682 4268 fatigatus
702 4195 767 4245 ad
790 4193 1128 4268 Anastasium
1153 4194 1526 4268 imperatorem
1546 4196 2006 4268 Constantinopoli

432 4256 752 4338 degentem,
796 4262 929 4338 duos
960 4256 1123 4317 hosce
1164 4256 1367 4338 legatos
1398 4266 1650 4338 Faustum
1697 4256 2005 4338 magistrum

431 4332 767 4404 oftieiorum,
809 4345 861 4387 et
893 4334 1152 4404 lreuazum
1184 4336 1476 4402 ablegavit,
1516 4339 1603 4404 qui
1632 4338 1696 4391 ad
1727 4332 2002 4394 ob'teutum

432 4402 601 4474 italia:
629 4418 841 4470 regnum
872 4403 1068 4457 reetius
1096 4405 1503 4469 stabiliendum,
1534 4402 1718 4474 pacein
1751 4411 1849 4464 sibi
1880 4427 2008 4465 eon-

431 4472 555 4527 cedi
598 4484 832 4540 peterent
873 4483 927 4528 et
958 4474 1330 4541 impetrarent.
1382 4475 1491 4530 Hac
1530 4472 1813 4534 occasione
1851 4481 2009 4537 Gela-

432 4541 549 4617 s_ius
582 4558 745 4617 papa,
784 4559 925 4617 anno
954 4544 1291 4609 pontiﬁcatus
1317 4546 1398 4599 sui
1426 4547 1494 4611 ‘2,
1527 4549 1681 4604 alteri
1713 4552 2002 4617 legatorum

2120 1917 2246 1971 sita
2277 1915 2482 1970 ctelesti
2529 1912 2766 1968 Pracsule
2806 1928 2912 1968 non
2951 1912 3250 1982 derelinqui
3290 1927 3425 1981 quos
3454 1928 3569 1967 suae
3609 1927 3703 1967 ve-

2121 2011 2294 2065 ritatis
2326 2009 2573 2078 [ll'iBSlilil
2597 2023 2745 2062 arma
2779 2016 3039 2071 tractare;
3074 2022 3174 2062 nec
3201 2007 3491 2076 quidquam
3523 2006 3706 2060 videa-

2122 2115 2243 2156 mus
2283 2102 2331 2155 ei
2378 2101 2651 2155 ullatenus
2690 2097 3116 2167 praeferendum,
3163 2110 3283 2149 cum
3324 2097 3466 2164 ipsas
3502 2096 3708 2150 animas

2122 2201 2334 2248 nostras
2366 2206 2462 2261 pro
2498 2204 2685 2246 earum
2730 2204 2830 2244 nos
2859 2187 3092 2242 voluerit
3133 2186 3307 2241 salute
3337 2181 3707 2240 contemnere.

2120 2286 2361 2353 Qualiter
2405 2294 2584 2339 autem
2616 2283 2697 2337 vel
2731 2281 2974 2351 proﬁciat
3017 2279 3213 2334 ibidem
3253 2278 3526 2349 religionis
3571 2278 3708 2333 inte~

2119 2380 2317 2450 gritas,
2373 2378 2456 2431 vel
2508 2377 2634 2445 quid
2688 2375 2911 2429 forsitan
2958 2379 3256 2434 asscratur,
3305 2358 3501 2440 smpius
3551 2369 3708 2426 nobis

2119 2480 2299 2525 vestra
2329 2468 2544 2523 dilectio
2573 2482 2677 2521 non
2709 2467 2920 2521 omittat
2945 2462 3262 2528 ostendere;
3293 2470 3351 2516 ut
3376 2462 3703 2529 necessaria,

2118 2563 2334 2619 Christo
2359 2562 2654 2629 tribuente,
2696 2558 2934 2615 subsidia
2978 2556 3253 2628 responsis
3290 2555 3706 2627 congruentibus

2119 2656 2296 2711 miniSt
2308 2668 2507 2709 remus.

2250 2745 2570 2812 Subscriptio
2600 2759 2767 2815 papte.

2120 2840 2259 2897 Deus
2291 2849 2343 2895 te
2368 2838 2685 2895 incolumem
2716 2836 3004 2906 custodiat,
3035 2836 3109 2891 ﬁli
3137 2833 3504 2891 dilectissime.

2274 2974 2605 3032 EPISTOLA
2644 2975 2709 3031 IV
2749 2974 2879 3030 SEU
2927 2986 2947 3013 ε
2989 2972 3561 3029 COMMONITORIUM

2192 3085 2254 3123 AD
2290 3069 2309 3086 '
2346 3083 2584 3126 FAUSTUM
2623 3083 2922 3123 MAGISTflUM
2968 3082 3283 3121 FCNGENTI‘ZM
3324 3080 3632 3121 LEGATIONIS

2527 3154 2733 3192 OFFICIO
2772 3150 3275 3192 CONSTANTINOPOLI.

2117 3230 2356 3283 Acacium
2372 3231 2491 3300 jure
2512 3246 2542 3282 a
2564 3232 2683 3283 sedc
2706 3230 2986 3299 apostolica
3017 3231 3336 3300 damnatum,
3362 3237 3407 3281 et
3426 3226 3478 3279 in
3500 3242 3696 3300 excom-

2188 3298 2532 3370 municatione
2559 3298 2814 3352 mortuum
2842 3317 2941 3353 non
2968 3316 3115 3370 posse
3147 3298 3360 3367 absolvi,
3390 3307 3435 3352 et
3464 3314 3578 3350 cum
3607 3299 3701 3351 illo

2186 3388 2286 3424 non
2322 3368 2817 3425 communicandum.

2188 3486 2298 3562 Ego
2325 3500 2535 3555 quoque
2566 3493 2747 3541 mente
2787 3485 3001 3555 percepi
3044 3485 3137 3558 lat.
3187 3482 3438 3557 praecepi]
3482 3485 3698 3540 Graecos

2115 3581 2168 3635 in
2198 3596 2293 3636 sua
2318 3580 2679 3635 obstinatione
2706 3593 3009 3642 mansuros.
3039 3594 3139 3635 nec
3162 3578 3247 3634 cui
3277 3579 3421 3635 velut
3454 3579 3696 3643 inSpera-

2116 3722 2301 3767 contra
2347 3711 2651 3781 pontificem
2700 3710 3000 3765 Romanum
3044 3711 3309 3766 Anastasii
3358 3712 3701 3779 imperatoris

2118 3784 2394 3848 invidiam,
2428 3785 2481 3837 in
2512 3783 2701 3851 vulgus
2730 3782 2991 3851 Sparserit
3019 3784 3192 3850 ipsum
3221 3782 3559 3837 Anastasium
3597 3784 3699 3840 int-

2118 3864 2440 3921 peratorem,
2472 3868 2644 3923 neque
2674 3855 2742 3905 ab
2771 3854 3024 3922 episcopo
3057 3853 3205 3907 urbis
3233 3855 3433 3921 ltom-r,
3470 3869 3640 3922 neque
3665 3870 3705 3911 a-

2119 3925 2362 3979 Romano
2390 3935 2573 3979 senatu
2605 3925 2801 3992 recipi,
2832 3922 3075 3993 adeoque
3106 3925 3479 3990 imperatorem
3511 3935 3711 3980 contra

2120 3995 2315 4049 Urbem
2349 4005 2402 4049 et
2431 3996 2739 4062 episcopum
2769 3995 3142 4048 commoverit.
3196 3994 3271 4049 Ne
3315 3994 3474 4061 igitur
3503 3994 3711 4049 horum.

2116 4067 2397 4119 occasione
2431 4067 2664 4118 liomana
2698 4066 2930 4119 Ecclesia
2981 4066 3031 4117 iu
3078 4066 3365 4116 discrimen
3403 4064 3696 4119 adducere-

2116 4145 2223 4197 tur.
2244 4146 2403 4205 atque
2428 4137 2571 4188 inter
2594 4136 2727 4187 duos
2756 4136 3037 4205 Imm-tiens
3052 4135 3332 4205 principes
3354 4134 3709 4205 Agitastasium...

2114 4215 2168 4259 et
2188 4203 2578 4259 Theoiioricum
2609 4213 2832 4266 arctata,
2861 4203 3167 4257 durioribus
3192 4203 3452 4271 angustiis
3481 4218 3694 4270 preme-

2114 4284 2285 4340 retur,
2326 4275 2523 4328 Fansto
2554 4273 2850 4326 ofﬁciorum
2881 4273 3154 4341 magistro,
3188 4273 3302 4325 viro
3336 4273 3690 4339 pientissitno,

2116 4354 2278 4398 tanta}
2310 4345 2464 4399 molis
2509 4344 2778 4407 negotium
2806 4344 3061 4407 credidit,
3113 4352 3171 4395 ut
3215 4358 3333 4395 cum
3382 4353 3525 4396 esset
3550 4344 3691 4398 (Ion-

2114 4416 2490 4480 stantinpoli,
2542 4414 2749 4481 objecta
2792 4412 3059 4477 dilueret,
3109 4422 3305 4467 tentata
3351 4412 3689 4479 destrueret,

2113 4496 2274 4552 atque
2312 4495 2589 4554 sequester
2631 4484 2775 4552 pacis
2814 4486 3082 4548 existens,
3114 4483 3404 4554 Orientalis
3425 4484 3709 4554 Ecclesiae

2114 4572 2233 4610 cum
2266 4552 2596 4611 Occidentali
2626 4555 2937 4608 conciliator
2966 4553 3273 4609 accederet.
3308 4552 3583 4608 Profectus
3610 4564 3694 4610 est

437 4612 637 4699 gausto
661 4614 959 4699 «illiciiiruin
992 4616 1261 4699 magistro
1290 4631 1513 4699 causam.
1556 4618 1695 4672 illam
1723 4612 1857 4699 quae
1884 4638 2003 4699 cum
2036 4640 2087 4699 ι)
2110 4626 2379 4699 Faustus,
2424 4627 2772 4699 gnaviterque
2810 4636 3116 4699 susceptum
3150 4625 3417 4699 negotium
3453 4627 3699 4699 peregit;

432 4683 735 4749 Euphemio
784 4685 1376 4751 Constantiiwpolitano
1429 4687 1603 4742 adhuc
1657 4683 2004 4747 schismatico

432 4753 763 4829 tenebatur,
795 4755 1215 4829 commendavit,
1247 4764 1305 4808 ut
1334 4760 1650 4827 aequissimis
1677 4762 2007 4829 jussionibus

431 4823 690 4894 Ecclesia:
719 4824 973 4878 Romana:
1001 4823 1409 4893 obtemperans,
1441 4823 2007 4894 ejusdcii'i'communi-

430 4893 987 4967 cationem__hactt-.iuis
1019 4896 1211 4949 fruStra
1259 4899 1548 4964 cxpetitam
1596 4905 1852 4967 consequi
1898 4920 2008 4958 me-

430 4974 665 5034 reretur.
695 4963 860 5032 ilujns
884 4967 1079 5034 negotii
1101 4963 1415 5034 expediendi
1441 4970 1575 5024 ratio
1606 4963 1887 5026 commissa
1925 4984 2007 5028 est

431 5032 635 5112 gausto
674 5049 743 5112 ea
775 5032 1074 5112 decausa,
1118 5032 1257 5112 quod
1305 5039 1631 5105 Eupheinius
1674 5044 2002 5112 patriarcha,

432 5104 633 5174 Gelasii
661 5105 902 5172 epistolis
930 5104 1147 5161 duabus
1166 5104 1488 5174 admonitus,
1529 5104 1721 5166 nomen
1752 5117 1929 5168 Acacii
1977 5104 2007 5169 ἁ

432 5173 629 5254 tabulis
657 5175 824 5254 sacris
852 5191 955 5254 non
984 5179 1274 5254 modonon
1301 5173 1639 5249 expunxerit,
1668 5185 1762 5238 sed
1789 5194 1843 5238 et
1867 5186 2008 5254 ejus-

428 5243 555 5297 dem
587 5246 904 5321 delendendi
940 5248 1305 5321 patrocinium
1356 5243 1685 5321 susceperit,
1741 5243 1913 5321 atquc;
1946 5274 2008 5311 ea

428 5328 552 5395 quae:
572 5317 770 5395 solenL
770 5315 1003 5395 haeretici
1030 5327 1084 5371 et
1107 5317 1430 5395 ~~c_hisiuatici
1460 5315 1643 5395 contra
1672 5315 1851 5379 sedem
1880 5342 1946 5393 ap
1970 5349 2009 5375 ι-

428 5384 675 5440 stolicain
692 5384 1005 5453 eﬁ‘utiverit;
1029 5388 1279 5458 quodque
1299 5390 1537 5457 demum,
1556 5394 1622 5447 ad
1638 5397 1843 5451 concita
1853 5384 1951 5452 nd'a
1960 5413 2009 5451 in

508 5503 523 5531 ⁸
557 5504 616 5557 In
646 5502 801 5568 edit.,
833 5505 1140 5557 desistimus.

506 5572 527 5643 ξ
561 5574 615 5624 In
644 5573 798 5636 cdit.,
822 5591 883 5626 ca:
913 5574 1092 5628 litteris
1119 5578 1388 5643 siquidem.

506 5642 529 5671 ³
560 5644 714 5696 Deest
746 5647 796 5696 in
824 5645 977 5711 θιηι.³
1006 5642 1236 5710 proinde.

506 5711 524 5741 "
562 5715 615 5764 In
647 5714 774 5767 edit.
803 5724 967 5778 recte,
995 5716 1055 5767 ob
1082 5728 1303 5783 wternw,
1334 5732 1437 5773 etc.

510 5785 530 5815 '
560 5786 621 5841 In
650 5783 802 5851 edit.,
828 5796 1079 5857 testantes,
1108 5796 1159 5842 ct
1190 5790 1322 5845 intra
1352 5800 1715 5861 exspectantes.

2111 4698 2204 4751 sed
2238 4713 2341 4751 non
2372 4713 2436 4751 ex
2464 4697 2751 4759 sententia,
2804 4706 2860 4749 ut
2905 4706 3023 4749 erat
3076 4696 3125 4747 in
3175 4696 3394 4759 optatis,
3441 4696 3693 4763 absolvit,

2110 4770 2415 4835 refragante
2466 4767 2783 4834 Euphemio,
2832 4775 2886 4819 et
2929 4766 3131 4833 majora
3178 4767 3416 4819 rixarum
3458 4767 3694 4825 fomenta

2114 4840 2393 4892 miscente.
2444 4838 2541 4904 Qui
2586 4846 2638 4891 et
2670 4837 2734 4889 de
2764 4836 3011 4888 omnibus
3042 4851 3159 4904 qua:
3185 4851 3305 4889 cum
3349 4835 3467 4903 ipso
3522 4845 3695 4892 trans-

2114 4918 2231 4961 acta
2260 4918 2442 4970 erant,
2474 4908 2614 4961 datis
2645 4906 2710 4960 ad
2738 4905 3009 4960 Gelasium
3040 4906 3233 4960 litteris
3254 4921 3375 4959 eum
3408 4908 3695 4963 certiorem

2117 4979 2365 5033 reddidit.
2398 4979 2602 5041 Quibus
2631 4977 2865 5041 acceptis
2896 4976 3141 5031 Celasias
3168 4976 3234 5029 ad
3265 4991 3389 5030 eum
3420 4979 3695 5047 rescripsit

2116 5049 2254 5103 hanc
2280 5049 2672 5113 defensionem,
2697 5063 2797 5114 qua
2826 5047 3256 5101 adversariorum
3291 5048 3586 5102 calumnias
3611 5065 3697 5104 re-

2118 5121 2306 5174 fellere
2350 5129 2547 5187 posset.
2602 5118 2754 5174 Unde
2797 5134 2903 5171 non
2949 5118 3220 5171 immerito
3260 5120 3697 5174 commonitorium

2117 5201 2472 5257 nuncupatur,
2520 5205 2640 5245 cum
2687 5203 2750 5242 co
2800 5188 2915 5257 ipso
2962 5204 2991 5241 a
3042 5188 3291 5256 pontiﬁce
3321 5187 3695 5253 admeiieatur,

2116 5276 2346 5330 quonam
2380 5261 2536 5315 modo
2563 5258 3000 5314 calumniantium
3033 5259 3378 5328 petulantiam
3414 5259 3587 5313 valide
3619 5276 3695 5311 rc-

2120 5332 2343 5385 tnudere
2369 5340 2544 5399 queat.
2583 5331 2706 5385 "me
2735 5344 2798 5383 ex
2832 5330 3061 5384 Baronio
3090 5345 3232 5386 anno
3260 5330 3385 5396 495,
3414 5347 3559 5386 num.
3585 5331 3619 5384 5
3648 5338 3695 5384 ct

2119 5404 2485 5470 sequentibus.
2527 5402 2654 5456 Snv.
2691 5402 2890 5454 BINIUS.

2190 5515 2209 5544 °
2242 5515 2400 5567 Deest
2429 5515 2481 5567 in
2513 5514 2641 5567 edit.
2666 5515 2938 5583 contiguis.

2188 5586 2206 5613 τ
2247 5586 2383 5637 Sunt
2419 5584 2505 5652 qui
2551 5585 2761 5639 Festum
2800 5586 2978 5639 dicant
3008 5586 3107 5654 legi
3140 5597 3388 5651 oportere
3422 5598 3438 5637 :
3478 5596 3575 5636 nec.
3605 5583 3689 5644 θυι

2120 5654 2332 5707 Gelasio
2365 5670 2498 5721 papa
2534 5655 2673 5708 hunc
2709 5656 2936 5724 legatum
2983 5657 3143 5709 l'nisse
3182 5654 3689 5724 Constantinopolin

2116 5742 2143 5776 a
2174 5724 2510 5796 'l'ltcutlorico
2540 5742 2683 5796 rege,
2712 5727 2806 5783 sed
2833 5727 2932 5781 sub
2953 5726 3236 5781 Anastasio
3268 5723 3460 5779 Gelasii
3490 5740 3678 5779 succos

2116 5809 2256 5851 sere.
2292 5794 2557 5854 iisunum.
