4120 6186
422 318 491 372 27
1778 307 2043 364 GELASII
2086 307 2285 363 PAPzE
3619 304 3689 361 88

425 440 533 483 tum
564 426 732 482 videri
763 435 958 497 potest,
984 425 1124 496 quod
1157 433 1239 482 est
1265 432 1390 479 ante
1422 424 1513 497 [aL
1545 423 1597 478 in
1628 422 1774 493 ante]
1804 438 2005 491 prmcoc
2034 433 2089 489 Α
2113 438 2203 482 aut
2228 442 2288 481 se
2319 440 2476 479 nosse
2507 423 2841 489 dissimulat,
2890 425 2942 478 in
2974 424 3288 494 quantique
3315 441 3407 493 per
3433 441 3686 480 numere-

426 524 649 590 gnilum.
674 522 1013 590 QuaprOpter
1038 522 1050 550 ¹
1078 533 1181 573 non
1206 519 1315 587 jam
1342 528 1558 587 propter
1586 516 1857 585 religionis
1879 532 2005 571 cauo

426 627 512 667 sas
543 616 759 668 student
786 612 1220 682 dispositionibus
1258 610 1483 679 publicis
1521 611 1759 676 obviare,
1788 612 1881 664 sed
1918 626 2012 677 po-

427 706 533 758 tius
558 720 650 772 per
672 705 1006 759 occasionem
1034 702 1312 771 legationis
1332 702 1491 771 regiae
1512 702 1826 756 catholicam
1853 702 2009 755 fidem

428 796 719 850 moliuntur
739 806 1000 860 evertere,
1025 806 1078 847 et
1101 794 1187 847 tali
1216 803 1519 847 commento
1549 792 1643 864 [αι.
1668 792 2011 862 commercio]

432 890 670 943 nituntur
691 899 898 957 sperata
932 896 1203 953 praestare.
1239 885 1373 950 Quid
1404 884 1503 939 sibi
1534 884 1649 937 vult
1674 893 1850 937 autem
1872 882 2013 951 quod

441 981 635 1035 dixerit
667 982 973 1050 imperator,
997 995 1024 1032 a
1056 977 1208 1031 nobis
1237 992 1295 1031 se
1318 977 1371 1030 in
1400 976 1655 1045 religione
1678 974 2010 1040 damnatum,

430 1087 547 1126 cum
593 1086 753 1140 super
801 1071 898 1124 hac
943 1078 1093 1138 parte
1138 1077 1192 1123 et
1235 1068 1485 1122 decessor
1513 1082 1663 1120 meus
1693 1081 1797 1119 nun
1840 1064 2014 1118 solum

381 1229 395 1243 ⁸
430 1164 651 1219 minime
700 1179 895 1216 nomen
944 1163 1060 1230 ejus
1108 1161 1378 1231 attigerit,
1425 1159 1518 1213 sed
1560 1159 1775 1223 insuper
1803 1157 2016 1225 quando

430 1255 691 1324 principia
722 1256 946 1323 adeptus
995 1256 1153 1323 regite
1196 1252 1475 1323 potestatis
1518 1249 1788 1315 exercuit,
1820 1249 1874 1303 in
1901 1248 2015 1317 ejus

435 1359 495 1400 se
534 1346 801 1412 rescripsit
852 1345 1055 1412 imperii
1109 1342 1442 1412 promotione
1490 1341 1722 1410 gaudere
1766 1358 1779 1393 :
1821 1348 1874 1393 et
1917 1354 2017 1407 ego

438 1436 581 1490 nulla
631 1436 798 1505 ipsius
847 1449 1080 1503 unquam
1112 1433 1307 1503 scripta
1339 1433 1640 1501 percipiens
1661 1473 1676 1497 ,
1710 1429 2017 1484 honorificis

436 1521 520 1593 (ut
551 1526 740 1594 noSIis)
785 1541 903 1579 cum
946 1525 1132 1580 litteris
1161 1526 1395 1580 salutare
1431 1522 1769 1578 curaverim?
1818 1522 2017 1575 Deces-

440 1631 592 1672 sores
624 1616 764 1682 mei,
798 1615 1105 1670 sacerdotes
1131 1616 1221 1683 qui
1256 1612 1756 1683 praevaricatoribus
1786 1626 1844 1665 se
1873 1626 2019 1664 com-

439 1709 743 1763 municasse
775 1708 986 1776 propria
1016 1721 1145 1761 voce
1176 1705 1405 1759 confessi
1442 1713 1597 1768 sunt,
1627 1719 1655 1755 a
1686 1702 2017 1756 communio-

2113 534 2226 572 sam
2260 516 2584 570 sententiam
2616 517 2956 571 sacerdotum
3001 518 3203 572 erroris
3241 517 3398 586 hujus
3442 528 3689 573 auctores

2112 618 2319 664 constat
2351 608 2514 660 fuisse
2539 607 2855 672 damnatos;
2905 608 3041 663 sicut
3071 610 3124 663 in
3156 624 3470 679 unaquaque
3501 612 3689 665 haeresi

2113 718 2142 756 a
2176 703 2434 771 principio
2461 700 2781 755 Christiana:
2807 701 3080 769 religionis
3108 711 3161 755 et
3188 702 3383 756 factum
3417 702 3607 763 fuisse,
3638 713 3689 755 ct

2116 796 2228 850 fieri
2247 836 2262 858 ,
2298 793 2581 848 manifesta
2611 808 2793 847 rerum
2822 793 3031 846 ratione
3059 800 3412 851 monstratur.
3444 794 3691 847 decessi-

2117 902 2338 956 remque
2369 902 2543 939 meum
2572 896 2945 940 exsecutorem
2978 884 3144 940 fuisse
3174 886 3370 940 veteris
3397 887 3686 954 constituti,

2118 998 2221 1036 non
2251 996 2404 1035 novin
2434 979 2830 1034 constitutionis
2860 980 3181 1033 auctorem?
3209 980 3358 1045 Quod
3389 996 3492 1032 non
3521 982 3692 1033 solum

2118 1073 2331 1141 prazsuli
2360 1070 2663 1139 apostolico
2693 1069 2873 1124 facere
2902 1070 3057 1131 licet,
3106 1070 3199 1124 sed
3228 1072 3529 1138 cuicunque
3562 1087 3693 1136 pon-

2119 1163 2276 1226 tifici,
2329 1172 2379 1215 ut
2430 1161 2698 1230 quoslibet
2733 1170 2785 1214 et
2821 1161 3109 1227 quemlibet
3146 1161 3354 1226 locum,
3401 1161 3693 1216 secundum

2117 1254 2353 1320 regulam
2398 1252 2665 1320 limreseps
2694 1251 2859 1319 ipsius
2886 1258 3011 1305 ante
3036 1250 3329 1315 damnatae,
3373 1266 3400 1304 a
3432 1253 3696 1308 catholica

2118 1344 2494 1398 communione
2514 1342 2842 1396 discernant.
2867 1342 3093 1397 Acacius
3117 1344 3313 1411 quippe
3334 1359 3436 1395 non
3463 1344 3556 1397 fuit
3575 1344 3696 1397 novi

2120 1434 2207 1488 vel
2242 1434 2438 1501 proprii
2480 1434 2725 1486 inventor
2755 1433 2987 1499 erroris,
3040 1441 3098 1487 ut
3135 1433 3188 1487 in
3224 1449 3347 1488 eum
3389 1448 3520 1487 nova
3566 1436 3697 1487 scita

2121 1529 2396 1598 prodirent
2438 1526 2527 1598 [aL
2562 1526 2970 1598 procederent],
3015 1526 3108 1581 sed
3137 1527 3317 1581 alieno
3348 1526 3563 1581 facinori
3602 1543 3697 1581 sua

2120 1619 2495 1674 communione
2543 1634 2601 1673 se
2650 1618 2883 1673 miscuit.
2934 1619 3115 1687 Itaque
3157 1633 3381 1673 necesse
3428 1629 3509 1674 est
3551 1629 3606 1672 ut
3648 1620 3698 1671 in

2123 1713 2269 1765 illam
2302 1711 2562 1766 recideret
2601 1709 2744 1779 justa
2776 1710 2928 1765 lance
2958 1711 3280 1766 sententiam
3305 1752 3320 1776 ,
3374 1726 3533 1776 quam
3580 1724 3697 1763 cum

435 1815 503 1855 ne
532 1798 820 1869 apostolica
854 1798 1259 1852 submoverunt.
1301 1795 1357 1850 Si
1386 1795 1471 1850 isti
1504 1794 1596 1865 [aL
1630 1792 1720 1864 ita]
1758 1793 1933 1861 placet
1960 1805 2018 1845 se

2129 1803 2236 1857 suis
2264 1801 2665 1856 successoribus
2692 1816 2785 1869 per
2806 1801 3232 1856 convenientiam
3265 1802 3575 1870 synodalem
3608 1815 3701 1853 su-

432 1892 661 1945 miscere
704 1890 1001 1953 damnatis,
1039 1889 1192 1943 nobis
1226 1903 1330 1943 non
1361 1894 1537 1957 potest
1573 1885 1852 1954 imputari;
1882 1885 1925 1938 si
1952 1886 2019 1938 ab

431 1984 510 2036 eis
538 1984 667 2036 velit
693 1982 984 2036 abscedere
1010 2024 1023 2047 ,
1071 1990 1216 2035 tanto
1254 1981 1419 2049 magis
1448 1995 1479 2032 a
1523 1979 1677 2033 nobis
1708 1993 1812 2031 non
1847 1983 2021 2044 potest

432 2088 554 2126 esse
579 2074 891 2137 damnatus,
934 2071 1028 2124 Sed
1063 2070 1236 2136 potius
1266 2068 1332 2121 ad
1367 2069 1592 2137 gratiam
1620 2068 1843 2121 sincera:
1874 2080 2023 2120 com-

434 2164 704 2218 munionis
731 2163 1013 2215 admissus.
1042 2160 1120 2214 Ad
1146 2168 1389 2214 senatum
1420 2175 1549 2213 veru
1571 2159 1800 2227 pertinet
1827 2158 2023 2210 Roma-

434 2272 583 2320 num,
608 2267 663 2310 ut
686 2272 891 2311 memor
919 2254 1039 2309 fidei
1070 2269 1226 2321 quam
1253 2270 1280 2307 a
1310 2253 1617 2321 parentibus
1641 2267 1700 2307 se
1720 2253 2025 2321 suscepisse

435 2348 697 2412 meminit,
738 2348 980 2417 contagia
1012 2348 1140 2401 vitet
1166 2345 1559 2401 communionis
1599 2354 1865 2409 externae,
1900 2360 1968 2400 ne
1994 2361 2024 2399 a

437 2440 813 2493 communione
838 2438 991 2506 hujus
1016 2437 1160 2491 sedis
1186 2437 1492 2506 apostolica).
1524 2436 1685 2507 (quod
1716 2436 1877 2506 absit)
1906 2436 2028 2492 red-

438 2536 594 2592 datur
632 2545 907 2590 externus.
950 2535 1174 2590 Veniam
1217 2536 1315 2589 sibi
1347 2536 1461 2590 dari
1512 2534 1605 2606 [aL
1630 2536 1773 2588 addit
1806 2534 2026 2606 debere]

437 2636 759 2698 proponunt.
787 2627 1032 2695 Legatur.
1058 2643 1123 2681 ex
1145 2642 1251 2697 quo
1273 2636 1355 2682 est
1383 2627 1571 2696 religio
1590 2626 1919 2693 Christiana,
1942 2626 2026 2680 vel

437 2729 583 2773 certe
623 2718 781 2772 detur
824 2718 1126 2785 exemplum
1155 2759 1170 2783 ,
1215 2718 1267 2770 in
1311 2717 1547 2771 Ecclesia
1582 2717 1710 2781 Dei,
1739 2732 1767 2769 a
1809 2717 2029 2784 quibus-

439 2809 569 2864 libet
600 2808 969 2877 pontificibus,
1014 2809 1083 2863 ab
1128 2808 1258 2877 ipsis
1302 2808 1593 2877 apostolis,
1629 2808 1698 2862 ab
1736 2808 1852 2878 ipso
1879 2807 2030 2862 deni-

442 2914 543 2966 que
568 2898 845 2954 Salvatore
866 2900 1077 2953 veniam
1101 2898 1201 2952 nisi
1224 2898 1612 2967 corrigentibus
1640 2913 1699 2953 se
1721 2898 1880 2953 fuisse
1900 2912 2030 2953 con-

443 3004 671 3043 cessnm.
720 2989 975 3043 Auditum
1016 2997 1193 3044 autem
1231 2989 1331 3043 sub
1370 2990 1474 3043 isto
1517 2990 1656 3043 caelo
1700 3005 1797 3043 nec
1837 2990 2031 3057 legitur

446 3082 681 3146 omnino,
714 3098 812 3136 nec
841 3082 1056 3146 dicitur,
1099 3082 1242 3151 quod
1273 3097 1461 3137 eorum
1490 3097 1623 3136 voce
1651 3080 1985 3151 depromitur
2010 3098 2024 3136 :

2123 1904 2367 1963 serperet
2408 1904 2593 1949 auctor
2625 1895 2844 1949 erroris.
2888 1894 3096 1949 ‘Nobis
3132 1904 3407 1964 opponunt
3447 1909 3698 1957 canones,

2124 1986 2249 2041 dum
2281 1987 2526 2039 nesciunt
2554 1985 2679 2053 quid
2710 1986 3018 2053 loquantur.
3061 1986 3261 2039 Contra
3289 2001 3421 2053 quos
3458 1986 3559 2038 hoc
3589 1986 3703 2053 ipso

2123 2079 2309 2134 venire
2340 2092 2397 2133 se
2426 2076 2690 2146 produnt,
2724 2077 2863 2146 quod
2895 2078 3081 2146 primze
3112 2077 3258 2143 sedi,
3295 2093 3422 2131 sana
3453 2089 3703 2144 reetaque

2126 2170 2370 2251 suadenti
2400 2211 2414 2236 ,
2461 2182 2651 2238 parere
2696 2168 2921 2237 fugiunt.
2975 2168 3075 2237 Ipsi
3123 2176 3246 2222 sunt
3294 2182 3557 2232 canones,
3612 2168 3700 2233 qui

2127 2263 2519 2331 appellationes
2546 2263 2707 2315 totius
2740 2261 2997 2315 Ecclesiae
3024 2260 3089 2313 ad
3120 2260 3277 2328 hujus
3308 2260 3451 2314 sedis
3478 2275 3701 2312 examen

2129 2355 2351 2409 voluere
2375 2353 2595 2409 deferri.
2630 2354 2711 2407 Ab
2758 2354 2871 2422 ipsa
2901 2368 3028 2407 vero
3059 2367 3316 2421 nusquam
3349 2368 3565 2420 prorsus
3606 2366 3701 2420 ap-

2130 2447 2312 2515 pellari
2346 2448 2543 2502 debere
2572 2456 2901 2511 sanxerunt;
2950 2461 3012 2500 ac
3051 2461 3145 2514 per
3176 2446 3274 2498 hoc
3302 2446 3444 2500 illam
3488 2446 3557 2499 de
3598 2456 3707 2499 tota

2129 2541 2369 2596 Ecclesia
2403 2540 2675 2608 judicare,
2718 2540 2885 2608 ipsam
2915 2538 2978 2591 ad
3010 2538 3204 2592 nullius
3236 2552 3542 2593 commeare
3568 2537 3708 2605 judi-

2129 2631 2300 2695 cium,
2323 2644 2419 2685 nec
2441 2629 2508 2684 de
2536 2630 2652 2698 ejus
2683 2645 2915 2697 unquam
2948 2637 3317 2699 praeceperunt
3342 2628 3543 2697 judicio
3565 2629 3708 2697 judi-

2129 2724 2261 2787 cari,
2285 2723 2718 2791 sententiamque
2746 2722 2887 2775 illius
2910 2722 3307 2775 constituerunt
3330 2736 3433 2775 non
3460 2730 3710 2788 oportere

2130 2814 2382 2880 dissolvi,
2424 2813 2577 2881 cujus
2609 2813 2784 2881 potius
2819 2812 3032 2867 decreta
3070 2810 3341 2880 sequenda
3372 2812 3709 2865 mandarunt.

2132 2908 2187 2961 In
2234 2907 2334 2960 hac
2373 2905 2485 2975 ipsa
2527 2920 2684 2958 causa
2717 2904 3034 2958 Timotheus
3062 2903 3485 2964 Alexandrinus,
3529 2912 3582 2956 et
3614 2902 3710 2955 Pe-

2132 3009 2247 3054 trus
2269 2998 2657 3062 Antiochenus,
2680 2997 2891 3061 Petrus,
2917 2994 3131 3057 Paulus,
3157 2994 3411 3061 Joannes,
3434 3004 3483 3049 et
3507 2995 3708 3060 czcteri,

2133 3106 2237 3145 non
2267 3090 2440 3144 solum
2472 3103 2631 3155 unus,
2664 3087 2755 3142 sed
2785 3088 2963 3154 plures
2992 3087 3171 3152 utique
3199 3101 3391 3140 nomen
3422 3086 3707 3140 sacerdotii

446 3173 579 3229 Date
607 3174 761 3228 nobis
794 3177 1028 3236 veniam,
1070 3174 1195 3228 dum
1224 3184 1403 3228 tamen
1434 3188 1531 3228 nos
1561 3174 1613 3227 in
1642 3188 1830 3228 errore
1860 3173 2025 3229 dure-
2051 3153 2096 3215 Ο
2133 3178 2506 3249 praeferentes,
2554 3153 2668 3232 sola
2718 3153 2861 3232 sedis
2908 3177 3216 3245 apostolica:
3245 3186 3369 3230 sunt
3396 3176 3708 3231 auctoriiaia

448 3281 585 3320 llllls.
638 3264 695 3318 Id
728 3281 941 3334 quoque
974 3268 994 3296 ¹
1028 3265 1224 3335 pariter
1254 3265 1406 3335 [forte
1437 3265 1536 3335 leg.
1571 3279 1667 3333 par
1695 3262 1801 3334 est]
1844 3277 2027 3319 oeten-

449 3358 599 3423 dant,
644 3358 736 3427 qui
780 3360 934 3414 nobis
975 3373 1211 3413 canones
1241 3359 1482 3412 nituntur
1505 3372 1801 3426 opponere;
1838 3359 2029 3427 quibus

452 3450 550 3504 hoc
580 3452 897 3514 canonibus,
940 3450 1128 3520 quibus
1172 3451 1391 3518 regulis,
1432 3466 1535 3520 qua
1576 3451 1827 3517 lectione,
1856 3467 2030 3519 quove

452 3541 794 3605 dotumento,
849 3544 960 3596 sive
1009 3542 1301 3611 majoribus
1347 3542 1579 3606 nostris,
1624 3542 1740 3597 sive
1783 3542 1851 3597 ab
1901 3542 2031 3611 ipsis

382 3646 385 3647 '
452 3634 710 3701 apostolis
745 3634 899 3703 (quos
932 3636 1183 3704 potiores
1229 3634 1422 3687 merito
1462 3634 1625 3688 fuisse
1667 3648 1771 3687 non
1810 3633 2030 3689 dubium

453 3724 578 3790 est),
611 3740 703 3778 seu
747 3724 815 3778 ab
854 3724 967 3793 ipso
995 3725 1223 3778 Domino
1251 3724 1551 3789 Salvatore,
1582 3725 1671 3794 qui
1695 3724 2030 3793 judicaturus

455 3816 691 3870 creditur
718 3817 869 3870 vivos
912 3824 967 3870 ct
1005 3826 1266 3879 mortuos,
1298 3815 1412 3870 sive
1442 3815 1639 3869 factum
1666 3823 1751 3869 est
1776 3830 2030 3884 unquam,

459 3906 538 3961 vel
589 3907 886 3961 faciendum
938 3920 1059 3962 esse
1107 3908 1411 3961 mandatur.
1462 3906 1698 3961 Mortuos
1744 3907 2034 3960 suscitasse

457 4000 676 4067 legimus
703 4000 1000 4064 Christum,
1038 3999 1091 4053 in
1122 4015 1307 4054 errore
1338 4007 1577 4053 mortuos
1604 3997 1897 4051 absolvisse
1925 4012 2033 4052 non

458 4091 699 4158 legimus.
754 4091 816 4144 Et
844 4092 934 4159 qui
965 4098 1113 4145 certe
1142 4090 1244 4145 hoc
1274 4089 1503 4144 faciendi
1541 4088 1690 4143 solus
1727 4087 1913 4142 habuit
1943 4102 2036 4156 po-

458 4189 724 4245 testatem,
755 4182 910 4237 beato
941 4182 1100 4237 Petro
1130 4181 1492 4251 principaliter
1516 4178 1733 4233 mandat
1756 4179 2032 4247 apostolo:

462 4273 586 4339 Qua:
615 4274 849 4343 ligaveris
879 4291 1031 4345 super
1060 4284 1266 4340 terram,
1309 4274 1469 4345 ligata
1507 4280 1653 4326 erunt
1694 4282 1742 4325 et
1779 4272 1831 4325 in
1860 4270 2037 4335 caelis;

459 4375 504 4418 et
533 4381 649 4435 qua:
674 4367 884 4421 solveris
922 4383 1077 4434 super
1105 4378 1313 4430 terram,
1356 4376 1500 4419 erant
1531 4365 1698 4419 soluta
1738 4373 1783 4417 et
1816 4364 1870 4417 in
1900 4363 2038 4417 caelis

457 4457 671 4529 (Matth.
701 4456 837 4530 XVI).
883 4458 1054 4528 Super
1080 4469 1286 4522 terram,
1320 4459 1518 4525 inquit;
1552 4472 1674 4510 nam
1705 4458 1757 4511 in
1786 4455 1885 4511 hac
1909 4455 2038 4524 liga-

2130 3274 2321 3342 dejecti
2342 3317 2357 3341 ,
2397 3272 2549 3342 cujus
2577 3274 2651 3325 rei
2687 3269 2836 3324 testis
2863 3269 3022 3323 etiam
3067 3268 3183 3337 ipse
3213 3267 3433 3322 docemr
3464 3270 3701 3332 Aeacius,

2130 3366 2219 3432 qui
2248 3363 2619 3432 praeceptionis
2656 3361 2812 3428 hujus
2843 3360 3042 3414 exSIitit
3072 3368 3379 3413 exsecutor.
3422 3359 3571 3424 Quod
3607 3358 3680 3410 uti

2131 3470 2233 3519 que
2257 3455 2389 3506 sicut
2411 3452 2754 3520 apostolicam
2778 3448 2959 3503 sedem
2979 3448 3125 3517 juxta
3153 3447 3375 3501 formam
3401 3447 3708 3517 synodicam

2134 3546 2325 3599 fecisse
2364 3544 2704 3598 manifestum
2744 3550 2857 3609 est,
2905 3541 2980 3593 sic
3026 3540 3294 3592 neminem
3328 3539 3585 3591 resultare
3618 3553 3709 3604 po-

2134 3639 2298 3692 tuisse
2341 3636 2719 3691 ccrtissimum.
2790 3633 2899 3686 lloc
2948 3632 3108 3701 igitur
3158 3630 3316 3683 modo
3363 3628 3604 3683 recidens
3656 3629 3707 3682 in

2133 3730 2460 3785 consortium
2488 3727 2887 3787 damnatorum,
2921 3735 3001 3777 est
3028 3723 3309 3776 damnatus
3342 3722 3587 3783 Aeacius,
3619 3720 3711 3788 qui

2134 3836 2318 3878 eorum
2347 3820 2765 3881 damnationem,
2794 3824 3079 3883 antequam
3112 3811 3490 3881 praevaricator
3516 3811 3711 3864 existe-

2135 3924 2236 3982 ret,
2271 3915 2443 3968 fuerat
2468 3914 2776 3967 exsecutus.
2830 3909 2994 3962 Nobis
3031 3905 3144 3960 ausi
3187 3916 3310 3960 sunt
3347 3905 3520 3959 facere
3545 3920 3711 3959 cano-

2137 4021 2261 4060 num
2294 4004 2618 4058 mentionem
2641 4042 2654 4063 ,
2703 4010 2888 4054 contra
2926 4013 3061 4067 quos
3097 4011 3311 4065 semper
3339 3996 3712 4050 ambitionibus

2136 4096 2337 4152 illicitis
2358 4097 2377 4127 "
2403 4095 2591 4150 fecisse
2622 4100 3014 4147 monstrantur.
3064 4090 3177 4157 Qua
3208 4089 3308 4158 ipsi
3340 4088 3579 4159 synodo,
3624 4087 3713 4142 vel

2136 4187 2430 4243 secundum
2461 4185 2613 4254 cujus
2642 4183 2831 4255 synodi
2862 4180 3528 4237 formam‘Alexandrinum
3555 4179 3715 4232 Joan-

2139 4293 2260 4333 nem
2312 4277 2380 4332 de
2420 4276 2647 4332 ecclesia
2693 4274 2777 4328 cui
2827 4274 3106 4327 ordinatus
3145 4272 3319 4325 fuerat
3358 4270 3716 4340 expulerunt?

2138 4370 2229 4438 qui
2259 4368 2419 4423 nullis
2445 4367 2622 4422 causis
2651 4364 2988 4420 evidentibus
3016 4377 3115 4417 nec
3138 4372 3263 4416 ante
3292 4361 3572 4426 convinci,
3620 4374 3718 4414 nec

2139 4468 2325 4529 postea
2356 4472 2674 4526 provocans,
2704 4456 2865 4509 etiam
2894 4455 2946 4507 in
2973 4452 3171 4521 judicio
3200 4452 3521 4519 competenti
3551 4450 3719 4519 potuit

460 4518 600 4603 iione
634 4518 937 4604 defunctum
964 4518 1225 4615 nusquam
1248 4547 1382 4601 dixit
1401 4548 1606 4602 absolvi
1646 4547 1739 4618 [αι.
1764 4546 2039 4601 absolven-
2063 4518 2118 4579 D
2139 4518 2403 4605 accusari.
2451 4548 2603 4614 Quod
2633 4547 2675 4599 si
2704 4546 2887 4598 dicunt
2912 4561 2925 4595 :
2958 4518 3253 4609 [inperator
3280 4518 3382 4595 hoc
3413 4518 3575 4594 fecit:
3619 4538 3720 4593 hoc

456 4639 626 4710 dum].
679 4639 832 4706 Quod
861 4653 987 4707 ergo
1017 4652 1289 4706 nunquam
1333 4636 1533 4691 factum
1572 4648 1688 4704 est,
1732 4638 1814 4691 vel
1860 4646 2039 4692 mente

456 4730 743 4800 concipere
763 4730 1134 4796 formidamus,
1158 4731 1393 4786 scientes
1423 4729 1477 4784 in
1505 4730 1684 4784 divino
1708 4729 1911 4799 judicio
1932 4743 2039 4783 non

457 4836 616 4891 posse
644 4824 856 4893 penitus
881 4822 1151 4877 excusari.
1201 4822 1257 4879 Si
1284 4832 1463 4879 autem
1483 4863 1498 4889 ,
1542 4822 1687 4891 quod
1718 4836 1860 4876 nunc
1898 4835 2039 4890 prm-

457 4912 710 4980 tcndunt,
764 4930 795 4969 a
836 4914 1074 4968 Romana
1113 4913 1354 4970 Ecclesia
1402 4928 1462 4968 se
1508 4922 1635 4968 sunt
1683 4913 1934 4979 divisuri,
1986 4912 2039 4968 id

457 5003 563 5073 jam
597 5003 798 5059 dudum
838 5004 1028 5059 fecisse
1065 5013 1453 5060 monstrantur.
1478 5006 1498 5036 ³
1524 5005 1878 5075 Euphemium
1906 5018 2037 5059 vero

457 5096 644 5160 miror,
688 5098 729 5150 si
768 5098 1121 5166 ignorantiam
1148 5112 1298 5152 suam
1330 5098 1447 5167 ipse
1478 5114 1583 5153 non
1612 5097 1903 5166 perSpicit,
1947 5096 2038 5163 qui

456 5187 585 5240 dicit
623 5186 875 5242 Acacium
919 5188 987 5244 ab
1025 5204 1133 5242 uno
1166 5203 1272 5243 non
1307 5190 1546 5258 potuisse
1572 5188 1839 5243 damnari.
1888 5186 2038 5242 Itane

458 5293 563 5331 non
604 5279 882 5346 perSpicit,
929 5279 1223 5334 secundum
1258 5280 1485 5335 formam
1516 5278 1710 5351 synodi
1739 5278 2040 5333 Chalcedo-

456 5370 659 5436 nensis,
694 5371 945 5425 Acacium
976 5371 1139 5427 fuisse
1164 5372 1519 5427 damnatum?
1565 5384 1664 5424 nec
1710 5368 1862 5424 novit
1893 5383 2037 5435 eam,

528 5525 545 5554 ¹
584 5523 761 5578 Codex
787 5523 1107 5580 Veronensis
1128 5525 1345 5593 capituli
1368 5524 1718 5580 millenariam
1744 5524 2033 5593 praeferens

456 5600 697 5658 aetatem,
741 5610 969 5660 quocum
1006 5595 1109 5650 hoc
1136 5595 1333 5649 Gelasii
1363 5596 1830 5652 commonitorium
1868 5592 2033 5648 colla-

456 5673 565 5715 tum
584 5672 707 5733 gest,
743 5666 827 5717 hic
857 5666 1011 5733 legit,
1050 5681 1150 5717 non
1187 5672 1312 5716 tam.

527 5733 545 5762 '
571 5731 700 5786 Cod.
733 5731 953 5799 Verum,
979 5751 1163 5805 parum
1189 5743 1279 5787 est.

2139 4643 2312 4703 ipsum
2340 4640 2529 4709 quibus
2559 4636 2890 4697 canonibus;
2936 4633 3127 4702 quibus
3164 4631 3361 4701 regulis
3401 4639 3486 4684 est
3522 4643 3719 4699 prince-

2141 4731 2336 4803 ptum?
2378 4731 2486 4785 Cur
2513 4728 2637 4783 huic
2666 4734 2771 4781 tam
2801 4738 2964 4795 pravo
2994 4724 3133 4777 facto
3164 4722 3439 4778 consensit
3470 4721 3718 4786 Aeacius,

2141 4836 2263 4878 cum
2291 4819 2583 4875 auctoritas
2614 4816 2792 4871 divina
2822 4814 2965 4869 dicat
2992 4829 3006 4867 :
3053 4812 3175 4866 Non
3217 4811 3384 4866 solum
3411 4812 3497 4881 qui
3529 4811 3720 4879 faciunt

2142 4927 2297 4978 prava
2324 4925 2438 4963 reos
2469 4925 2606 4972 esse,
2646 4906 2735 4959 sed
2772 4905 2923 4959 etiam
2952 4905 3041 4972 qui
3064 4903 3383 4957 consentiunt
3414 4900 3721 4971 facientibus

2138 5002 2319 5073 (Rom.
2350 5017 2365 5055 ι
2391 5002 2432 5070 ).
2464 4999 2669 5067 Quibus
2696 4996 2990 5052 canonibus
3017 4994 3276 5063 quibusve
3303 4991 3502 5061 regulis
3527 4990 3721 5046 Calen-

2140 5091 2265 5147 dion
2310 5091 2563 5146 exclusus
2611 5097 2735 5154 est,
2795 5086 2882 5141 vel
2929 5084 3087 5154 primi
3131 5083 3343 5138 urbium
3391 5081 3723 5137 diversarum

2139 5182 2390 5238 catholici
2415 5178 2765 5235 sacerdotes?
2814 5177 2926 5244 Qua
2973 5174 3262 5230 traditione
3292 5188 3558 5243 majorum
3594 5188 3724 5245 apo-

2141 5274 2385 5332 smlicam
2412 5273 2595 5327 Sedem
2625 5272 2678 5326 in
2698 5270 2957 5341 judicium
2984 5267 3217 5322 vocant?

2217 5367 2298 5422 Au
2327 5362 2579 5419 secunda:
2606 5362 2751 5418 sedis
2773 5360 3042 5416 antistites
3059 5398 3075 5426 ,
3115 5366 3170 5414 et
3204 5358 3376 5414 tertia!
3395 5399 3412 5425 ,
3437 5359 3725 5429 caeterith

2216 5520 2238 5552 ⁸
2262 5519 2396 5572 Cod.
2421 5518 2715 5577 Veronen.,
2756 5512 3106 5585 Enphimium,
3140 5521 3196 5567 et
3221 5514 3292 5567 ita
3323 5513 3537 5581 ubique.

2216 5590 2238 5621 ⁸
2263 5591 2412 5643 Hunc
2445 5588 2618 5641 locum
2661 5582 2913 5640 Nicolaus
2951 5598 3083 5651 papa
3114 5585 3303 5637 recitat
3333 5599 3396 5637 ex
3429 5582 3722 5638 commoni-

2143 5660 2284 5715 torio
2310 5662 2361 5713 in
2384 5658 2607 5722 epistola
2633 5658 2665 5712 5
2688 5655 2754 5709 ad
2785 5653 3098 5709 Michaelcm
3123 5655 3518 5720 imperatorem.
3550 5654 3720 5709 Hann.

2216 5731 2237 5762 ⁸
2262 5729 2392 5786 Cod.
2421 5727 2644 5795 Veron.,
2679 5725 2874 5781 illicitis
2907 5723 3111 5779 tenendi
3140 5739 3262 5779 esse.
