4120 6186
363 5608 373 5703 3

386 397 459 455 '29

1589 375 1936 432 EPISTOLKE
1976 375 2063 430 ET
2104 376 2438 435 DECﬁETA.

3571 379 3639 433 50

388 515 525 571 bene
572 507 670 563 sibi
716 499 918 560 conscii
960 483 1268 554 sacerdotes
1289 491 1484 561 depelli
1517 489 1848 552 debuerunt,
1902 496 1957 542 et
1984 491 2035 548 A
2061 490 2173 544 haec
2201 506 2298 544 vox
2331 492 2495 559 possit
2522 491 2747 547 admitti.
2803 491 3018 546 Remitti
3062 490 3215 558 culpa
3259 490 3326 544 de
3367 490 3638 558 przeterito

388 603 478 673 qui
517 595 790 667 religionis
817 590 1021 647 exstitit
1045 586 1322 649 inimicus,
1367 582 1562 650 depelli
1595 595 1696 634 non
1732 580 1959 634 debuit?

388 671 635 748 \fiderint
663 702 790 755 ergo
834 684 878 736 si
923 680 1056 733 alios
1087 677 1282 731 habent
1311 687 1544 727 canones
1589 671 1790 741 quibus
1837 684 1962 724 suas

388 784 620 854 ineptias
648 784 1021 846 exsequantur.
1070 772 1335 824 Caeterum
1366 767 1481 831 iSti,
1526 766 1613 835 qui
1654 766 1827 830 sacri,
1872 764 1961 833 qui

388 871 772 933 ecclesiastici,
821 867 907 935 qui
955 862 1174 933 legitimi
1218 859 1580 920 celebrantur,
1620 857 1801 911 sedem
1836 870 1964 924 apo-

388 967 634 1023 stolicam
680 960 745 1013 ad
786 957 1040 1027 judicium
1070 966 1265 1005 vocare
1295 965 1400 1003 non
1434 954 1686 1017 possunt;
1730 955 1780 1000 et
1824 946 1965 999 Con-

390 1053 879 1123 stantinopolitance
902 1044 1133 1101 civitatis
1162 1041 1463 1109 cpiscopus,
1510 1054 1627 1108 quae
1656 1037 1837 1106 utique
1871 1050 1964 1103 per

392 1160 625 1205 canones
656 1144 795 1197 inter
824 1138 979 1194 sedes
1008 1135 1207 1190 nullum
1236 1146 1427 1185 nomen
1456 1130 1696 1199 accepit,
1738 1128 1789 1181 in
1819 1140 1965 1179 com-

392 1241 700 1294 munionem
734 1231 977 1287 recidens
1005 1226 1347 1295 perﬁdorum,
1377 1236 1481 1275 non
1514 1219 1697 1274 debuit
1740 1219 1967 1272 submo-

394 1330 529 1384 veri.
600 1330 703 1389 An,
747 1323 835 1392 qui
875 1318 1077 1373 homini
1112 1315 1367 1370 mentitus
1397 1312 1591 1366 dicitur
1619 1307 1963 1377 imperatori,

394 1431 449 1476 et
484 1419 570 1488 qui
617 1416 988 1483 imperatorem
1022 1407 1220 1461 laesisse
1248 1404 1610 1475 perhibentur,
1647 1398 1840 1467 depelli
1867 1397 1965 1452 de-

738 1515 791 1562 et
838 1507 889 1560 in
936 1504 1126 1567 Deum,
1177 1499 1263 1567 qui
1311 1510 1552 1551 summus
1599 1501 1653 1547 et
1695 1506 1854 1545 verus
1886 1497 1968 1544 est

708 1640 721 1661 ,
788 1595 1039 1650 Acacium
1090 1590 1484 1658 delinquentem
1518 1624 1535 1651 ,
1598 1582 1968 1649 sinceramque

396 1515 626 1567 buerunt
672 1527 685 1562 :

398 1804 519 1843 cum
550 1784 783 1855 perfidis,
806 1779 1094 1837 secundum
1125 1776 1411 1847 synodum,
1436 1786 1537 1841 qua
1568 1771 1679 1825 haec
1710 1778 1792 1825 est
1820 1770 1970 1823 dam-

405 1888 527 1932 nata
564 1875 815 1947 perfidia,
863 1888 967 1926 non
1010 1868 1289 1940 oportebat
1315 1864 1571 1922 excludi?
1618 1864 1721 1920 Sed
1768 1862 1964 1930 ve-int,
1998 1878 2044 1940 Β

400 1969 590 2031 nolint,
623 1967 786 2036 ipsius
812 1962 1012 2031 judicio
1038 1962 1052 1991 ¹
1079 1959 1306 2029 antiqua:
1337 1969 1599 2012 canonum
1631 1952 1969 2009 constitutio-

402 2075 495 2115 nes
524 2058 893 2113 ﬁrmabuntur.

468 2153 573 2207 Sed
605 2149 834 2219 religiosi
857 2144 957 2201 viri
979 2155 1136 2215 atque
1160 2142 1396 2214 perfecti,
1422 2138 1713 2195 secundum
1736 2148 1970 2191 canones

397 2257 711 2299 Concessum
760 2238 872 2294 sedi
922 2235 1227 2305 apostolicae
1255 2240 1571 2302 potestatem
1602 2228 1851 2282 nimirum
1880 2239 1970 2279 co-

400 2346 598 2389 nantur
618 2333 848 2400 eripere,
876 2337 930 2385 et
954 2328 1164 2383 sibimet
1192 2342 1308 2381 eam
1340 2333 1524 2380 contra
1554 2334 1787 2377 canones
1817 2333 1972 2373 usur-

401 2442 531 2497 pare
561 2427 908 2482 contendunt.
962 2421 1004 2475 Ο
1033 2434 1297 2475 canonum
1342 2416 1627 2485 magistros
1672 2420 1832 2481 atque
1879 2424 1973 2463 cu-

401 2519 623 2575 stodes!
680 2516 841 2570 Nobis
881 2513 1082 2569 nullum
1122 2510 1202 2566 fas
1243 2517 1325 2564 est
1370 2508 1505 2562 inire
1536 2511 1804 2560 certamen
1849 2515 1970 2554 cum

404 2606 710 2663 hominibus
757 2602 1147 2660 communionis
1195 2599 1419 2663 alienm,
1470 2596 1647 2650 divina
1696 2592 1971 2661 Scriptura

403 2698 777 2768 prmdicante:
835 2693 1112 2748 Hominem
1162 2690 1452 2744 hwreticum
1505 2693 1616 2755 post
1666 2686 1883 2753 primam
1927 2691 1973 2736 et

402 2792 681 2846 secundam
707 2786 1068 2858 correptionem
1097 2783 1283 2845 devita,
1321 2780 1484 2835 sciens
1510 2776 1647 2847 quod
1676 2774 1975 2848 hujusmodi

402 2881 685 2949 delinquat,
711 2878 916 2949 proprio
936 2874 1136 2947 judicio
1163 2870 1525 2925 condemnatus
1548 2866 1673 2938 (Tit.
1694 2866 1798 2935 tu).
1832 2866 1974 2920 Ecce

402 2980 725 3042 cognoscant
759 2969 881 3040 quia
910 2980 1013 3019 non
1045 2964 1214 3018 solum
1242 2962 1308 3016 ab
1336 2961 1465 3025 alio,
1496 2958 1590 3014 sed
1620 2972 1649 3011 a
1677 2973 1736 3012 se
1765 2970 1974 3027 quoque

402 3065 523 3133 ipso
557 3064 835 3117 damnetur
862 3059 956 3132 [αἱ.
1021 3051 1438 3128 przedamnetur]
1483 3051 1789 3105 haereticus.
1838 3048 1972 3104 Illud

400 3168 581 3211 autem
630 3154 788 3209 nimis
831 3162 913 3208 est
959 3149 1269 3215 impudens,
1310 3144 1451 3217 quod
1482 3144 1732 3199 Acacium
1763 3142 1970 3195 veniam

2066 590 2267 648 potest,
2312 583 2643 637 correctione
2673 584 2786 637 sine
2814 583 2974 637 dubio
3002 582 3380 650 subsequente.
3429 580 3559 633 Nam
3592 580 3637 632 si

2065 672 2315 739 deinceps
2358 672 2535 725 finitur
2575 670 2668 743 [ιιι.
2699 671 2935 742 fingitur]
2984 686 3231 725 mansura
3287 672 3635 738 perversitas,

2067 777 2171 813 non
2222 773 2300 815 est
2350 762 2648 831 benignitas
2695 762 3055 827 remittentis,
3107 761 3201 814 sed
3249 759 3635 814 Consentientis

2067 853 2352 907 ’assensio
2396 853 2489 924 [αι.
2516 852 2850 924 assentatio].
2904 853 3019 907 Non
3062 862 3145 906 est
3188 853 3411 916 mirum,
3459 852 3502 904 si
3550 850 3637 904 isti

2067 942 2248 997 sedem
2283 944 2417 997 beati
2449 944 2588 998 Petri
2623 944 2847 1012 apostoli
2892 942 3260 1011 blasphemare
3286 950 3637 1009 praesumunt,

2067 1032 2155 1101 qui
2187 1033 2310 1086 talia
2340 1041 2584 1101 portenta
2619 1034 2699 1088 vel
2726 1033 2888 1088 corde
2916 1041 3133 1103 gerunt,
3178 1034 3262 1087 vel
3306 1048 3401 1087 ore
3440 1032 3634 1086 diffun-

2068 1122 2219 1188 dunt,
2243 1132 2297 1176 et
2324 1138 2420 1177 nos
2451 1125 2669 1193 insuper
2695 1125 2953 1193 superbos
2981 1139 3098 1179 esse
3125 1125 3490 1192 pronuntiant,
3515 1138 3636 1177 cum

2068 1213 2146 1267 eis
2177 1212 2345 1282 prima
2375 1213 2551 1278 sedes,
2584 1214 2841 1283 quidquid
2884 1223 2967 1269 est
3014 1214 3244 1283 pietatis,
3283 1228 3388 1267 non
3421 1214 3639 1268 resistat

2068 1307 2159 1380 [αι.
2190 1309 2520 1375 desinat,vet
2562 1307 2805 1381 desistat]
2831 1307 3045 1373 offerre,
3077 1309 3151 1361 illi
3188 1322 3304 1363 eam
3349 1308 3467 1375 ipso
3510 1322 3638 1376 pro-

2069 1406 2217 1453 tervo
2240 1398 2425 1467 spiritu
2448 1398 2727 1469 subjugare
2751 1413 2811 1453 se
2834 1412 2992 1468 posse
3012 1397 3300 1452 confidant.
3329 1398 3433 1452 Sed
3456 1404 3642 1466 captos

2069 1499 2249 1545 mente
2294 1491 2470 1545 facere
2518 1491 2619 1544 ista
2666 1505 2773 1545 non
2824 1490 3018 1544 mirum
3061 1498 3161 1544 est.
3214 1489 3304 1544 Sic
3347 1490 3643 1557 phrenetici

2070 1580 2245 1633 solent
2280 1579 2610 1635 medicantes
2635 1594 2874 1649 quosque
2903 1579 2997 1650 [aL
3030 1578 3266 1650 quoque]
3293 1580 3435 1635 velut
3462 1579 3644 1633 hostes

2071 1681 2256 1740 putare
2283 1672 2367 1726 vel
2408 1671 2633 1726 caedere.
2664 1671 2684 1702 ³
2706 1670 2899 1738 Quaero
2928 1678 3103 1726 tamen
3136 1672 3203 1725 ab
3230 1672 3343 1734 bis,
3384 1670 3639 1740 judicium

2072 1762 2212 1830 quod
2247 1760 2611 1830 prmtendunt,
2658 1762 2875 1816 ubinam
2925 1763 3092 1831 possit
3137 1761 3367 1831 agitari:
3409 1775 3474 1814 an
3504 1760 3643 1829 apud

2072 1853 2246 1930 ipsos,
2281 1863 2338 1908 ut
2381 1853 2539 1909 iidem
2570 1853 2680 1907 sint
2708 1853 2937 1922 inimici,
2983 1861 3036 1908 et
3076 1861 3270 1918 teSIes,
3309 1863 3361 1907 et
3395 1853 3647 1922 judices?

2072 1944 2180 2000 Sed
2212 1944 2302 1999 tali
2340 1944 2543 2013 judicio
2573 1959 2671 1999 nec
2705 1944 2935 1998 humana
2966 1943 3162 1998 debent
3187 1944 3446 1998 committi
3479 1958 3644 2012 nego-

2072 2035 2174 2101 tia,
2223 2034 2417 2089 nedum
2458 2034 2651 2088 divina:
2689 2035 2820 2103 legis
2861 2033 3158 2101 integritas.
3207 2033 3261 2088 Si
3294 2044 3544 2101 quantum
3575 2033 3641 2084 ad

2071 2126 2382 2197 religionem
2412 2125 2671 2194 pertinet,
2717 2140 2824 2178 non
2864 2124 2965 2177 nisi
3004 2123 3308 2192 apostolicae
3336 2123 3449 2177 sedi
3492 2124 3642 2191 juxta

2071 2233 2305 2274 canones
2333 2217 2556 2272 debetur
2582 2231 2788 2270 summa
2825 2215 3009 2285 judieii
3054 2216 3245 2279 totius;
3295 2215 3338 2268 si
3387 2223 3643 2282 quantum

2072 2311 2136 2364 ad
2163 2310 2343 2365 sa‘cnli
2371 2317 2708 2378 potestatem,
2741 2308 2825 2363 illa
2853 2322 2880 2359 a
2909 2306 3267 2375 pontificibus,
3296 2315 3348 2360 et
3376 2306 3647 2374 praecipue

2071 2417 2099 2454 a
2130 2401 2271 2455 beati
2300 2400 2440 2455 Petri
2464 2400 2682 2465 vicario,
2705 2398 2863 2453 debet
2888 2398 3132 2466 cognosci
3157 2397 3250 2468 [αι.
3271 2395 3642 2466 cognoscere],

2072 2507 2189 2559 quae
2219 2490 2395 2543 divina
2425 2498 2578 2553 sunt,
2612 2504 2715 2543 non
2748 2488 2860 2556 ipsa
2888 2488 3073 2543 eadem
3114 2488 3354 2556 judicare
3380 2487 3472 2559 [aL
3506 2488 3643 2556 diju-

2074 2579 2293 2652 dicare].
2338 2578 2447 2634 Nec
2473 2579 2573 2633 sibi
2601 2579 2701 2633 hoc
2727 2579 3008 2648 quisquam
3036 2578 3433 2646 potentissimus
3460 2578 3641 2630 smculi

2078 2668 2188 2740 (qui
2220 2677 2395 2723 tamen
2419 2668 2749 2722 ChriStianus
2777 2669 2877 2737 est)
2910 2667 3180 2722 vindicare
3210 2670 3507 2734 praesumit,
3538 2668 3639 2720 nisi

2073 2758 2384 2826 religionem
2428 2756 2648 2812 forsitan
2692 2770 3038 2826 persequens.
3093 2756 3227 2822 Quid
3274 2765 3448 2809 tamen
3493 2756 3643 2809 dice-

2074 2856 2225 2914 rent,
2274 2846 2318 2901 si
2365 2861 2470 2901 non
2513 2846 2711 2900 chartis
2751 2846 2861 2899 suis
2894 2846 2945 2898 in
2977 2846 3224 2899 omnibus
3253 2846 3647 2907 vincerentur?

2076 2937 2305 3007 Ineptias
2326 2937 2501 3006 itaque
2530 2951 2653 2992 suas
2681 2936 2780 2990 sibi
2803 2945 3038 3005 servent,
3064 2936 3161 2990 nisi
3186 2936 3516 3005 resipiscam,
3550 2952 3640 3007 po-

2074 3027 2178 3082 tius
2205 3028 2496 3097 cogitantes
2524 3026 2721 3081 Christi
2754 3040 2941 3081 vocem
2989 3041 3093 3079 non
3136 3040 3255 3082 esse
3294 3028 3640 3095 supirﬁuam,

2074 3137 2191 3192 qua)
2227 3120 2551 3175 confessioni
2591 3119 2731 3174 beati
2781 3119 2922 3173 Petri
2964 3119 3192 3186 apostoli
3235 3119 3427 3173 inferni
3460 3131 3642 3187 portas

402 3246 699 3312 postulasse
746 3209 1090 3312 confingunt,
1138 3248 1193 3294 et
1241 3209 1343 3292 nos
1390 3235 1658 3291 exstitisse
1704 3230 1969 3287 difﬁciles.
1998 3243 2045 3305 ρ
2078 3229 2346 3284 nunquam
2392 3212 2760 3284 ιπωνθιίιυηε
2802 3209 3443 3312 αδδθτυίιυ(Μα¹¹¹ι·Χνξ)ο
3496 3211 3638 3312 Quir

403 3336 581 3391 Testis
609 3346 690 3389 est
729 3335 891 3389 frater
916 3346 1114 3399 vester,
1150 3330 1286 3384 ﬁlius
1316 3343 1466 3381 meus
1498 3326 1577 3379 vir
1606 3324 1829 3379 illustris
1860 3324 1970 3376 An-

402 3427 744 3494 dromachns,
788 3426 875 3494 qui
912 3440 939 3477 a
981 3422 1133 3478 nobis
1163 3420 1491 3475 abundanter
1522 3416 1816 3470 instructus
1847 3421 1929 3467 est
1954 3453 1967 3480 ,

402 3527 461 3572 ut
489 3516 857 3571 cohortaretur
884 3512 1129 3567 Acacium
1170 3510 1409 3578 depwsita
1445 3504 1804 3561 obstinatione
1841 3503 1975 3557 resi-

402 3608 631 3676 piscere,
667 3614 718 3660 et
747 3604 811 3659 ad
845 3604 986 3657 sedis
1014 3600 1321 3669 apostolicae
1349 3612 1588 3652 remeare
1618 3596 1967 3656 consortium,

402 3698 604 3767 quique
630 3710 689 3751 se
713 3695 809 3749 sub
831 3692 1178 3763 jurejurando
1222 3689 1427 3758 magnis
1456 3702 1575 3741 cum
1603 3686 1791 3742 eodem
1822 3683 1971 3738 meli-

405 3791 640 3844 tionibus
670 3789 839 3858 egisse
878 3795 1123 3851 testatur,
1175 3798 1272 3837 nec
1322 3782 1387 3834 ad
1433 3796 1492 3835 ea
1524 3796 1640 3850 quae
1668 3785 1812 3833 recta
1844 3786 1969 3831 sunt

403 3884 633 3952 potuisse
668 3879 897 3941 deﬂecti,
932 3879 1067 3931 sicut
1090 3891 1267 3930 rerum
1299 3874 1551 3944 probatur
1574 3870 1783 3927 eﬁ'ectu.
1812 3870 1972 3924 Certe

403 3972 705 4045 proferatur
733 3970 1009 4041 judicium,
1033 3966 1246 4036 quando
1274 3966 1496 4029 miserit,
1521 3962 1732 4032 quando
1762 3961 1970 4013 veniam

404 4062 719 4134 postularit,
765 4060 1252 4126 correctionemque
1289 4071 1436 4109 suam
1470 4054 1623 4107 nnhis
1664 4051 1972 4121 promiserit

409 4156 766 4211 exhibendam
811 4171 823 4204 :
872 4151 971 4205 nisi
1020 4150 1157 4203 forte
1186 4148 1326 4201 hunc
1356 4146 1590 4199 animum
1620 4142 1779 4211 gessit
1811 4156 1970 4210 quem

400 4257 743 4301 successores
791 4241 906 4309 ejus
956 4239 1152 4291 habere
1197 4234 1573 4305 perspicimus,
1609 4244 1663 4284 ut
1709 4242 1885 4284 tamen
1929 4230 1973 4283 si

399 4337 613 4390 veniam
640 4334 950 4404 postularet,
981 4330 1057 4383 sic
1087 4328 1185 4381 sibi
1212 4327 1372 4381 vellet
1402 4322 1659 4392 impendi,
1692 4331 1748 4375 ut
1780 4320 1976 4401 nihilo-

401 4427 583 4482 minus
612 4424 663 4477 in
696 4437 881 4477 errore
910 4420 1257 4489 persisteret:
1287 4416 1374 4470 ubi
1414 4415 1598 4482 utique
1642 4428 1745 4467 non
1791 4420 1896 4465 tam
1945 4425 1974 4464 a

400 4517 559 4572 nobis
604 4512 766 4582 recipi
812 4512 1098 4571 videretur,
1151 4521 1305 4576 quam
1352 4520 1449 4557 nos
1495 4504 1669 4573 potius
1719 4503 1771 4555 in
1820 4516 1971 4555 suam

2078 3314 2294 3375 propter
2322 3318 2426 3358 non
2458 3317 2703 3357 veremur
2730 3317 2796 3356 nc
2835 3300 3123 3366 apostolica
3164 3300 3428 3355 sententia
3468 3301 3642 3354 resol-

2076 3408 2250 3461 vatur,
2281 3411 2436 3465 quam
2464 3404 2516 3451 et
2542 3410 2646 3450 vox
2676 3395 2902 3462 Christi,
2935 3405 2986 3449 et
3017 3394 3274 3463 majorum
3310 3393 3544 3457 traditio,
3588 3401 3642 3448 et

2077 3489 2098 3519 "
2120 3503 2382 3542 canonum
2416 3486 2565 3541 fulcit
2590 3487 2911 3552 auctoritas,
2957 3494 3016 3539 ut
3056 3495 3217 3540 totam
3247 3487 3424 3555 potius
3456 3487 3643 3541 Eccle-

2076 3578 2206 3631 siam
2238 3592 2448 3645 semper
2476 3576 2588 3644 ipsa
2618 3576 2890 3646 dijudicet.
2941 3576 3045 3632 Sed
3086 3577 3315 3645 cogitent
3357 3577 3553 3645 magis,
3596 3579 3640 3630 si

2075 3669 2191 3740 quis
2222 3669 2273 3723 in
2302 3670 2379 3723 eis
2409 3668 2679 3738 religionis
2706 3678 2785 3722 est
2816 3681 3023 3732 sensus,
3056 3682 3123 3721 ne
3152 3666 3463 3735 pravitatem
3492 3682 3644 3720 suam

2076 3764 2375 3818 nullatenus
2401 3748 2753 3832 deponentes,
2774 3761 2911 3831 apud
2938 3760 3102 3815 Deum
3131 3759 3481 3828 hominesque
3501 3759 3644 3813 sedis

2075 3854 2379 3923 apostolicze
2428 3865 2678 3924 perpetua
2725 3852 3107 3907 constitutione
3152 3850 3490 3905 damnentur.
3542 3849 3646 3907 .Sie

2074 3952 2251 3998 autem
2275 3944 2467 3998 dicitur
2488 3944 2649 3998 fuisse
2677 3943 2974 4011 deﬁnitum,
2995 3952 3049 3996 ut
3070 3940 3323 4009 deinceps
3343 3941 3411 3995 de
3432 3942 3646 4010 negotio

2078 4036 2207 4088 nihil
2234 4034 2461 4098 dicatur,
2487 4035 2636 4103 quasi
2666 4034 2751 4088 vel
2778 4048 2916 4087 nime
2943 4047 3036 4087 eos
3058 4030 3522 4102 (quemadmodum
3553 4043 3645 4082 no-

2077 4124 2195 4193 stis)
2228 4138 2347 4178 meo
2390 4125 2632 4177 duxerim
2683 4124 2901 4177 nomine
2944 4122 3249 4189 Specialiter
3277 4119 3643 4186 alloquendus.

2076 4216 2257 4283 Neque
2298 4215 2451 4281 plane
2498 4228 2617 4267 cum
2669 4213 2785 4265 istis
2837 4226 2944 4265 non
2993 4210 3383 4277 corrigentibus
3415 4208 3646 4261 ineunda

2077 4306 2407 4374 congressio,
2440 4302 2880 4372 quemadmodum
2911 4315 3031 4354 eum
3057 4300 3277 4354 aliarum
3303 4313 3511 4367 quoque
3539 4297 3646 4352 bte-

2077 4411 2255 4450 resum
2294 4394 2645 4448 sectatoribus
2675 4392 2949 4446 dimicatio
2979 4390 3273 4446 renuenda.
3318 4390 3425 4444 V’os
3466 4396 3646 4445 autem

2077 4489 2252 4542 salvos
2280 4495 2333 4541 et
2359 4486 2587 4554 sospites
2618 4485 2930 4554 quantocius
2970 4483 3072 4536 huc
3110 4482 3336 4548 reverti,
3381 4481 3648 4536 continuis

399 4579 1066 4670 traduceret’pravitatem.
1109 4598 1277 4662 Quem
1310 4603 1510 4648 reatum
1542 4608 1601 4646 se
1630 4591 1973 4645 confessurus
2002 4608 2053 4667 Ι)
2082 4579 2416 4675 θίνίηίξὲῑοξη
2449 4580 2587 4665 νοξίθ
2618 4579 2917 4665 θερείίηυξθ
2965 4614 2979 4632 ο

398 4702 648 4748 asserunt
675 4704 796 4746 ante
827 4690 1140 4743 certamen?
1189 4687 1245 4741 Si
1277 4694 1455 4740 reatus
1485 4694 1565 4737 est
1585 4727 1598 4748 ,
1643 4681 1825 4750 utique
1852 4697 1972 4735 cor-

398 4786 649 4853 rigendos
678 4795 778 4839 est.
826 4784 881 4835 Si
912 4781 1283 4849 corrigendum
1316 4794 1418 4831 non
1449 4785 1661 4845 putant,
1714 4774 1971 4828 fallaciter

398 4892 457 4931 se
489 4886 691 4931 reatum
726 4872 1004 4943 perhibent
1044 4868 1318 4939 proﬁteri;
1368 4866 1501 4933 nisi,
1544 4864 1683 4933 quod
1720 4872 1802 4916 est
1838 4862 1972 4915 infe-

399 4969 588 5031 licius,
641 4981 761 5019 cum
811 4972 867 5018 et
916 4964 1147 5014 fatentur
1184 4968 1422 5023 reatum,
1470 4966 1523 5010 et
1567 4971 1671 5008 non
1702 4955 1973 5008 aestimant

399 5058 795 5127 corrigendum.
847 5055 976 5109 Illud
1010 5068 1218 5121 quoque
1265 5067 1347 5105 me
1388 5050 1563 5103 ridere
1601 5049 1783 5113 libuit,
1827 5047 1969 5117 quod

399 5150 513 5203 ait:
545 5148 604 5204 Si
632 5160 851 5201 necesse
894 5146 1056 5198 fuerit
1079 5142 1287 5196 veniam
1337 5139 1624 5208 postulare,
1655 5138 1969 5192 existimans

400 5240 651 5295 nimirum
699 5247 825 5291 tunc
872 5250 931 5290 se
976 5232 1181 5304 peccati
1208 5232 1415 5285 veniam
1450 5228 1750 5284 necessario
1781 5238 1966 5298 postu-

398 5333 543 5399 lare,
593 5332 637 5385 si
685 5331 734 5384 ei
784 5331 1141 5383 concedamus
1184 5340 1253 5379 ne
1293 5339 1515 5394 peccare
1558 5323 1811 5381 desistat;
1860 5323 1968 5376 imo

396 5421 561 5475 etiam
610 5418 773 5488 (quod
821 5417 980 5487 absit)
1028 5431 1147 5469 cum
1196 5415 1383 5468 eodem
1427 5414 1820 5466 consentiamus
1868 5426 1968 5466 nos

398 5524 611 5579 quoque
641 5522 885 5578 peccare.
935 5505 1122 5560 Nescio
1165 5506 1305 5558 inter
1341 5519 1458 5573 qua!
1501 5503 1681 5556 mundi
1726 5503 1965 5572 prodigia

473 5645 489 5673 ¹
513 5640 644 5696 Cod.
678 5640 897 5704 Veron.,
940 5638 1146 5705 antiqua
1187 5651 1436 5688 canonum
1474 5636 1827 5691 constitutione
1869 5636 1966 5705 [ir-

397 5722 618 5765 ntentur.

475 5782 496 5811 '
514 5780 646 5837 Cod.
674 5780 965 5845 Veronam,
996 5775 1333 5830 adnuntiatio.

2286 4674 2530 4705 5'64004
2634 4678 2703 4697 ις
2754 4682 2769 4699 λ
2825 4680 2915 4699 quo.
2964 4682 2969 4690 ι
3080 4681 3109 4697 ιι
3164 4674 3336 4696 ..σοι

2362 4722 2375 4761 ἶ
2426 4720 2437 4761 Ξ
2474 4720 2483 4757 ’ἕ
2520 4722 2557 4761 ⁷1
2634 4708 2982 4765 'EPISTC‘LAT
3013 4708 3073 4761 ν.
3230 4754 3233 4755 ν
3276 4708 3279 4709 ⁷
3326 4706 3335 4712 ’

2119 4886 2134 4903 ι
2341 4835 3446 4914 an;nontamen.natu.tjrt.£.er§tsporyn.m
3491 4883 3506 4898 ι

2079 4932 2255 4993 Monet
2284 4950 2358 4988 ne
2374 4903 2706 5007 Ρεέξᾶῴιιηαηι
2738 4901 3025 4989 frtri-exime
3055 4898 3649 5001 totz'poatiﬁoibitstdele-

2332 5016 2337 5023 ‘
2405 5016 2415 5026 ‘
2462 5012 2472 5026 ’
2519 5006 2705 5059 statam
2732 5007 3021 5059 reviviscere
3049 5006 3203 5058 sinat.

2150 5137 2503 5192 Dilectissimo
2530 5136 2676 5190 fratri
2708 5136 2945 5191 llouorio
2971 5134 3235 5192 Gelasius.

2150 5229 2300 5283 Licet
2326 5229 2464 5283 inter
2489 5230 2663 5283 varias
2691 5238 2985 5297 temporum
3009 5227 3354 5281 difﬁcultates
3384 5228 3651 5283 continuis

2074 5321 2509 5389 occupationibus
2531 5320 2807 5391 implicati,
2828 5320 2913 5373 vix
2937 5320 3206 5388 reSpirare
3226 5318 3528 5383 valeamus;
3554 5333 3649 5387 pro

2074 5414 2216 5469 sedis
2245 5423 2420 5467 tamen
2451 5413 2758 5481 apostolica:
2784 5412 3148 5466 moderamine
3177 5412 3341 5466 totius
3374 5410 3526 5466 ovilis
3554 5409 3650 5463 do-

2077 5504 2254 5557 minici
2286 5516 2472 5556 curam
2504 5504 2618 5557 sine
2647 5503 2946 5556 cessatione
2978 5510 3290 5565 tractantes,
3334 5515 3451 5569 quae
3493 5498 3650 5554 beato

2151 5631 2405 5705 ’ACitatur
2431 5633 2518 5688 hic
2563 5634 2711 5689 locus
2758 5650 2788 5688 a
2837 5636 3057 5690 Nicolao
3104 5649 3236 5705 papa
3290 5634 3342 5705 in
3389 5633 3545 5705 epist.
3579 5637 3646 5690 ad

2077 5702 2386 5775 Michaelem
2410 5705 2560 5775 imp.,
2580 5714 2636 5758 ut
2658 5706 2757 5759 alia
2780 5720 2842 5759 ex
2870 5706 2969 5759 hac
2991 5702 3369 5775 ipsa'epistola.
3391 5703 3647 5761 “ABDUIN.

2150 5772 2171 5803 ⁸
2196 5773 2393 5830 Suuule
2424 5774 2472 5828 Ν
2481 5776 2771 5830 icwnorum.
2804 5775 3039 5830 "meum
3068 5828 3074 5836 ,
