4120 6186
446 312 507 368 5|
1821 310 2085 367 GELASII
2127 310 2328 366 PAP/E
2367 310 2386 365 1
3637 308 3707 365 52

447 425 606 480 l’etro
649 420 948 479 Salvatoris
991 420 1161 491 ipsius
1208 418 1377 474 nostri
1426 432 1557 473 voce
1605 418 1844 489 delegata
1893 428 2013 475 est:
2045 426 2094 481 Α
2121 421 2291 475 beata:
2334 419 2605 475 memoria:
2644 419 3031 483 Innocentium,
3074 432 3137 474 ac
3174 418 3369 475 deinde
3410 420 3699 485 Zosimum,

450 512 515 566 Et
545 522 598 567 tu
626 528 894 567 conversus
922 512 1172 580 conﬁrma
1211 510 1393 578 fratres
1422 518 1535 563 tuo:
1565 508 1717 575 (Luc.
1752 508 1909 575 χχιι).
1960 508 2029 563 Et

446 610 606 663 item:
644 608 807 673 Petra,
828 623 968 660 amas
1007 622 1084 659 me
1107 605 1133 658 ?
1180 603 1337 657 Pasce
1366 619 1479 657 oves
1509 619 1644 657 meas
1675 600 1854 672 (Joan.
1889 600 2026 672 xu).

448 699 794 754 Dissimulare
816 712 912 752 nec
934 708 1215 764 possumus
1238 708 1336 748 nec
1356 694 1632 757 debemus,
1651 706 1770 759 qua:
1789 700 2025 747 nostram

444 790 858 843 sollicitudinem
897 787 1065 839 forma
1094 782 1444 853 perstringat,
1492 798 1615 837 cum
1658 783 1817 836 beato
1860 782 2026 836 Paulo

445 879 687 948 apostolo
718 877 1014 931 sentientes
1051 885 1213 943 atque
1250 876 1522 927 dicentes:
1559 873 1681 937 Quis
1711 872 2024 940 inﬁrmatur,

444 982 491 1023 ct
517 985 608 1040 ego
640 984 742 1021 non
772 966 1049 1035 inﬁrmor?
1095 966 1223 1031 Quis
1259 965 1660 1027 scandalizatur,
1706 969 1755 1015 et
1794 978 1885 1030 ego
1924 978 2026 1015 non

447 1076 567 1113 uror
594 1057 678 1131 (II
703 1058 823 1113 Cor.
851 1055 967 1125 xr)?
989 1057 1062 1110 Ita
1089 1054 1285 1125 quippe
1313 1069 1409 1107 nos
1437 1063 1656 1121 repente
1686 1052 1876 1117 tristis,
1904 1051 2027 1106 bor-

446 1151 609 1205 renda
641 1159 695 1205 et
724 1150 809 1204 vix
838 1148 1109 1203 credibilis
1153 1146 1389 1201 confecit
1432 1144 1632 1213 opinio,
1680 1152 1736 1198 ut
1785 1153 2022 1199 mentem

447 1251 685 1296 nostram
730 1240 1125 1306 confunderet,
1174 1238 1436 1292 saueiaret
1466 1279 1481 1302 ,
1533 1236 1821 1303 afﬂigeret.
1872 1236 2023 1290 Nun-

449 1335 637 1387 tiatum
682 1333 836 1386 nobis
868 1342 950 1386 est
977 1333 1121 1385 enim
1168 1330 1221 1384 in
1266 1328 1574 1397 regionibus
1621 1329 2021 1395 Dalmatiarum,

448 1423 703 1491 quosdam
724 1421 953 1476 recidiva
972 1419 1274 1489 Pelagiana:
1296 1420 1457 1482 restis
1479 1418 1679 1472 zizania
1702 1419 2022 1487 seminasse,

450 1521 761 1581 tantumque
798 1511 908 1566 illic
946 1525 1132 1565 eorum
1175 1510 1470 1579 praevalere
1499 1507 1919 1577 blaspbetn.am,
1967 1519 2022 1564 ut

451 1604 719 1671 simplices
776 1616 1019 1670 quosque
1076 1601 1336 1654 mortiferi
1400 1598 1599 1652 furoris
1663 1599 2024 1655 insinuatione

453 1694 734 1762 decipiant.
802 1693 894 1747 Est
944 1691 1158 1761 quidem
1214 1705 1367 1744 error
1416 1690 1529 1758 ipse
1585 1690 1819 1743 nefarius
1877 1699 2024 1743 tanto

2128 513 2477 577 Bonifacium,
2508 512 2879 577 leestinum,
2904 511 3135 576 Sixtum,
3164 510 3419 577 Leonem,
3437 513 3702 566 continuis

2127 614 2182 658 et
2228 603 2628 657 incessabiltbus
2673 602 2954 657 sententiis
2984 601 3150 657 fuisse
3199 611 3563 671 prostratam;
3607 618 3704 656 nec

2127 702 2331 748 tantum
2375 693 2631 748 Ecclesia:
2673 692 2949 748 catholica:
2994 692 3221 761 legibus,
3272 691 3366 745 sed
3409 691 3701 760 principum

2127 799 2340 853 quoque
2385 785 2748 837 Romanorum
2789 798 2855 837 eo
2902 794 3086 838 tenore
3128 783 3454 847 damnatam,
3499 792 3557 835 ut
3600 796 3701 838 nec

2128 889 2349 944 usquam
2390 884 2651 929 terrarum
2684 873 2898 928 vivendi
2930 874 3103 927 locum
3134 880 3428 927 sectatores
3457 871 3573 941 ejus
3604 871 3697 925 ha-

2127 967 2256 1022 bere
2282 968 2628 1021 sinerentur?
2649 964 2779 1032 Qua:
2806 965 2981 1019 omnia
3010 972 3116 1019 tam
3142 965 3305 1033 gestis
3326 963 3581 1018 Ecclesiae
3607 978 3701 1033 per

2125 1055 2361 1124 singulas
2389 1069 2629 1125 quasque
2667 1055 2915 1125 regiones
2950 1054 3018 1109 de
3054 1068 3239 1109 eorum
3271 1054 3540 1122 pravitate
3576 1068 3700 1108 cou-

2127 1150 2300 1215 fectis,
2335 1164 2493 1219 quam
2526 1163 2769 1205 censura:
2810 1147 3038 1217 publica:
3074 1145 3435 1200 sanctionibus
3475 1144 3705 1202 edocen-

2128 1247 2235 1294 tur.
2266 1239 2405 1294 Ecce
2431 1237 2790 1309 quorumlibet
2813 1251 2968 1291 aures
2988 1234 3279 1291 catholicas
3299 1235 3483 1291 audire
3508 1237 3707 1290 doctri-

2127 1346 2271 1391 nam.
2286 1331 2606 1401 quaestiones
2626 1332 2889 1397 accipere,
2905 1337 3133 1383 tractare
3148 1327 3460 1391 tendiculas,
3481 1336 3532 1380 et
3555 1327 3603 1379 bl
3618 1344 3704 1380 as-

2128 1421 2367 1489 phetnias
2398 1421 2658 1487 patienter
2673 1420 2978 1474 admittere.
3009 1419 3053 1474 0
3073 1418 3118 1473 si
3147 1417 3425 1473 Studereut
3447 1417 3703 1471 adversus

2126 1527 2224 1565 eos
2267 1511 2524 1581 majorum
2574 1520 2877 1565 nostrorum
2923 1509 3087 1563 libros
3114 1521 3474 1576 responsaque
3504 1522 3699 1576 cogno-

2126 1615 2299 1665 scere,
2351 1601 2457 1655 illic
2512 1600 2683 1654 modis
2726 1598 2973 1653 omnibus
3016 1606 3355 1664 cerneretur,
3411 1597 3537 1651 nihil
3587 1612 3705 1651 esse

2127 1705 2366 1759 prorsus,
2390 1688 2530 1759 quod
2556 1706 2658 1743 non
2688 1697 2742 1742 et
2770 1689 2838 1743 ab
2866 1687 3163 1743 istisluerit
3185 1686 3521 1750 ventilaturn,
3551 1694 3606 1740 et
3634 1686 3702 1740 ab

455 1786 783 1854 perniciosor
824 1785 888 1837 ad
929 1782 1350 1852 subripiendum,
1396 1790 1593 1850 quanto
1629 1781 1693 1833 ad
1736 1781 2021 1836 fallendum
2054 1787 2099 1846 Β
2129 1780 2234 1835 illis
2263 1780 2543 1849 magnifica
2568 1780 2793 1834 veritate
2821 1778 3131 1832 contritum.
3164 1776 3361 1845 Sicque
3398 1775 3464 1830 de
3497 1776 3704 1829 cunctis

456 1874 925 1929 verisimilitudinis
942 1874 1125 1928 colore
1144 1873 1408 1927 versutior
1432 1888 1445 1925 :
1470 1881 1752 1940 praestante
1776 1872 2028 1935 Domino,

452 1966 601 2021 adest
642 1966 760 2020 fidei
791 1964 1066 2018 catholica:
1106 1978 1236 2031 pura
1267 1962 1485 2026 veritas,
1520 1962 1875 2015 concordibus
1906 1962 2028 2015 uni-

452 2070 724 2109 versutum
758 2056 968 2109 Patrum
996 2053 1310 2120 deprompta
1339 2052 1637 2115 sententiis,
1674 2066 1792 2121 qua:
1819 2062 1869 2105 et
1903 2053 2032 2106 sub-

453 2146 547 2200 tile
577 2148 722 2199 virus
753 2145 972 2200 funesta:
1003 2142 1281 2212 pravitatis
1307 2152 1559 2209 expellat,
1592 2151 1645 2197 et
1677 2144 1908 2196 humano
1934 2158 2028 2213 ge-

453 2237 567 2292 neri
597 2235 849 2290 salvando
878 2233 1118 2288 conferat
1158 2234 1225 2288 de
1265 2233 1659 2301 Scripturarunt
1695 2232 2031 2289 confectiovte

450 2325 788 2383 medicinam.
850 2323 1165 2380 Nullatenus
1225 2324 1383 2395 igitur
1427 2323 1804 2380 discretionem
1848 2340 2028 2380 rerqu

453 2419 685 2473 nondum
718 2417 1039 2472 abundantia
1062 2416 1221 2473 corda
1248 2415 1549 2483 conturbet,
1577 2416 1747 2471 donec
1769 2426 1826 2471 et
1851 2417 2030 2471 occul-

455 2519 563 2565 tum
596 2512 783 2564 vulnus
810 2518 1086 2579 appareat,
1114 2518 1170 2564 et
1211 2508 1434 2563 salvatio
1462 2507 1744 2577 singularis
1781 2508 2025 2564 eluceat:

455 2604 705 2670 quoniam
729 2601 1053 2670 quantalibet
1082 2610 1195 2655 arte
1222 2599 1443 2654 fallacia:
1470 2601 1687 2669 spiritus
1717 2600 2029 2669 perditionis

454 2702 708 2757 armetur,
736 2702 920 2746 sancto
948 2691 1123 2759 gladio
1153 2690 1384 2760 Spiritus
1419 2691 1722 2759 principalis
1749 2701 1802 2747 et
1830 2693 2032 2763 detegi-

455 2790 538 2835 tur
558 2791 612 2835 et
632 2790 869 2835 necatur.
885 2782 1216 2848 Quapropter
1244 2796 1339 2851 per
1365 2780 1704 2837 dilectionem
1731 2792 1871 2839 tuam
1895 2800 2031 2842 cun-

453 2881 568 2927 ctus
594 2871 784 2925 ibidem
811 2872 1019 2927 Domini
1040 2872 1345 2927 sacerdotes
1368 2870 1604 2928 fraterno
1624 2889 2028 2936 commonemus

452 2962 672 3025 all‘ectn;
711 2970 767 3016 ut
814 2962 900 3032 qui
945 2977 1064 3017 cum
1113 2961 1391 3017 erudiente
1437 2977 1531 3017 vos
1573 2964 1800 3021 Domino
1843 2976 2028 3024 contra

453 3052 683 3106 novitios
725 3051 969 3121 pugoezis
1012 3066 1243 3119 errores,
1289 3050 1414 3106 olim
1456 3055 1858 3121 perversitatem
1910 3066 2028 3112 toto

2131 1884 2316 1924 eorum
2350 1872 2601 1937 nequitiis
2632 1869 2928 1924 refutandis
2965 1868 3147 1923 ﬁdeles
3192 1868 3387 1937 quique
3416 1866 3707 1922 redderen-

2133 1967 2220 2013 tur
2252 1960 2516 2023 instructi,
2549 1971 2604 2013 ut
2626 1959 2756 2013 nihil
2788 1958 3013 2027 amplius
3038 1968 3383 2027 qutrreretur.
3400 1956 3504 2011 Sed
3533 1958 3575 2010 si
3603 1956 3708 2010 for-

2132 2050 2271 2102 sitan
2312 2048 2608 2103 ineruditos
2643 2052 2851 2104 animos
2877 2047 3118 2118 quaedam
3156 2046 3223 2102 de
3248 2062 3431 2102 eorum
3464 2049 3708 2102 sensibus

2132 2140 2399 2207 proposita
2421 2150 2837 2204 commoverent,
2864 2141 2932 2193 ita
2960 2138 3340 2194 venerabiliurn
3370 2139 3581 2192 Patrum
3611 2139 3706 2191 do-

2130 2230 2317 2284 ctrinis
2348 2241 2402 2285 et
2428 2230 2601 2284 omnis
2632 2245 2815 2285 eorum
2847 2229 3143 2297 publicatur
3174 2228 3398 2291 insania,
3428 2235 3482 2280 et
3509 2226 3701 2296 quibus

2130 2325 2383 2380 remediis
2415 2324 3066 2389 euretur,ostenditur,ut
3093 2339 3155 2377 ex
3182 2322 3263 2376 his
3294 2322 3399 2375 Deo
3422 2329 3706 2391 praestante

2129 2417 2397 2487 prmvisis,
2438 2426 2627 2473 cuncta
2662 2433 2781 2486 qua:
2820 2416 2887 2471 de
2929 2432 3112 2471 eorum
3144 2417 3281 2471 serie
3310 2423 3619 2478 texuerunt,
3653 2423 3706 2469 et

2129 2506 2425 2576 periculosa
2448 2506 2775 2561 sectantibus
2795 2507 3019 2561 etstulta
3044 2506 3562 2574 deprehendentibus
3585 2519 3706 2559 esse

2129 2597 2444 2662 videantur;
2474 2599 2544 2651 ita
2573 2608 2627 2651 ut
2655 2598 2700 2653 si
2729 2597 2846 2667 quis
2876 2597 3145 2651 existimet
3173 2598 3562 2661 reluctandum,
3598 2612 3703 2649 non

2128 2695 2304 2741 tamen
2346 2698 2588 2743 veterum
2633 2690 2912 2743 sententiis
2941 2687 3303 2742 contradictor
3348 2689 3567 2749 existat.
3611 2686 3704 2741 Sed

2133 2777 2375 2830 humana:
2422 2778 2621 2843 saluti,
2672 2778 3053 2847 catholicteque
3105 2777 3363 2832 doctrina:
3414 2780 3588 2845 palam
3642 2790 3703 2832 se

2133 2877 2419 2936 aperteque
2448 2870 2759 2938 profiteatur
2790 2868 3090 2934 inimicum;
3123 2883 3228 2939 quo
3258 2868 3426 2939 magis
3451 2869 3704 2925 attentius

2130 2959 2349 3027 pervigil
2374 2972 2499 3013 cura
2528 2969 2796 3028 pastorum
2821 2975 2853 3015 a
2874 2959 3042 3015 sacris
3070 2960 3321 3030 gregibus
3347 2960 3589 3029 luporum
3613 2958 3704 3014 de-

2128 3047 2218 3102 bet
2263 3063 2449 3105 arcere
2485 3052 2767 3106 smvitiatn.
2806 3052 2939 3107 Num
2981 3053 3234 3123 quidquid
3274 3053 3461 3108 ovibus
3504 3053 3703 3107 sanctis

449 3146 581 3201 orbe
602 3146 902 3200 damnatam
934 3159 1032 3200 nec
1056 3144 1199 3215 ipsos
1226 3145 1465 3212 recipere
1484 3144 1743 3211 debeatis,
1768 3158 1856 3201 aut
1883 3149 2022 3218 quod
2050 3149 2098 3214 α
2126 3140 2381 3194 acciderit
2410 3141 2740 3209 detrimenti,
2788 3143 3073 3211 pratsulum
3106 3143 3266 3214 (quod
3298 3144 3459 3214 absit)
3486 3143 3703 3196 damnet

451 3247 653 3292 temere
702 3246 931 3304 putatur,
977 3251 1095 3291 esse
1134 3236 1474 3302 faciendum;
1514 3254 1633 3307 qua:
1670 3255 1774 3293 non
1806 3239 2023 3297 hmresis

449 3328 740 3396 majoribus
769 3326 962 3381 nostris
985 3326 1363 3381 convenienter
1390 3327 1647 3382 exstincta
1676 3345 1861 3385 rursus
1894 3346 2023 3400 pro-

448 3432 642 3472 vocare
671 3430 766 3470 nos
796 3416 1007 3481 audeat,
1040 3423 1095 3470 et
1120 3417 1295 3485 palam
1319 3419 1472 3471 novis
1495 3421 1781 3488 resumptis
1822 3422 2024 3477 virbus

446 3518 735 3576 aperteque
763 3506 1029 3575 confligat.
1056 3506 1431 3576 Nunquidnant
1460 3507 1583 3562 licet
1611 3510 1763 3564 nobis
1803 3526 1832 3565 a
1862 3527 2025 3568 vene-

447 3599 631 3655 randis
664 3599 908 3653 Patribus
936 3598 1185 3652 damnata
1207 3597 1520 3667 dissolvere,
1552 3608 1605 3653 et
1626 3599 1693 3654 ab
1720 3600 1826 3655 illis
1847 3604 2023 3657 excisa

446 3694 646 3748 neraria
679 3692 922 3761 dogmata
954 3692 1279 3746 retractare?
1302 3691 1437 3758 Quid
1469 3700 1551 3746 est
1576 3707 1704 3762 ergo
1744 3694 1885 3763 quod
1911 3710 2023 3750 ma-

444 3798 681 3855 gnopere
721 3797 1113 3852 prmcavemus,
1157 3797 1226 3839 ne
1270 3782 1553 3851 cujuslibet
1596 3782 1812 3839 haeresis
1859 3786 2022 3842 semel

444 3877 648 3945 dejecta
682 3875 942 3945 pernicies
971 3874 1037 3929 ad
1059 3890 1283 3930 examen
1304 3873 1479 3928 denuo
1501 3875 1683 3928 venire
1705 3878 2025 3932 contendat?

441 3972 501 4027 Si
523 3986 643 4041 qua:
664 3971 965 4041 antiquitus
985 3987 1016 4025 ει
1038 3971 1238 4026 nostris
1258 3970 1555 4040 majoribus
1570 3969 1808 4040 cognita,
1822 3970 2021 4026 discus-

441 4079 522 4129 sa,
547 4062 784 4117 refutata
821 4062 1351 4129 sunt,restauranda
1389 4063 1874 4129 nitamur;noune
1917 4061 2023 4131 ipsi

444 4168 567 4215 nos,
591 4154 737 4223 quod
758 4153 921 4219 absit,
942 4163 996 4208 et
1018 4152 1161 4223 quod
1202 4168 1477 4222 nunquam
1500 4154 1766 4209 catholica
1792 4152 2025 4222 patietur

439 4242 1061 4308 Ecclesia,adversariis
1098 4244 1343 4298 veritatis
1384 4244 1658 4298 universis
1695 4253 1886 4297 contra
1922 4257 2026 4298 nos

437 4334 761 4404 resurgendi
784 4336 1138 4404 proponimus
1158 4334 1490 4405 exemplum?
1516 4333 1618 4389 Ubi
1636 4335 1874 4404 estquod
1896 4334 2026 4389 scri-

438 4436 586 4492 ptum
608 4435 693 4481 est
708 4425 1004 4480 :Terminos
1022 4437 1235 4495 patrum
1262 4436 1472 4480 tuorum
1492 4443 1597 4479 non
1619 4425 2024 4495 transgredieris

2123 3231 2428 3297 incuriam;
2458 3236 2593 3288 sicut
2627 3250 2656 3288 a
2696 3237 3023 3305 regeneratis
3060 3236 3361 3306 agminibus
3397 3235 3699 3290 nocentium

2121 3322 2363 3393 depulsio
2412 3327 2702 3382 bestiarum
2755 3328 3035 3383 custodum
3099 3329 3331 3397 prmmiis
3385 3341 3699 3398 perpetuum

2124 3431 2349 3485 procura
2362 3419 2436 3472 vit
2464 3420 2850 3488 augmentum?
2870 3418 3028 3475 Certe
3050 3420 3117 3488 si,
3153 3428 3212 3474 ut
3237 3418 3403 3487 magis
3431 3432 3697 3487 Optamus,

2121 3506 2270 3561 falsis
2303 3509 2415 3564 bzec
2446 3512 2747 3565 rumoribus
2776 3512 2883 3566 sint
2916 3512 3106 3577 relata,
3140 3510 3458 3581 quantocius
3488 3510 3699 3564 deside—

2123 3611 2302 3653 ramus
2345 3614 2659 3668 agnoscere,
2700 3611 2755 3657 ut
2784 3604 2871 3671 qui
2920 3603 3277 3657 membrorum
3304 3600 3503 3656 Christi
3536 3617 3696 3655 vexa-

2122 3694 2268 3748 tione
2314 3692 2661 3759 trepidamus,
2701 3696 2869 3751 multo
2900 3694 3067 3765 magis
3096 3694 3164 3751 de
3193 3708 3380 3751 eorum
3408 3694 3700 3750 stabilitate

2122 3786 2383 3840 laetemur.
2423 3786 2551 3840 Data
2587 3803 2618 3839 v
2650 3786 2904 3843 kalendas
2942 3788 3190 3857 Augusti,
3239 3802 3267 3840 a
3307 3795 3334 3824 ι
3366 3786 3563 3842 Fausto
3592 3784 3695 3857 [aL

2123 3874 2341 3947 Albino]
2362 3877 2425 3933 V.
2449 3878 2509 3935 C.
2538 3879 2760 3933 consule
2786 3880 2948 3950 (anno
2977 3877 3173 3933 Christi
3202 3876 3350 3948 693).

2680 3991 3013 4049 EPISTOLA
3049 3992 3119 4047 Vl

2256 4103 2323 4141 AD
2362 4101 2577 4141 ευιιυειι
2614 4101 2883 4141 BONORIUI
2923 4100 3205 4141 DALIIATIJB
3254 4098 3562 4142 EPISCOPUI.

2126 4178 2262 4231 Eum
2293 4194 2395 4231 non
2431 4176 2661 4233 debuisse
2689 4177 2866 4231 mirari
2904 4176 3079 4230 scribit
3108 4178 3245 4241 quod
3272 4177 3589 4231 admonuerit
3615 4175 3693 4227 in-

2185 4248 2497 4317 vigilandum
2519 4264 2580 4301 ne
2603 4250 2783 4301 iterum
2800 4246 3085 4315 Pelagiana
3106 4247 3308 4301 hwresis
3336 4248 3629 4318 pullularet.

2195 4337 2551 4390 Dilectissimo
2582 4336 2731 4390 fratri
2759 4336 2992 4389 Honorio
3014 4334 3279 4390 Gelasius.

2192 4428 2447 4484 Miramur
2476 4427 2812 4482 dilectionem
2844 4434 2986 4479 tuam
3018 4427 3178 4481 fuisse
3208 4425 3473 4489 miratam,
3509 4438 3689 4477 curam

436 4515 558 4581 (Pr.
596 4518 759 4603 utile
784 4515 2019 4603 etgluutgrrogapatre;tuomqutpnkuipjabuut
2046 4508 2265 4573 Dsedis
2306 4518 2632 4587 apostolictn,
2680 4531 2799 4585 qua:
2847 4531 2997 4572 more
3046 4517 3307 4585 majorum
3348 4515 3553 4568 cunctis
3598 4529 3691 4582 per

438 4606 533 4659 tibi
551 4624 569 4669 ;
590 4615 637 4659 et
660 4598 1053 4682 εςὴὶοξιξγέιιοέ,
1074 4598 1315 4682 εξάὲῲίιῑ
1333 4598 1637 4676 ἐξέγῖίῡεειξ
1661 4605 1861 4679 inﬁxit}?
1880 4606 2020 4671 Quid

445 4709 575 4764 ergo
603 4681 873 4749 reddimus
895 4684 1031 4751 uitra"
1057 4681 1279 4750 d'eii’n‘iia
1299 4692 1585 4765 iriajoritfti;
1609 4694 1701 4753 sui
1725 4694 1841 4755 cur'
1862 4700 2015 4755 nobis

444 4799 551 4840 non
593 4784 919 4865 sufﬁgitigsi
962 4786 1089 4865 quid
1122 4785 2011 4865 jgporantesdisceg‘e.Cupiatntls.

444 4854 758 4961 “augeatis
769 4854 1098 4961 egrediare
1122 4854 1383 4961 μξιτειιιῑξ
1397 4864 1463 4961 εξ
1479 4854 2015 4961 εξᾷμῖἒίὒὺβξσέῢιῇμὲδ

448 4946 670 5035 quaeque
683 4946 793 5022 ‘vel
810 4946 1320 5036 evitancda'prie'cepta
1340 4954 1496 5031 'sun't,
1516 4955 1533 4970 ’
1545 4946 1647 5023 ὗξξΓ
1672 4946 2011 5039 aptattda‘ci-

452 5058 659 5112 tholica:
691 5058 1045 5123 veritati;cur
1073 5075 1175 5112 non
1206 5059 1286 5112 his
1318 5060 1604 5127 probantur
1624 5076 1744 5116 esse
1766 5062 2015 5115 decreta?

448 5148 693 5218 Nunquid
731 5160 822 5202 aut
845 5149 1200 5217 sapientiores
1228 5150 1333 5205 illis
1359 5166 1561 5215 sumus,
1603 5161 1695 5204 aut
1726 5153 2014 5219 poterimus

445 5241 595 5294 ﬁrma
622 5240 910 5295 stabilitate
930 5250 1196 5303 constare,
1221 5242 1264 5295 si
1285 5257 1346 5295 ea
1375 5258 1492 5311 qua:
1512 5242 1580 5296 ab
1603 5242 1705 5296 illis
1726 5243 2011 5297 constituta

441 5338 568 5383 sunt
594 5329 946 5385 subruamus?
974 5333 1057 5383 An
1095 5330 1323 5385 fortasse
1355 5331 1572 5387 nescitis
1601 5332 1736 5387 hanc
1765 5332 2008 5387 haeresim

441 5421 507 5475 de
530 5435 631 5490 qua
671 5420 955 5490 loquimur,
1001 5430 1055 5476 et
1095 5421 1163 5476 ab
1197 5421 1489 5491 apostolica
1520 5420 1719 5475 dudum
1760 5421 1889 5477 sede
1914 5436 2010 5492 per

513 5582 535 5607 ι·
578 5570 819 5623 hlenilosa
850 5577 930 5621 est
961 5575 1013 5619 et
1049 5568 1358 5635 subreptitia
1393 5568 1507 5621 hrec
1535 5570 1830 5622 consularis
1861 5579 2004 5622 nota.

442 5642 623 5695 Nullus
648 5641 788 5692 enim
822 5638 995 5690 Fausti
1028 5638 1332 5690 consulatus
1353 5638 1454 5691 sub
1480 5638 1785 5704 pontificatu
1809 5638 2007 5693 Gelasii

445 5711 718 5778 reperitur.
761 5712 984 5775 Legatur
1022 5720 1170 5775 ergo,
1200 5706 1381 5761 Albino
1422 5708 1529 5761 viro
1569 5708 1857 5762 clarissimo
1885 5724 2007 5763 con-

2123 4610 2376 4664 mundutn
2419 4608 2645 4664 debetur
2683 4606 2959 4669 Ecclesiis,
3009 4621 3104 4673 pro
3143 4614 3338 4660 vestrae
3365 4620 3577 4672 quoque
3606 4619 3691 4658 re.

2120 4698 2292 4769 giouis
2326 4698 2429 4752 fide
2464 4696 2628 4751 fuisse
2653 4695 2954 4749 sollicitam.
2984 4696 3223 4761 Cumque
3266 4694 3332 4748 ad
3370 4708 3488 4747 eam
3518 4695 3691 4762 perla-

2119 4797 2232 4843 tum
2262 4785 2567 4856 essetquod
2610 4786 2822 4856 quidam
2867 4801 2960 4853 per
3005 4785 3290 4839 Dalmatias
3330 4784 3688 4853 integritatem

2118 4878 2436 4933 catholicam
2468 4878 2656 4931 vitiare
2683 4875 2997 4940 niterentur,
3032 4882 3089 4931 et
3112 4874 3309 4929 divinis
3339 4874 3690 4941 humanisque

2119 4969 2324 5039 legibus
2352 4976 2476 5023 ante
2503 4967 2810 5022 damnatum
2844 4965 3141 5036 Pelagiana:
3170 4966 3485 5034 pestilentia:
3514 4964 3690 5019 denuo

2115 5061 2263 5115 virus
2285 5060 2481 5115 inferre
2500 5075 2514 5122 ;
2532 5074 2635 5113 non
2668 5058 3025 5126 putaverimus
3044 5058 3307 5113 ullatenus
3335 5056 3687 5110 dill'erendutu

2115 5153 2402 5221 quominus
2424 5150 2539 5205 haec
2564 5149 2872 5219 diligentius
2898 5151 3245 5218 inquirentes,
3276 5161 3363 5203 aut
3387 5149 3431 5202 si
3462 5146 3687 5201 fortasse

2116 5243 2465 5309 irrepseraut,
2494 5244 2561 5299 de
2593 5243 2834 5307 proximo
2862 5249 3200 5305 sanarentur,
3243 5251 3336 5293 aut
3360 5239 3688 5293 anxietatem

2115 5343 2379 5399 nostram,
2420 5334 2465 5388 si
2508 5334 2645 5388 falso
2679 5332 3030 5402 probarentur
3070 5330 3291 5399 jactata,
3338 5331 3686 5391 relevarent;

2116 5422 2441 5477 testimantes
2482 5423 2671 5478 melius
2701 5435 2799 5475 nos
2838 5420 3009 5476 videri
3046 5419 3420 5511 impatietttitts
3456 5419 3577 5472 talia
3611 5417 3695 5471 itt-

2116 5568 2246 5624 sule.
2297 5571 2394 5623 Ant
2431 5580 2581 5625 certe
2608 5569 2888 5622 dicendum
2932 5577 3075 5622 esset
3105 5568 3372 5624 Gelasium
3414 5582 3518 5620 non
3546 5579 3687 5616 anno

2114 5639 2221 5765 ὖθὲ
2252 5640 2616 5705 pontificatqu
2650 5640 2855 5705 iniisse,
2886 5638 2979 5695 sed
3008 5638 3134 5705 490,
3157 5639 3243 5697 die
3271 5639 3306 5693 2
3330 5637 3524 5693 Martii.
3554 5633 3680 5687 διν.

2162 5726 2311 5765 INIUS.
