4120 6186
331 246 407 303 53
1550 245 1897 304 EPISTULA:
1941 232 2027 299 ET
2069 245 2407 303 DECRETA.
3218 283 3233 292 ι
3542 255 3612 312 at

333 363 599 430 vestigare
628 360 885 427 voluisse,
921 375 1078 432 quam
1107 374 1351 418 crescere
1377 360 1766 418 dissimulando
1796 375 1919 429 per-
1949 365 1995 420 Λ
2098 358 2415 433 Secaiidiim,
2439 360 2529 414 Iros
2556 378 2649 431 pro
2678 362 2786 416 solo
2817 346 3020 428 peccato
3046 361 3287 433 originali
3328 381 3427 417 non
3456 369 3607 420 dam-

333 454 546 510 niciem.
600 454 785 523 Neque
832 454 978 509 enim
1022 455 1104 510 vel
1149 454 1365 510 silentio
1413 469 1657 522 premere
1702 467 1918 509 causam

333 544 659 612 hujnsmodi,
709 544 793 598 vel
839 543 1136 600 dill’erenda
1180 543 1364 600 fovere
1405 543 1743 599 deberemus.
1787 543 1921 599 Cum

330 633 548 685 dicente
563 632 818 700 magistro
834 632 1093 701 gentium,
1106 631 1452 686 sollicitudine
1470 649 1569 686 non
1589 633 1721 703 pigri
1736 633 1919 703 (Rom.

331 720 465 789 xit);
507 733 670 787 atque
710 719 926 787 iterum,
953 723 1042 791 qui
1082 731 1261 793 praeest
1296 723 1348 776 in
1387 722 1751 789 sollicitudine,
1799 738 1919 778 reos

342 811 531 881 procul
563 811 725 865 dubio
755 825 851 866 nos
882 812 984 866 nisi
1012 813 1267 867 continuo
1291 826 1677 882 quaereremus,
1708 812 1919 868 etiamsi

337 902 569 957 inaniter
604 910 784 957 essent
819 903 1057 973 vulgata,
1099 904 1498 959 convincerent.
1546 903 1656 959 Nec
1696 904 1921 961 interest

332 1008 437 1063 per
466 1007 602 1062 quos
626 993 691 1047 ad
722 1008 881 1049 aures
912 1003 1125 1050 nostras
1152 995 1339 1049 eadem
1371 996 1759 1064 pervenissent,
1793 996 1918 1049 dum

330 1084 607 1155 quomodo
645 1085 777 1140 libet
806 1087 909 1141 ista
943 1086 1326 1152 referentibus,
1358 1096 1640 1157 postquam
1677 1096 1919 1141 nostram

341 1176 727 1231 conscientiam
754 1186 1120 1247 penetrarent,
1138 1179 1189 1233 in
1220 1178 1301 1232 his
1322 1180 1586 1233 veraciter
1607 1178 1920 1248 indagandis

340 1266 641 1336 pastorales
671 1269 924 1323 excubias
953 1285 1074 1324 esse
1101 1286 1207 1324 non
1234 1269 1529 1339 oportuerit
1560 1270 1915 1340 negligentes,

339 1366 603 1425 quatenus
618 1358 701 1412 vel
718 1372 749 1413 e
765 1358 991 1429 vestigio
1002 1368 1183 1428 posset
1195 1359 1331 1429 lupis
1348 1359 1675 1414 initiantibus
1690 1362 1918 1427 obviari,

335 1447 421 1501 vel
442 1447 601 1501 nullis
616 1448 967 1503 existentibus
982 1448 1131 1516 feris,
1148 1448 1323 1503 ovium
1339 1450 1582 1504 custodia
1599 1464 1786 1506 secura
1802 1465 1922 1520 per-

334 1540 572 1594 sisterct.
617 1539 700 1593 Ab
731 1540 814 1593 his
843 1541 935 1611 qui
964 1549 1148 1595 essent
1184 1540 1403 1608 Chlocs,
1434 1541 1832 1597 Corinthiorum
1860 1556 1923 1597 se

331 1632 697 1687 dissensiones
722 1634 1006 1703 agnovisse
1027 1640 1253 1688 testatur
1267 1633 1557 1703 Apostolus
1575 1631 1625 1705 (Ι
1650 1633 1770 1688 Cor.
1821 1650 1838 1688 ι
1873 1634 1918 1705 ),

2099 430 2233 503 nari.
2268 428 2520 503 Tertium,
2549 428 2765 503 gratiam
2788 433 2855 484 ad
2878 434 3095 503 salutem
3126 428 3225 485 non
3258 451 3364 488 esse
3392 452 3617 491 necessa-

2095 500 2254 563 riam,
2285 499 2527 568 illamque
2550 499 2834 555 secumlum
2865 502 3127 556 hominum
3155 505 3333 557 merita
3364 508 3613 575 conferri.

2094 608 2336 664 Gelasius
2376 611 2662 680 episcOpus
2698 611 2965 668 universis
3007 613 3277 684 episcopis
3322 631 3417 685 per
3460 615 3617 673 Pice-

2024 714 2150 754 num
2182 701 2234 754 in
2264 701 2490 756 Domino
2519 703 2771 757 salutem.

2096 809 2400 867 Barbaricis
2426 813 2681 868 hactenus
2708 813 3021 869 dolebamus
3049 812 3354 870 incursibus
3383 817 3615 874 maxime

2023 900 2223 956 \icinas
2249 901 2375 957 Urbi
2402 906 2727 973 provincias,
2752 912 2809 959 et
2833 906 3096 959 bellorum
3123 921 3263 959 StuVa
3292 917 3614 977 tempestate

2021 994 2251 1059 vastari;
2284 995 2378 1049 sed
2406 1006 2659 1066 quantum
2694 998 2834 1054 inter
2862 1000 2975 1067 ipsa
3005 999 3300 1054 recentium
3330 1002 3611 1056 calamita-

2022 1091 2133 1137 tum
2174 1083 2433 1140 ferventia
2475 1089 2708 1155 pericula
2751 1088 3131 1157 comperimus,
3168 1090 3610 1159 perniciosiorem

2023 1173 2268 1231 diabolus
2289 1174 2714 1232 Christianorum
2743 1180 3014 1235 mentibus
3047 1181 3247 1247 labem,
3287 1197 3446 1251 quam
3485 1197 3609 1238 cor-

2022 1265 2244 1334 poribus
2273 1266 2483 1321 hostilis
2504 1267 2708 1335 feritas,
2741 1270 2994 1340 irrogavit
3020 1287 3031 1323 ε
3064 1271 3202 1339 quod
3230 1271 3428 1325 malum
3458 1274 3609 1342 prin-

2021 1356 2267 1425 cipaliter
2303 1359 2517 1414 illarum
2559 1362 2836 1430 regionum
2881 1363 3098 1431 respicit
3131 1365 3464 1431 sacerdotes,
3517 1366 3608 1435 qui

2022 1454 2167 1500 tanta
2195 1450 2422 1519 segnitie
2451 1458 2703 1521 tantaque
2743 1451 3027 1507 ministerii
3056 1453 3484 1511 dissimulatione
3514 1470 3607 1511 su-

2019 1537 2212 1606 scepti,
2241 1539 2648 1595 commissarum
2690 1542 2792 1597 sibi
2819 1542 3094 1613 negligant
3132 1544 3371 1612 regimen
3401 1546 3607 1602 anima-

2022 1641 2164 1692 rum,
2190 1637 2248 1683 ut
2269 1643 2361 1683 eas
2385 1630 2547 1685 etiam
2570 1630 2638 1685 ab
2664 1632 2870 1703 exiguis
2901 1634 3202 1703 quibusque
3242 1636 3484 1691 bestiolis
3526 1637 3604 1691 la-

334 1721 725 1793 couresiimque
750 1722 991 1779 scribere
1017 1738 1118 1779 ηοη
1150 1725 1347 1778 omini;
1364 1740 1379 1789 ;
1395 1725 1552 1779 utve]
1578 1725 1920 1781 nascentibus
1949 1722 1999 1783 Β
2024 1716 2198 1771 cerari
2226 1717 2327 1772 sub
2348 1720 2725 1789 conspectibus
2747 1723 2858 1777 suis
2886 1723 3106 1793 impune
3129 1725 3398 1795 patiantur
3419 1745 3432 1779 :
3450 1728 3605 1796 quin-

334 1812 523 1882 iurgiis
552 1816 666 1882 pius
688 1814 983 1870 medicator
1007 1825 1339 1884 occurreret,
1363 1816 1445 1872 vel
1473 1818 1542 1872 de
1567 1832 1752 1873 eorum
1776 1834 1917 1874 eom-

336 1915 487 1972 pcrta
521 1922 638 1960 mox
668 1906 1038 1963 incolumitate
1069 1908 1335 1979 gauderet
1361 1927 1373 1962 :
1409 1909 1552 1980 quod
1584 1926 1681 1966 nos
1707 1926 1919 1981 quoque

333 1994 527 2049 litteris
554 2011 674 2065 quae
703 2010 868 2066 super
890 1997 990 2052 hac
1018 2006 1169 2067 parte
1187 1998 1342 2054 dicta:
1370 2006 1515 2064 sunt,
1546 2000 1811 2058 indicasse
1830 2015 1921 2057 re-

333 2086 688 2153 miniscimur,
712 2096 769 2141 ut
795 2087 1006 2143 scilicet
1031 2100 1121 2143 aut
1145 2089 1505 2159 irrepentibus
1528 2092 1914 2147 obsisteremus

328 2178 575 2241 inSaniis.
612 2188 723 2245 aut,
760 2179 807 2234 si
857 2181 989 2234 nihil
1029 2180 1220 2237 horttm
1264 2184 1474 2252 penitus
1498 2184 1808 2251 accidisset,
1838 2184 1909 2241 de

326 2269 609 2324 catholicae
636 2271 877 2326 veritatis
904 2271 1210 2341 integritate
1232 2272 1553 2330 laetaremur.
1578 2275 1915 2345 Quapropter

327 2377 437 2414 non
477 2363 653 2417 solum
688 2362 907 2417 dilectio
944 2372 1031 2418 tua
1076 2373 1256 2419 nOStra
1297 2380 1404 2419 non
1442 2366 1601 2421 debet
1638 2367 1913 2436 vigilantia

329 2455 655 2520 permoveri.
703 2454 797 2509 sed
839 2457 1114 2524 praesentis
1144 2456 1393 2524 colloquii
1433 2458 1754 2514 salutatione
1791 2473 1915 2528 per-

324 2553 483 2609 cepta
530 2544 808 2598 nobiscum
855 2546 1029 2613 potius
1075 2546 1391 2601 industriam
1433 2549 1664 2618 proprias
1704 2550 1911 2606 sociare

323 2636 584 2696 solertiae,
609 2644 872 2704 quatenus
899 2637 981 2691 vel
1006 2636 1117 2699 sive
1145 2645 1344 2691 tentata
1371 2637 1476 2691 sint
1501 2638 1646 2703 talia,
1664 2640 1911 2706 protinus

324 2727 683 2794 corrigantur,
732 2728 811 2780 vel
858 2741 927 2781 ne
975 2727 1209 2796 qualibet
1253 2727 1567 2796 obreptione
1613 2736 1905 2797 tententur,

323 2817 580 2870 attentius
634 2816 982 2885 praecavenda
1033 2818 1338 2872 subintrare
1388 2833 1493 2872 non
1545 2819 1775 2875 valeant.
1833 2819 1910 2876 De

320 2907 518 2974 quibus
540 2917 716 2961 autem
742 2908 776 2962 ii
799 2922 932 2977 quos
955 2918 1043 2962 tua
1073 2911 1268 2962 caritas
1292 2909 1596 2976 destinavit,
1619 2912 1663 2964 si
1692 2910 1903 2979 plenius

323 2998 519 3052 instrui
548 2998 827 3063 voluerint,
852 3008 1141 3069 sequentes
1165 2999 1298 3054 tituli
1326 3015 1446 3053 cum
1469 3002 1579 3055 suis
1601 3002 1909 3069 responsio-

2023 1808 2133 1862 imo
2159 1812 2510 1879 subrepentes
2549 1815 2814 1884 nequitias
2849 1816 3229 1881 confovendo,
3261 1825 3316 1873 et
3344 1818 3609 1887 deprava-

2019 1898 2229 1955 toribus
2254 1903 2646 1970 acquiescendo
2665 1906 2924 1972 ﬁdelium,
2941 1922 3046 1962 non
3070 1909 3243 1964 solum
3267 1925 3358 1964 eas
3382 1910 3603 1965 minime

2018 1990 2322 2058 retrahant,
2376 1995 2471 2047 sed
2514 1996 2646 2064 ipsis
2692 1997 2967 2065 praebeant
3015 2000 3229 2068 propria
3280 2002 3605 2058 nutrimenta

2018 2083 2335 2151 perditionis
2362 2086 2630 2154 exemplo.
2664 2087 2802 2152 Quid
2832 2096 3010 2144 autem
3058 2090 3193 2145 tales
3220 2101 3401 2146 essent
3438 2092 3606 2149 acturi

2018 2174 2319 2244 pontiﬁces,
2351 2175 2395 2229 si
2427 2175 2605 2245 (quod
2634 2178 2810 2247 absit)
2839 2179 2923 2233 vel
2952 2180 3135 2249 aliqua
3167 2196 3301 2235 nova
3336 2185 3520 2252 pestis,
3551 2192 3604 2240 et

2017 2265 2261 2333 primitus
2291 2266 2527 2335 ignorata
2572 2279 2965 2337 prorumperet,
3012 2272 3096 2325 vel
3126 2271 3356 2340 ingeniis
3384 2274 3605 2328 acriori-

2014 2354 2136 2421 bus,
2164 2357 2522 2427 sensibusque
2551 2359 2804 2428 versutis,
2831 2368 2922 2414 aut
2946 2360 3120 2431 aliqua
3148 2364 3483 2418 smcularium
3505 2366 3601 2419 do-

2012 2448 2306 2503 ctrinarum
2344 2448 2535 2519 peritia
2575 2450 2809 2517 callidis,
2849 2452 3109 2523 sacrilega
3144 2453 3598 2524 blasphemiarum

2012 2542 2155 2597 dicta
2204 2552 2599 2613 promerentur,
2644 2544 2733 2613 qui
2776 2552 2883 2599 tam
2928 2546 3126 2600 veteris
3166 2548 3367 2602 erroris
3407 2548 3601 2608 detrita

2012 2644 2337 2701 commenta,
2357 2645 2570 2705 tamque
2591 2636 2886 2705 majoribus
2913 2636 3274 2692 Ecclesiarum
3305 2642 3594 2709 magistris,

2010 2740 2167 2794 quam
2197 2726 2359 2780 etiam
2398 2736 2580 2781 nostra
2619 2734 2776 2781 aetate
2803 2728 3046 2781 convicta
3088 2743 3193 2782 non
3222 2734 3465 2783 recciunt
3496 2746 3597 2785 nec

2010 2816 2268 2881 refutant;
2309 2827 2469 2885 atque
2508 2816 2576 2871 ab
2616 2816 2874 2886 imperitis
2927 2818 3209 2887 stultisqne
3248 2819 3450 2887 prolata
3492 2835 3596 2876 non

2011 2915 2287 2975 respuunt.
2321 2906 2534 2961 Gratias
2571 2908 2926 2976 omnipotenti
2955 2907 3064 2963 Deo
3090 2908 3317 2977 agimus,
3346 2910 3597 2978 quoniam

2008 3010 2228 3051 suorum
2258 2997 2422 3051 corda
2456 3013 2551 3067 per
2574 2996 2877 3067 liujusmodi
2902 3012 3160 3067 personas
3183 3001 3481 3064 examinat;
3505 3000 3595 3068 qui

322 3089 483 3143 nibus
510 3089 849 3144 inlimablnl.
868 3090 1201 3160 thnoniam
1224 3105 1284 3145 se
1301 3090 1382 3144 his
1407 3091 1752 3160 acquiescere
1774 3107 1908 3161 prae-
1932 3086 1979 3148 C
2013 3088 2115 3144 hoc
2145 3089 2317 3159 ipsum
2344 3089 2490 3145 virus
2520 3090 2766 3145 nesciunt
2792 3091 2934 3158 quod
2965 3090 3271 3159 loquantur.
3309 3091 3435 3145 Nam
3464 3092 3595 3160 quid

323 3179 419 3233 fati
462 3189 685 3234 eatenus
715 3190 840 3235 sunt
870 3180 1120 3248 professi,
1165 3190 1226 3235 ut
1263 3182 1450 3236 eadem
1488 3197 1549 3237 se
1585 3191 1639 3236 et
1666 3182 1909 3252 primitus

324 3270 563 3325 tenuisse
594 3270 890 3337 ﬁrmarent,
910 3272 1002 3326 sed
1030 3280 1155 3327 ante
1183 3272 1344 3326 ullius
1367 3272 1417 3325 in
1439 3273 1788 3342 quaestionem
1812 3288 1907 3328 vo-

322 3368 442 3413 cata
465 3360 662 3414 vellent
688 3359 1023 3414 manifestius
1045 3360 1305 3429 expediri,
1330 3362 1630 3416 studuimus
1651 3372 1907 3431 quantum

323 3450 465 3505 inter
500 3451 881 3520 occupationes
909 3450 1023 3504 fieri
1063 3452 1252 3519 potuit,
1291 3467 1411 3521 quae
1444 3466 1541 3506 nos
1572 3453 1793 3506 minime
1822 3468 1909 3508 re-

320 3543 527 3610 spirare
562 3543 855 3611 patiuntur,
901 3543 1160 3611 largiente
1206 3543 1451 3607 Domino,
1491 3554 1779 3613 sequentes
1815 3558 1907 3613 pa-

324 3644 474 3688 terna
506 3634 757 3703 vestigia,
791 3634 858 3689 de
890 3634 960 3687 tal
988 3635 1105 3699 bus,
1138 3650 1256 3704 qua:
1284 3634 1545 3701 cmpimus
1572 3650 1677 3689 non
1705 3636 1866 3691 silere
1892 3653 1904 3690 :

321 3740 485 3793 quam
513 3726 752 3795 regulam
780 3726 962 3781 sobrie
992 3727 1258 3781 sentiendi
1294 3727 1534 3796 quisquis
1574 3725 1715 3781 ﬁdeli
1743 3727 1908 3783 corde

322 3824 579 3879 sectatur,
622 3817 761 3871 inter
803 3816 1131 3870 orthodoxos
1170 3818 1362 3871 merito
1400 3816 1599 3871 debeat
1626 3818 1901 3873 aestimari.

320 3904 576 3973 Quisquis
594 3920 722 3961 vero
748 3906 1013 3975 putaverit
1038 3906 1343 3973 abnuenda,
1362 3908 1431 3960 ab
1451 3908 1762 3976 apostolicis
1786 3922 1908 3964 sese

324 4009 434 4048 non
476 3994 708 4064 ambigat
752 3997 1002 4051 exsulare
1047 3997 1327 4051 doctrinis.
1366 3996 1526 4053 Certe
1568 3999 1613 4054 si
1659 4000 1784 4069 quid
1825 4008 1909 4055 est

319 4087 467 4155 quod
493 4088 669 4141 valeat
696 4089 934 4143 animum
964 4104 1297 4157 permovere,
1326 4090 1632 4143 fraternitas
1662 4098 1750 4145 tua
1776 4105 1909 4145 con-

322 4181 501 4237 tulere
548 4181 867 4237 ﬁducialiter
913 4183 1146 4249 omittat,
1192 4192 1249 4238 ut
1290 4183 1499 4239 Domini
1526 4185 1696 4252 gratia
1743 4183 1905 4238 mini-

318 4280 549 4338 strante,
590 4275 753 4328 totius
790 4274 1044 4329 discutiat
1070 4274 1411 4329 obscuritatis
1452 4274 1757 4345 ambiguum
1800 4273 1907 4329 fra-

318 4374 474 4421 terna
497 4366 732 4422 collatio.

851 4464 879 4494 ⁸
912 4456 1241 4512 EPISTOLA
1284 4456 1390 4511 VII.

604 4566 672 4604 AD
710 4564 883 4604 οκαεε
923 4564 1197 4605 ενιεοοροε
1238 4565 1337 4603 PER
1375 4564 1623 4605 PICENUH.

318 4661 364 4715 Τ
366 4662 449 4714 ria
466 4663 734 4730 φτωσὶρτιη
768 4659 1066 4729 Pelagianae
1107 4662 1311 4715 ltwresir
1337 4661 1512 4728 capita
1541 4661 1746 4730 refellit.
1780 4660 1905 4713 Pri-

389 4748 556 4797 mum,
585 4734 774 4785 scilicet
798 4734 1037 4799 parvulos
1066 4732 1178 4785 sine
1214 4730 1455 4801 originali
1491 4741 1699 4801 peccato
1730 4733 1892 4785 nasci.

394 4855 420 4881 ι
454 4844 578 4897 Πατε
606 4844 829 4910 epistola
869 4843 1145 4899 circularis
1191 4843 1311 4897 data
1342 4853 1427 4897 est
1462 4842 1527 4897 ad
1565 4858 1752 4898 omnes
1783 4844 1895 4910 epi-

315 4928 514 4980 scopos
544 4916 595 4966 in
628 4914 825 4967 Piceno
862 4915 1086 4981 positos,
1110 4930 1209 4983 qua
1241 4915 1524 4981 plurimum
1556 4913 1701 4967 dolet
1743 4912 1898 4967 Pela-

316 4985 528 5051 gianam
562 4984 806 5037 haeresim
848 4984 900 5037 in
932 4984 1116 5037 eadem
1152 4983 1423 5047 provincia
1454 4984 1757 5036 coalescere
1785 4997 1898 5035 cm-

320 5053 488 5120 pisse.
522 5052 673 5105 Missa
715 5060 797 5105 est
847 5069 939 5117 per
968 5053 1246 5105 Romulum
1280 5052 1337 5107 S.
1366 5053 1427 5105 ll.
1459 5052 1519 5105 E.
1568 5052 1894 5104 cardinalem

316 5123 626 5175 diaconum.
658 5122 790 5175 Tres
839 5122 889 5174 in
937 5137 999 5175 ea
1030 5130 1305 5175 enumerat
1334 5131 1388 5177 ct
1428 5122 1623 5176 refutat
1654 5121 1893 5189 Pelagia-

318 5206 419 5244 nas
465 5192 774 5245 sententias.
807 5191 1002 5245 Earum
1047 5192 1213 5259 prima
1244 5192 1333 5245 illa
1371 5201 1474 5254 est,
1509 5192 1649 5259 quod
1697 5190 1892 5255 praedi-

317 5274 447 5330 cans
469 5262 755 5314 circulator
781 5275 943 5316 senex
984 5261 1272 5330 probrosus
1311 5270 1365 5315 et
1396 5261 1642 5315 indoctus
1672 5270 1893 5328 negaret

318 5329 549 5383 infantes
568 5345 687 5383 cum
713 5342 929 5395 peccato
949 5329 1191 5397 originali
1219 5330 1440 5399 corripi,
1470 5338 1524 5383 et
1554 5331 1607 5399 ei,
1624 5330 1892 5382 obnoxios

317 5400 489 5452 reddi.
532 5399 773 5452 Secunda
823 5403 943 5463 ista,
996 5399 1251 5453 Parvulos
1299 5398 1417 5453 sine
1466 5398 1735 5466 baptismo
1787 5413 1893 5452 non

318 5482 479 5535 posse
514 5469 779 5522 damnari.
828 5469 1006 5523 Tertia
1035 5469 1249 5522 demum
1290 5479 1427 5532 erat,
1473 5468 1753 5521 Hominem
1800 5482 1895 5532 per

317 5537 551 5593 liberum
572 5538 853 5592 arbitrium
881 5538 996 5607 ipsa
1029 5548 1218 5595 natura
1241 5537 1562 5609 sulfragante
1587 5552 1744 5607 posse
1774 5537 1898 5591 bea-

2011 3182 2248 3237 facerent
2279 3180 2594 3250 populorum
2624 3181 2880 3250 praisules
2906 3180 3006 3236 sub
3033 3181 3385 3235 astutioribus
3412 3182 3594 3236 inimi-

2012 3272 2215 3343 cis,qui
2231 3288 2289 3327 se
2310 3272 2599 3344 subjiciunt
2622 3274 2848 3328 libenter
2869 3272 3366 3341 indoctis?Quando
3390 3276 3594 3347 utique,

2011 3366 2220 3420 etiamsi
2249 3376 2391 3420 tanta
2421 3375 2537 3421 erat
2566 3366 2619 3420 in
2653 3365 2951 3420 rei-toribus
2972 3366 3223 3421 dominici
3246 3366 3423 3438 gregis
3448 3383 3598 3437 pror~
3660 3424 3667 3434 ,

2010 3470 2103 3510 sus
2132 3458 2361 3526 ignavia,
2394 3466 2453 3511 ut
2482 3473 2548 3511 ne
2576 3468 2681 3513 tam
2714 3457 2871 3513 vilem
2917 3457 3271 3529 hebetemque
3313 3475 3596 3528 personam

2011 3547 2219 3615 possint
2260 3547 2342 3601 vel
2391 3547 2689 3617 intelligere
2732 3548 2811 3602 vel
2851 3546 3086 3615 frenare,
3140 3550 3313 3618 potius
3344 3550 3596 3620 pastorali

2009 3650 2138 3691 cura
2160 3637 2443 3692 debuerint
2461 3653 2491 3691 a
2517 3638 2670 3693 nobis
2694 3640 3061 3707 cognoscenda
3089 3641 3412 3710 perquirere,
3433 3657 3592 3710 quam

2010 3728 2351 3782 suasionibus
2395 3727 2856 3783 inconsideranter
2905 3728 3172 3795 absurdis,
3224 3728 3434 3785 facilem
3468 3732 3594 3786 sub-

2010 3818 2223 3873 mittere
2249 3819 2578 3873 voluntatem
2605 3836 2616 3871 :
2649 3818 2860 3872 oblatus
2889 3828 2972 3874 cst
2997 3820 3137 3874 enim
3181 3820 3334 3876 nobis
3366 3821 3595 3877 misera-

2007 3908 2131 3964 bilis
2159 3925 2320 3964 senex
2352 3910 2368 3940 ¹
2392 3909 2593 3964 Seneca
2622 3910 2855 3974 nomine,
2887 3912 2974 3980 qui
3007 3926 3110 3964 non
3141 3912 3300 3967 modo
3328 3915 3489 3968 totius
3509 3924 3593 3971 est

2007 4000 2325 4054 eruditionis
2365 4000 2596 4066 alienus,
2638 4002 2731 4054 sed
2762 4000 2925 4070 ipsius
2965 4017 3180 4069 quoque
3221 4003 3592 4071 intelligentiae

2007 4091 2309 4144 communis
2336 4104 2556 4158 prorsus
2582 4099 2902 4159 extraneos,
2924 4091 2975 4144 in
3004 4091 3303 4159 Pelagianae
3326 4095 3593 4163 voraginis

2007 4192 2163 4233 emno
2196 4178 2355 4249 (sicut
2382 4178 2450 4233 de
2497 4179 2814 4247 quibusdam
2856 4179 2910 4232 in
2941 4180 3261 4248 Apocalypsi
3294 4182 3443 4251 (Cap.
3473 4188 3591 4256 xvi)

2007 4268 2253 4339 legimus)
2295 4268 2441 4323 velut
2478 4283 2583 4322 una
2625 4282 2875 4322 ranarum
2909 4269 3244 4338 impudenter
3284 4272 3593 4344 immersus,

2009 4359 2169 4426 inque
2194 4359 2278 4412 illa
2307 4358 2435 4413 faece
2459 4358 2787 4413 horribiliter
2814 4359 3103 4424 volutatus,
3138 4360 3439 4418 nullatenus
3467 4366 3591 4421 inde

1932 4448 1985 4507 D
2011 4448 2241 4515 qualiter
2269 4464 2547 4518 emergere
2576 4459 2758 4518 posset
2784 4450 3097 4516 inveniens;
3139 4452 3262 4521 quia
3301 4458 3594 4521 puritatem

2011 4542 2320 4610 relinquens
2363 4541 2642 4596 catholica:
2682 4541 2940 4608 veritatis,
2986 4550 3187 4612 quanto
3216 4558 3274 4597 se
3307 4558 3399 4613 per
3428 4546 3596 4600 lubri-

2008 4648 2129 4687 cum
2162 4632 2406 4687 falsitatis
2430 4641 2659 4687 conatur
2686 4634 2948 4699 attollere,
2982 4642 3131 4688 tanto
3161 4636 3328 4705 magis
3358 4638 3474 4704 ejus
3509 4640 3592 4693 lu-

2002 4728 2132 4782 tosis
2176 4726 2344 4782 foveis
2374 4727 2759 4782 circumclusus
2799 4728 3066 4797 obruitur,
3092 4727 3158 4782 de
3185 4729 3290 4783 illis
3314 4746 3453 4784 unus
3480 4733 3594 4785 exi-

1998 4851 2108 4895 tum
2134 4839 2311 4903 reddi,
2342 4848 2647 4909 tantamque
2667 4841 2771 4893 vim
2796 4840 2977 4895 liherze
3000 4842 3259 4895 voluntati
3290 4841 3466 4897 inesse
3500 4845 3582 4896 di-

2003 4913 2178 4973 cebat,
2213 4910 2338 4962 utsi
2372 4910 2553 4973 vellet,
2588 4910 2749 4963 etiam
2790 4909 2904 4963 sine
2935 4910 3027 4963 Dei
3057 4911 3261 4965 auxilio
3291 4921 3472 4979 posset
3503 4914 3587 4966 in-

2000 4989 2081 5033 ter
2134 4979 2557 5050 adolescentulos
2600 4982 2835 5050 versari,
2879 4994 3078 5048 easque
3121 4990 3476 5050 contrectare,
3533 4994 3591 5038 et

2000 5056 2175 5103 tamen
2199 5064 2303 5100 non
2348 5047 2635 5116 inquinari.
2673 5052 2853 5113 Quare
2895 5047 3015 5103 cum
3068 5052 3132 5103 ad
3169 5047 3591 5118 prtedictas'lize-

1997 5132 2146 5173 reses
2192 5118 2571 5182 acceptandas,
2618 5133 2771 5173 more
2818 5120 3223 5183 limreticnrum,
3276 5121 3455 5174 carnis
3508 5122 3587 5174 Ia-

1997 5189 2171 5242 scivas
2197 5186 2585 5241 delectationes
2609 5189 2994 5256 proposuisset,
3028 5200 3082 5244 et
3105 5189 3170 5242 ad
3197 5191 3399 5244 bestias
3432 5200 3589 5245 terrae

1997 5257 2284 5324 capiendas
2310 5267 2422 5311 rete
2443 5256 2621 5311 carnis
2643 5273 2748 5325 quo
2772 5258 2845 5312 uti
2864 5260 3039 5312 solent
3061 5260 3427 5324 expandisset,
3454 5261 3589 5312 hanc

1998 5326 2273 5394 paternam
2318 5327 2759 5389 admonitionem,
2804 5339 2859 5383 et
2907 5330 3228 5395 pastoralem
3262 5328 3586 5396 vigi‘antiam

1998 5410 2102 5449 non
2130 5396 2379 5450 obstante
2424 5406 2566 5450 metu
2598 5399 2857 5451 Anastasii
2898 5398 3239 5465 imperatoris
3270 5397 3585 5465 Eutycltiani

1998 5476 2052 5519 et
2087 5465 2411 5537 Theoderici
2461 5467 2601 5537 regis
2630 5468 2809 5537 Ariani
2844 5466 2895 5520 in
2934 5468 3084 5523 Italia
3129 5467 3400 5537 regnantis
3431 5480 3587 5520 exer-

2002 5549 2126 5590 cere
2152 5535 2458 5603 Oportebat.
2489 5534 2619 5589 Sev.
2651 5536 2858 5590 Btmos.

391 5649 407 5677 ¹
450 5650 763 5721 Episcopus,
792 5651 989 5723 quippe
1014 5653 1101 5722 qui
1139 5660 1324 5723 postea
1368 5650 1743 5722 presbyterum
1777 5649 2021 5718 privasse
2046 5647 2421 5703 communione
2447 5646 2666 5703 dicitur.
2695 5648 3021 5704 llmaumus.
