4098 6172
489 220 558 284 55
1858 236 2027 295 GELA

2144 212 2363 298 rapa:
2404 244 2421 297 ι

3698 262 3767 318 56

487 352 655 407 stens,
686 340 753 397 de
779 342 973 412 quibus
995 341 1182 399 Petrus
1205 342 1626 412 dicitapostolus
1653 363 1665 398 :
1693 344 1765 398 lli
1787 363 1900 401 vero
1927 350 2062 403 velut
2092 358 2145 417 Α
2174 354 2437 409 habetur:
2470 357 2693 425 proinde
2714 360 2971 432 quidquid
3006 365 3089 420 isti
3118 369 3389 436 genitores
3420 372 3488 428 de
3508 386 3608 427 suo
3634 390 3757 442 ger-

486 435 852 490 irrationabilia
874 452 1076 507 pecora,
1099 435 1400 491 naturaliter
1420 437 1473 490 in
1491 438 1775 508 captionem
1795 450 1842 492 et
1865 440 1919 492 in
1944 457 2063 509 per-

486 526 667 579 niciem
682 525 735 579 in
757 525 837 579 his
856 543 970 597 qua:
990 528 1225 597 ignorant
1247 526 1646 595 blasphemantes
1667 529 1720 581 in
1742 530 2065 598 corruptione

485 617 848 685 sua,peribunt
869 618 1195 689 percipientes
1218 618 1493 672 mercedem
1515 620 1778 690 injustitia:
1805 618 1893 691 (Il
1916 621 2060 677 Petr.

484 707 569 776 ιι).
600 707 802 763 Revera
831 710 973 763 enim
1002 710 1079 763 sic
1108 709 1224 777 ejus
1253 709 1479 764 Stolidus
1508 719 1560 765 et
1588 711 1809 765 obtusus
1832 718 1917 764 est
1944 710 2061 765 ani-

484 818 625 869 tnus,
660 813 716 856 ut
745 802 811 856 de
843 802 924 857 his
946 803 1186 870 venenis,
1210 818 1330 874 qua:
1359 804 1498 858 male
1530 804 1725 869 hausit,
1757 813 1811 858 et
1835 805 2057 871 vomuit,

482 897 683 950 nullam
712 896 971 951 rationem
995 897 1074 951 vel
1105 898 1350 966 accipere
1375 897 1550 952 valeat
1570 898 1810 961 omnino,
1826 899 1905 952 vel
1936 896 2061 951 red-

483 988 631 1043 dere.
670 988 773 1044 Sed
818 989 1095 1044 induratus
1134 991 1495 1044 obcaecatione
1538 989 1822 1054 diabolica,
1852 992 2060 1059 sibique

477 1081 586 1150 jam
616 1081 862 1145 traditus,
896 1079 1072 1136 cordis
1100 1080 1180 1135 sui
1212 1080 1414 1134 funesta
1439 1081 1507 1134 sit
1527 1081 1886 1135 obstinatione
1908 1081 2059 1134 dam-

480 1182 675 1238 natus;
708 1173 944 1243 nihilque
973 1171 1207 1239 supersit
1238 1172 1308 1237 ei,
1338 1171 1439 1224 nisi
1472 1179 1528 1224 ut
1555 1171 1696 1225 Deus
1727 1180 1932 1234 noster,
1965 1171 2057 1239 qui

478 1265 629 1329 dixit,
663 1281 781 1335 quae
806 1252 1115 1318 hominibus
1144 1264 1493 1331 impossibilia
1527 1263 1795 1325 videntur,
1829 1262 1969 1331 apud
1999 1278 2057 1317 se

476 1372 598 1413 esse
626 1357 798 1410 facilia
831 1356 1049 1426 (Matth.
1087 1354 1219 1423 XIX),
1252 1353 1555 1423 hujnsmodi
1588 1364 1821 1408 mentem
1847 1354 2054 1422 peienti

475 1450 883 1517 compunctioue
915 1448 1207 1517 lransligat,
1246 1457 1303 1501 ut
1339 1446 1632 1501 secundum
1674 1448 1885 1501 beatum
1928 1460 2056 1515 apo-

473 1541 670 1595 stolum
713 1540 956 1606 Paulum,
1000 1540 1262 1608 resipiscat
1305 1557 1337 1593 a
1378 1540 1570 1593 diaboli
1609 1540 1823 1609 laqueis,
1873 1540 2053 1608 quibus

473 1634 699 1703 captivus
728 1633 985 1685 detinetur
1013 1632 1093 1699 (Il
1132 1631 1335 1702 Tim.tt)
1362 1631 1629 1686 sententia
1656 1633 1819 1685 divini
1843 1632 2049 1700 judicii.

2169 445 2314 501 mine
2355 448 2719 515 protulerunt,
2757 466 2892 520 Opus
2935 456 3150 525 quidem
3191 459 3282 514 Dei
3313 472 3416 528 est,
3467 464 3761 520 secundum

2166 531 2557 594 institutionem
2583 553 2786 599 naturae
2810 561 2824 609 ;
2850 547 2944 601 sed
2977 563 3083 603 non
3112 550 3315 620 absque
3342 557 3587 625 contagio
3613 557 3762 612 illius

2168 630 2315 697 mali,
2346 634 2487 701 quod
2516 649 2608 688 sua
2638 640 3081 702 praevaricatione
3104 652 3384 700 traxerunt
3417 664 3428 699 :
3478 657 3531 701 et
3572 654 3761 719 utique

2167 718 2269 775 hoc
2297 721 2435 776 idem
2469 724 2633 792 ipsius
2660 729 2782 781 mali
2810 734 3137 801 contagium,
3161 745 3366 789 certum
3397 748 3477 789 est
3497 753 3631 807 opus
3649 718 3754 794 non

2163 827 2284 867 esse
2315 814 2574 870 divinum.
2604 818 2785 888 Itaque
2815 836 2918 875 non
2945 838 3009 876 ex
3032 826 3306 882 creatione
3331 828 3423 882 Dei
3448 840 3529 883 est
3560 831 3749 885 vitium

2162 904 2305 973 quod
2338 906 2642 962 voluntario
2673 919 2818 965 motu
2847 923 3033 967 natura
3062 917 3311 986 collegit;
3357 919 3449 973 sed
3489 921 3651 974 etiam
3678 920 3750 977 de

2162 994 2341 1048 vitiata
2398 1011 2493 1065 per
2533 1000 2876 1068 semetipsam
2925 1013 3114 1058 natura
3164 1007 3303 1061 Deus
3362 1008 3746 1066 institutionem

2162 1098 2314 1140 suam
2347 1088 2558 1156 quidem
2581 1106 2693 1146 suae
2724 1096 3013 1149 creatiouis
3042 1100 3385 1167 exsequitur;
3419 1101 3513 1155 sed
3541 1104 3746 1158 creatio

2162 1179 2366 1243 profert
2414 1180 2624 1246 vitium,
2667 1184 2809 1251 quod
2844 1201 2948 1239 non
2988 1201 3056 1240 ex
3110 1189 3440 1244 institutione
3474 1190 3744 1247 Creatoris

2159 1270 2387 1337 accepit,
2410 1272 2501 1325 sed
2522 1273 2661 1339 quod
2682 1274 2793 1342 ipsa
2819 1290 2911 1344 per
2939 1277 3143 1343 lapsum
3170 1282 3607 1349 transgressionis
3630 1298 3740 1338 sua:

2158 1360 2464 1428 assumpsit.
2505 1361 2634 1415 Nam
2683 1364 2727 1417 si
2773 1364 2872 1433 ipsi
2900 1368 3057 1435 primi
3090 1369 3332 1423 homines
3357 1386 3425 1425 ex
3456 1372 3634 1434 nullis,
3682 1383 3740 1427 ut

2157 1447 2360 1503 dictum
2383 1460 2483 1514 est,
2513 1454 2822 1518 parentibus
2850 1457 2981 1522 nati,
3013 1467 3065 1511 et
3086 1461 3204 1513 sine
3224 1461 3340 1513 ullo
3372 1460 3581 1516 formati
3608 1477 3737 1517 con-

2158 1538 2320 1607 tagio,
2352 1554 2446 1607 per
2472 1541 2726 1595 ambitum
2753 1546 3182 1614 prasamptionis
3202 1548 3398 1605 illicita:
3417 1552 3734 1621 semetipsos

2156 1628 2448 1697 depravare
2478 1639 2784 1699 potuerunt,
2807 1644 2861 1689 et
2886 1636 2940 1689 in
2969 1651 3132 1705 opere
3160 1638 3256 1693 Dei
3293 1654 3427 1708 Opus
3457 1642 3732 1698 diabolica:

472 1726 632 1780 Multa
662 1725 735 1778 illi
772 1739 891 1794 quae
933 1724 999 1778 de
1032 1723 1327 1793 Pelagianis
1354 1723 1600 1778 sensibus
1629 1738 1726 1777 nec
1757 1723 1810 1776 in
1844 1725 2048 1777 somnis
2077 1752 2126 1812 Β
2160 1721 2359 1776 fraudis
2404 1724 2712 1792 adnectere,
2764 1728 2891 1796 quid
2941 1730 3132 1784 mirum
3177 1733 3220 1785 si
3269 1733 3425 1787 iidem
3460 1734 3731 1803 depravati

472 1818 688 1872 onmino
719 1818 1069 1885 contigerant,
1100 1831 1198 1869 nos
1223 1816 1390 1884 magis
1428 1816 1683 1883 patefacta
1716 1814 2044 1883 prodidimus

469 1924 553 1973 ea,
594 1924 710 1977 qua:
749 1908 945 1962 dudum
976 1908 1217 1962 convicta
1257 1906 1419 1960 fuisse
1449 1905 1880 1959 monstravimus.
1920 1906 2045 1959 Ila'c

468 2003 628 2054 etiam
654 2002 787 2068 ipsa,
820 2015 937 2068 qua:
970 2000 1106 2052 idem
1142 1997 1380 2066 proferre
1410 1996 1709 2061 videbatur,
1739 1997 1863 2050 olim
1897 2007 1949 2051 et
1976 1997 2044 2052 ab

467 2093 733 2147 limreticis
771 2092 1064 2161 Pelagianis
1097 2090 1150 2144 in
1183 2090 1414 2143 medium
1452 2090 1708 2158 produt-ta
1738 2091 2038 2155 docuimus,

464 2194 517 2238 et
538 2200 567 2238 a
598 2184 876 2238 catholicis
903 2181 1340 2252 praedicatoribus
1374 2190 1745 2247 competenter
1766 2181 2037 2237 clisa.l’e-

463 2276 678 2344 lagium,
705 2274 1035 2338 leestium,
1062 2273 1355 2337 lulianum,
1380 2273 1712 2340 cmtero'sque
1732 2274 2038 2341 complures

460 2369 709 2421 oratoria:
749 2365 1007 2419 facundiae
1047 2366 1193 2418 viros
1223 2364 1275 2418 in
1311 2364 1408 2418 hac
1451 2368 1747 2420 assertione
1785 2366 2033 2436 probavi-

461 2474 580 2514 mus
603 2458 765 2511 fuisse
796 2458 1091 2524 convictos,
1125 2466 1179 2511 et
1202 2468 1306 2511 tam
1334 2457 1709 2512 ecclesiasticis
1728 2458 2035 2511 constitutis

457 2565 613 2619 quam
658 2549 1021 2617 imperialibus
1057 2550 1071 2580 ¹
1119 2550 1278 2603 etiam
1310 2564 1590 2618 percussos
1636 2550 1797 2603 fuisse
1826 2536 2033 2619 prmce-

456 2642 597 2711 ptis;
639 2642 861 2712 proinde
895 2643 1049 2697 istum
1081 2642 1223 2697 ferre
1260 2658 1366 2697 non
1406 2658 1560 2713 posse
1590 2642 1939 2712 firmavimus,
1979 2647 2030 2699 in

454 2733 646 2802 quibus
678 2733 752 2786 illi
781 2732 912 2788 tales
935 2735 1170 2802 tantique
1194 2734 1445 2803 prostrati
1479 2744 1624 2799 sunt,
1655 2735 1744 2804 qui
1774 2750 1871 2789 nec
1894 2738 2028 2804 ipsa,

452 2840 568 2891 qua:
612 2826 677 2879 ab
726 2824 826 2877 illis
868 2834 991 2878 sunt
1040 2824 1333 2893 disputata,
1378 2826 1458 2879 vel
1504 2825 1774 2881 intellecta
1814 2841 2027 2899 capere,

451 2917 532 2971 vel
574 2916 789 2986 eloquio
824 2916 987 2970 simili
1033 2918 1200 2986 possit
1236 2929 1499 2973 astruere.
1552 2918 1680 2985 Sed,
1725 2927 1781 2973 ut
1827 2920 2026 2975 dictant

449 3007 819 3075 est,diabolica
850 3025 987 3061 mens
1012 3008 1342 3078 inspiratione
1364 3011 1681 3079 possessa,in
1713 3012 2026 3080 profundum

2152 1811 2487 1879 protulerth
2513 1815 2752 1869 sobolem
2782 1817 3169 1887 depravatam?
3199 1821 3385 1877 Nonne
3412 1825 3569 1878 etiam
3604 1840 3726 1880 cum

2149 1901 2291 1956 Deus
2318 1901 2496 1972 utique
2526 1904 2749 1960 liberam
2781 1909 3081 1964 condiderit
3119 1911 3402 1967 humanam
3445 1929 3538 1968 sua
3577 1930 3727 1970 crea-

2147 1992 2293 2046 tione
2316 1994 2688 2057 substantiam,
2716 1997 2877 2052 etiam
2904 2000 3043 2068 apud
3079 2000 3341 2057 humanas
3373 2011 3545 2058 tamen
3578 2004 3726 2074 leges

2145 2086 2480 2140 extrinsecus
2504 2088 2768 2144 accedens
2790 2091 3022 2148 servitus
3052 2096 3365 2151 naturaliter
3396 2113 3513 2152 eam
3547 2097 3725 2154 reddit

2143 2176 2454 2230 obsuictam
2480 2187 2534 2231 et
2556 2180 2877 2235 obnoxiam?
2900 2183 3116 2252 Origine
3136 2197 3460 2253 generantur
3482 2188 3717 2251 obnoxii,

2142 2274 2197 2320 et
2216 2280 2279 2321 ex
2309 2268 2613 2324 conditione
2644 2271 2817 2325 servili
2839 2273 3123 2341 gignuntur
3147 2275 3376 2342 addicti;
3409 2287 3464 2331 et
3490 2292 3717 2332 nascen-

2140 2356 2210 2411 do
2239 2358 2367 2412 fiunt
2393 2361 2536 2429 prius
2559 2362 2775 2432 obligati
2802 2378 2958 2433 quam
3000 2366 3159 2435 geniti
3186 2385 3199 2420 :
3239 2367 3285 2422 si
3315 2369 3416 2423 hoc
3444 2370 3619 2439 agitur
3647 2370 3719 2426 de

2138 2450 2299 2505 rebus
2335 2461 2487 2506 extra
2532 2463 2775 2509 naturam
2815 2456 3022 2527 positis,
3066 2471 3264 2527 quanto
3311 2462 3480 2529 magis
3522 2461 3590 2517 de
3633 2462 3717 2515 his

2139 2542 2420 2608 provenire
2451 2556 2555 2596 non
2584 2545 2778 2599 mirum
2808 2556 2911 2610 est,
2935 2548 3123 2617 quibus
3162 2551 3274 2619 ipsa
3320 2550 3549 2604 humana
3580 2551 3713 2605 sub-

2135 2634 2329 2693 stantia
2360 2634 2646 2704 depravata
2679 2640 3059 2704 cognoscitur?
3097 2655 3160 2696 ac
3204 2655 3300 2711 per
3340 2642 3441 2697 hoc
3486 2643 3627 2697 sicut
3654 2658 3713 2698 se

2135 2724 2247 2792 ipsa
2272 2724 2497 2778 humana
2521 2727 2815 2782 substantia
2834 2728 2899 2783 de
2918 2728 3250 2786 institutione
3271 2732 3476 2786 sincera
3499 2742 3711 2789 actuum

2134 2816 2481 2882 reproborum
2514 2832 2603 2871 rea
2637 2816 2763 2871 fecit
2785 2819 3059 2875 voluntate
3110 2822 3390 2889 pollutam,
3434 2824 3511 2877 sic
3546 2824 3709 2878 edidit

2131 2906 2370 2961 sobolem
2421 2919 2580 2975 atque
2625 2911 2933 2978 progeniem
2980 2921 3183 2965 natura:
3230 2927 3342 2966 suae
3382 2929 3447 2967 ex
3490 2925 3704 2967 actuum

2131 3016 2346 3054 suorum
2381 3019 2468 3056 rea
2513 3003 2788 3057 voluntate
2831 3006 3187 3069 maculosum;
3235 3008 3355 3075 quia
3401 3008 3706 3077 hujusmodi

450 3100 647 3151 veniens
664 3102 778 3170 jam
802 3101 1053 3153 malorum
1079 3101 1146 3152 ad
1168 3101 1388 3154 remedia
1411 3102 1554 3155 nulla
1577 3104 1822 3155 consentit
1842 3102 2023 3173 (Prov.

2133 3095 2312 3163 genuit
2345 3095 2569 3163 prolem,
2615 3096 2916 3165 cuiusmodi
2952 3112 3011 3152 se
3040 3098 3151 3167 ipsa
3184 3098 3415 3152 reddidit
3458 3100 3706 3168 prtevari-

448 3190 619 3260 xvm).
641 3192 977 3260 Quapropter
995 3191 1059 3245 de
1082 3193 1378 3247 innumeris
1400 3193 1846 3263 blasphemiarum
1862 3211 2024 3266 gene-

446 3284 592 3337 ribus
606 3298 738 3352 quas
750 3293 995 3337 auctores
1010 3283 1303 3353 Pelaganae
1323 3285 1541 3340 hzcresis
1557 3287 2021 3355 addiderunt,tria,

356 3358 365 3368 ’
445 3389 562 3442 qua:
592 3372 694 3426 sibi
720 3373 983 3442 prmcipue
1001 3374 1083 3427 hic
1106 3389 1269 3427 senex
1289 3375 1549 3445 lugendus
1569 3378 2023 3443 ascivit,credidi-

445 3480 563 3519 mus
581 3479 685 3517 non
705 3462 1011 3529 tacenda,ut
1027 3475 1260 3518 reserata
1283 3466 1615 3522 manifestius
1634 3469 2020 3536 panderentur,

443 3563 497 3608 ct
518 3555 626 3608 Deo
640 3554 951 3609 destruente
974 3554 1180 3609 facilius
1199 3556 1507 3611 viderentur
1524 3573 1733 3614 eversa.
1753 3560 1806 3613 In
1831 3562 2016 3626 uteris,

448 3647 712 3715 inquiunt,
772 3653 1001 3699 matrum
1041 3660 1204 3715 opere
1254 3646 1435 3701 divino
1473 3660 1724 3704 creantur
1768 3652 2017 3719 infantes,

442 3744 723 3807 prOpterea
749 3735 951 3805 justum
982 3736 1150 3791 videri
1181 3754 1285 3792 non
1317 3747 1504 3808 putant
1528 3743 1666 3810 quad
1692 3743 1890 3798 factura
1922 3745 2018 3800 Dei

439 3827 557 3881 sine
578 3824 701 3880 ullis
732 3826 961 3894 prOpriis
987 3827 1286 3883 actionibus
1308 3830 1553 3899 cuiquam
1583 3842 1801 3900 peccato
1838 3836 2018 3905 gigna-

440 3927 526 3973 tur
555 3919 848 3983 obstricta;
878 3920 1242 3986 injuslumque
1269 3920 1436 3976 Deum
1470 3921 1687 3984 faciunt.
1721 3924 1765 3977 si
1799 3926 1874 3979 rei
1902 3926 2017 3980 efli-

437 4012 647 4066 ciantur
675 4018 959 4080 antequam
992 4011 1121 4065 nati.
1164 4012 1275 4066 [loc
1323 4014 1465 4067 velut
1514 4015 1881 4071 acutissinmm
1932 4018 2015 4073 sui

435 4103 700 4173 dogmatis
723 4112 950 4158 exerunt
978 4118 1373 4174 argumentum,
1397 4121 1503 4159 non
1528 4108 1865 4165 advertentes
1893 4114 2012 4179 quia

438 4196 594 4264 primi
620 4194 694 4247 illi
728 4203 974 4264 parentes
1012 4195 1224 4264 generis
1272 4195 1487 4250 hmnani
1527 4196 1593 4251 de
1639 4201 1795 4253 nullis
1834 4203 2014 4270 utique

436 4285 788 4354 genitoribus,
810 4284 905 4339 Sed
927 4286 994 4340 de
1023 4287 1236 4341 innoxia
1268 4288 1381 4341 limi
1407 4291 1625 4343 materia
1650 4296 1935 4360 procreati,
1959 4301 2013 4348 et

438 4390 569 4445 pure
608 4386 767 4446 atque
805 4379 1013 4431 sincere
1056 4386 1300 4445 potenter
1342 4389 1456 4432 arte
1499 4380 1674 4432 divina
1725 4386 2007 4451 compacti,

2132 3187 2356 3241 cationis
2403 3203 2645 3242 excessu.
2696 3188 2927 3259 Ideoque
2978 3205 3082 3244 non
3111 3192 3281 3245 solum
3322 3191 3389 3245 de
3416 3206 3474 3244 se
3509 3191 3707 3261 profert

2125 3278 2267 3348 quod
2305 3279 2441 3334 bene
2471 3279 2612 3333 Deus
2640 3280 2887 3345 instituit,
2933 3281 3025 3335 sed
3059 3284 3220 3336 etiam
3252 3284 3393 3352 quod
3424 3284 3563 3339 male
3594 3285 3706 3353 ipsa

2124 3367 2575 3435 inconsequenter
2602 3370 2814 3437 adjecit.
2843 3371 3300 3437 Quemadmodum
3328 3383 3505 3428 autem
3533 3375 3702 3440 quali-

2124 3464 2205 3511 tas
2227 3458 2446 3512 interior
2466 3459 2900 3526 appetendivalet
2920 3460 3202 3517 immutare
3225 3473 3491 3528 naturam,
3508 3464 3703 3518 divina:

2124 3546 2367 3601 lectionis
2397 3550 2712 3603 auctoritate
2740 3549 2999 3604 firmatur.
3046 3551 3135 3607 Sic
3175 3552 3401 3622 denique
3445 3564 3699 3622 pascente

2121 3637 2289 3692 Jaeob
2321 3635 2527 3707 (Cenes.
2563 3639 2721 3709 xxx),
2749 3642 3070 3697 commissus
3096 3644 3187 3700 ille
3209 3659 3332 3714 grex
3354 3646 3555 3710 ovium,
3580 3662 3700 3716 sup~

2121 3729 2289 3795 posita
2311 3730 2585 3784 canalibus
2612 3732 2865 3787 varietate
2895 3734 3187 3803 virgarum,
3210 3735 3337 3789 dum
3366 3746 3536 3805 potat,
3580 3737 3697 3793 ille.

2119 3830 2239 3873 ctus
2280 3819 2602 3877 afl’ectionali
2650 3823 3025 3891 delectatione,
3077 3829 3353 3898 concepit,
3401 3832 3543 3900 quod
3592 3846 3696 3885 non

2122 3909 2305 3965 habuit
2329 3910 2382 3963 in
2411 3920 2618 3977 natura,
2650 3923 2704 3967 et
2735 3916 2975 3970 molitum
3009 3918 3255 3973 sensibus
3284 3920 3607 3975 trausfnndit
3644 3923 3695 3977 in

2118 3998 2323 4067 prolem
2368 4000 2509 4068 quod
2543 4000 2593 4054 in
2626 4004 2899 4060 creatione
2930 4019 3038 4059 non
3079 4010 3325 4076 sumpsit.
3377 4010 3527 4076 Quod
3574 4022 3695 4066 tunc

2116 4088 2300 4155 utique
2324 4090 2614 4159 figuraliter
2642 4104 2844 4161 gesmm
2866 4137 2879 4159 ,
2907 4104 2961 4149 et
2997 4097 3047 4151 in
3078 4099 3458 4153 ecclesiasticis
3488 4101 3694 4170 signiﬁ-

2108 4179 2256 4232 cavit
2296 4181 2545 4248 gregibus
2589 4185 2688 4238 hoc
2726 4187 2978 4251 futurum,
3004 4196 3059 4241 et
3099 4189 3506 4258 Pelagianorum
3554 4192 3693 4246 Deus

2116 4270 2419 4337 prrevidens
2457 4274 2773 4339 calumnias,
2833 4287 2887 4330 et
2934 4280 3247 4335 excitandas
3292 4282 3536 4336 fidelibus
3580 4284 3691 4338 suis

2113 4361 2504 4417 decertationes
2553 4365 2957 4434 intelligentiam
2993 4372 3329 4439 prrepamvit.
3374 4375 3576 4429 Docent
3612 4376 3691 4429 di-

434 4468 665 4539 ‘auique
720 4469 1029 4533 nuonalcs’
1078 4470 1290 4536 propria
1346 4471 1616 4525 mmmam
1671 4474 2004 4529 seductorem
2034 4488 2086 4547 Β
2115 4454 2231 4547 vina
2258 4455 2579 4547 testimonia,
2616 4469 2673 4547 et
2709 4459 2819 4525 ipsa
2850 4461 3210 4517 ecclesiastica
3253 4477 3606 4531 sacramenta,
3638 4476 3691 4522 et

432 4561 603 4615 secuti
629 4560 916 4622 diabolum,
960 4561 1139 4627 pravis
1178 4562 1552 4628 cupiditatibus
1590 4580 1682 4631 per
1723 4582 2001 4621 excessum

433 4648 885 4721 prmvarieationis
911 4648 1089 4702 infecti
1117 4659 1257 4703 sunt.
1289 4649 1341 4702 In
1364 4652 1554 4719 quibus
1573 4652 1752 4721 utique
1777 4658 2003 4710 humana

430 4749 619 4797 natura
646 4740 899 4810 peccavit,
934 4749 987 4792 et
1013 4740 1239 4792 humana
1266 4750 1351 4794 est
1380 4740 1515 4794 facta
1560 4752 1745 4797 natura
1792 4745 1998 4813 vitiosa,

430 4831 691 4900 receptrix
722 4831 837 4883 sine
866 4828 1026 4883 dubio
1057 4829 1180 4882 mali
1208 4831 1347 4899 quod
1382 4840 1505 4885 ante
1551 4833 1835 4900 nescierat,
1882 4851 2002 4905 quze

426 4938 455 4976 a
488 4924 626 4977 bono
652 4931 901 4990 rectoque
925 4921 1199 4988 deficiens,
1226 4923 1275 4975 in
1306 4923 1547 4979 allectum
1592 4928 1714 4980 ntali
1744 4930 1996 4996 pravique

424 5014 662 5067 recidere
691 5013 805 5081 ipso
837 5027 1011 5066 rerum
1044 5017 1480 5082 consequentium
1520 5018 1727 5071 tramite
1774 5020 1999 5075 manife-

422 5111 560 5155 stum
589 5110 689 5157 est.
734 5101 887 5155 'l‘ales
926 5101 1083 5171 igitur
1116 5104 1286 5158 effecti
1329 5106 1595 5176 principes
1638 5120 1830 5163 nostra:
1872 5112 1999 5165 sub-

422 5192 651 5255 stantiae,
675 5193 988 5260 semetipsos
1010 5195 1293 5261 passibilt-s
1324 5208 1377 5250 et
1418 5201 1787 5267 corruptibiles
1817 5204 1992 5259 reddi-

421 5282 610 5336 derunt
634 5299 647 5345 ;
682 5282 732 5334 in
763 5290 963 5335 tantum
992 5283 1308 5339 conditionis
1329 5286 1518 5340 divina:
1547 5290 1681 5343 dona
1708 5293 1986 5363 violantes,

424 5382 480 5426 ut
508 5372 690 5425 mortis
714 5371 912 5426 fuerint
938 5375 1134 5428 ultione
1163 5377 1349 5445 puniti.
1377 5377 1483 5430 Hac
1512 5381 1652 5434 enim
1700 5383 1782 5435 die
1829 5383 1991 5440 fuisse

419 5475 660 5517 mortuos
704 5478 817 5548 qua.
843 5465 1095 5519 mortales
1142 5468 1317 5523 effecti
1344 5481 1491 5536 sunt,
1531 5476 1834 5546 ambiguum
1883 5495 1985 5536 non

493 5598 510 5631 ⁸
549 5600 789 5664 Honorii.
815 5598 1101 5658 Theodosii
1133 5612 1292 5673 atque
1312 5604 1631 5667 Constantii.

2112 4542 2179 4594 ah
2209 4543 2323 4608 ipso
2351 4544 2575 4597 Domino
2604 4546 2880 4603 Salvatore
2910 4550 3293 4606 catholicorum
3331 4554 3546 4607 traditio
3577 4570 3688 4609 ma-

2110 4634 2395 4695 gistrorum
2443 4632 2688 4688 humanre
2718 4640 3082 4705 generationis
3121 4642 3425 4696 decolorata
3462 4647 3688 4712 primor-

2110 4719 2215 4772 dia.
2248 4719 2382 4774 lliuc
2404 4724 2647 4790 estquod
2670 4726 2863 4780 clamat
2894 4731 3149 4795 propheta
3182 4750 3193 4783 :
3230 4733 3354 4797 Quis
3384 4736 3686 4802 gloriabitur

2106 4812 2311 4858 castum
2333 4824 2387 4860 se
2404 4808 2590 4862 [rabere
2611 4828 2721 4877 cor,
2746 4825 2837 4865 aut
2862 4818 3117 4871 mundum
3140 4837 3251 4875 esse
3270 4840 3300 4874 a
3320 4829 3573 4888 peccatis?
3594 4846 3687 4884 nec

2105 4894 2303 4961 infans,
2328 4899 2477 4966 cujus
2497 4909 2573 4952 est
2595 4905 2750 4957 unius
2770 4905 2877 4957 diei
2896 4910 3000 4960 vita
3022 4925 3178 4977 super
3199 4923 3391 4967 terrain
3418 4916 3535 4985 (Ec.
3563 4923 3681 4990 vu).

2105 4985 2244 5041 llinc
2262 4998 2342 5043 est
2362 4991 2502 5059 quod
2526 4992 2651 5046 item
2675 4997 2806 5050 dicit
2830 4998 3108 5069 Scriptura
3138 5020 3149 5055 :
3177 5006 3304 5071 Quis
3322 5019 3489 5073 potest
3510 4985 3685 5078 facere

2107 5075 2357 5127 mundum
2379 5078 2442 5131 de
2465 5080 2736 5136 immundo
2757 5099 3060 5157 conceptum
3086 5096 3307 5148 semine?
3327 5113 3494 5152 nonne
3510 5075 3569 5153 tu
3592 5105 3683 5171 qui

2106 5164 2247 5217 solus
2277 5183 2331 5219 es
2364 5169 2484 5237 (Job
2506 5173 2652 5238 xw)?
2672 5183 2725 5228 et
2746 5178 2872 5231 alibi
2900 5198 2912 5232 :
2938 5180 3075 5245 Quia
3112 5202 3283 5239 semen
3304 5228 3317 5251 ,
3343 5190 3545 5259 inquit,
3567 5164 3681 5248 erat

2102 5256 2424 5310 maledictum
2449 5259 2603 5329 (Sap.
2633 5264 2760 5329 xu);
2792 5280 2889 5319 nec
2913 5283 3015 5321 non
3044 5270 3203 5324 etiam
3235 5271 3396 5327 David
3420 5256 3680 5345 propheta

2104 5355 2325 5401 testatur
2352 5388 2363 5401 .
2400 5348 2464 5402 In
2486 5351 2836 5420 iniquitatibus
2867 5370 3138 5427 conceptus
3162 5380 3294 5430 sum,
3329 5378 3374 5418 et
3402 5370 3454 5421 in
3482 5372 3678 5426 delictis

2101 5438 2292 5527 peperit
2339 5455 2418 5491 me
2456 5451 2613 5495 mater
2658 5461 2769 5498 mea
2800 5447 2922 5515 (Ps.
2957 5452 3035 5520 ι).
3084 5452 3150 5507 Ει
3187 5454 3234 5509 si
3274 5458 3374 5512 hoc
3408 5459 3499 5514 ille
3526 5461 3677 5527 dicit,

2103 5525 2221 5594 quis
2247 5527 2401 5585 aliter
2437 5543 2498 5586 se
2545 5544 2750 5592 asserat
2794 5543 3177 5607 procreatum?
3223 5545 3420 5607 Beatus
3466 5525 3674 5621 quoque
