  <div class='ocr_page' id='page_1' title='image "/cluster/home/n/w/nwhite01/storage/ocr_20150623/59/hvd.32044073505117/024.png"; bbox 0 0 4098 6172; ppageno 0'>
   <div class='ocr_carea' id='block_1_1' title="bbox 369 264 3637 349">
    <p class='ocr_par' dir='ltr' id='par_1_1' title="bbox 369 264 3637 349">
     <span class='ocr_line' id='line_1_1' title="bbox 369 264 3637 349; baseline -0.007 -9"><span class='ocrx_word' id='word_1_1' title='bbox 369 296 443 349; x_wconf 79' lang='lat'><strong><em>5‘7</em></strong></span> <span class='ocrx_word' id='word_1_2' title='bbox 1552 274 1903 332; x_wconf 63' lang='lat' dir='ltr'><strong><em>EPISTOLIE</em></strong></span> <span class='ocrx_word' id='word_1_3' title='bbox 1944 273 2033 329; x_wconf 85' lang='lat' dir='ltr'><strong><em>ET</em></strong></span> <span class='ocrx_word' id='word_1_4' title='bbox 2073 271 2414 327; x_wconf 81' lang='lat' dir='ltr'><strong><em>DECRETA.</em></strong></span> <span class='ocrx_word' id='word_1_5' title='bbox 3571 264 3637 318; x_wconf 80' lang='lat'><strong><em>38</em></strong></span> 
     </span>
    </p>
   </div>
   <div class='ocr_carea' id='block_1_2' title="bbox 372 379 3639 467">
    <p class='ocr_par' dir='ltr' id='par_1_2' title="bbox 372 379 3639 467">
     <span class='ocr_line' id='line_1_2' title="bbox 372 379 3639 467; baseline -0.006 -14"><span class='ocrx_word' id='word_1_6' title='bbox 372 393 652 467; x_wconf 76' lang='lat' dir='ltr'><strong><em>apostolus</em></strong></span> <span class='ocrx_word' id='word_1_7' title='bbox 676 391 873 446; x_wconf 83' lang='lat' dir='ltr'><strong><em>Paulus</em></strong></span> <span class='ocrx_word' id='word_1_8' title='bbox 906 388 1098 443; x_wconf 81' lang='lat' dir='ltr'><strong><em>asserit</em></strong></span> <span class='ocrx_word' id='word_1_9' title='bbox 1132 404 1145 441; x_wconf 88' lang='lat'>:</span> <span class='ocrx_word' id='word_1_10' title='bbox 1179 387 1245 440; x_wconf 85' lang='lat' dir='ltr'><strong><em>Et</em></strong></span> <span class='ocrx_word' id='word_1_11' title='bbox 1294 403 1383 441; x_wconf 84' lang='lat' dir='ltr'><strong><em>nos</em></strong></span> <span class='ocrx_word' id='word_1_12' title='bbox 1430 386 1708 455; x_wconf 86' lang='lat' dir='ltr'><strong><em>aliquando</em></strong></span> <span class='ocrx_word' id='word_1_13' title='bbox 1749 401 1952 439; x_wconf 90' lang='lat' dir='ltr'><strong><em>eramus</em></strong></span> <span class='ocrx_word' id='word_1_14' title='bbox 1980 384 2337 454; x_wconf 63' lang='lat' dir='ltr'><strong><em>Apervenire</em></strong></span> <span class='ocrx_word' id='word_1_15' title='bbox 2398 397 2502 435; x_wconf 88' lang='lat' dir='ltr'><strong><em>non</em></strong></span> <span class='ocrx_word' id='word_1_16' title='bbox 2562 380 2787 449; x_wconf 89' lang='lat' dir='ltr'><strong><em>possint.</em></strong></span> <span class='ocrx_word' id='word_1_17' title='bbox 2864 379 3016 435; x_wconf 84' lang='lat' dir='ltr'><strong><em>[inde</em></strong></span> <span class='ocrx_word' id='word_1_18' title='bbox 3069 389 3125 434; x_wconf 91' lang='lat' dir='ltr'><strong><em>et</em></strong></span> <span class='ocrx_word' id='word_1_19' title='bbox 3177 380 3449 444; x_wconf 86' lang='lat' dir='ltr'><strong><em>Dominus,</em></strong></span> <span class='ocrx_word' id='word_1_20' title='bbox 3504 384 3639 437; x_wconf 79' lang='lat' dir='ltr'><strong><em>sicut</em></strong></span> 
     </span>
    </p>
   </div>
   <div class='ocr_carea' id='block_1_3' title="bbox 374 475 1959 552">
    <p class='ocr_par' dir='ltr' id='par_1_3' title="bbox 374 475 1959 552">
     <span class='ocr_line' id='line_1_3' title="bbox 374 475 1959 552; baseline -0.01 -9"><span class='ocrx_word' id='word_1_21' title='bbox 374 498 563 543; x_wconf 72' lang='lat' dir='ltr'><strong><em>natm</em></strong></span> <span class='ocrx_word' id='word_1_22' title='bbox 584 485 681 552; x_wconf 79' lang='lat' dir='ltr'><strong><em>ﬁlii</em></strong></span> <span class='ocrx_word' id='word_1_23' title='bbox 706 485 800 536; x_wconf 71' lang='grc' dir='ltr'><strong><em>ἐγω</em></strong></span> <span class='ocrx_word' id='word_1_24' title='bbox 823 481 953 535; x_wconf 86' lang='lat' dir='ltr'><strong><em>sicut</em></strong></span> <span class='ocrx_word' id='word_1_25' title='bbox 974 489 1021 533; x_wconf 87' lang='lat' dir='ltr'><strong><em>et</em></strong></span> <span class='ocrx_word' id='word_1_26' title='bbox 1041 480 1206 533; x_wconf 78' lang='lat' dir='ltr'><strong><em>cteteri</em></strong></span> <span class='ocrx_word' id='word_1_27' title='bbox 1227 477 1446 547; x_wconf 85' lang='lat' dir='ltr'><strong><em>(Ephes.</em></strong></span> <span class='ocrx_word' id='word_1_28' title='bbox 1518 492 1555 531; x_wconf 87' lang='lat' dir='ltr'><strong><em>ll</em></strong></span> <span class='ocrx_word' id='word_1_29' title='bbox 1580 479 1621 545; x_wconf 90' lang='lat'><strong><em>).</em></strong></span> <span class='ocrx_word' id='word_1_30' title='bbox 1657 478 1730 532; x_wconf 88' lang='lat' dir='ltr'><strong><em>De</em></strong></span> <span class='ocrx_word' id='word_1_31' title='bbox 1754 490 1858 545; x_wconf 87' lang='lat' dir='ltr'><strong><em>qua</em></strong></span> <span class='ocrx_word' id='word_1_32' title='bbox 1884 475 1959 529; x_wconf 86' lang='lat' dir='ltr'><strong><em>ira</em></strong></span> 
     </span>
    </p>
   </div>
   <div class='ocr_carea' id='block_1_4' title="bbox 374 566 1961 644">
    <p class='ocr_par' dir='ltr' id='par_1_4' title="bbox 374 566 1961 644">
     <span class='ocr_line' id='line_1_4' title="bbox 374 566 1961 644; baseline -0.009 -10"><span class='ocrx_word' id='word_1_33' title='bbox 374 581 433 635; x_wconf 85' lang='lat' dir='ltr'><strong><em>in</em></strong></span> <span class='ocrx_word' id='word_1_34' title='bbox 460 572 749 644; x_wconf 81' lang='lat' dir='ltr'><strong><em>Evangelia</em></strong></span> <span class='ocrx_word' id='word_1_35' title='bbox 767 570 927 626; x_wconf 87' lang='lat' dir='ltr'><strong><em>dicit:</em></strong></span> <span class='ocrx_word' id='word_1_36' title='bbox 954 570 1055 634; x_wconf 79' lang='lat' dir='ltr'><strong><em>Qui</em></strong></span> <span class='ocrx_word' id='word_1_37' title='bbox 1078 569 1368 632; x_wconf 74' lang='lat' dir='ltr'><strong><em>crediderit,</em></strong></span> <span class='ocrx_word' id='word_1_38' title='bbox 1400 576 1448 621; x_wconf 89' lang='lat' dir='ltr'><strong><em>et</em></strong></span> <span class='ocrx_word' id='word_1_39' title='bbox 1478 569 1762 637; x_wconf 72' lang='lat' dir='ltr'><strong><em>baptizatus</em></strong></span> <span class='ocrx_word' id='word_1_40' title='bbox 1788 566 1961 634; x_wconf 78' lang='lat' dir='ltr'><strong><em>fuerit,</em></strong></span> 
     </span>
    </p>
   </div>
   <div class='ocr_carea' id='block_1_5' title="bbox 377 658 1965 730">
    <p class='ocr_par' dir='ltr' id='par_1_5' title="bbox 377 658 1965 730">
     <span class='ocr_line' id='line_1_5' title="bbox 377 658 1965 730; baseline -0.009 -8"><span class='ocrx_word' id='word_1_41' title='bbox 377 669 579 724; x_wconf 85' lang='lat' dir='ltr'><strong><em>habebit</em></strong></span> <span class='ocrx_word' id='word_1_42' title='bbox 606 668 758 720; x_wconf 83' lang='lat' dir='ltr'><strong><em>vitam</em></strong></span> <span class='ocrx_word' id='word_1_43' title='bbox 776 671 1047 723; x_wconf 69' lang='lat' dir='ltr'><strong><em>turritam;</em></strong></span> <span class='ocrx_word' id='word_1_44' title='bbox 1074 662 1161 730; x_wconf 85' lang='lat' dir='ltr'><strong><em>qui</em></strong></span> <span class='ocrx_word' id='word_1_45' title='bbox 1186 670 1355 714; x_wconf 82' lang='lat' dir='ltr'><strong><em>autem</em></strong></span> <span class='ocrx_word' id='word_1_46' title='bbox 1393 676 1493 713; x_wconf 93' lang='lat' dir='ltr'><strong><em>non</em></strong></span> <span class='ocrx_word' id='word_1_47' title='bbox 1527 658 1821 722; x_wconf 80' lang='lat' dir='ltr'><strong><em>crediderit,</em></strong></span> <span class='ocrx_word' id='word_1_48' title='bbox 1848 658 1965 726; x_wconf 84' lang='lat' dir='ltr'><strong><em>jam</em></strong></span> 
     </span>
    </p>
   </div>
   <div class='ocr_carea' id='block_1_6' title="bbox 377 744 1966 823">
    <p class='ocr_par' dir='ltr' id='par_1_6' title="bbox 377 744 1966 823">
     <span class='ocr_line' id='line_1_6' title="bbox 377 744 1966 823; baseline -0.009 -13"><span class='ocrx_word' id='word_1_49' title='bbox 377 758 649 823; x_wconf 76' lang='lat' dir='ltr'><strong><em>iudicatus</em></strong></span> <span class='ocrx_word' id='word_1_50' title='bbox 675 761 767 815; x_wconf 83' lang='lat' dir='ltr'><strong><em>est,</em></strong></span> <span class='ocrx_word' id='word_1_51' title='bbox 796 757 845 803; x_wconf 87' lang='lat' dir='ltr'><strong><em>et</em></strong></span> <span class='ocrx_word' id='word_1_52' title='bbox 884 750 967 802; x_wconf 89' lang='lat' dir='ltr'><strong><em>ira</em></strong></span> <span class='ocrx_word' id='word_1_53' title='bbox 1006 748 1103 802; x_wconf 83' lang='lat' dir='ltr'><strong><em>Dei</em></strong></span> <span class='ocrx_word' id='word_1_54' title='bbox 1145 756 1312 801; x_wconf 89' lang='lat' dir='ltr'><strong><em>manet</em></strong></span> <span class='ocrx_word' id='word_1_55' title='bbox 1339 762 1494 816; x_wconf 85' lang='lat' dir='ltr'><strong><em>super</em></strong></span> <span class='ocrx_word' id='word_1_56' title='bbox 1518 763 1632 800; x_wconf 86' lang='lat' dir='ltr'><strong><em>eum</em></strong></span> <span class='ocrx_word' id='word_1_57' title='bbox 1658 744 1833 816; x_wconf 81' lang='lat' dir='ltr'><strong><em>(Joan.</em></strong></span> <span class='ocrx_word' id='word_1_58' title='bbox 1862 746 1966 813; x_wconf 84' lang='lat' dir='ltr'><strong><em>ut).</em></strong></span> 
     </span>
    </p>
   </div>
   <div class='ocr_carea' id='block_1_7' title="bbox 378 831 1968 911">
    <p class='ocr_par' dir='ltr' id='par_1_7' title="bbox 378 831 1968 911">
     <span class='ocr_line' id='line_1_7' title="bbox 378 831 1968 911; baseline -0.008 -10"><span class='ocrx_word' id='word_1_59' title='bbox 378 848 482 902; x_wconf 91' lang='lat' dir='ltr'><strong><em>llla</em></strong></span> <span class='ocrx_word' id='word_1_60' title='bbox 510 845 711 911; x_wconf 83' lang='lat' dir='ltr'><strong><em>utique,</em></strong></span> <span class='ocrx_word' id='word_1_61' title='bbox 743 840 812 895; x_wconf 88' lang='lat' dir='ltr'><strong><em>de</em></strong></span> <span class='ocrx_word' id='word_1_62' title='bbox 835 852 938 908; x_wconf 90' lang='lat' dir='ltr'><strong><em>qua</em></strong></span> <span class='ocrx_word' id='word_1_63' title='bbox 968 837 1166 892; x_wconf 90' lang='lat' dir='ltr'><strong><em>dictum</em></strong></span> <span class='ocrx_word' id='word_1_64' title='bbox 1196 845 1315 891; x_wconf 90' lang='lat' dir='ltr'><strong><em>est:</em></strong></span> <span class='ocrx_word' id='word_1_65' title='bbox 1346 834 1515 889; x_wconf 84' lang='lat' dir='ltr'><strong><em>Morte</em></strong></span> <span class='ocrx_word' id='word_1_66' title='bbox 1540 835 1773 889; x_wconf 85' lang='lat' dir='ltr'><strong><em>morieris</em></strong></span> <span class='ocrx_word' id='word_1_67' title='bbox 1813 831 1968 903; x_wconf 82' lang='lat' dir='ltr'><strong><em>(Cen.</em></strong></span> 
     </span>
    </p>
   </div>
   <div class='ocr_carea' id='block_1_8' title="bbox 382 925 1971 1004">
    <p class='ocr_par' dir='ltr' id='par_1_8' title="bbox 382 925 1971 1004">
     <span class='ocr_line' id='line_1_8' title="bbox 382 925 1971 1004; baseline -0.011 -14"><span class='ocrx_word' id='word_1_68' title='bbox 382 937 474 1004; x_wconf 87' lang='lat' dir='ltr'><strong><em>ll),</em></strong></span> <span class='ocrx_word' id='word_1_69' title='bbox 509 935 623 1001; x_wconf 85' lang='lat' dir='ltr'><strong><em>ipse</em></strong></span> <span class='ocrx_word' id='word_1_70' title='bbox 652 930 913 984; x_wconf 85' lang='lat' dir='ltr'><strong><em>Dominus</em></strong></span> <span class='ocrx_word' id='word_1_71' title='bbox 951 927 1105 981; x_wconf 81' lang='lat' dir='ltr'><strong><em>.lesus</em></strong></span> <span class='ocrx_word' id='word_1_72' title='bbox 1131 925 1374 981; x_wconf 81' lang='lat' dir='ltr'><strong><em>Christus</em></strong></span> <span class='ocrx_word' id='word_1_73' title='bbox 1411 925 1616 980; x_wconf 78' lang='lat' dir='ltr'><strong><em>ctelesti</em></strong></span> <span class='ocrx_word' id='word_1_74' title='bbox 1662 938 1797 979; x_wconf 89' lang='lat' dir='ltr'><strong><em>voce</em></strong></span> <span class='ocrx_word' id='word_1_75' title='bbox 1847 938 1971 991; x_wconf 77' lang='lat' dir='ltr'><strong><em>pru-</em></strong></span> 
     </span>
    </p>
   </div>
   <div class='ocr_carea' id='block_1_9' title="bbox 388 1012 1974 1085">
    <p class='ocr_par' dir='ltr' id='par_1_9' title="bbox 388 1012 1974 1085">
     <span class='ocr_line' id='line_1_9' title="bbox 388 1012 1974 1085; baseline -0.009 -6"><span class='ocrx_word' id='word_1_76' title='bbox 388 1026 643 1083; x_wconf 86' lang='lat' dir='ltr'><strong><em>nuntiat:</em></strong></span> <span class='ocrx_word' id='word_1_77' title='bbox 680 1020 783 1085; x_wconf 82' lang='lat' dir='ltr'><strong><em>Qui</em></strong></span> <span class='ocrx_word' id='word_1_78' title='bbox 814 1036 915 1072; x_wconf 89' lang='lat' dir='ltr'><strong><em>non</em></strong></span> <span class='ocrx_word' id='word_1_79' title='bbox 938 1018 1313 1071; x_wconf 77' lang='lat' dir='ltr'><strong><em>manducauerit</em></strong></span> <span class='ocrx_word' id='word_1_80' title='bbox 1350 1032 1555 1069; x_wconf 88' lang='lat' dir='ltr'><strong><em>carnem</em></strong></span> <span class='ocrx_word' id='word_1_81' title='bbox 1587 1014 1715 1068; x_wconf 82' lang='lat' dir='ltr'><strong><em>Filii</em></strong></span> <span class='ocrx_word' id='word_1_82' title='bbox 1754 1012 1974 1067; x_wconf 84' lang='lat' dir='ltr'><strong><em>hominis</em></strong></span> 
     </span>
    </p>
   </div>
   <div class='ocr_carea' id='block_1_10' title="bbox 391 1108 1979 1183">
    <p class='ocr_par' dir='ltr' id='par_1_10' title="bbox 391 1108 1979 1183">
     <span class='ocr_line' id='line_1_10' title="bbox 391 1108 1979 1183; baseline -0.009 -12"><span class='ocrx_word' id='word_1_83' title='bbox 391 1128 438 1171; x_wconf 86' lang='lat' dir='ltr'><strong><em>et</em></strong></span> <span class='ocrx_word' id='word_1_84' title='bbox 475 1116 648 1170; x_wconf 87' lang='lat' dir='ltr'><strong><em>biberit</em></strong></span> <span class='ocrx_word' id='word_1_85' title='bbox 688 1113 988 1182; x_wconf 84' lang='lat' dir='ltr'><strong><em>sanguinem</em></strong></span> <span class='ocrx_word' id='word_1_86' title='bbox 1026 1114 1174 1183; x_wconf 81' lang='lat' dir='ltr'><strong><em>ejus,</em></strong></span> <span class='ocrx_word' id='word_1_87' title='bbox 1216 1124 1319 1162; x_wconf 90' lang='lat' dir='ltr'><strong><em>non</em></strong></span> <span class='ocrx_word' id='word_1_88' title='bbox 1365 1108 1563 1161; x_wconf 86' lang='lat' dir='ltr'><strong><em>habebit</em></strong></span> <span class='ocrx_word' id='word_1_89' title='bbox 1604 1108 1761 1160; x_wconf 82' lang='lat' dir='ltr'><strong><em>vitam</em></strong></span> <span class='ocrx_word' id='word_1_90' title='bbox 1805 1108 1860 1158; x_wconf 88' lang='lat' dir='ltr'><strong><em>in</em></strong></span> <span class='ocrx_word' id='word_1_91' title='bbox 1898 1120 1979 1157; x_wconf 85' lang='lat' dir='ltr'><strong><em>se-</em></strong></span> 
     </span>
    </p>
   </div>
   <div class='ocr_carea' id='block_1_11' title="bbox 398 1198 1979 1276">
    <p class='ocr_par' dir='ltr' id='par_1_11' title="bbox 398 1198 1979 1276">
     <span class='ocr_line' id='line_1_11' title="bbox 398 1198 1979 1276; baseline -0.006 -16"><span class='ocrx_word' id='word_1_92' title='bbox 398 1209 665 1276; x_wconf 82' lang='lat' dir='ltr'><strong><em>metipsum</em></strong></span> <span class='ocrx_word' id='word_1_93' title='bbox 696 1203 887 1275; x_wconf 83' lang='lat' dir='ltr'><strong><em>(Joan.</em></strong></span> <span class='ocrx_word' id='word_1_94' title='bbox 927 1202 1046 1273; x_wconf 82' lang='lat' dir='ltr'><strong><em>vi),</em></strong></span> <span class='ocrx_word' id='word_1_95' title='bbox 1099 1202 1188 1256; x_wconf 89' lang='lat' dir='ltr'><strong><em>ubi</em></strong></span> <span class='ocrx_word' id='word_1_96' title='bbox 1222 1201 1403 1270; x_wconf 84' lang='lat' dir='ltr'><strong><em>utique</em></strong></span> <span class='ocrx_word' id='word_1_97' title='bbox 1440 1199 1707 1254; x_wconf 86' lang='lat' dir='ltr'><strong><em>neminem</em></strong></span> <span class='ocrx_word' id='word_1_98' title='bbox 1736 1198 1979 1253; x_wconf 86' lang='lat' dir='ltr'><strong><em>videmus</em></strong></span> 
     </span>
    </p>
   </div>
   <div class='ocr_carea' id='block_1_12' title="bbox 393 1289 1979 1364">
    <p class='ocr_par' dir='ltr' id='par_1_12' title="bbox 393 1289 1979 1364">
     <span class='ocr_line' id='line_1_12' title="bbox 393 1289 1979 1364; baseline -0.008 -12"><span class='ocrx_word' id='word_1_99' title='bbox 393 1306 715 1364; x_wconf 82' lang='lat' dir='ltr'><strong><em>exceptum;</em></strong></span> <span class='ocrx_word' id='word_1_100' title='bbox 773 1308 874 1347; x_wconf 91' lang='lat' dir='ltr'><strong><em>nec</em></strong></span> <span class='ocrx_word' id='word_1_101' title='bbox 918 1307 1079 1347; x_wconf 89' lang='lat' dir='ltr'><strong><em>ausus</em></strong></span> <span class='ocrx_word' id='word_1_102' title='bbox 1101 1301 1182 1345; x_wconf 86' lang='lat' dir='ltr'><strong><em>est</em></strong></span> <span class='ocrx_word' id='word_1_103' title='bbox 1208 1290 1403 1360; x_wconf 86' lang='lat' dir='ltr'><strong><em>aliquis</em></strong></span> <span class='ocrx_word' id='word_1_104' title='bbox 1447 1289 1653 1354; x_wconf 83' lang='lat' dir='ltr'><strong><em>dicere,</em></strong></span> <span class='ocrx_word' id='word_1_105' title='bbox 1692 1289 1979 1358; x_wconf 90' lang='lat' dir='ltr'><strong><em>parvulum</em></strong></span> 
     </span>
    </p>
   </div>
   <div class='ocr_carea' id='block_1_13' title="bbox 392 1380 1982 1448">
    <p class='ocr_par' dir='ltr' id='par_1_13' title="bbox 392 1380 1982 1448">
     <span class='ocr_line' id='line_1_13' title="bbox 392 1380 1982 1448; baseline -0.005 -8"><span class='ocrx_word' id='word_1_106' title='bbox 392 1388 513 1441; x_wconf 87' lang='lat' dir='ltr'><strong><em>sine</em></strong></span> <span class='ocrx_word' id='word_1_107' title='bbox 535 1385 638 1440; x_wconf 90' lang='lat' dir='ltr'><strong><em>hoc</em></strong></span> <span class='ocrx_word' id='word_1_108' title='bbox 665 1392 1002 1438; x_wconf 88' lang='lat' dir='ltr'><strong><em>sacramento</em></strong></span> <span class='ocrx_word' id='word_1_109' title='bbox 1029 1380 1249 1436; x_wconf 85' lang='lat' dir='ltr'><strong><em>salutari</em></strong></span> <span class='ocrx_word' id='word_1_110' title='bbox 1271 1382 1337 1434; x_wconf 90' lang='lat' dir='ltr'><strong><em>ad</em></strong></span> <span class='ocrx_word' id='word_1_111' title='bbox 1362 1389 1617 1435; x_wconf 58' lang='lat' dir='ltr'><strong><em>aeternam</em></strong></span> <span class='ocrx_word' id='word_1_112' title='bbox 1640 1381 1799 1433; x_wconf 87' lang='lat' dir='ltr'><strong><em>vitam</em></strong></span> <span class='ocrx_word' id='word_1_113' title='bbox 1822 1392 1982 1448; x_wconf 87' lang='lat' dir='ltr'><strong><em>posse</em></strong></span> 
     </span>
    </p>
   </div>
   <div class='ocr_carea' id='block_1_14' title="bbox 2074 470 3643 541">
    <p class='ocr_par' dir='ltr' id='par_1_14' title="bbox 2074 470 3643 541">
     <span class='ocr_line' id='line_1_14' title="bbox 2074 470 3643 541; baseline 0.001 -15"><span class='ocrx_word' id='word_1_114' title='bbox 2074 474 2325 540; x_wconf 86' lang='lat' dir='ltr'><strong><em>superius</em></strong></span> <span class='ocrx_word' id='word_1_115' title='bbox 2362 472 2620 536; x_wconf 76' lang='lat' dir='ltr'><strong><em>diximus,</em></strong></span> <span class='ocrx_word' id='word_1_116' title='bbox 2678 470 2753 524; x_wconf 86' lang='lat' dir='ltr'><strong><em>ait</em></strong></span> <span class='ocrx_word' id='word_1_117' title='bbox 2790 470 2964 540; x_wconf 86' lang='lat' dir='ltr'><strong><em>(quod</em></strong></span> <span class='ocrx_word' id='word_1_118' title='bbox 3007 471 3186 539; x_wconf 89' lang='lat' dir='ltr'><strong><em>utique</em></strong></span> <span class='ocrx_word' id='word_1_119' title='bbox 3224 472 3324 527; x_wconf 83' lang='lat' dir='ltr'><strong><em>nisi</em></strong></span> <span class='ocrx_word' id='word_1_120' title='bbox 3368 473 3643 541; x_wconf 74' lang='lat' dir='ltr'><strong><em>baptism-is</em></strong></span> 
     </span>
    </p>
   </div>
   <div class='ocr_carea' id='block_1_15' title="bbox 2069 559 3647 630">
    <p class='ocr_par' dir='ltr' id='par_1_15' title="bbox 2069 559 3647 630">
     <span class='ocr_line' id='line_1_15' title="bbox 2069 559 3647 630; baseline 0.002 -15"><span class='ocrx_word' id='word_1_121' title='bbox 2069 576 2172 615; x_wconf 92' lang='lat' dir='ltr'><strong><em>non</em></strong></span> <span class='ocrx_word' id='word_1_122' title='bbox 2230 560 2508 630; x_wconf 87' lang='lat' dir='ltr'><strong><em>convenit)</em></strong></span> <span class='ocrx_word' id='word_1_123' title='bbox 2539 575 2554 614; x_wconf 91' lang='lat'><strong>:</strong></span> <span class='ocrx_word' id='word_1_124' title='bbox 2601 559 2703 627; x_wconf 84' lang='lat' dir='ltr'><strong><em>Qui</em></strong></span> <span class='ocrx_word' id='word_1_125' title='bbox 2751 576 2851 612; x_wconf 88' lang='lat' dir='ltr'><strong><em>non</em></strong></span> <span class='ocrx_word' id='word_1_126' title='bbox 2878 562 3253 616; x_wconf 76' lang='lat' dir='ltr'><strong><em>manducarerit</em></strong></span> <span class='ocrx_word' id='word_1_127' title='bbox 3284 579 3487 618; x_wconf 87' lang='lat' dir='ltr'><strong><em>carnem</em></strong></span> <span class='ocrx_word' id='word_1_128' title='bbox 3520 563 3647 618; x_wconf 81' lang='lat' dir='ltr'><strong><em>Filii</em></strong></span> 
     </span>
    </p>
   </div>
   <div class='ocr_carea' id='block_1_16' title="bbox 2069 650 3648 723">
    <p class='ocr_par' dir='ltr' id='par_1_16' title="bbox 2069 650 3648 723">
     <span class='ocr_line' id='line_1_16' title="bbox 2069 650 3648 723; baseline 0.005 -22"><span class='ocrx_word' id='word_1_129' title='bbox 2069 652 2311 716; x_wconf 77' lang='lat' dir='ltr'><strong><em>hominis,</em></strong></span> <span class='ocrx_word' id='word_1_130' title='bbox 2343 661 2389 703; x_wconf 90' lang='lat' dir='ltr'><strong><em>et</em></strong></span> <span class='ocrx_word' id='word_1_131' title='bbox 2421 651 2598 703; x_wconf 74' lang='lat' dir='ltr'><strong><em>biberit</em></strong></span> <span class='ocrx_word' id='word_1_132' title='bbox 2624 650 2924 720; x_wconf 86' lang='lat' dir='ltr'><strong><em>sanguinem</em></strong></span> <span class='ocrx_word' id='word_1_133' title='bbox 2959 654 3090 723; x_wconf 86' lang='lat' dir='ltr'><strong><em>ejus,</em></strong></span> <span class='ocrx_word' id='word_1_134' title='bbox 3128 669 3229 706; x_wconf 89' lang='lat' dir='ltr'><strong><em>non</em></strong></span> <span class='ocrx_word' id='word_1_135' title='bbox 3262 654 3460 708; x_wconf 86' lang='lat' dir='ltr'><strong><em>habebit</em></strong></span> <span class='ocrx_word' id='word_1_136' title='bbox 3498 658 3648 709; x_wconf 81' lang='lat' dir='ltr'><strong><em>uitam</em></strong></span> 
     </span>
    </p>
   </div>
   <div class='ocr_carea' id='block_1_17' title="bbox 2072 738 3649 814">
    <p class='ocr_par' dir='ltr' id='par_1_17' title="bbox 2072 738 3649 814">
     <span class='ocr_line' id='line_1_17' title="bbox 2072 738 3649 814; baseline 0.005 -22"><span class='ocrx_word' id='word_1_137' title='bbox 2072 741 2125 792; x_wconf 87' lang='lat' dir='ltr'><strong><em>in</em></strong></span> <span class='ocrx_word' id='word_1_138' title='bbox 2152 742 2421 810; x_wconf 82' lang='lat' dir='ltr'><strong><em>semetipso</em></strong></span> <span class='ocrx_word' id='word_1_139' title='bbox 2450 738 2637 809; x_wconf 86' lang='lat' dir='ltr'><strong><em>(Joan.</em></strong></span> <span class='ocrx_word' id='word_1_140' title='bbox 2669 739 2797 809; x_wconf 77' lang='lat' dir='ltr'><strong><em>vr);</em></strong></span> <span class='ocrx_word' id='word_1_141' title='bbox 2844 739 2962 794; x_wconf 88' lang='lat' dir='ltr'><strong><em>sine</em></strong></span> <span class='ocrx_word' id='word_1_142' title='bbox 3001 742 3111 796; x_wconf 86' lang='lat' dir='ltr'><strong><em>vita</em></strong></span> <span class='ocrx_word' id='word_1_143' title='bbox 3149 751 3328 798; x_wconf 83' lang='lat' dir='ltr'><strong><em>autem</em></strong></span> <span class='ocrx_word' id='word_1_144' title='bbox 3358 758 3479 799; x_wconf 88' lang='lat' dir='ltr'><strong><em>esse</em></strong></span> <span class='ocrx_word' id='word_1_145' title='bbox 3532 762 3649 814; x_wconf 87' lang='lat' dir='ltr'><strong><em>per-</em></strong></span> 
     </span>
    </p>
   </div>
   <div class='ocr_carea' id='block_1_18' title="bbox 2074 830 3651 901">
    <p class='ocr_par' dir='ltr' id='par_1_18' title="bbox 2074 830 3651 901">
     <span class='ocr_line' id='line_1_18' title="bbox 2074 830 3651 901; baseline 0.003 -15"><span class='ocrx_word' id='word_1_146' title='bbox 2074 841 2233 900; x_wconf 86' lang='lat' dir='ltr'><strong><em>petua</em></strong></span> <span class='ocrx_word' id='word_1_147' title='bbox 2273 832 2400 901; x_wconf 91' lang='lat' dir='ltr'><strong><em>quid</em></strong></span> <span class='ocrx_word' id='word_1_148' title='bbox 2439 840 2521 886; x_wconf 90' lang='lat' dir='ltr'><strong><em>est</em></strong></span> <span class='ocrx_word' id='word_1_149' title='bbox 2570 830 2675 885; x_wconf 88' lang='lat' dir='ltr'><strong><em>nisi</em></strong></span> <span class='ocrx_word' id='word_1_150' title='bbox 2706 830 2760 884; x_wconf 92' lang='lat' dir='ltr'><strong><em>in</em></strong></span> <span class='ocrx_word' id='word_1_151' title='bbox 2801 831 3125 899; x_wconf 88' lang='lat' dir='ltr'><strong><em>sempiterna</em></strong></span> <span class='ocrx_word' id='word_1_152' title='bbox 3168 842 3339 889; x_wconf 90' lang='lat' dir='ltr'><strong><em>morte</em></strong></span> <span class='ocrx_word' id='word_1_153' title='bbox 3367 835 3651 890; x_wconf 74' lang='lat' dir='ltr'><strong><em>consumit</em></strong></span> 
     </span>
    </p>
   </div>
   <div class='ocr_carea' id='block_1_19' title="bbox 2073 921 3652 992">
    <p class='ocr_par' dir='ltr' id='par_1_19' title="bbox 2073 921 3652 992">
     <span class='ocr_line' id='line_1_19' title="bbox 2073 921 3652 992; baseline 0.004 -20"><span class='ocrx_word' id='word_1_154' title='bbox 2073 922 2319 990; x_wconf 82' lang='lat' dir='ltr'><strong><em>quamvis</em></strong></span> <span class='ocrx_word' id='word_1_155' title='bbox 2341 922 2477 988; x_wconf 81' lang='lat' dir='ltr'><strong><em>idem</em></strong></span> <span class='ocrx_word' id='word_1_156' title='bbox 2507 921 2577 975; x_wconf 89' lang='lat' dir='ltr'><strong><em>sit</em></strong></span> <span class='ocrx_word' id='word_1_157' title='bbox 2598 935 2817 991; x_wconf 80' lang='lat' dir='ltr'><strong><em>regnum</em></strong></span> <span class='ocrx_word' id='word_1_158' title='bbox 2840 922 3095 975; x_wconf 68' lang='lat' dir='ltr'><strong><em>caelorum</em></strong></span> <span class='ocrx_word' id='word_1_159' title='bbox 3122 923 3263 990; x_wconf 88' lang='lat' dir='ltr'><strong><em>quod</em></strong></span> <span class='ocrx_word' id='word_1_160' title='bbox 3298 935 3496 979; x_wconf 65' lang='lat' dir='ltr'><strong><em>aiterna</em></strong></span> <span class='ocrx_word' id='word_1_161' title='bbox 3525 928 3652 992; x_wconf 83' lang='lat' dir='ltr'><strong><em>vita,</em></strong></span> 
     </span>
    </p>
   </div>
   <div class='ocr_carea' id='block_1_20' title="bbox 2077 1011 3655 1083">
    <p class='ocr_par' dir='ltr' id='par_1_20' title="bbox 2077 1011 3655 1083">
     <span class='ocr_line' id='line_1_20' title="bbox 2077 1011 3655 1083; baseline 0.004 -18"><span class='ocrx_word' id='word_1_162' title='bbox 2077 1021 2288 1076; x_wconf 87' lang='lat' dir='ltr'><strong><em>tamen,</em></strong></span> <span class='ocrx_word' id='word_1_163' title='bbox 2348 1022 2403 1065; x_wconf 91' lang='lat' dir='ltr'><strong><em>ut</em></strong></span> <span class='ocrx_word' id='word_1_164' title='bbox 2460 1011 2791 1080; x_wconf 82' lang='lat' dir='ltr'><strong><em>providentia</em></strong></span> <span class='ocrx_word' id='word_1_165' title='bbox 2852 1011 2943 1065; x_wconf 88' lang='lat' dir='ltr'><strong><em>Dei</em></strong></span> <span class='ocrx_word' id='word_1_166' title='bbox 3008 1027 3195 1067; x_wconf 91' lang='lat' dir='ltr'><strong><em>omnes</em></strong></span> <span class='ocrx_word' id='word_1_167' title='bbox 3248 1015 3655 1083; x_wconf 78' lang='lat' dir='ltr'><strong><em>Pelagianorum</em></strong></span> 
     </span>
    </p>
   </div>
   <div class='ocr_carea' id='block_1_21' title="bbox 2078 1102 3656 1171">
    <p class='ocr_par' dir='ltr' id='par_1_21' title="bbox 2078 1102 3656 1171">
     <span class='ocr_line' id='line_1_21' title="bbox 2078 1102 3656 1171; baseline 0.003 -17"><span class='ocrx_word' id='word_1_168' title='bbox 2078 1102 2343 1170; x_wconf 84' lang='lat' dir='ltr'><strong><em>nequitias</em></strong></span> <span class='ocrx_word' id='word_1_169' title='bbox 2386 1108 2711 1169; x_wconf 88' lang='lat' dir='ltr'><strong><em>amputaret,</em></strong></span> <span class='ocrx_word' id='word_1_170' title='bbox 2757 1114 2865 1156; x_wconf 92' lang='lat' dir='ltr'><strong><em>non</em></strong></span> <span class='ocrx_word' id='word_1_171' title='bbox 2908 1102 3081 1156; x_wconf 91' lang='lat' dir='ltr'><strong><em>solum</em></strong></span> <span class='ocrx_word' id='word_1_172' title='bbox 3122 1102 3323 1158; x_wconf 90' lang='lat' dir='ltr'><strong><em>dictum</em></strong></span> <span class='ocrx_word' id='word_1_173' title='bbox 3369 1114 3452 1159; x_wconf 90' lang='lat' dir='ltr'><strong><em>est</em></strong></span> <span class='ocrx_word' id='word_1_174' title='bbox 3494 1122 3507 1159; x_wconf 86' lang='lat'><strong>:</strong></span> <span class='ocrx_word' id='word_1_175' title='bbox 3557 1107 3656 1171; x_wconf 80' lang='lat' dir='ltr'><strong><em>Qui</em></strong></span> 
     </span>
    </p>
   </div>
   <div class='ocr_carea' id='block_1_22' title="bbox 2080 1194 3658 1263">
    <p class='ocr_par' dir='ltr' id='par_1_22' title="bbox 2080 1194 3658 1263">
     <span class='ocr_line' id='line_1_22' title="bbox 2080 1194 3658 1263; baseline 0.003 -17"><span class='ocrx_word' id='word_1_176' title='bbox 2080 1210 2179 1247; x_wconf 87' lang='lat' dir='ltr'><strong><em>non</em></strong></span> <span class='ocrx_word' id='word_1_177' title='bbox 2218 1194 2366 1261; x_wconf 81' lang='lat' dir='ltr'><strong><em>fuerit</em></strong></span> <span class='ocrx_word' id='word_1_178' title='bbox 2392 1203 2596 1246; x_wconf 83' lang='lat' dir='ltr'><strong><em>renatus</em></strong></span> <span class='ocrx_word' id='word_1_179' title='bbox 2618 1209 2682 1247; x_wconf 79' lang='lat' dir='ltr'><strong><em>ea:</em></strong></span> <span class='ocrx_word' id='word_1_180' title='bbox 2705 1210 2837 1262; x_wconf 85' lang='lat' dir='ltr'><strong><em>aqua</em></strong></span> <span class='ocrx_word' id='word_1_181' title='bbox 2862 1203 2909 1247; x_wconf 89' lang='lat' dir='ltr'><strong><em>et</em></strong></span> <span class='ocrx_word' id='word_1_182' title='bbox 2938 1194 3138 1263; x_wconf 82' lang='lat' dir='ltr'><strong><em>Spiritu</em></strong></span> <span class='ocrx_word' id='word_1_183' title='bbox 3160 1206 3335 1249; x_wconf 84' lang='lat' dir='ltr'><strong><em>sancto</em></strong></span> <span class='ocrx_word' id='word_1_184' title='bbox 3364 1212 3466 1250; x_wconf 87' lang='lat' dir='ltr'><strong><em>non</em></strong></span> <span class='ocrx_word' id='word_1_185' title='bbox 3493 1198 3658 1251; x_wconf 86' lang='lat' dir='ltr'><strong><em>intra-</em></strong></span> 
     </span>
    </p>
   </div>
   <div class='ocr_carea' id='block_1_23' title="bbox 2080 1282 3661 1352">
    <p class='ocr_par' dir='ltr' id='par_1_23' title="bbox 2080 1282 3661 1352">
     <span class='ocr_line' id='line_1_23' title="bbox 2080 1282 3661 1352; baseline 0.004 -17"><span class='ocrx_word' id='word_1_186' title='bbox 2080 1284 2147 1335; x_wconf 87' lang='lat' dir='ltr'><strong><em>bit</em></strong></span> <span class='ocrx_word' id='word_1_187' title='bbox 2179 1284 2231 1336; x_wconf 89' lang='lat' dir='ltr'><strong><em>in</em></strong></span> <span class='ocrx_word' id='word_1_188' title='bbox 2260 1300 2469 1352; x_wconf 87' lang='lat' dir='ltr'><strong><em>regnum</em></strong></span> <span class='ocrx_word' id='word_1_189' title='bbox 2489 1282 2731 1337; x_wconf 78' lang='lat' dir='ltr'><strong><em>ctelorum</em></strong></span> <span class='ocrx_word' id='word_1_190' title='bbox 2763 1282 2949 1352; x_wconf 85' lang='lat' dir='ltr'><strong><em>(Joan.</em></strong></span> <span class='ocrx_word' id='word_1_191' title='bbox 2985 1284 3107 1352; x_wconf 82' lang='lat' dir='ltr'><strong><em>in);</em></strong></span> <span class='ocrx_word' id='word_1_192' title='bbox 3150 1285 3242 1339; x_wconf 90' lang='lat' dir='ltr'><strong><em>sed</em></strong></span> <span class='ocrx_word' id='word_1_193' title='bbox 3270 1286 3429 1340; x_wconf 91' lang='lat' dir='ltr'><strong><em>etiam</em></strong></span> <span class='ocrx_word' id='word_1_194' title='bbox 3462 1288 3661 1351; x_wconf 87' lang='lat' dir='ltr'><strong><em>pariter</em></strong></span> 
     </span>
    </p>
   </div>
   <div class='ocr_carea' id='block_1_24' title="bbox 2082 1372 3661 1439">
    <p class='ocr_par' dir='ltr' id='par_1_24' title="bbox 2082 1372 3661 1439">
     <span class='ocr_line' id='line_1_24' title="bbox 2082 1372 3661 1439; baseline 0.003 -13"><span class='ocrx_word' id='word_1_195' title='bbox 2082 1372 2284 1427; x_wconf 88' lang='lat' dir='ltr'><strong><em>dictum</em></strong></span> <span class='ocrx_word' id='word_1_196' title='bbox 2314 1383 2432 1427; x_wconf 88' lang='lat' dir='ltr'><strong><em>est:</em></strong></span> <span class='ocrx_word' id='word_1_197' title='bbox 2471 1374 2573 1439; x_wconf 84' lang='lat' dir='ltr'><strong><em>Qui</em></strong></span> <span class='ocrx_word' id='word_1_198' title='bbox 2605 1390 2707 1425; x_wconf 85' lang='lat' dir='ltr'><strong><em>non</em></strong></span> <span class='ocrx_word' id='word_1_199' title='bbox 2753 1374 3133 1427; x_wconf 72' lang='lat' dir='ltr'><strong><em>manducauerit</em></strong></span> <span class='ocrx_word' id='word_1_200' title='bbox 3159 1391 3364 1429; x_wconf 81' lang='lat' dir='ltr'><strong><em>carnem</em></strong></span> <span class='ocrx_word' id='word_1_201' title='bbox 3399 1377 3530 1431; x_wconf 79' lang='lat' dir='ltr'><strong><em>Filii</em></strong></span> <span class='ocrx_word' id='word_1_202' title='bbox 3568 1377 3661 1431; x_wconf 84' lang='lat' dir='ltr'><strong><em>lto-</em></strong></span> 
     </span>
    </p>
   </div>
   <div class='ocr_carea' id='block_1_25' title="bbox 394 1461 3663 1549">
    <p class='ocr_par' dir='ltr' id='par_1_25' title="bbox 394 1461 3663 1549">
     <span class='ocr_line' id='line_1_25' title="bbox 394 1461 3663 1549; baseline -0.001 -24"><span class='ocrx_word' id='word_1_203' title='bbox 394 1475 655 1546; x_wconf 86' lang='lat' dir='ltr'><strong><em>perduci;</em></strong></span> <span class='ocrx_word' id='word_1_204' title='bbox 685 1474 802 1526; x_wconf 87' lang='lat' dir='ltr'><strong><em>sine</em></strong></span> <span class='ocrx_word' id='word_1_205' title='bbox 827 1472 918 1524; x_wconf 88' lang='lat' dir='ltr'><strong><em>illa</em></strong></span> <span class='ocrx_word' id='word_1_206' title='bbox 948 1482 1127 1525; x_wconf 83' lang='lat' dir='ltr'><strong><em>autem</em></strong></span> <span class='ocrx_word' id='word_1_207' title='bbox 1158 1470 1267 1524; x_wconf 87' lang='lat' dir='ltr'><strong><em>vita</em></strong></span> <span class='ocrx_word' id='word_1_208' title='bbox 1291 1510 1306 1536; x_wconf 91' lang='lat'><strong><em>,</em></strong></span> <span class='ocrx_word' id='word_1_209' title='bbox 1352 1471 1407 1523; x_wconf 90' lang='lat' dir='ltr'><strong><em>in</em></strong></span> <span class='ocrx_word' id='word_1_210' title='bbox 1452 1479 1709 1540; x_wconf 87' lang='lat' dir='ltr'><strong><em>perpetua</em></strong></span> <span class='ocrx_word' id='word_1_211' title='bbox 1748 1470 1990 1549; x_wconf 51' lang='grc' dir='ltr'><strong><em>[ιιιυινυιιι</em></strong></span> <span class='ocrx_word' id='word_1_212' title='bbox 2085 1464 2256 1527; x_wconf 84' lang='lat' dir='ltr'><strong><em>minis,</em></strong></span> <span class='ocrx_word' id='word_1_213' title='bbox 2294 1472 2338 1515; x_wconf 88' lang='lat' dir='ltr'><strong><em>et</em></strong></span> <span class='ocrx_word' id='word_1_214' title='bbox 2370 1461 2547 1515; x_wconf 81' lang='lat' dir='ltr'><strong><em>biberit</em></strong></span> <span class='ocrx_word' id='word_1_215' title='bbox 2588 1462 2890 1532; x_wconf 80' lang='lat' dir='ltr'><strong><em>sanguinein</em></strong></span> <span class='ocrx_word' id='word_1_216' title='bbox 2917 1466 3050 1534; x_wconf 84' lang='lat' dir='ltr'><strong><em>ejus,</em></strong></span> <span class='ocrx_word' id='word_1_217' title='bbox 3085 1480 3187 1518; x_wconf 88' lang='lat' dir='ltr'><strong><em>non</em></strong></span> <span class='ocrx_word' id='word_1_218' title='bbox 3208 1465 3409 1519; x_wconf 87' lang='lat' dir='ltr'><strong><em>habebit</em></strong></span> <span class='ocrx_word' id='word_1_219' title='bbox 3434 1468 3589 1521; x_wconf 87' lang='lat' dir='ltr'><strong><em>vitam</em></strong></span> <span class='ocrx_word' id='word_1_220' title='bbox 3608 1468 3663 1522; x_wconf 89' lang='lat' dir='ltr'><strong><em>in</em></strong></span> 
     </span>
    </p>
   </div>
   <div class='ocr_carea' id='block_1_26' title="bbox 395 1558 1986 1629">
    <p class='ocr_par' dir='ltr' id='par_1_26' title="bbox 395 1558 1986 1629">
     <span class='ocr_line' id='line_1_26' title="bbox 395 1558 1986 1629; baseline -0.006 -8"><span class='ocrx_word' id='word_1_221' title='bbox 395 1575 575 1620; x_wconf 89' lang='lat' dir='ltr'><strong><em>morte</em></strong></span> <span class='ocrx_word' id='word_1_222' title='bbox 602 1578 708 1617; x_wconf 92' lang='lat' dir='ltr'><strong><em>non</em></strong></span> <span class='ocrx_word' id='word_1_223' title='bbox 741 1561 959 1616; x_wconf 92' lang='lat' dir='ltr'><strong><em>dubium</em></strong></span> <span class='ocrx_word' id='word_1_224' title='bbox 1007 1568 1108 1614; x_wconf 88' lang='lat' dir='ltr'><strong><em>est.</em></strong></span> <span class='ocrx_word' id='word_1_225' title='bbox 1156 1559 1265 1615; x_wconf 88' lang='lat' dir='ltr'><strong><em>Cur</em></strong></span> <span class='ocrx_word' id='word_1_226' title='bbox 1316 1560 1473 1629; x_wconf 82' lang='lat' dir='ltr'><strong><em>igitur</em></strong></span> <span class='ocrx_word' id='word_1_227' title='bbox 1519 1558 1692 1612; x_wconf 88' lang='lat' dir='ltr'><strong><em>infans</em></strong></span> <span class='ocrx_word' id='word_1_228' title='bbox 1714 1558 1814 1613; x_wconf 85' lang='lat' dir='ltr'><strong><em>hac</em></strong></span> <span class='ocrx_word' id='word_1_229' title='bbox 1839 1569 1986 1613; x_wconf 87' lang='lat' dir='ltr'><strong><em>sorte</em></strong></span> 
     </span>
    </p>
   </div>
   <div class='ocr_carea' id='block_1_27' title="bbox 397 1649 1986 1721">
    <p class='ocr_par' dir='ltr' id='par_1_27' title="bbox 397 1649 1986 1721">
     <span class='ocr_line' id='line_1_27' title="bbox 397 1649 1986 1721; baseline -0.004 -10"><span class='ocrx_word' id='word_1_230' title='bbox 397 1655 774 1719; x_wconf 83' lang='lat' dir='ltr'><strong><em>concluditur,</em></strong></span> <span class='ocrx_word' id='word_1_231' title='bbox 826 1654 871 1707; x_wconf 89' lang='lat' dir='ltr'><strong><em>si</em></strong></span> <span class='ocrx_word' id='word_1_232' title='bbox 920 1653 1124 1708; x_wconf 89' lang='lat' dir='ltr'><strong><em>nullum</em></strong></span> <span class='ocrx_word' id='word_1_233' title='bbox 1180 1653 1338 1708; x_wconf 83' lang='lat' dir='ltr'><strong><em>habet</em></strong></span> <span class='ocrx_word' id='word_1_234' title='bbox 1383 1651 1605 1706; x_wconf 90' lang='lat' dir='ltr'><strong><em>omnino</em></strong></span> <span class='ocrx_word' id='word_1_235' title='bbox 1663 1649 1986 1721; x_wconf 81' lang='lat' dir='ltr'><strong><em>peccatum?</em></strong></span> 
     </span>
    </p>
   </div>
   <div class='ocr_carea' id='block_1_28' title="bbox 2086 1552 3665 1622">
    <p class='ocr_par' dir='ltr' id='par_1_28' title="bbox 2086 1552 3665 1622">
     <span class='ocr_line' id='line_1_28' title="bbox 2086 1552 3665 1622; baseline 0.006 -18"><span class='ocrx_word' id='word_1_236' title='bbox 2086 1552 2373 1622; x_wconf 60' lang='grc' dir='ltr'><strong><em>διξηιειξρεο.</em></strong></span> <span class='ocrx_word' id='word_1_237' title='bbox 2416 1552 2491 1605; x_wconf 90' lang='lat' dir='ltr'><strong><em>De</em></strong></span> <span class='ocrx_word' id='word_1_238' title='bbox 2520 1553 2624 1606; x_wconf 73' lang='lat' dir='ltr'><strong><em>vita</em></strong></span> <span class='ocrx_word' id='word_1_239' title='bbox 2654 1562 2829 1607; x_wconf 90' lang='lat' dir='ltr'><strong><em>autem</em></strong></span> <span class='ocrx_word' id='word_1_240' title='bbox 2873 1564 3075 1608; x_wconf 68' lang='lat' dir='ltr'><strong><em>(eterna</em></strong></span> <span class='ocrx_word' id='word_1_241' title='bbox 3115 1556 3218 1609; x_wconf 88' lang='lat' dir='ltr'><strong><em>hoc</em></strong></span> <span class='ocrx_word' id='word_1_242' title='bbox 3251 1555 3449 1611; x_wconf 87' lang='lat' dir='ltr'><strong><em>dietum</em></strong></span> <span class='ocrx_word' id='word_1_243' title='bbox 3489 1558 3665 1613; x_wconf 86' lang='lat' dir='ltr'><strong><em>nullus</em></strong></span> 
     </span>
    </p>
   </div>
   <div class='ocr_carea' id='block_1_29' title="bbox 2088 1643 3666 1714">
    <p class='ocr_par' dir='ltr' id='par_1_29' title="bbox 2088 1643 3666 1714">
     <span class='ocr_line' id='line_1_29' title="bbox 2088 1643 3666 1714; baseline 0.006 -19"><span class='ocrx_word' id='word_1_244' title='bbox 2088 1644 2391 1708; x_wconf 85' lang='lat' dir='ltr'><strong><em>addubitat;</em></strong></span> <span class='ocrx_word' id='word_1_245' title='bbox 2422 1643 2671 1714; x_wconf 81' lang='lat' dir='ltr'><strong><em>quoniam</em></strong></span> <span class='ocrx_word' id='word_1_246' title='bbox 2698 1646 2849 1700; x_wconf 88' lang='lat' dir='ltr'><strong><em>multi</em></strong></span> <span class='ocrx_word' id='word_1_247' title='bbox 2882 1661 2986 1700; x_wconf 90' lang='lat' dir='ltr'><strong><em>non</em></strong></span> <span class='ocrx_word' id='word_1_248' title='bbox 3021 1646 3406 1703; x_wconf 88' lang='lat' dir='ltr'><strong><em>manducantes</em></strong></span> <span class='ocrx_word' id='word_1_249' title='bbox 3446 1649 3548 1704; x_wconf 90' lang='lat' dir='ltr'><strong><em>hoc</em></strong></span> <span class='ocrx_word' id='word_1_250' title='bbox 3580 1663 3666 1705; x_wconf 84' lang='lat' dir='ltr'><strong><em>sa-</em></strong></span> 
     </span>
    </p>
   </div>
   <div class='ocr_carea' id='block_1_30' title="bbox 402 1734 3529 1818">
    <p class='ocr_par' dir='ltr' id='par_1_30' title="bbox 402 1734 3529 1818">
     <span class='ocr_line' id='line_1_30' title="bbox 402 1734 3529 1818; baseline -0.003 -15"><span class='ocrx_word' id='word_1_251' title='bbox 402 1749 678 1818; x_wconf 82' lang='lat' dir='ltr'><strong><em>niagisque</em></strong></span> <span class='ocrx_word' id='word_1_252' title='bbox 728 1745 998 1799; x_wconf 78' lang='lat' dir='ltr'><strong><em>videbitur</em></strong></span> <span class='ocrx_word' id='word_1_253' title='bbox 1047 1744 1211 1813; x_wconf 90' lang='lat' dir='ltr'><strong><em>(quod</em></strong></span> <span class='ocrx_word' id='word_1_254' title='bbox 1249 1742 1410 1812; x_wconf 89' lang='lat' dir='ltr'><strong><em>absit)</em></strong></span> <span class='ocrx_word' id='word_1_255' title='bbox 1462 1741 1691 1811; x_wconf 87' lang='lat' dir='ltr'><strong><em>injustus</em></strong></span> <span class='ocrx_word' id='word_1_256' title='bbox 1733 1744 1891 1806; x_wconf 83' lang='lat' dir='ltr'><strong><em>Deus,</em></strong></span> <span class='ocrx_word' id='word_1_257' title='bbox 1938 1743 1985 1797; x_wconf 87' lang='lat' dir='ltr'><strong><em>si</em></strong></span> <span class='ocrx_word' id='word_1_258' title='bbox 2016 1758 2060 1816; x_wconf 75' lang='grc' dir='ltr'>Β</span> <span class='ocrx_word' id='word_1_259' title='bbox 2090 1744 2443 1800; x_wconf 80' lang='lat' dir='ltr'><strong><em>eratnentum,</em></strong></span> <span class='ocrx_word' id='word_1_260' title='bbox 2476 1734 2636 1788; x_wconf 89' lang='lat' dir='ltr'><strong><em>vitam</em></strong></span> <span class='ocrx_word' id='word_1_261' title='bbox 2666 1735 2861 1791; x_wconf 88' lang='lat' dir='ltr'><strong><em>habere</em></strong></span> <span class='ocrx_word' id='word_1_262' title='bbox 2884 1738 3166 1792; x_wconf 89' lang='lat' dir='ltr'><strong><em>videantur</em></strong></span> <span class='ocrx_word' id='word_1_263' title='bbox 3192 1749 3529 1806; x_wconf 64' lang='lat' dir='ltr'><strong><em>praisentem.</em></strong></span> 
     </span>
    </p>
   </div>
   <div class='ocr_carea' id='block_1_31' title="bbox 405 1832 1987 1906">
    <p class='ocr_par' dir='ltr' id='par_1_31' title="bbox 405 1832 1987 1906">
     <span class='ocr_line' id='line_1_31' title="bbox 405 1832 1987 1906; baseline -0.003 -15"><span class='ocrx_word' id='word_1_264' title='bbox 405 1841 519 1893; x_wconf 82' lang='lat' dir='ltr'><strong><em>illic</em></strong></span> <span class='ocrx_word' id='word_1_265' title='bbox 546 1838 813 1906; x_wconf 82' lang='lat' dir='ltr'><strong><em>inﬂigatur</em></strong></span> <span class='ocrx_word' id='word_1_266' title='bbox 836 1850 1013 1905; x_wconf 69' lang='lat' dir='ltr'><strong><em>paena,</em></strong></span> <span class='ocrx_word' id='word_1_267' title='bbox 1047 1834 1134 1889; x_wconf 92' lang='lat' dir='ltr'><strong><em>ubi</em></strong></span> <span class='ocrx_word' id='word_1_268' title='bbox 1166 1833 1311 1887; x_wconf 90' lang='lat' dir='ltr'><strong><em>nulla</em></strong></span> <span class='ocrx_word' id='word_1_269' title='bbox 1354 1833 1424 1886; x_wconf 91' lang='lat' dir='ltr'><strong><em>sit</em></strong></span> <span class='ocrx_word' id='word_1_270' title='bbox 1448 1834 1624 1900; x_wconf 90' lang='lat' dir='ltr'><strong><em>culpa.</em></strong></span> <span class='ocrx_word' id='word_1_271' title='bbox 1669 1832 1822 1887; x_wconf 90' lang='lat' dir='ltr'><strong><em>Unde</em></strong></span> <span class='ocrx_word' id='word_1_272' title='bbox 1864 1846 1987 1887; x_wconf 90' lang='lat' dir='ltr'><strong><em>cum</em></strong></span> 
     </span>
    </p>
   </div>
   <div class='ocr_carea' id='block_1_32' title="bbox 402 1922 1987 1994">
    <p class='ocr_par' dir='ltr' id='par_1_32' title="bbox 402 1922 1987 1994">
     <span class='ocr_line' id='line_1_32' title="bbox 402 1922 1987 1994; baseline -0.001 -15"><span class='ocrx_word' id='word_1_273' title='bbox 402 1928 480 1981; x_wconf 84' lang='lat' dir='ltr'><strong><em>de</em></strong></span> <span class='ocrx_word' id='word_1_274' title='bbox 508 1927 731 1994; x_wconf 88' lang='lat' dir='ltr'><strong><em>propriis</em></strong></span> <span class='ocrx_word' id='word_1_275' title='bbox 756 1923 965 1978; x_wconf 84' lang='lat' dir='ltr'><strong><em>actibus</em></strong></span> <span class='ocrx_word' id='word_1_276' title='bbox 997 1923 1140 1977; x_wconf 91' lang='lat' dir='ltr'><strong><em>nullo</em></strong></span> <span class='ocrx_word' id='word_1_277' title='bbox 1192 1930 1341 1976; x_wconf 82' lang='lat' dir='ltr'><strong><em>reatu</em></strong></span> <span class='ocrx_word' id='word_1_278' title='bbox 1374 1929 1618 1976; x_wconf 91' lang='lat' dir='ltr'><strong><em>teneatur</em></strong></span> <span class='ocrx_word' id='word_1_279' title='bbox 1672 1922 1987 1989; x_wconf 85' lang='lat' dir='ltr'><strong><em>obstrictus,</em></strong></span> 
     </span>
    </p>
   </div>
   <div class='ocr_carea' id='block_1_33' title="bbox 405 2014 1991 2082">
    <p class='ocr_par' dir='ltr' id='par_1_33' title="bbox 405 2014 1991 2082">
     <span class='ocr_line' id='line_1_33' title="bbox 405 2014 1991 2082; baseline -0.004 -9"><span class='ocrx_word' id='word_1_280' title='bbox 405 2019 544 2073; x_wconf 88' lang='lat' dir='ltr'><strong><em>nihil</em></strong></span> <span class='ocrx_word' id='word_1_281' title='bbox 586 2026 754 2072; x_wconf 85' lang='lat' dir='ltr'><strong><em>restat</em></strong></span> <span class='ocrx_word' id='word_1_282' title='bbox 794 2017 898 2071; x_wconf 91' lang='lat' dir='ltr'><strong><em>nisi</em></strong></span> <span class='ocrx_word' id='word_1_283' title='bbox 939 2024 997 2070; x_wconf 91' lang='lat' dir='ltr'><strong><em>ut</em></strong></span> <span class='ocrx_word' id='word_1_284' title='bbox 1042 2014 1157 2069; x_wconf 82' lang='lat' dir='ltr'><strong><em>sola</em></strong></span> <span class='ocrx_word' id='word_1_285' title='bbox 1185 2016 1255 2068; x_wconf 89' lang='lat' dir='ltr'><strong><em>sit</em></strong></span> <span class='ocrx_word' id='word_1_286' title='bbox 1283 2014 1471 2068; x_wconf 90' lang='lat' dir='ltr'><strong><em>vitiosa</em></strong></span> <span class='ocrx_word' id='word_1_287' title='bbox 1498 2014 1775 2068; x_wconf 87' lang='lat' dir='ltr'><strong><em>nativitate</em></strong></span> <span class='ocrx_word' id='word_1_288' title='bbox 1821 2015 1991 2082; x_wconf 91' lang='lat' dir='ltr'><strong><em>pollu-</em></strong></span> 
     </span>
    </p>
   </div>
   <div class='ocr_carea' id='block_1_34' title="bbox 405 2105 1993 2177">
    <p class='ocr_par' dir='ltr' id='par_1_34' title="bbox 405 2105 1993 2177">
     <span class='ocr_line' id='line_1_34' title="bbox 405 2105 1993 2177; baseline -0.003 -13"><span class='ocrx_word' id='word_1_289' title='bbox 405 2122 535 2174; x_wconf 88' lang='lat' dir='ltr'><strong><em>tus;</em></strong></span> <span class='ocrx_word' id='word_1_290' title='bbox 562 2118 618 2164; x_wconf 89' lang='lat' dir='ltr'><strong><em>et</em></strong></span> <span class='ocrx_word' id='word_1_291' title='bbox 642 2109 686 2164; x_wconf 90' lang='lat' dir='ltr'><strong><em>si</em></strong></span> <span class='ocrx_word' id='word_1_292' title='bbox 714 2123 814 2163; x_wconf 91' lang='lat' dir='ltr'><strong><em>non</em></strong></span> <span class='ocrx_word' id='word_1_293' title='bbox 836 2107 995 2162; x_wconf 90' lang='lat' dir='ltr'><strong><em>fuerit</em></strong></span> <span class='ocrx_word' id='word_1_294' title='bbox 1013 2106 1251 2177; x_wconf 75' lang='lat' dir='ltr'><strong><em>mysterii</em></strong></span> <span class='ocrx_word' id='word_1_295' title='bbox 1273 2105 1562 2161; x_wconf 82' lang='lat' dir='ltr'><strong><em>Christiani</em></strong></span> <span class='ocrx_word' id='word_1_296' title='bbox 1588 2106 1993 2174; x_wconf 82' lang='lat' dir='ltr'><strong><em>participatione</em></strong></span> 
     </span>
    </p>
   </div>
   <div class='ocr_carea' id='block_1_35' title="bbox 406 2197 1990 2267">
    <p class='ocr_par' dir='ltr' id='par_1_35' title="bbox 406 2197 1990 2267">
     <span class='ocr_line' id='line_1_35' title="bbox 406 2197 1990 2267; baseline -0.004 -12"><span class='ocrx_word' id='word_1_297' title='bbox 406 2203 722 2264; x_wconf 88' lang='lat' dir='ltr'><strong><em>mundatus,</em></strong></span> <span class='ocrx_word' id='word_1_298' title='bbox 747 2201 810 2253; x_wconf 87' lang='lat' dir='ltr'><strong><em>ad</em></strong></span> <span class='ocrx_word' id='word_1_299' title='bbox 836 2199 1000 2253; x_wconf 86' lang='lat' dir='ltr'><strong><em>vitam</em></strong></span> <span class='ocrx_word' id='word_1_300' title='bbox 1025 2213 1130 2252; x_wconf 92' lang='lat' dir='ltr'><strong><em>non</em></strong></span> <span class='ocrx_word' id='word_1_301' title='bbox 1152 2206 1325 2267; x_wconf 86' lang='lat' dir='ltr'><strong><em>potest</em></strong></span> <span class='ocrx_word' id='word_1_302' title='bbox 1344 2197 1624 2267; x_wconf 87' lang='lat' dir='ltr'><strong><em>pervenire</em></strong></span> <span class='ocrx_word' id='word_1_303' title='bbox 1659 2206 1990 2265; x_wconf 86' lang='lat' dir='ltr'><strong><em>perpetuam.</em></strong></span> 
     </span>
    </p>
   </div>
   <div class='ocr_carea' id='block_1_36' title="bbox 408 2286 1992 2360">
    <p class='ocr_par' dir='ltr' id='par_1_36' title="bbox 408 2286 1992 2360">
     <span class='ocr_line' id='line_1_36' title="bbox 408 2286 1992 2360; baseline -0.004 -13"><span class='ocrx_word' id='word_1_304' title='bbox 408 2295 549 2347; x_wconf 81' lang='lat' dir='ltr'><strong><em>llin&#39;c</em></strong></span> <span class='ocrx_word' id='word_1_305' title='bbox 577 2301 661 2346; x_wconf 88' lang='lat' dir='ltr'><strong><em>est</em></strong></span> <span class='ocrx_word' id='word_1_306' title='bbox 690 2290 831 2360; x_wconf 90' lang='lat' dir='ltr'><strong><em>quod</em></strong></span> <span class='ocrx_word' id='word_1_307' title='bbox 854 2290 1207 2345; x_wconf 82' lang='lat' dir='ltr'><strong><em>exsufﬂantur</em></strong></span> <span class='ocrx_word' id='word_1_308' title='bbox 1228 2298 1281 2343; x_wconf 90' lang='lat' dir='ltr'><strong><em>et</em></strong></span> <span class='ocrx_word' id='word_1_309' title='bbox 1301 2288 1705 2344; x_wconf 85' lang='lat' dir='ltr'><strong><em>catechizantur</em></strong></span> <span class='ocrx_word' id='word_1_310' title='bbox 1730 2286 1992 2353; x_wconf 83' lang='lat' dir='ltr'><strong><em>infantes;</em></strong></span> 
     </span>
    </p>
   </div>
   <div class='ocr_carea' id='block_1_37' title="bbox 410 2377 1999 2451">
    <p class='ocr_par' dir='ltr' id='par_1_37' title="bbox 410 2377 1999 2451">
     <span class='ocr_line' id='line_1_37' title="bbox 410 2377 1999 2451; baseline -0.004 -15"><span class='ocrx_word' id='word_1_311' title='bbox 410 2394 465 2437; x_wconf 86' lang='lat' dir='ltr'><strong><em>et</em></strong></span> <span class='ocrx_word' id='word_1_312' title='bbox 487 2384 611 2451; x_wconf 89' lang='lat' dir='ltr'><strong><em>quia</em></strong></span> <span class='ocrx_word' id='word_1_313' title='bbox 645 2381 698 2434; x_wconf 92' lang='lat' dir='ltr'><strong><em>in</em></strong></span> <span class='ocrx_word' id='word_1_314' title='bbox 727 2395 894 2450; x_wconf 87' lang='lat' dir='ltr'><strong><em>opere</em></strong></span> <span class='ocrx_word' id='word_1_315' title='bbox 914 2379 1029 2444; x_wconf 88' lang='lat' dir='ltr'><strong><em>Dei,</em></strong></span> <span class='ocrx_word' id='word_1_316' title='bbox 1059 2378 1201 2447; x_wconf 87' lang='lat' dir='ltr'><strong><em>quod</em></strong></span> <span class='ocrx_word' id='word_1_317' title='bbox 1232 2379 1284 2433; x_wconf 89' lang='lat' dir='ltr'><strong><em>in</em></strong></span> <span class='ocrx_word' id='word_1_318' title='bbox 1314 2390 1533 2432; x_wconf 87' lang='lat' dir='ltr'><strong><em>auctore</em></strong></span> <span class='ocrx_word' id='word_1_319' title='bbox 1567 2392 1665 2432; x_wconf 91' lang='lat' dir='ltr'><strong><em>suo</em></strong></span> <span class='ocrx_word' id='word_1_320' title='bbox 1704 2377 1843 2432; x_wconf 88' lang='lat' dir='ltr'><strong><em>bene</em></strong></span> <span class='ocrx_word' id='word_1_321' title='bbox 1872 2384 1999 2431; x_wconf 92' lang='lat' dir='ltr'><strong><em>sunt</em></strong></span> 
     </span>
    </p>
   </div>
   <div class='ocr_carea' id='block_1_38' title="bbox 414 2469 1999 2541">
    <p class='ocr_par' dir='ltr' id='par_1_38' title="bbox 414 2469 1999 2541">
     <span class='ocr_line' id='line_1_38' title="bbox 414 2469 1999 2541; baseline -0.004 -14"><span class='ocrx_word' id='word_1_322' title='bbox 414 2475 666 2539; x_wconf 81' lang='lat' dir='ltr'><strong><em>instituti,</em></strong></span> <span class='ocrx_word' id='word_1_323' title='bbox 713 2486 850 2541; x_wconf 89' lang='lat' dir='ltr'><strong><em>opus</em></strong></span> <span class='ocrx_word' id='word_1_324' title='bbox 886 2470 1161 2526; x_wconf 71' lang='lat' dir='ltr'><strong><em>diabolica:</em></strong></span> <span class='ocrx_word' id='word_1_325' title='bbox 1200 2470 1545 2539; x_wconf 81' lang='lat' dir='ltr'><strong><em>malignitatis</em></strong></span> <span class='ocrx_word' id='word_1_326' title='bbox 1580 2470 1831 2535; x_wconf 88' lang='lat' dir='ltr'><strong><em>accessit,</em></strong></span> <span class='ocrx_word' id='word_1_327' title='bbox 1862 2469 1999 2522; x_wconf 86' lang='lat' dir='ltr'><strong><em>eruti</em></strong></span> 
     </span>
    </p>
   </div>
   <div class='ocr_carea' id='block_1_39' title="bbox 418 2558 2002 2632">
    <p class='ocr_par' dir='ltr' id='par_1_39' title="bbox 418 2558 2002 2632">
     <span class='ocr_line' id='line_1_39' title="bbox 418 2558 2002 2632; baseline -0.001 -18"><span class='ocrx_word' id='word_1_328' title='bbox 418 2565 484 2616; x_wconf 89' lang='lat' dir='ltr'><strong><em>de</em></strong></span> <span class='ocrx_word' id='word_1_329' title='bbox 513 2572 757 2632; x_wconf 76' lang='lat' dir='ltr'><strong><em>potestate</em></strong></span> <span class='ocrx_word' id='word_1_330' title='bbox 789 2561 1107 2615; x_wconf 87' lang='lat' dir='ltr'><strong><em>tenebrarum</em></strong></span> <span class='ocrx_word' id='word_1_331' title='bbox 1136 2560 1365 2631; x_wconf 76' lang='lat' dir='ltr'><strong><em>(Coloss.</em></strong></span> <span class='ocrx_word' id='word_1_332' title='bbox 1398 2558 1467 2628; x_wconf 88' lang='lat' dir='ltr'><strong><em>l),</em></strong></span> <span class='ocrx_word' id='word_1_333' title='bbox 1511 2561 1648 2614; x_wconf 88' lang='lat' dir='ltr'><strong><em>sicut</em></strong></span> <span class='ocrx_word' id='word_1_334' title='bbox 1674 2560 1832 2612; x_wconf 89' lang='lat' dir='ltr'><strong><em>docet</em></strong></span> <span class='ocrx_word' id='word_1_335' title='bbox 1859 2562 2002 2627; x_wconf 80' lang='lat' dir='ltr'><strong><em>Apo-</em></strong></span> 
     </span>
    </p>
   </div>
   <div class='ocr_carea' id='block_1_40' title="bbox 416 2646 2001 2719">
    <p class='ocr_par' dir='ltr' id='par_1_40' title="bbox 416 2646 2001 2719">
     <span class='ocr_line' id='line_1_40' title="bbox 416 2646 2001 2719; baseline -0.004 -13"><span class='ocrx_word' id='word_1_336' title='bbox 416 2656 617 2719; x_wconf 89' lang='lat' dir='ltr'><strong><em>stolus,</em></strong></span> <span class='ocrx_word' id='word_1_337' title='bbox 658 2653 722 2706; x_wconf 90' lang='lat' dir='ltr'><strong><em>ad</em></strong></span> <span class='ocrx_word' id='word_1_338' title='bbox 768 2651 887 2705; x_wconf 86' lang='lat' dir='ltr'><strong><em>Filii</em></strong></span> <span class='ocrx_word' id='word_1_339' title='bbox 921 2650 1013 2705; x_wconf 89' lang='lat' dir='ltr'><strong><em>Dei</em></strong></span> <span class='ocrx_word' id='word_1_340' title='bbox 1051 2660 1273 2717; x_wconf 88' lang='lat' dir='ltr'><strong><em>sortem,</em></strong></span> <span class='ocrx_word' id='word_1_341' title='bbox 1325 2649 1798 2719; x_wconf 88' lang='lat' dir='ltr'><strong><em>purgationemque</em></strong></span> <span class='ocrx_word' id='word_1_342' title='bbox 1832 2646 2001 2715; x_wconf 86' lang='lat' dir='ltr'><strong><em>legiti-</em></strong></span> 
     </span>
    </p>
   </div>
   <div class='ocr_carea' id='block_1_41' title="bbox 418 2736 1999 2807">
    <p class='ocr_par' dir='ltr' id='par_1_41' title="bbox 418 2736 1999 2807">
     <span class='ocr_line' id='line_1_41' title="bbox 418 2736 1999 2807; baseline -0.006 -8"><span class='ocrx_word' id='word_1_343' title='bbox 418 2761 561 2799; x_wconf 89' lang='lat' dir='ltr'><strong><em>mam</em></strong></span> <span class='ocrx_word' id='word_1_344' title='bbox 614 2743 1026 2798; x_wconf 86' lang='lat' dir='ltr'><strong><em>transferuntur.</em></strong></span> <span class='ocrx_word' id='word_1_345' title='bbox 1077 2740 1189 2795; x_wconf 86' lang='lat' dir='ltr'><strong><em>Nisi</em></strong></span> <span class='ocrx_word' id='word_1_346' title='bbox 1246 2750 1423 2795; x_wconf 90' lang='lat' dir='ltr'><strong><em>autem</em></strong></span> <span class='ocrx_word' id='word_1_347' title='bbox 1480 2739 1650 2807; x_wconf 89' lang='lat' dir='ltr'><strong><em>prima</em></strong></span> <span class='ocrx_word' id='word_1_348' title='bbox 1703 2736 1999 2807; x_wconf 85' lang='lat' dir='ltr'><strong><em>generatio,</em></strong></span> 
     </span>
    </p>
   </div>
   <div class='ocr_carea' id='block_1_42' title="bbox 419 2828 2006 2903">
    <p class='ocr_par' dir='ltr' id='par_1_42' title="bbox 419 2828 2006 2903">
     <span class='ocr_line' id='line_1_42' title="bbox 419 2828 2006 2903; baseline -0.004 -15"><span class='ocrx_word' id='word_1_349' title='bbox 419 2851 581 2903; x_wconf 82' lang='lat' dir='ltr'><strong><em>quam</em></strong></span> <span class='ocrx_word' id='word_1_350' title='bbox 617 2835 810 2888; x_wconf 90' lang='lat' dir='ltr'><strong><em>bonam</em></strong></span> <span class='ocrx_word' id='word_1_351' title='bbox 834 2833 976 2887; x_wconf 90' lang='lat' dir='ltr'><strong><em>Deus</em></strong></span> <span class='ocrx_word' id='word_1_352' title='bbox 1003 2832 1253 2896; x_wconf 86' lang='lat' dir='ltr'><strong><em>instituit,</em></strong></span> <span class='ocrx_word' id='word_1_353' title='bbox 1285 2830 1735 2899; x_wconf 72' lang='lat' dir='ltr'><strong><em>praivaricatioue</em></strong></span> <span class='ocrx_word' id='word_1_354' title='bbox 1770 2828 2006 2883; x_wconf 86' lang='lat' dir='ltr'><strong><em>venisset</em></strong></span> 
     </span>
    </p>
   </div>
   <div class='ocr_carea' id='block_1_43' title="bbox 421 2920 2003 2995">
    <p class='ocr_par' dir='ltr' id='par_1_43' title="bbox 421 2920 2003 2995">
     <span class='ocr_line' id='line_1_43' title="bbox 421 2920 2003 2995; baseline -0.004 -15"><span class='ocrx_word' id='word_1_355' title='bbox 421 2928 474 2980; x_wconf 91' lang='lat' dir='ltr'><strong><em>in</em></strong></span> <span class='ocrx_word' id='word_1_356' title='bbox 498 2928 727 2995; x_wconf 84' lang='lat' dir='ltr'><strong><em>culpam,</em></strong></span> <span class='ocrx_word' id='word_1_357' title='bbox 756 2934 812 2979; x_wconf 90' lang='lat' dir='ltr'><strong><em>et</em></strong></span> <span class='ocrx_word' id='word_1_358' title='bbox 841 2922 1191 2993; x_wconf 88' lang='lat' dir='ltr'><strong><em>reprobabilis</em></strong></span> <span class='ocrx_word' id='word_1_359' title='bbox 1211 2932 1356 2977; x_wconf 85' lang='lat' dir='ltr'><strong><em>esset</em></strong></span> <span class='ocrx_word' id='word_1_360' title='bbox 1378 2922 1600 2986; x_wconf 87' lang='lat' dir='ltr'><strong><em>ell&#39;ecta;</em></strong></span> <span class='ocrx_word' id='word_1_361' title='bbox 1636 2920 1869 2975; x_wconf 85' lang='lat' dir='ltr'><strong><em>secunda</em></strong></span> <span class='ocrx_word' id='word_1_362' title='bbox 1906 2935 2003 2989; x_wconf 89' lang='lat' dir='ltr'><strong><em>ge-</em></strong></span> 
     </span>
    </p>
   </div>
   <div class='ocr_carea' id='block_1_44' title="bbox 420 3010 2007 3084">
    <p class='ocr_par' dir='ltr' id='par_1_44' title="bbox 420 3010 2007 3084">
     <span class='ocr_line' id='line_1_44' title="bbox 420 3010 2007 3084; baseline -0.004 -13"><span class='ocrx_word' id='word_1_363' title='bbox 420 3018 632 3071; x_wconf 89' lang='lat' dir='ltr'><strong><em>neratio</em></strong></span> <span class='ocrx_word' id='word_1_364' title='bbox 673 3014 1009 3084; x_wconf 85' lang='lat' dir='ltr'><strong><em>subrogauda</em></strong></span> <span class='ocrx_word' id='word_1_365' title='bbox 1056 3028 1159 3067; x_wconf 92' lang='lat' dir='ltr'><strong><em>non</em></strong></span> <span class='ocrx_word' id='word_1_366' title='bbox 1194 3014 1407 3068; x_wconf 88' lang='lat' dir='ltr'><strong><em>fuerat:</em></strong></span> <span class='ocrx_word' id='word_1_367' title='bbox 1444 3022 1660 3084; x_wconf 84' lang='lat' dir='ltr'><strong><em>propter</em></strong></span> <span class='ocrx_word' id='word_1_368' title='bbox 1701 3011 1846 3082; x_wconf 90' lang='lat' dir='ltr'><strong><em>quod</em></strong></span> <span class='ocrx_word' id='word_1_369' title='bbox 1875 3010 2007 3065; x_wconf 89' lang='lat' dir='ltr'><strong><em>dicit</em></strong></span> 
     </span>
    </p>
   </div>
   <div class='ocr_carea' id='block_1_45' title="bbox 2164 1826 3669 1899">
    <p class='ocr_par' dir='ltr' id='par_1_45' title="bbox 2164 1826 3669 1899">
     <span class='ocr_line' id='line_1_45' title="bbox 2164 1826 3669 1899; baseline 0.005 -21"><span class='ocrx_word' id='word_1_370' title='bbox 2164 1826 2302 1880; x_wconf 77' lang='lat' dir='ltr'><strong><em>Nibi‘l</em></strong></span> <span class='ocrx_word' id='word_1_371' title='bbox 2333 1838 2413 1881; x_wconf 88' lang='lat' dir='ltr'><strong><em>est</em></strong></span> <span class='ocrx_word' id='word_1_372' title='bbox 2441 1842 2568 1896; x_wconf 79' lang='lat' dir='ltr'><strong><em>ergo</em></strong></span> <span class='ocrx_word' id='word_1_373' title='bbox 2598 1827 2741 1895; x_wconf 86' lang='lat' dir='ltr'><strong><em>quod</em></strong></span> <span class='ocrx_word' id='word_1_374' title='bbox 2771 1829 2970 1895; x_wconf 85' lang='lat' dir='ltr'><strong><em>dicant,</em></strong></span> <span class='ocrx_word' id='word_1_375' title='bbox 3002 1832 3141 1899; x_wconf 91' lang='lat' dir='ltr'><strong><em>quod</em></strong></span> <span class='ocrx_word' id='word_1_376' title='bbox 3172 1847 3275 1885; x_wconf 94' lang='lat' dir='ltr'><strong><em>non</em></strong></span> <span class='ocrx_word' id='word_1_377' title='bbox 3301 1832 3468 1885; x_wconf 90' lang='lat' dir='ltr'><strong><em>renati</em></strong></span> <span class='ocrx_word' id='word_1_378' title='bbox 3498 1831 3669 1887; x_wconf 83' lang='lat' dir='ltr'><strong><em>inlan-</em></strong></span> 
     </span>
    </p>
   </div>
   <div class='ocr_carea' id='block_1_46' title="bbox 2096 1918 3669 1988">
    <p class='ocr_par' dir='ltr' id='par_1_46' title="bbox 2096 1918 3669 1988">
     <span class='ocr_line' id='line_1_46' title="bbox 2096 1918 3669 1988; baseline 0.006 -17"><span class='ocrx_word' id='word_1_379' title='bbox 2096 1927 2195 1981; x_wconf 83' lang='lat' dir='ltr'><strong><em>tes,</em></strong></span> <span class='ocrx_word' id='word_1_380' title='bbox 2246 1918 2612 1972; x_wconf 84' lang='lat' dir='ltr'><strong><em>tantummodo</em></strong></span> <span class='ocrx_word' id='word_1_381' title='bbox 2657 1920 2710 1973; x_wconf 93' lang='lat' dir='ltr'><strong><em>in</em></strong></span> <span class='ocrx_word' id='word_1_382' title='bbox 2758 1935 2980 1988; x_wconf 88' lang='lat' dir='ltr'><strong><em>regnum</em></strong></span> <span class='ocrx_word' id='word_1_383' title='bbox 3018 1922 3275 1977; x_wconf 69' lang='lat' dir='ltr'><strong><em>caslorum</em></strong></span> <span class='ocrx_word' id='word_1_384' title='bbox 3329 1924 3405 1978; x_wconf 89' lang='lat' dir='ltr'><strong><em>ire</em></strong></span> <span class='ocrx_word' id='word_1_385' title='bbox 3435 1940 3541 1978; x_wconf 87' lang='lat' dir='ltr'><strong><em>non</em></strong></span> <span class='ocrx_word' id='word_1_386' title='bbox 3574 1940 3669 1980; x_wconf 89' lang='lat' dir='ltr'><strong><em>va-</em></strong></span> 
     </span>
    </p>
   </div>
   <div class='ocr_carea' id='block_1_47' title="bbox 2094 2010 3669 2084">
    <p class='ocr_par' dir='ltr' id='par_1_47' title="bbox 2094 2010 3669 2084">
     <span class='ocr_line' id='line_1_47' title="bbox 2094 2010 3669 2084; baseline 0.006 -22"><span class='ocrx_word' id='word_1_387' title='bbox 2094 2010 2271 2072; x_wconf 83' lang='lat' dir='ltr'><strong><em>leant;</em></strong></span> <span class='ocrx_word' id='word_1_388' title='bbox 2325 2025 2426 2063; x_wconf 92' lang='lat' dir='ltr'><strong><em>non</em></strong></span> <span class='ocrx_word' id='word_1_389' title='bbox 2469 2022 2648 2064; x_wconf 91' lang='lat' dir='ltr'><strong><em>autem</em></strong></span> <span class='ocrx_word' id='word_1_390' title='bbox 2687 2023 2945 2080; x_wconf 86' lang='lat' dir='ltr'><strong><em>perpetua</em></strong></span> <span class='ocrx_word' id='word_1_391' title='bbox 2981 2013 3325 2070; x_wconf 87' lang='lat' dir='ltr'><strong><em>damnatione</em></strong></span> <span class='ocrx_word' id='word_1_392' title='bbox 3365 2019 3669 2084; x_wconf 87' lang='lat' dir='ltr'><strong><em>puniantur,</em></strong></span> 
     </span>
    </p>
   </div>
   <div class='ocr_carea' id='block_1_48' title="bbox 2094 2100 3671 2174">
    <p class='ocr_par' dir='ltr' id='par_1_48' title="bbox 2094 2100 3671 2174">
     <span class='ocr_line' id='line_1_48' title="bbox 2094 2100 3671 2174; baseline 0.006 -21"><span class='ocrx_word' id='word_1_393' title='bbox 2094 2100 2222 2165; x_wconf 77' lang='lat' dir='ltr'><strong><em>dum</em></strong></span> <span class='ocrx_word' id='word_1_394' title='bbox 2245 2100 2358 2155; x_wconf 89' lang='lat' dir='ltr'><strong><em>sine</em></strong></span> <span class='ocrx_word' id='word_1_395' title='bbox 2377 2102 2691 2169; x_wconf 81' lang='lat' dir='ltr'><strong><em>baptismate</em></strong></span> <span class='ocrx_word' id='word_1_396' title='bbox 2708 2117 2901 2171; x_wconf 90' lang='lat' dir='ltr'><strong><em>corpus</em></strong></span> <span class='ocrx_word' id='word_1_397' title='bbox 2930 2112 2983 2159; x_wconf 89' lang='lat' dir='ltr'><strong><em>et</em></strong></span> <span class='ocrx_word' id='word_1_398' title='bbox 3003 2107 3314 2174; x_wconf 87' lang='lat' dir='ltr'><strong><em>sanguinem</em></strong></span> <span class='ocrx_word' id='word_1_399' title='bbox 3344 2107 3543 2162; x_wconf 86' lang='lat' dir='ltr'><strong><em>Christi</em></strong></span> <span class='ocrx_word' id='word_1_400' title='bbox 3572 2124 3671 2163; x_wconf 83' lang='lat' dir='ltr'><strong><em>nec</em></strong></span> 
     </span>
    </p>
   </div>
   <div class='ocr_carea' id='block_1_49' title="bbox 2096 2190 3672 2260">
    <p class='ocr_par' dir='ltr' id='par_1_49' title="bbox 2096 2190 3672 2260">
     <span class='ocr_line' id='line_1_49' title="bbox 2096 2190 3672 2260; baseline 0.008 -16"><span class='ocrx_word' id='word_1_401' title='bbox 2096 2190 2255 2244; x_wconf 84' lang='lat' dir='ltr'><strong><em>edere</em></strong></span> <span class='ocrx_word' id='word_1_402' title='bbox 2285 2191 2521 2255; x_wconf 84' lang='lat' dir='ltr'><strong><em>valeant,</em></strong></span> <span class='ocrx_word' id='word_1_403' title='bbox 2550 2205 2649 2246; x_wconf 91' lang='lat' dir='ltr'><strong><em>nec</em></strong></span> <span class='ocrx_word' id='word_1_404' title='bbox 2672 2203 2856 2260; x_wconf 88' lang='lat' dir='ltr'><strong><em>potare</em></strong></span> <span class='ocrx_word' id='word_1_405' title='bbox 2880 2209 2897 2248; x_wconf 89' lang='lat'><strong>:</strong></span> <span class='ocrx_word' id='word_1_406' title='bbox 2940 2196 3058 2250; x_wconf 84' lang='lat' dir='ltr'><strong><em>sine</em></strong></span> <span class='ocrx_word' id='word_1_407' title='bbox 3087 2205 3264 2251; x_wconf 86' lang='lat' dir='ltr'><strong><em>autem</em></strong></span> <span class='ocrx_word' id='word_1_408' title='bbox 3297 2198 3397 2254; x_wconf 90' lang='lat' dir='ltr'><strong><em>hoc</em></strong></span> <span class='ocrx_word' id='word_1_409' title='bbox 3429 2201 3590 2253; x_wconf 86' lang='lat' dir='ltr'><strong><em>vitam</em></strong></span> <span class='ocrx_word' id='word_1_410' title='bbox 3619 2202 3672 2258; x_wconf 92' lang='lat' dir='ltr'><strong><em>in</em></strong></span> 
     </span>
    </p>
   </div>
   <div class='ocr_carea' id='block_1_50' title="bbox 2096 2280 3674 2353">
    <p class='ocr_par' dir='ltr' id='par_1_50' title="bbox 2096 2280 3674 2353">
     <span class='ocr_line' id='line_1_50' title="bbox 2096 2280 3674 2353; baseline 0.01 -20"><span class='ocrx_word' id='word_1_411' title='bbox 2096 2280 2400 2348; x_wconf 86' lang='lat' dir='ltr'><strong><em>semetipsis</em></strong></span> <span class='ocrx_word' id='word_1_412' title='bbox 2433 2280 2629 2336; x_wconf 90' lang='lat' dir='ltr'><strong><em>habere</em></strong></span> <span class='ocrx_word' id='word_1_413' title='bbox 2671 2297 2776 2336; x_wconf 90' lang='lat' dir='ltr'><strong><em>non</em></strong></span> <span class='ocrx_word' id='word_1_414' title='bbox 2812 2294 3048 2353; x_wconf 84' lang='lat' dir='ltr'><strong><em>possent,</em></strong></span> <span class='ocrx_word' id='word_1_415' title='bbox 3090 2287 3207 2343; x_wconf 89' lang='lat' dir='ltr'><strong><em>sine</em></strong></span> <span class='ocrx_word' id='word_1_416' title='bbox 3246 2289 3353 2343; x_wconf 88' lang='lat' dir='ltr'><strong><em>vita</em></strong></span> <span class='ocrx_word' id='word_1_417' title='bbox 3390 2305 3519 2345; x_wconf 90' lang='lat' dir='ltr'><strong><em>vero</em></strong></span> <span class='ocrx_word' id='word_1_418' title='bbox 3566 2308 3674 2350; x_wconf 90' lang='lat' dir='ltr'><strong><em>non</em></strong></span> 
     </span>
    </p>
   </div>
   <div class='ocr_carea' id='block_1_51' title="bbox 2100 2371 3675 2455">
    <p class='ocr_par' dir='ltr' id='par_1_51' title="bbox 2100 2371 3675 2455">
     <span class='ocr_line' id='line_1_51' title="bbox 2100 2371 3675 2455; baseline 0.009 -30"><span class='ocrx_word' id='word_1_419' title='bbox 2100 2372 2201 2425; x_wconf 92' lang='lat' dir='ltr'><strong><em>nisi</em></strong></span> <span class='ocrx_word' id='word_1_420' title='bbox 2235 2372 2427 2426; x_wconf 86' lang='lat' dir='ltr'><strong><em>mortui</em></strong></span> <span class='ocrx_word' id='word_1_421' title='bbox 2462 2371 2569 2426; x_wconf 74' lang='lat' dir='ltr'><strong><em>sint</em></strong></span> <span class='ocrx_word' id='word_1_422' title='bbox 2602 2372 2784 2428; x_wconf 86' lang='lat' dir='ltr'><strong><em>futuri.</em></strong></span> <span class='ocrx_word' id='word_1_423' title='bbox 2814 2375 2829 2404; x_wconf 77' lang='grc' dir='ltr'>ί</span> <span class='ocrx_word' id='word_1_424' title='bbox 2862 2376 3047 2431; x_wconf 90' lang='lat' dir='ltr'><strong><em>Dicant</em></strong></span> <span class='ocrx_word' id='word_1_425' title='bbox 3084 2377 3175 2448; x_wconf 87' lang='lat' dir='ltr'><strong><em>[al.</em></strong></span> <span class='ocrx_word' id='word_1_426' title='bbox 3213 2380 3484 2455; x_wconf 50' lang='lat' dir='ltr'><strong><em>Dicentur]</em></strong></span> <span class='ocrx_word' id='word_1_427' title='bbox 3517 2384 3675 2454; x_wconf 86' lang='lat' dir='ltr'><strong><em>igitur</em></strong></span> 
     </span>
    </p>
   </div>
   <div class='ocr_carea' id='block_1_52' title="bbox 2099 2461 3677 2546">
    <p class='ocr_par' dir='ltr' id='par_1_52' title="bbox 2099 2461 3677 2546">
     <span class='ocr_line' id='line_1_52' title="bbox 2099 2461 3677 2546; baseline 0.01 -31"><span class='ocrx_word' id='word_1_428' title='bbox 2099 2461 2154 2515; x_wconf 89' lang='lat' dir='ltr'><strong><em>in</em></strong></span> <span class='ocrx_word' id='word_1_429' title='bbox 2179 2472 2352 2516; x_wconf 91' lang='lat' dir='ltr'><strong><em>morte</em></strong></span> <span class='ocrx_word' id='word_1_430' title='bbox 2381 2474 2631 2531; x_wconf 89' lang='lat' dir='ltr'><strong><em>perpetua</em></strong></span> <span class='ocrx_word' id='word_1_431' title='bbox 2655 2466 2952 2536; x_wconf 89' lang='lat' dir='ltr'><strong><em>constituti,</em></strong></span> <span class='ocrx_word' id='word_1_432' title='bbox 2978 2467 3023 2521; x_wconf 90' lang='lat' dir='ltr'><strong><em>si</em></strong></span> <span class='ocrx_word' id='word_1_433' title='bbox 3050 2483 3152 2522; x_wconf 90' lang='lat' dir='ltr'><strong><em>non</em></strong></span> <span class='ocrx_word' id='word_1_434' title='bbox 3187 2471 3535 2546; x_wconf 54' lang='lat' dir='ltr'><strong><em>aestimentur</em></strong></span> <span class='ocrx_word' id='word_1_435' title='bbox 3555 2489 3677 2530; x_wconf 89' lang='lat' dir='ltr'><strong><em>esse</em></strong></span> 
     </span>
    </p>
   </div>
   <div class='ocr_carea' id='block_1_53' title="bbox 2100 2554 3677 2638">
    <p class='ocr_par' dir='ltr' id='par_1_53' title="bbox 2100 2554 3677 2638">
     <span class='ocr_line' id='line_1_53' title="bbox 2100 2554 3677 2638; baseline 0.011 -32"><span class='ocrx_word' id='word_1_436' title='bbox 2100 2554 2336 2607; x_wconf 89' lang='lat' dir='ltr'><strong><em>damnati</em></strong></span> <span class='ocrx_word' id='word_1_437' title='bbox 2368 2572 2378 2606; x_wconf 90' lang='lat'><strong>:</strong></span> <span class='ocrx_word' id='word_1_438' title='bbox 2424 2556 2611 2610; x_wconf 89' lang='lat' dir='ltr'><strong><em>tollant</em></strong></span> <span class='ocrx_word' id='word_1_439' title='bbox 2648 2572 2778 2627; x_wconf 89' lang='lat' dir='ltr'><strong><em>ergo</em></strong></span> <span class='ocrx_word' id='word_1_440' title='bbox 2821 2559 2886 2613; x_wconf 90' lang='lat' dir='ltr'><strong><em>de</em></strong></span> <span class='ocrx_word' id='word_1_441' title='bbox 2923 2560 3101 2616; x_wconf 91' lang='lat' dir='ltr'><strong><em>medio</em></strong></span> <span class='ocrx_word' id='word_1_442' title='bbox 3152 2563 3332 2619; x_wconf 90' lang='lat' dir='ltr'><strong><em>nescio</em></strong></span> <span class='ocrx_word' id='word_1_443' title='bbox 3370 2581 3526 2635; x_wconf 90' lang='lat' dir='ltr'><strong><em>quem</em></strong></span> <span class='ocrx_word' id='word_1_444' title='bbox 3576 2567 3677 2638; x_wconf 88' lang='lat' dir='ltr'><strong><em>ipsi</em></strong></span> 
     </span>
    </p>
   </div>
   <div class='ocr_carea' id='block_1_54' title="bbox 2104 2647 3679 2720">
    <p class='ocr_par' dir='ltr' id='par_1_54' title="bbox 2104 2647 3679 2720">
     <span class='ocr_line' id='line_1_54' title="bbox 2104 2647 3679 2720; baseline 0.011 -21"><span class='ocrx_word' id='word_1_445' title='bbox 2104 2647 2341 2713; x_wconf 89' lang='lat' dir='ltr'><strong><em>tertium,</em></strong></span> <span class='ocrx_word' id='word_1_446' title='bbox 2366 2663 2525 2716; x_wconf 90' lang='lat' dir='ltr'><strong><em>quem</em></strong></span> <span class='ocrx_word' id='word_1_447' title='bbox 2548 2648 2881 2717; x_wconf 88' lang='lat' dir='ltr'><strong><em>decipiendis</em></strong></span> <span class='ocrx_word' id='word_1_448' title='bbox 2905 2654 3136 2720; x_wconf 85' lang='lat' dir='ltr'><strong><em>parvulis</em></strong></span> <span class='ocrx_word' id='word_1_449' title='bbox 3162 2655 3355 2710; x_wconf 88' lang='lat' dir='ltr'><strong><em>faciant</em></strong></span> <span class='ocrx_word' id='word_1_450' title='bbox 3384 2660 3580 2715; x_wconf 90' lang='lat' dir='ltr'><strong><em>locum.</em></strong></span> <span class='ocrx_word' id='word_1_451' title='bbox 3615 2663 3679 2717; x_wconf 82' lang='lat' dir='ltr'><strong><em>Et</em></strong></span> 
     </span>
    </p>
   </div>
   <div class='ocr_carea' id='block_1_55' title="bbox 2103 2735 3677 2819">
    <p class='ocr_par' dir='ltr' id='par_1_55' title="bbox 2103 2735 3677 2819">
     <span class='ocr_line' id='line_1_55' title="bbox 2103 2735 3677 2819; baseline 0.011 -31"><span class='ocrx_word' id='word_1_452' title='bbox 2103 2735 2224 2805; x_wconf 83' lang='lat' dir='ltr'><strong><em>quia</em></strong></span> <span class='ocrx_word' id='word_1_453' title='bbox 2255 2751 2360 2790; x_wconf 91' lang='lat' dir='ltr'><strong><em>non</em></strong></span> <span class='ocrx_word' id='word_1_454' title='bbox 2392 2740 2490 2792; x_wconf 91' lang='lat' dir='ltr'><strong><em>nisi</em></strong></span> <span class='ocrx_word' id='word_1_455' title='bbox 2530 2739 2771 2793; x_wconf 82' lang='lat' dir='ltr'><strong><em>dextram</em></strong></span> <span class='ocrx_word' id='word_1_456' title='bbox 2815 2753 3018 2809; x_wconf 86' lang='lat' dir='ltr'><strong><em>partem</em></strong></span> <span class='ocrx_word' id='word_1_457' title='bbox 3054 2745 3275 2813; x_wconf 83' lang='lat' dir='ltr'><strong><em>legimus</em></strong></span> <span class='ocrx_word' id='word_1_458' title='bbox 3308 2757 3361 2801; x_wconf 88' lang='lat' dir='ltr'><strong><em>et</em></strong></span> <span class='ocrx_word' id='word_1_459' title='bbox 3386 2750 3677 2819; x_wconf 78' lang='lat' dir='ltr'><strong><em>SilllSll‘am,</em></strong></span> 
     </span>
    </p>
   </div>
   <div class='ocr_carea' id='block_1_56' title="bbox 2106 2828 3681 2907">
    <p class='ocr_par' dir='ltr' id='par_1_56' title="bbox 2106 2828 3681 2907">
     <span class='ocr_line' id='line_1_56' title="bbox 2106 2828 3681 2907; baseline 0.012 -29"><span class='ocrx_word' id='word_1_460' title='bbox 2106 2840 2209 2879; x_wconf 92' lang='lat' dir='ltr'><strong><em>non</em></strong></span> <span class='ocrx_word' id='word_1_461' title='bbox 2241 2828 2358 2880; x_wconf 90' lang='lat' dir='ltr'><strong><em>illos</em></strong></span> <span class='ocrx_word' id='word_1_462' title='bbox 2388 2828 2586 2882; x_wconf 83' lang='lat' dir='ltr'><strong><em>faciant</em></strong></span> <span class='ocrx_word' id='word_1_463' title='bbox 2616 2829 2671 2883; x_wconf 88' lang='lat' dir='ltr'><strong><em>in</em></strong></span> <span class='ocrx_word' id='word_1_464' title='bbox 2700 2831 2917 2885; x_wconf 87' lang='lat' dir='ltr'><strong><em>sinistra</em></strong></span> <span class='ocrx_word' id='word_1_465' title='bbox 2953 2836 3167 2902; x_wconf 86' lang='lat' dir='ltr'><strong><em>regione</em></strong></span> <span class='ocrx_word' id='word_1_466' title='bbox 3204 2839 3319 2892; x_wconf 88' lang='lat' dir='ltr'><strong><em>sine</em></strong></span> <span class='ocrx_word' id='word_1_467' title='bbox 3363 2839 3681 2907; x_wconf 84' lang='lat' dir='ltr'><strong><em>baptismate</em></strong></span> 
     </span>
    </p>
   </div>
   <div class='ocr_carea' id='block_1_57' title="bbox 2107 2919 3681 2989">
    <p class='ocr_par' dir='ltr' id='par_1_57' title="bbox 2107 2919 3681 2989">
     <span class='ocr_line' id='line_1_57' title="bbox 2107 2919 3681 2989; baseline 0.012 -21"><span class='ocrx_word' id='word_1_468' title='bbox 2107 2930 2404 2981; x_wconf 89' lang='lat' dir='ltr'><strong><em>remanere,</em></strong></span> <span class='ocrx_word' id='word_1_469' title='bbox 2450 2920 2544 2972; x_wconf 87' lang='lat' dir='ltr'><strong><em>sed</em></strong></span> <span class='ocrx_word' id='word_1_470' title='bbox 2577 2919 2873 2989; x_wconf 82' lang='lat' dir='ltr'><strong><em>baptizatos</em></strong></span> <span class='ocrx_word' id='word_1_471' title='bbox 2902 2923 3080 2978; x_wconf 87' lang='lat' dir='ltr'><strong><em>sinant</em></strong></span> <span class='ocrx_word' id='word_1_472' title='bbox 3117 2927 3183 2979; x_wconf 87' lang='lat' dir='ltr'><strong><em>ad</em></strong></span> <span class='ocrx_word' id='word_1_473' title='bbox 3230 2928 3503 2985; x_wconf 70' lang='lat' dir='ltr'><strong><em>deneram</em></strong></span> <span class='ocrx_word' id='word_1_474' title='bbox 3539 2934 3681 2987; x_wconf 84' lang='lat' dir='ltr'><strong><em>salu-</em></strong></span> 
     </span>
    </p>
   </div>
   <div class='ocr_carea' id='block_1_58' title="bbox 2110 3012 3212 3081">
    <p class='ocr_par' dir='ltr' id='par_1_58' title="bbox 2110 3012 3212 3081">
     <span class='ocr_line' id='line_1_58' title="bbox 2110 3012 3212 3081; baseline 0.01 -18"><span class='ocrx_word' id='word_1_475' title='bbox 2110 3018 2275 3063; x_wconf 84' lang='lat' dir='ltr'><strong><em>tarem</em></strong></span> <span class='ocrx_word' id='word_1_476' title='bbox 2299 3024 2448 3065; x_wconf 85' lang='lat' dir='ltr'><strong><em>sacra</em></strong></span> <span class='ocrx_word' id='word_1_477' title='bbox 2481 3012 2887 3081; x_wconf 87' lang='lat' dir='ltr'><strong><em>regeneratione</em></strong></span> <span class='ocrx_word' id='word_1_478' title='bbox 2913 3016 3212 3073; x_wconf 83' lang='lat' dir='ltr'><strong><em>transferri.</em></strong></span> 
     </span>
    </p>
   </div>
   <div class='ocr_carea' id='block_1_59' title="bbox 422 3102 3682 3188">
    <p class='ocr_par' dir='ltr' id='par_1_59' title="bbox 422 3102 3682 3188">
     <span class='ocr_line' id='line_1_59' title="bbox 422 3102 3682 3188; baseline 0.002 -26"><span class='ocrx_word' id='word_1_479' title='bbox 422 3110 613 3162; x_wconf 87' lang='lat' dir='ltr'><strong><em>beatus</em></strong></span> <span class='ocrx_word' id='word_1_480' title='bbox 656 3106 853 3160; x_wconf 78' lang='lat' dir='ltr'><strong><em>Paulus</em></strong></span> <span class='ocrx_word' id='word_1_481' title='bbox 886 3104 1198 3173; x_wconf 85' lang='lat' dir='ltr'><strong><em>apostolus:</em></strong></span> <span class='ocrx_word' id='word_1_482' title='bbox 1240 3104 1385 3158; x_wconf 87' lang='lat' dir='ltr'><strong><em>Sicut</em></strong></span> <span class='ocrx_word' id='word_1_483' title='bbox 1432 3118 1522 3169; x_wconf 82' lang='lat' dir='ltr'><strong><em>per</em></strong></span> <span class='ocrx_word' id='word_1_484' title='bbox 1553 3119 1709 3157; x_wconf 88' lang='lat' dir='ltr'><strong><em>unum</em></strong></span> <span class='ocrx_word' id='word_1_485' title='bbox 1750 3103 2000 3156; x_wconf 83' lang='lat' dir='ltr'><strong><em>hominem</em></strong></span> <span class='ocrx_word' id='word_1_486' title='bbox 2030 3120 2077 3188; x_wconf 69' lang='grc' dir='ltr'>ο</span> <span class='ocrx_word' id='word_1_487' title='bbox 2180 3102 2360 3156; x_wconf 91' lang='lat' dir='ltr'><strong><em>Tertio</em></strong></span> <span class='ocrx_word' id='word_1_488' title='bbox 2403 3104 2634 3171; x_wconf 89' lang='lat' dir='ltr'><strong><em>capitulo</em></strong></span> <span class='ocrx_word' id='word_1_489' title='bbox 2675 3105 2786 3173; x_wconf 82' lang='lat' dir='ltr'><strong><em>jam</em></strong></span> <span class='ocrx_word' id='word_1_490' title='bbox 2836 3115 2947 3160; x_wconf 88' lang='lat' dir='ltr'><strong><em>toto</em></strong></span> <span class='ocrx_word' id='word_1_491' title='bbox 2992 3108 3190 3162; x_wconf 90' lang='lat' dir='ltr'><strong><em>mundo</em></strong></span> <span class='ocrx_word' id='word_1_492' title='bbox 3235 3113 3467 3180; x_wconf 84' lang='lat' dir='ltr'><strong><em>cognita,</em></strong></span> <span class='ocrx_word' id='word_1_493' title='bbox 3520 3122 3682 3184; x_wconf 88' lang='lat' dir='ltr'><strong><em>atque</em></strong></span> 
     </span>
    </p>
   </div>
   <div class='ocr_carea' id='block_1_60' title="bbox 424 3197 2006 3273">
    <p class='ocr_par' dir='ltr' id='par_1_60' title="bbox 424 3197 2006 3273">
     <span class='ocr_line' id='line_1_60' title="bbox 424 3197 2006 3273; baseline -0.002 -19"><span class='ocrx_word' id='word_1_494' title='bbox 424 3210 685 3273; x_wconf 66' lang='lat' dir='ltr'><strong><em>peccatum</em></strong></span> <span class='ocrx_word' id='word_1_495' title='bbox 710 3197 912 3253; x_wconf 71' lang='lat' dir='ltr'><strong><em>intrarit</em></strong></span> <span class='ocrx_word' id='word_1_496' title='bbox 943 3198 1339 3264; x_wconf 83' lang='lat' dir='ltr'><strong><em>iuntundum,et</em></strong></span> <span class='ocrx_word' id='word_1_497' title='bbox 1364 3212 1449 3264; x_wconf 84' lang='lat' dir='ltr'><strong><em>per</em></strong></span> <span class='ocrx_word' id='word_1_498' title='bbox 1469 3204 1731 3266; x_wconf 73' lang='lat' dir='ltr'><strong><em>peccatum</em></strong></span> <span class='ocrx_word' id='word_1_499' title='bbox 1757 3210 1925 3250; x_wconf 85' lang='lat' dir='ltr'><strong><em>mors:</em></strong></span> <span class='ocrx_word' id='word_1_500' title='bbox 1944 3207 2006 3251; x_wconf 81' lang='lat' dir='ltr'><strong><em>et</em></strong></span> 
     </span>
    </p>
   </div>
   <div class='ocr_carea' id='block_1_61' title="bbox 426 3289 2008 3359">
    <p class='ocr_par' dir='ltr' id='par_1_61' title="bbox 426 3289 2008 3359">
     <span class='ocr_line' id='line_1_61' title="bbox 426 3289 2008 3359; baseline -0.003 -15"><span class='ocrx_word' id='word_1_501' title='bbox 426 3291 514 3344; x_wconf 90' lang='lat' dir='ltr'><strong><em>Ita</em></strong></span> <span class='ocrx_word' id='word_1_502' title='bbox 532 3294 583 3344; x_wconf 84' lang='lat' dir='ltr'><strong><em>in</em></strong></span> <span class='ocrx_word' id='word_1_503' title='bbox 605 3305 775 3342; x_wconf 84' lang='lat' dir='ltr'><strong><em>omnes</em></strong></span> <span class='ocrx_word' id='word_1_504' title='bbox 801 3290 1026 3345; x_wconf 78' lang='lat' dir='ltr'><strong><em>homines</em></strong></span> <span class='ocrx_word' id='word_1_505' title='bbox 1048 3289 1360 3359; x_wconf 85' lang='lat' dir='ltr'><strong><em>pertransiit,</em></strong></span> <span class='ocrx_word' id='word_1_506' title='bbox 1388 3290 1442 3343; x_wconf 90' lang='lat' dir='ltr'><strong><em>in</em></strong></span> <span class='ocrx_word' id='word_1_507' title='bbox 1462 3304 1753 3358; x_wconf 69' lang='lat' dir='ltr'><strong><em>quocmnes</em></strong></span> <span class='ocrx_word' id='word_1_508' title='bbox 1776 3304 2008 3356; x_wconf 85' lang='lat' dir='ltr'><strong><em>peccave-</em></strong></span> 
     </span>
    </p>
   </div>
   <div class='ocr_carea' id='block_1_62' title="bbox 425 3377 2008 3448">
    <p class='ocr_par' dir='ltr' id='par_1_62' title="bbox 425 3377 2008 3448">
     <span class='ocr_line' id='line_1_62' title="bbox 425 3377 2008 3448; baseline -0.001 -16"><span class='ocrx_word' id='word_1_509' title='bbox 425 3392 583 3445; x_wconf 87' lang='lat' dir='ltr'><strong><em>runt;</em></strong></span> <span class='ocrx_word' id='word_1_510' title='bbox 609 3390 663 3433; x_wconf 89' lang='lat' dir='ltr'><strong><em>et</em></strong></span> <span class='ocrx_word' id='word_1_511' title='bbox 687 3379 845 3446; x_wconf 77' lang='lat' dir='ltr'><strong><em>paulo</em></strong></span> <span class='ocrx_word' id='word_1_512' title='bbox 876 3389 993 3448; x_wconf 89' lang='lat' dir='ltr'><strong><em>post</em></strong></span> <span class='ocrx_word' id='word_1_513' title='bbox 1027 3394 1039 3431; x_wconf 88' lang='lat'><strong>:</strong></span> <span class='ocrx_word' id='word_1_514' title='bbox 1071 3377 1237 3448; x_wconf 79' lang='lat' dir='ltr'><strong><em>Igitur</em></strong></span> <span class='ocrx_word' id='word_1_515' title='bbox 1257 3379 1385 3431; x_wconf 84' lang='lat' dir='ltr'><strong><em>sicut</em></strong></span> <span class='ocrx_word' id='word_1_516' title='bbox 1406 3393 1495 3448; x_wconf 87' lang='lat' dir='ltr'><strong><em>per</em></strong></span> <span class='ocrx_word' id='word_1_517' title='bbox 1520 3379 1667 3432; x_wconf 86' lang='lat' dir='ltr'><strong><em>unius</em></strong></span> <span class='ocrx_word' id='word_1_518' title='bbox 1685 3379 1920 3431; x_wconf 86' lang='lat' dir='ltr'><strong><em>delictum</em></strong></span> <span class='ocrx_word' id='word_1_519' title='bbox 1954 3379 2008 3431; x_wconf 89' lang='lat' dir='ltr'><strong><em>in</em></strong></span> 
     </span>
    </p>
   </div>
   <div class='ocr_carea' id='block_1_63' title="bbox 427 3468 2010 3541">
    <p class='ocr_par' dir='ltr' id='par_1_63' title="bbox 427 3468 2010 3541">
     <span class='ocr_line' id='line_1_63' title="bbox 427 3468 2010 3541; baseline -0.001 -18"><span class='ocrx_word' id='word_1_520' title='bbox 427 3486 602 3524; x_wconf 81' lang='lat' dir='ltr'><strong><em>omnes</em></strong></span> <span class='ocrx_word' id='word_1_521' title='bbox 615 3470 842 3522; x_wconf 85' lang='lat' dir='ltr'><strong><em>homines</em></strong></span> <span class='ocrx_word' id='word_1_522' title='bbox 863 3470 1417 3541; x_wconf 57' lang='lat' dir='ltr'><strong><em>itqcondemnationem,</em></strong></span> <span class='ocrx_word' id='word_1_523' title='bbox 1431 3468 1504 3522; x_wconf 88' lang='lat' dir='ltr'><strong><em>sic</em></strong></span> <span class='ocrx_word' id='word_1_524' title='bbox 1520 3478 1565 3522; x_wconf 91' lang='lat' dir='ltr'><strong><em>et</em></strong></span> <span class='ocrx_word' id='word_1_525' title='bbox 1580 3484 1670 3537; x_wconf 88' lang='lat' dir='ltr'><strong><em>per</em></strong></span> <span class='ocrx_word' id='word_1_526' title='bbox 1690 3468 1839 3521; x_wconf 86' lang='lat' dir='ltr'><strong><em>unius</em></strong></span> <span class='ocrx_word' id='word_1_527' title='bbox 1850 3468 2010 3539; x_wconf 86' lang='lat' dir='ltr'><strong><em>justi-</em></strong></span> 
     </span>
    </p>
   </div>
   <div class='ocr_carea' id='block_1_64' title="bbox 429 3559 2008 3631">
    <p class='ocr_par' dir='ltr' id='par_1_64' title="bbox 429 3559 2008 3631">
     <span class='ocr_line' id='line_1_64' title="bbox 429 3559 2008 3631; baseline -0.001 -17"><span class='ocrx_word' id='word_1_528' title='bbox 429 3562 551 3614; x_wconf 83' lang='lat' dir='ltr'><strong><em>tiam</em></strong></span> <span class='ocrx_word' id='word_1_529' title='bbox 584 3562 636 3613; x_wconf 89' lang='lat' dir='ltr'><strong><em>in</em></strong></span> <span class='ocrx_word' id='word_1_530' title='bbox 668 3576 839 3614; x_wconf 85' lang='lat' dir='ltr'><strong><em>omnes</em></strong></span> <span class='ocrx_word' id='word_1_531' title='bbox 862 3561 1086 3614; x_wconf 79' lang='lat' dir='ltr'><strong><em>homines</em></strong></span> <span class='ocrx_word' id='word_1_532' title='bbox 1110 3561 1163 3613; x_wconf 90' lang='lat' dir='ltr'><strong><em>in</em></strong></span> <span class='ocrx_word' id='word_1_533' title='bbox 1188 3559 2008 3631; x_wconf 74' lang='lat' dir='ltr'><strong><em>iustiﬁcationemvithiom.v).</em></strong></span> 
     </span>
    </p>
   </div>
   <div class='ocr_carea' id='block_1_65' title="bbox 506 3650 2013 3717">
    <p class='ocr_par' dir='ltr' id='par_1_65' title="bbox 506 3650 2013 3717">
     <span class='ocr_line' id='line_1_65' title="bbox 506 3650 2013 3717; baseline 0.001 -11"><span class='ocrx_word' id='word_1_534' title='bbox 506 3651 855 3706; x_wconf 84' lang='lat' dir='ltr'><strong><em>Sicutautem</em></strong></span> <span class='ocrx_word' id='word_1_535' title='bbox 887 3666 1072 3705; x_wconf 83' lang='lat' dir='ltr'><strong><em>omnes</em></strong></span> <span class='ocrx_word' id='word_1_536' title='bbox 1111 3650 1165 3705; x_wconf 90' lang='lat' dir='ltr'><strong><em>in</em></strong></span> <span class='ocrx_word' id='word_1_537' title='bbox 1205 3652 1704 3705; x_wconf 86' lang='lat' dir='ltr'><strong><em>condemnationem</em></strong></span> <span class='ocrx_word' id='word_1_538' title='bbox 1731 3651 1877 3717; x_wconf 81' lang='lat' dir='ltr'><strong><em>dicit,</em></strong></span> <span class='ocrx_word' id='word_1_539' title='bbox 1910 3653 2013 3707; x_wconf 89' lang='lat' dir='ltr'><strong><em>uti-</em></strong></span> 
     </span>
    </p>
   </div>
   <div class='ocr_carea' id='block_1_66' title="bbox 433 3744 2014 3815">
    <p class='ocr_par' dir='ltr' id='par_1_66' title="bbox 433 3744 2014 3815">
     <span class='ocr_line' id='line_1_66' title="bbox 433 3744 2014 3815; baseline 0.001 -18"><span class='ocrx_word' id='word_1_540' title='bbox 433 3760 540 3815; x_wconf 90' lang='lat' dir='ltr'><strong><em>que</em></strong></span> <span class='ocrx_word' id='word_1_541' title='bbox 559 3744 652 3813; x_wconf 85' lang='lat' dir='ltr'><strong><em>qui</em></strong></span> <span class='ocrx_word' id='word_1_542' title='bbox 680 3745 749 3798; x_wconf 89' lang='lat' dir='ltr'><strong><em>de</em></strong></span> <span class='ocrx_word' id='word_1_543' title='bbox 778 3744 946 3796; x_wconf 85' lang='lat' dir='ltr'><strong><em>Adam</em></strong></span> <span class='ocrx_word' id='word_1_544' title='bbox 989 3751 1207 3811; x_wconf 77' lang='lat' dir='ltr'><strong><em>parente</em></strong></span> <span class='ocrx_word' id='word_1_545' title='bbox 1239 3752 1364 3797; x_wconf 87' lang='lat' dir='ltr'><strong><em>sunt</em></strong></span> <span class='ocrx_word' id='word_1_546' title='bbox 1399 3744 1588 3812; x_wconf 86' lang='lat' dir='ltr'><strong><em>geniti,</em></strong></span> <span class='ocrx_word' id='word_1_547' title='bbox 1638 3744 1716 3797; x_wconf 91' lang='lat' dir='ltr'><strong><em>sic</em></strong></span> <span class='ocrx_word' id='word_1_548' title='bbox 1746 3756 1933 3798; x_wconf 86' lang='lat' dir='ltr'><strong><em>omnes</em></strong></span> <span class='ocrx_word' id='word_1_549' title='bbox 1958 3744 2014 3798; x_wconf 90' lang='lat' dir='ltr'><strong><em>in</em></strong></span> 
     </span>
    </p>
   </div>
   <div class='ocr_carea' id='block_1_67' title="bbox 434 3833 2011 3904">
    <p class='ocr_par' dir='ltr' id='par_1_67' title="bbox 434 3833 2011 3904">
     <span class='ocr_line' id='line_1_67' title="bbox 434 3833 2011 3904; baseline 0.001 -17"><span class='ocrx_word' id='word_1_550' title='bbox 434 3835 873 3904; x_wconf 71' lang='lat' dir='ltr'><strong><em>jnstilicationctn</em></strong></span> <span class='ocrx_word' id='word_1_551' title='bbox 917 3833 1036 3887; x_wconf 77' lang='lat' dir='ltr'><strong><em>vita:</em></strong></span> <span class='ocrx_word' id='word_1_552' title='bbox 1076 3849 1181 3887; x_wconf 89' lang='lat' dir='ltr'><strong><em>non</em></strong></span> <span class='ocrx_word' id='word_1_553' title='bbox 1222 3833 1322 3887; x_wconf 86' lang='lat' dir='ltr'><strong><em>nisi</em></strong></span> <span class='ocrx_word' id='word_1_554' title='bbox 1378 3834 1498 3887; x_wconf 86' lang='lat' dir='ltr'><strong><em>illos</em></strong></span> <span class='ocrx_word' id='word_1_555' title='bbox 1548 3834 1759 3901; x_wconf 90' lang='lat' dir='ltr'><strong><em>astruit,</em></strong></span> <span class='ocrx_word' id='word_1_556' title='bbox 1818 3836 1907 3904; x_wconf 90' lang='lat' dir='ltr'><strong><em>qui</em></strong></span> <span class='ocrx_word' id='word_1_557' title='bbox 1960 3835 2011 3889; x_wconf 87' lang='lat' dir='ltr'><strong><em>itt</em></strong></span> 
     </span>
    </p>
   </div>
   <div class='ocr_carea' id='block_1_68' title="bbox 435 3926 2014 3996">
    <p class='ocr_par' dir='ltr' id='par_1_68' title="bbox 435 3926 2014 3996">
     <span class='ocr_line' id='line_1_68' title="bbox 435 3926 2014 3996; baseline 0 -15"><span class='ocrx_word' id='word_1_558' title='bbox 435 3926 635 3981; x_wconf 85' lang='lat' dir='ltr'><strong><em>Christi</em></strong></span> <span class='ocrx_word' id='word_1_559' title='bbox 670 3926 925 3996; x_wconf 74' lang='lat' dir='ltr'><strong><em>mysterio</em></strong></span> <span class='ocrx_word' id='word_1_560' title='bbox 964 3934 1089 3980; x_wconf 90' lang='lat' dir='ltr'><strong><em>sunt</em></strong></span> <span class='ocrx_word' id='word_1_561' title='bbox 1132 3926 1323 3980; x_wconf 88' lang='lat' dir='ltr'><strong><em>renati.</em></strong></span> <span class='ocrx_word' id='word_1_562' title='bbox 1372 3927 1671 3981; x_wconf 89' lang='lat' dir='ltr'><strong><em>lnnumeris</em></strong></span> <span class='ocrx_word' id='word_1_563' title='bbox 1713 3928 1904 3982; x_wconf 89' lang='lat' dir='ltr'><strong><em>talibus</em></strong></span> <span class='ocrx_word' id='word_1_564' title='bbox 1928 3929 2014 3983; x_wconf 89' lang='lat' dir='ltr'><strong><em>in-</em></strong></span> 
     </span>
    </p>
   </div>
   <div class='ocr_carea' id='block_1_69' title="bbox 434 4004 2020 4088">
    <p class='ocr_par' dir='ltr' id='par_1_69' title="bbox 434 4004 2020 4088">
     <span class='ocr_line' id='line_1_69' title="bbox 434 4004 2020 4088; baseline 0 -15"><span class='ocrx_word' id='word_1_565' title='bbox 434 4019 754 4073; x_wconf 81' lang='lat' dir='ltr'><strong><em>strunientis</em></strong></span> <span class='ocrx_word' id='word_1_566' title='bbox 784 4019 1003 4073; x_wconf 70' lang='lat' dir='ltr'><strong><em>hazresis</em></strong></span> <span class='ocrx_word' id='word_1_567' title='bbox 1032 4018 1328 4088; x_wconf 60' lang='lat' dir='ltr'><strong><em>Pelagiana;</em></strong></span> <span class='ocrx_word' id='word_1_568' title='bbox 1358 4004 1601 4072; x_wconf 87' lang='lat' dir='ltr'><strong><em>doctrina</em></strong></span> <span class='ocrx_word' id='word_1_569' title='bbox 1631 4017 1931 4084; x_wconf 87' lang='lat' dir='ltr'><strong><em>mortifera,</em></strong></span> <span class='ocrx_word' id='word_1_570' title='bbox 1965 4026 2020 4073; x_wconf 88' lang='lat' dir='ltr'><strong><em>et</em></strong></span> 
     </span>
    </p>
   </div>
   <div class='ocr_carea' id='block_1_70' title="bbox 437 4110 2017 4178">
    <p class='ocr_par' dir='ltr' id='par_1_70' title="bbox 437 4110 2017 4178">
     <span class='ocr_line' id='line_1_70' title="bbox 437 4110 2017 4178; baseline 0.001 -15"><span class='ocrx_word' id='word_1_571' title='bbox 437 4126 464 4163; x_wconf 88' lang='lat' dir='ltr'><strong><em>a</em></strong></span> <span class='ocrx_word' id='word_1_572' title='bbox 501 4111 703 4165; x_wconf 84' lang='lat' dir='ltr'><strong><em>nostris</em></strong></span> <span class='ocrx_word' id='word_1_573' title='bbox 732 4119 813 4164; x_wconf 89' lang='lat' dir='ltr'><strong><em>est</em></strong></span> <span class='ocrx_word' id='word_1_574' title='bbox 841 4110 1082 4164; x_wconf 86' lang='lat' dir='ltr'><strong><em>convicta</em></strong></span> <span class='ocrx_word' id='word_1_575' title='bbox 1110 4110 1427 4178; x_wconf 88' lang='lat' dir='ltr'><strong><em>majoribus,</em></strong></span> <span class='ocrx_word' id='word_1_576' title='bbox 1459 4121 1514 4163; x_wconf 90' lang='lat' dir='ltr'><strong><em>et</em></strong></span> <span class='ocrx_word' id='word_1_577' title='bbox 1540 4125 1679 4164; x_wconf 90' lang='lat' dir='ltr'><strong><em>nunc</em></strong></span> <span class='ocrx_word' id='word_1_578' title='bbox 1709 4124 1892 4164; x_wconf 85' lang='lat' dir='ltr'><strong><em>eorum</em></strong></span> <span class='ocrx_word' id='word_1_579' title='bbox 1928 4125 2017 4164; x_wconf 90' lang='lat' dir='ltr'><strong><em>co-</em></strong></span> 
     </span>
    </p>
   </div>
   <div class='ocr_carea' id='block_1_71' title="bbox 437 4202 2020 4272">
    <p class='ocr_par' dir='ltr' id='par_1_71' title="bbox 437 4202 2020 4272">
     <span class='ocr_line' id='line_1_71' title="bbox 437 4202 2020 4272; baseline 0.001 -18"><span class='ocrx_word' id='word_1_580' title='bbox 437 4202 588 4271; x_wconf 91' lang='lat' dir='ltr'><strong><em>piosa</em></strong></span> <span class='ocrx_word' id='word_1_581' title='bbox 622 4212 794 4270; x_wconf 88' lang='lat' dir='ltr'><strong><em>potest</em></strong></span> <span class='ocrx_word' id='word_1_582' title='bbox 823 4202 1121 4256; x_wconf 87' lang='lat' dir='ltr'><strong><em>eruditione</em></strong></span> <span class='ocrx_word' id='word_1_583' title='bbox 1150 4202 1423 4268; x_wconf 82' lang='lat' dir='ltr'><strong><em>convinci;</em></strong></span> <span class='ocrx_word' id='word_1_584' title='bbox 1458 4217 1557 4256; x_wconf 88' lang='lat' dir='ltr'><strong><em>ncc</em></strong></span> <span class='ocrx_word' id='word_1_585' title='bbox 1593 4203 1788 4257; x_wconf 88' lang='lat' dir='ltr'><strong><em>debent</em></strong></span> <span class='ocrx_word' id='word_1_586' title='bbox 1818 4202 2020 4272; x_wconf 86' lang='lat' dir='ltr'><strong><em>simpli-</em></strong></span> 
     </span>
    </p>
   </div>
   <div class='ocr_carea' id='block_1_72' title="bbox 436 4292 2021 4361">
    <p class='ocr_par' dir='ltr' id='par_1_72' title="bbox 436 4292 2021 4361">
     <span class='ocr_line' id='line_1_72' title="bbox 436 4292 2021 4361; baseline 0.001 -16"><span class='ocrx_word' id='word_1_587' title='bbox 436 4306 532 4346; x_wconf 85' lang='lat' dir='ltr'><strong><em>ces</em></strong></span> <span class='ocrx_word' id='word_1_588' title='bbox 553 4293 761 4345; x_wconf 88' lang='lat' dir='ltr'><strong><em>animos</em></strong></span> <span class='ocrx_word' id='word_1_589' title='bbox 792 4292 893 4345; x_wconf 89' lang='lat' dir='ltr'><strong><em>ista</em></strong></span> <span class='ocrx_word' id='word_1_590' title='bbox 934 4292 1172 4358; x_wconf 88' lang='lat' dir='ltr'><strong><em>turbare,</em></strong></span> <span class='ocrx_word' id='word_1_591' title='bbox 1204 4292 1394 4360; x_wconf 87' lang='lat' dir='ltr'><strong><em>quibus</em></strong></span> <span class='ocrx_word' id='word_1_592' title='bbox 1414 4308 1534 4361; x_wconf 75' lang='lat' dir='ltr'><strong><em>qua:</em></strong></span> <span class='ocrx_word' id='word_1_593' title='bbox 1573 4308 1677 4345; x_wconf 93' lang='lat' dir='ltr'><strong><em>non</em></strong></span> <span class='ocrx_word' id='word_1_594' title='bbox 1718 4292 2021 4360; x_wconf 76' lang='lat' dir='ltr'><strong><em>intelligunt</em></strong></span> 
     </span>
    </p>
   </div>
   <div class='ocr_carea' id='block_1_73' title="bbox 436 4382 2014 4449">
    <p class='ocr_par' dir='ltr' id='par_1_73' title="bbox 436 4382 2014 4449">
     <span class='ocr_line' id='line_1_73' title="bbox 436 4382 2014 4449; baseline -0.001 -14"><span class='ocrx_word' id='word_1_595' title='bbox 436 4382 730 4437; x_wconf 86' lang='lat' dir='ltr'><strong><em>secundum</em></strong></span> <span class='ocrx_word' id='word_1_596' title='bbox 755 4384 1174 4438; x_wconf 85' lang='lat' dir='ltr'><strong><em>ecclesiasticam</em></strong></span> <span class='ocrx_word' id='word_1_597' title='bbox 1207 4382 1429 4436; x_wconf 87' lang='lat' dir='ltr'><strong><em>formam</em></strong></span> <span class='ocrx_word' id='word_1_598' title='bbox 1460 4382 1752 4436; x_wconf 89' lang='lat' dir='ltr'><strong><em>credidisse</em></strong></span> <span class='ocrx_word' id='word_1_599' title='bbox 1766 4384 2014 4449; x_wconf 81' lang='lat' dir='ltr'><strong><em>sufficiet,</em></strong></span> 
     </span>
    </p>
   </div>
   <div class='ocr_carea' id='block_1_74' title="bbox 2107 3196 3681 3274">
    <p class='ocr_par' dir='ltr' id='par_1_74' title="bbox 2107 3196 3681 3274">
     <span class='ocr_line' id='line_1_74' title="bbox 2107 3196 3681 3274; baseline 0.006 -24"><span class='ocrx_word' id='word_1_600' title='bbox 2107 3196 2345 3250; x_wconf 82' lang='lat' dir='ltr'><strong><em>convicta</em></strong></span> <span class='ocrx_word' id='word_1_601' title='bbox 2411 3198 2815 3267; x_wconf 83' lang='lat' dir='ltr'><strong><em>Pelagianorum</em></strong></span> <span class='ocrx_word' id='word_1_602' title='bbox 2885 3200 3234 3255; x_wconf 84' lang='lat' dir='ltr'><strong><em>deliramenta</em></strong></span> <span class='ocrx_word' id='word_1_603' title='bbox 3289 3205 3681 3274; x_wconf 86' lang='lat' dir='ltr'><strong><em>circumferre,</em></strong></span> 
     </span>
    </p>
   </div>
   <div class='ocr_carea' id='block_1_75' title="bbox 2106 3288 3682 3371">
    <p class='ocr_par' dir='ltr' id='par_1_75' title="bbox 2106 3288 3682 3371">
     <span class='ocr_line' id='line_1_75' title="bbox 2106 3288 3682 3371; baseline 0.006 -30"><span class='ocrx_word' id='word_1_604' title='bbox 2106 3288 2297 3358; x_wconf 89' lang='lat' dir='ltr'><strong><em>quibus</em></strong></span> <span class='ocrx_word' id='word_1_605' title='bbox 2337 3291 2547 3355; x_wconf 90' lang='lat' dir='ltr'><strong><em>dicunt,</em></strong></span> <span class='ocrx_word' id='word_1_606' title='bbox 2589 3291 2730 3358; x_wconf 89' lang='lat' dir='ltr'><strong><em>quod</em></strong></span> <span class='ocrx_word' id='word_1_607' title='bbox 2778 3291 2938 3346; x_wconf 87' lang='lat' dir='ltr'><strong><em>homo</em></strong></span> <span class='ocrx_word' id='word_1_608' title='bbox 2981 3308 3077 3360; x_wconf 82' lang='lat' dir='ltr'><strong><em>p.-r</em></strong></span> <span class='ocrx_word' id='word_1_609' title='bbox 3117 3294 3339 3349; x_wconf 87' lang='lat' dir='ltr'><strong><em>liberum</em></strong></span> <span class='ocrx_word' id='word_1_610' title='bbox 3382 3297 3682 3371; x_wconf 81' lang='lat' dir='ltr'><strong><em>arbitrium,</em></strong></span> 
     </span>
    </p>
   </div>
   <div class='ocr_carea' id='block_1_76' title="bbox 2107 3383 3686 3460">
    <p class='ocr_par' dir='ltr' id='par_1_76' title="bbox 2107 3383 3686 3460">
     <span class='ocr_line' id='line_1_76' title="bbox 2107 3383 3686 3460; baseline 0.007 -26"><span class='ocrx_word' id='word_1_611' title='bbox 2107 3383 2247 3451; x_wconf 92' lang='lat' dir='ltr'><strong><em>quod</em></strong></span> <span class='ocrx_word' id='word_1_612' title='bbox 2279 3383 2537 3451; x_wconf 78' lang='lat' dir='ltr'><strong><em>corrUpit,</em></strong></span> <span class='ocrx_word' id='word_1_613' title='bbox 2563 3383 2781 3438; x_wconf 66' lang='lat' dir='ltr'><strong><em>foedavit</em></strong></span> <span class='ocrx_word' id='word_1_614' title='bbox 2807 3399 2871 3438; x_wconf 93' lang='lat' dir='ltr'><strong><em>ac</em></strong></span> <span class='ocrx_word' id='word_1_615' title='bbox 2901 3385 3153 3454; x_wconf 87' lang='lat' dir='ltr'><strong><em>perdidit,</em></strong></span> <span class='ocrx_word' id='word_1_616' title='bbox 3188 3387 3328 3441; x_wconf 92' lang='lat' dir='ltr'><strong><em>bono</em></strong></span> <span class='ocrx_word' id='word_1_617' title='bbox 3359 3389 3686 3460; x_wconf 83' lang='lat' dir='ltr'><strong><em>sulTragante</em></strong></span> 
     </span>
    </p>
   </div>
   <div class='ocr_carea' id='block_1_77' title="bbox 2110 3473 3688 3551">
    <p class='ocr_par' dir='ltr' id='par_1_77' title="bbox 2110 3473 3688 3551">
     <span class='ocr_line' id='line_1_77' title="bbox 2110 3473 3688 3551; baseline 0.006 -24"><span class='ocrx_word' id='word_1_618' title='bbox 2110 3481 2316 3527; x_wconf 84' lang='lat' dir='ltr'><strong><em>naturae</em></strong></span> <span class='ocrx_word' id='word_1_619' title='bbox 2354 3473 2542 3528; x_wconf 85' lang='lat' dir='ltr'><strong><em>beatus</em></strong></span> <span class='ocrx_word' id='word_1_620' title='bbox 2570 3473 2855 3541; x_wconf 83' lang='lat' dir='ltr'><strong><em>efﬁciatur,</em></strong></span> <span class='ocrx_word' id='word_1_621' title='bbox 2896 3491 3016 3531; x_wconf 90' lang='lat' dir='ltr'><strong><em>cum</em></strong></span> <span class='ocrx_word' id='word_1_622' title='bbox 3056 3476 3121 3531; x_wconf 89' lang='lat' dir='ltr'><strong><em>de</em></strong></span> <span class='ocrx_word' id='word_1_623' title='bbox 3164 3478 3491 3535; x_wconf 79' lang='lat' dir='ltr'><strong><em>beatitudine</em></strong></span> <span class='ocrx_word' id='word_1_624' title='bbox 3532 3496 3688 3551; x_wconf 89' lang='lat' dir='ltr'><strong><em>para-</em></strong></span> 
     </span>
    </p>
   </div>
   <div class='ocr_carea' id='block_1_78' title="bbox 2111 3564 3690 3634">
    <p class='ocr_par' dir='ltr' id='par_1_78' title="bbox 2111 3564 3690 3634">
     <span class='ocr_line' id='line_1_78' title="bbox 2111 3564 3690 3634; baseline 0.007 -16"><span class='ocrx_word' id='word_1_625' title='bbox 2111 3564 2234 3627; x_wconf 87' lang='lat' dir='ltr'><strong><em>disi,</em></strong></span> <span class='ocrx_word' id='word_1_626' title='bbox 2266 3564 2354 3617; x_wconf 92' lang='lat' dir='ltr'><strong><em>ubi</em></strong></span> <span class='ocrx_word' id='word_1_627' title='bbox 2388 3565 2525 3617; x_wconf 56' lang='lat' dir='ltr'><strong><em>bona</em></strong></span> <span class='ocrx_word' id='word_1_628' title='bbox 2565 3565 2738 3619; x_wconf 88' lang='lat' dir='ltr'><strong><em>fuerat</em></strong></span> <span class='ocrx_word' id='word_1_629' title='bbox 2770 3567 3062 3621; x_wconf 89' lang='lat' dir='ltr'><strong><em>constituta</em></strong></span> <span class='ocrx_word' id='word_1_630' title='bbox 3102 3568 3425 3634; x_wconf 88' lang='lat' dir='ltr'><strong><em>substantia,</em></strong></span> <span class='ocrx_word' id='word_1_631' title='bbox 3457 3572 3558 3625; x_wconf 91' lang='lat' dir='ltr'><strong><em>nisi</em></strong></span> <span class='ocrx_word' id='word_1_632' title='bbox 3591 3586 3690 3629; x_wconf 87' lang='lat' dir='ltr'><strong><em>suo</em></strong></span> 
     </span>
    </p>
   </div>
   <div class='ocr_carea' id='block_1_79' title="bbox 2112 3653 3692 3728">
    <p class='ocr_par' dir='ltr' id='par_1_79' title="bbox 2112 3653 3692 3728">
     <span class='ocr_line' id='line_1_79' title="bbox 2112 3653 3692 3728; baseline 0.007 -22"><span class='ocrx_word' id='word_1_633' title='bbox 2112 3653 2313 3707; x_wconf 87' lang='lat' dir='ltr'><strong><em>amisso</em></strong></span> <span class='ocrx_word' id='word_1_634' title='bbox 2344 3654 2483 3726; x_wconf 85' lang='lat' dir='ltr'><strong><em>bono</em></strong></span> <span class='ocrx_word' id='word_1_635' title='bbox 2504 3655 2807 3709; x_wconf 89' lang='lat' dir='ltr'><strong><em>nullatenus</em></strong></span> <span class='ocrx_word' id='word_1_636' title='bbox 2834 3658 3098 3725; x_wconf 87' lang='lat' dir='ltr'><strong><em>potuisset</em></strong></span> <span class='ocrx_word' id='word_1_637' title='bbox 3124 3659 3346 3728; x_wconf 78' lang='lat' dir='ltr'><strong><em>expelli,</em></strong></span> <span class='ocrx_word' id='word_1_638' title='bbox 3381 3662 3524 3716; x_wconf 88' lang='lat' dir='ltr'><strong><em>unde</em></strong></span> <span class='ocrx_word' id='word_1_639' title='bbox 3545 3677 3692 3717; x_wconf 85' lang='lat' dir='ltr'><strong><em>mor-</em></strong></span> 
     </span>
    </p>
   </div>
   <div class='ocr_carea' id='block_1_80' title="bbox 2114 3744 3692 3819">
    <p class='ocr_par' dir='ltr' id='par_1_80' title="bbox 2114 3744 3692 3819">
     <span class='ocr_line' id='line_1_80' title="bbox 2114 3744 3692 3819; baseline 0.008 -22"><span class='ocrx_word' id='word_1_640' title='bbox 2114 3746 2233 3799; x_wconf 90' lang='lat' dir='ltr'><strong><em>talis</em></strong></span> <span class='ocrx_word' id='word_1_641' title='bbox 2279 3744 2489 3807; x_wconf 77' lang='lat' dir='ltr'><strong><em>clTecta,</em></strong></span> <span class='ocrx_word' id='word_1_642' title='bbox 2540 3746 2662 3815; x_wconf 85' lang='lat' dir='ltr'><strong><em>quia</em></strong></span> <span class='ocrx_word' id='word_1_643' title='bbox 2711 3748 2777 3801; x_wconf 91' lang='lat' dir='ltr'><strong><em>de</em></strong></span> <span class='ocrx_word' id='word_1_644' title='bbox 2829 3748 2969 3802; x_wconf 92' lang='lat' dir='ltr'><strong><em>bono</em></strong></span> <span class='ocrx_word' id='word_1_645' title='bbox 3022 3750 3203 3819; x_wconf 88' lang='lat' dir='ltr'><strong><em>utique</em></strong></span> <span class='ocrx_word' id='word_1_646' title='bbox 3250 3750 3692 3819; x_wconf 70' lang='lat' dir='ltr'><strong><em>praevnricatione</em></strong></span> 
     </span>
    </p>
   </div>
   <div class='ocr_carea' id='block_1_81' title="bbox 2115 3835 3694 3911">
    <p class='ocr_par' dir='ltr' id='par_1_81' title="bbox 2115 3835 3694 3911">
     <span class='ocr_line' id='line_1_81' title="bbox 2115 3835 3694 3911; baseline 0.008 -23"><span class='ocrx_word' id='word_1_647' title='bbox 2115 3835 2395 3889; x_wconf 89' lang='lat' dir='ltr'><strong><em>transisset</em></strong></span> <span class='ocrx_word' id='word_1_648' title='bbox 2434 3837 2499 3890; x_wconf 92' lang='lat' dir='ltr'><strong><em>ad</em></strong></span> <span class='ocrx_word' id='word_1_649' title='bbox 2539 3842 2769 3903; x_wconf 68' lang='lat' dir='ltr'><strong><em>malum;</em></strong></span> <span class='ocrx_word' id='word_1_650' title='bbox 2810 3848 2865 3893; x_wconf 87' lang='lat' dir='ltr'><strong><em>et</em></strong></span> <span class='ocrx_word' id='word_1_651' title='bbox 2898 3854 2927 3893; x_wconf 87' lang='lat' dir='ltr'><strong><em>a</em></strong></span> <span class='ocrx_word' id='word_1_652' title='bbox 2973 3841 3381 3911; x_wconf 87' lang='lat' dir='ltr'><strong><em>participatione</em></strong></span> <span class='ocrx_word' id='word_1_653' title='bbox 3412 3843 3587 3898; x_wconf 89' lang='lat' dir='ltr'><strong><em>divina</em></strong></span> <span class='ocrx_word' id='word_1_654' title='bbox 3624 3845 3694 3900; x_wconf 88' lang='lat' dir='ltr'><strong><em>ad</em></strong></span> 
     </span>
    </p>
   </div>
   <div class='ocr_carea' id='block_1_82' title="bbox 2116 3927 3695 4005">
    <p class='ocr_par' dir='ltr' id='par_1_82' title="bbox 2116 3927 3695 4005">
     <span class='ocr_line' id='line_1_82' title="bbox 2116 3927 3695 4005; baseline 0.007 -23"><span class='ocrx_word' id='word_1_655' title='bbox 2116 3927 2378 3983; x_wconf 84' lang='lat' dir='ltr'><strong><em>diabolica</em></strong></span> <span class='ocrx_word' id='word_1_656' title='bbox 2400 3939 2570 3984; x_wconf 66' lang='lat' dir='ltr'><strong><em>semet</em></strong></span> <span class='ocrx_word' id='word_1_657' title='bbox 2593 3930 2828 3986; x_wconf 88' lang='lat' dir='ltr'><strong><em>facinora</em></strong></span> <span class='ocrx_word' id='word_1_658' title='bbox 2858 3934 3178 3988; x_wconf 89' lang='lat' dir='ltr'><strong><em>contulisset</em></strong></span> <span class='ocrx_word' id='word_1_659' title='bbox 3210 3953 3223 3988; x_wconf 91' lang='lat'><strong>:</strong></span> <span class='ocrx_word' id='word_1_660' title='bbox 3267 3936 3386 3990; x_wconf 91' lang='lat' dir='ltr'><strong><em>ideo</em></strong></span> <span class='ocrx_word' id='word_1_661' title='bbox 3417 3936 3695 4005; x_wconf 87' lang='lat' dir='ltr'><strong><em>dcceptori</em></strong></span> 
     </span>
    </p>
   </div>
   <div class='ocr_carea' id='block_1_83' title="bbox 2117 4019 3695 4094">
    <p class='ocr_par' dir='ltr' id='par_1_83' title="bbox 2117 4019 3695 4094">
     <span class='ocr_line' id='line_1_83' title="bbox 2117 4019 3695 4094; baseline 0.006 -24"><span class='ocrx_word' id='word_1_662' title='bbox 2117 4031 2236 4083; x_wconf 86' lang='lat' dir='ltr'><strong><em>suo,</em></strong></span> <span class='ocrx_word' id='word_1_663' title='bbox 2283 4019 2369 4072; x_wconf 89' lang='lat' dir='ltr'><strong><em>cui</em></strong></span> <span class='ocrx_word' id='word_1_664' title='bbox 2409 4019 2593 4073; x_wconf 87' lang='lat' dir='ltr'><strong><em>volens</em></strong></span> <span class='ocrx_word' id='word_1_665' title='bbox 2641 4031 2967 4089; x_wconf 88' lang='lat' dir='ltr'><strong><em>assenserat,</em></strong></span> <span class='ocrx_word' id='word_1_666' title='bbox 3013 4034 3385 4091; x_wconf 87' lang='lat' dir='ltr'><strong><em>competenter</em></strong></span> <span class='ocrx_word' id='word_1_667' title='bbox 3429 4027 3695 4094; x_wconf 74' lang='lat' dir='ltr'><strong><em>addictus,</em></strong></span> 
     </span>
    </p>
   </div>
   <div class='ocr_carea' id='block_1_84' title="bbox 2119 4107 3696 4184">
    <p class='ocr_par' dir='ltr' id='par_1_84' title="bbox 2119 4107 3696 4184">
     <span class='ocr_line' id='line_1_84' title="bbox 2119 4107 3696 4184; baseline 0.006 -23"><span class='ocrx_word' id='word_1_668' title='bbox 2119 4107 2242 4161; x_wconf 88' lang='lat' dir='ltr'><strong><em>ideo</em></strong></span> <span class='ocrx_word' id='word_1_669' title='bbox 2272 4107 2340 4161; x_wconf 91' lang='lat' dir='ltr'><strong><em>de</em></strong></span> <span class='ocrx_word' id='word_1_670' title='bbox 2370 4109 2638 4165; x_wconf 88' lang='lat' dir='ltr'><strong><em>felicitatis</em></strong></span> <span class='ocrx_word' id='word_1_671' title='bbox 2679 4127 2790 4165; x_wconf 70' lang='lat' dir='ltr'><strong><em>sua:</em></strong></span> <span class='ocrx_word' id='word_1_672' title='bbox 2838 4114 3061 4167; x_wconf 88' lang='lat' dir='ltr'><strong><em>caritate</em></strong></span> <span class='ocrx_word' id='word_1_673' title='bbox 3107 4115 3370 4179; x_wconf 88' lang='lat' dir='ltr'><strong><em>seclusus,</em></strong></span> <span class='ocrx_word' id='word_1_674' title='bbox 3421 4128 3580 4184; x_wconf 88' lang='lat' dir='ltr'><strong><em>atque</em></strong></span> <span class='ocrx_word' id='word_1_675' title='bbox 3626 4118 3696 4171; x_wconf 87' lang='lat' dir='ltr'><strong><em>ad</em></strong></span> 
     </span>
    </p>
   </div>
   <div class='ocr_carea' id='block_1_85' title="bbox 2120 4200 3699 4274">
    <p class='ocr_par' dir='ltr' id='par_1_85' title="bbox 2120 4200 3699 4274">
     <span class='ocr_line' id='line_1_85' title="bbox 2120 4200 3699 4274; baseline 0.006 -21"><span class='ocrx_word' id='word_1_676' title='bbox 2120 4200 2300 4267; x_wconf 89' lang='lat' dir='ltr'><strong><em>spinas</em></strong></span> <span class='ocrx_word' id='word_1_677' title='bbox 2347 4210 2402 4255; x_wconf 91' lang='lat' dir='ltr'><strong><em>et</em></strong></span> <span class='ocrx_word' id='word_1_678' title='bbox 2441 4202 2685 4267; x_wconf 90' lang='lat' dir='ltr'><strong><em>tribulos,</em></strong></span> <span class='ocrx_word' id='word_1_679' title='bbox 2738 4204 3087 4272; x_wconf 88' lang='lat' dir='ltr'><strong><em>miseriasque</em></strong></span> <span class='ocrx_word' id='word_1_680' title='bbox 3129 4203 3451 4274; x_wconf 79' lang='lat' dir='ltr'><strong><em>multiplices</em></strong></span> <span class='ocrx_word' id='word_1_681' title='bbox 3490 4208 3699 4263; x_wconf 67' lang='lat' dir='ltr'><strong><em>caelesti</em></strong></span> 
     </span>
    </p>
   </div>
   <div class='ocr_carea' id='block_1_86' title="bbox 2122 4290 3700 4365">
    <p class='ocr_par' dir='ltr' id='par_1_86' title="bbox 2122 4290 3700 4365">
     <span class='ocr_line' id='line_1_86' title="bbox 2122 4290 3700 4365; baseline 0.006 -22"><span class='ocrx_word' id='word_1_682' title='bbox 2122 4304 2254 4345; x_wconf 90' lang='lat' dir='ltr'><strong><em>voce</em></strong></span> <span class='ocrx_word' id='word_1_683' title='bbox 2294 4290 2577 4344; x_wconf 89' lang='lat' dir='ltr'><strong><em>damnatus</em></strong></span> <span class='ocrx_word' id='word_1_684' title='bbox 2616 4300 2735 4356; x_wconf 90' lang='lat' dir='ltr'><strong><em>est;</em></strong></span> <span class='ocrx_word' id='word_1_685' title='bbox 2778 4308 2897 4361; x_wconf 81' lang='lat' dir='ltr'><strong><em>quae</em></strong></span> <span class='ocrx_word' id='word_1_686' title='bbox 2942 4294 3123 4361; x_wconf 80' lang='lat' dir='ltr'><strong><em>utique</em></strong></span> <span class='ocrx_word' id='word_1_687' title='bbox 3171 4309 3326 4363; x_wconf 87' lang='lat' dir='ltr'><strong><em>poena</em></strong></span> <span class='ocrx_word' id='word_1_688' title='bbox 3358 4295 3486 4364; x_wconf 74' lang='lat' dir='ltr'><strong><em>jusu</em></strong></span> <span class='ocrx_word' id='word_1_689' title='bbox 3516 4297 3700 4365; x_wconf 90' lang='lat' dir='ltr'><strong><em>judicii</em></strong></span> 
     </span>
    </p>
   </div>
   <div class='ocr_carea' id='block_1_87' title="bbox 2126 4382 3702 4451">
    <p class='ocr_par' dir='ltr' id='par_1_87' title="bbox 2126 4382 3702 4451">
     <span class='ocr_line' id='line_1_87' title="bbox 2126 4382 3702 4451; baseline 0.007 -19"><span class='ocrx_word' id='word_1_690' title='bbox 2126 4389 2231 4434; x_wconf 81' lang='lat' dir='ltr'><strong><em>tam</em></strong></span> <span class='ocrx_word' id='word_1_691' title='bbox 2254 4382 2433 4449; x_wconf 83' lang='lat' dir='ltr'><strong><em>gravis</em></strong></span> <span class='ocrx_word' id='word_1_692' title='bbox 2458 4390 2511 4436; x_wconf 91' lang='lat' dir='ltr'><strong><em>et</em></strong></span> <span class='ocrx_word' id='word_1_693' title='bbox 2538 4397 2726 4451; x_wconf 79' lang='lat' dir='ltr'><strong><em>aspera</em></strong></span> <span class='ocrx_word' id='word_1_694' title='bbox 2758 4384 2811 4436; x_wconf 91' lang='lat' dir='ltr'><strong><em>in</em></strong></span> <span class='ocrx_word' id='word_1_695' title='bbox 2842 4382 2983 4437; x_wconf 91' lang='lat' dir='ltr'><strong><em>bono</em></strong></span> <span class='ocrx_word' id='word_1_696' title='bbox 3008 4388 3365 4451; x_wconf 82' lang='lat' dir='ltr'><strong><em>perseveranti</em></strong></span> <span class='ocrx_word' id='word_1_697' title='bbox 3396 4388 3702 4443; x_wconf 89' lang='lat' dir='ltr'><strong><em>nullatenus</em></strong></span> 
     </span>
    </p>
   </div>
   <div class='ocr_carea' id='block_1_88' title="bbox 439 4470 3702 4554">
    <p class='ocr_par' dir='ltr' id='par_1_88' title="bbox 439 4470 3702 4554">
     <span class='ocr_line' id='line_1_88' title="bbox 439 4470 3702 4554; baseline 0.002 -28"><span class='ocrx_word' id='word_1_698' title='bbox 439 4482 536 4527; x_wconf 87' lang='lat' dir='ltr'><strong><em>aut</em></strong></span> <span class='ocrx_word' id='word_1_699' title='bbox 572 4473 615 4527; x_wconf 86' lang='lat' dir='ltr'><strong><em>si</em></strong></span> <span class='ocrx_word' id='word_1_700' title='bbox 664 4473 780 4541; x_wconf 91' lang='lat' dir='ltr'><strong><em>quis</em></strong></span> <span class='ocrx_word' id='word_1_701' title='bbox 812 4488 968 4528; x_wconf 88' lang='lat' dir='ltr'><strong><em>nosse</em></strong></span> <span class='ocrx_word' id='word_1_702' title='bbox 1003 4474 1291 4539; x_wconf 75' lang='lat' dir='ltr'><strong><em>desiderat,</em></strong></span> <span class='ocrx_word' id='word_1_703' title='bbox 1335 4474 1661 4543; x_wconf 83' lang='lat' dir='ltr'><strong><em>interrogare</em></strong></span> <span class='ocrx_word' id='word_1_704' title='bbox 1709 4476 2017 4529; x_wconf 86' lang='lat' dir='ltr'><strong><em>conveniet.</em></strong></span> <span class='ocrx_word' id='word_1_705' title='bbox 2048 4494 2098 4554; x_wconf 71' lang='grc' dir='ltr'><strong><em>ι)</em></strong></span> <span class='ocrx_word' id='word_1_706' title='bbox 2123 4481 2265 4526; x_wconf 81' lang='lat' dir='ltr'><strong><em>esset</em></strong></span> <span class='ocrx_word' id='word_1_707' title='bbox 2306 4470 2540 4537; x_wconf 83' lang='lat' dir='ltr'><strong><em>inﬂicta;</em></strong></span> <span class='ocrx_word' id='word_1_708' title='bbox 2582 4480 2636 4527; x_wconf 90' lang='lat' dir='ltr'><strong><em>et</em></strong></span> <span class='ocrx_word' id='word_1_709' title='bbox 2675 4473 2773 4526; x_wconf 88' lang='lat' dir='ltr'><strong><em>nisi</em></strong></span> <span class='ocrx_word' id='word_1_710' title='bbox 2812 4473 2950 4528; x_wconf 86' lang='lat' dir='ltr'><strong><em>malo</em></strong></span> <span class='ocrx_word' id='word_1_711' title='bbox 2992 4488 3098 4528; x_wconf 91' lang='lat' dir='ltr'><strong><em>non</em></strong></span> <span class='ocrx_word' id='word_1_712' title='bbox 3126 4476 3512 4532; x_wconf 89' lang='lat' dir='ltr'><strong><em>convenienter</em></strong></span> <span class='ocrx_word' id='word_1_713' title='bbox 3556 4478 3702 4534; x_wconf 86' lang='lat' dir='ltr'><strong><em>illata</em></strong></span> 
     </span>
    </p>
   </div>
   <div class='ocr_carea' id='block_1_89' title="bbox 442 4563 2019 4633">
    <p class='ocr_par' dir='ltr' id='par_1_89' title="bbox 442 4563 2019 4633">
     <span class='ocr_line' id='line_1_89' title="bbox 442 4563 2019 4633; baseline 0.001 -15"><span class='ocrx_word' id='word_1_714' title='bbox 442 4564 522 4618; x_wconf 84' lang='lat' dir='ltr'><strong><em>De</em></strong></span> <span class='ocrx_word' id='word_1_715' title='bbox 548 4565 782 4633; x_wconf 87' lang='lat' dir='ltr'><strong><em>parvulis</em></strong></span> <span class='ocrx_word' id='word_1_716' title='bbox 804 4574 1001 4629; x_wconf 85' lang='lat' dir='ltr'><strong><em>autem,</em></strong></span> <span class='ocrx_word' id='word_1_717' title='bbox 1026 4564 1165 4632; x_wconf 80' lang='lat' dir='ltr'><strong><em>quod</em></strong></span> <span class='ocrx_word' id='word_1_718' title='bbox 1184 4564 1371 4616; x_wconf 85' lang='lat' dir='ltr'><strong><em>asserit</em></strong></span> <span class='ocrx_word' id='word_1_719' title='bbox 1395 4563 1511 4617; x_wconf 90' lang='lat' dir='ltr'><strong><em>sine</em></strong></span> <span class='ocrx_word' id='word_1_720' title='bbox 1531 4577 1683 4617; x_wconf 89' lang='lat' dir='ltr'><strong><em>sacro</em></strong></span> <span class='ocrx_word' id='word_1_721' title='bbox 1702 4564 1825 4633; x_wconf 86' lang='lat' dir='ltr'><strong><em>bapt</em></strong></span> <span class='ocrx_word' id='word_1_722' title='bbox 1848 4576 2019 4619; x_wconf 72' lang='lat' dir='ltr'><strong><em>suate</em></strong></span> 
     </span>
    </p>
   </div>
   <div class='ocr_carea' id='block_1_90' title="bbox 443 4654 2020 4724">
    <p class='ocr_par' dir='ltr' id='par_1_90' title="bbox 443 4654 2020 4724">
     <span class='ocr_line' id='line_1_90' title="bbox 443 4654 2020 4724; baseline 0.003 -17"><span class='ocrx_word' id='word_1_723' title='bbox 443 4669 542 4722; x_wconf 86' lang='lat' dir='ltr'><strong><em>pro</em></strong></span> <span class='ocrx_word' id='word_1_724' title='bbox 562 4654 676 4709; x_wconf 81' lang='lat' dir='ltr'><strong><em>solo</em></strong></span> <span class='ocrx_word' id='word_1_725' title='bbox 706 4656 949 4724; x_wconf 82' lang='lat' dir='ltr'><strong><em>originali</em></strong></span> <span class='ocrx_word' id='word_1_726' title='bbox 975 4664 1192 4724; x_wconf 78' lang='lat' dir='ltr'><strong><em>peccato</em></strong></span> <span class='ocrx_word' id='word_1_727' title='bbox 1224 4670 1326 4708; x_wconf 84' lang='lat' dir='ltr'><strong><em>non</em></strong></span> <span class='ocrx_word' id='word_1_728' title='bbox 1371 4669 1529 4722; x_wconf 84' lang='lat' dir='ltr'><strong><em>posse</em></strong></span> <span class='ocrx_word' id='word_1_729' title='bbox 1576 4656 1836 4718; x_wconf 87' lang='lat' dir='ltr'><strong><em>damnari,</em></strong></span> <span class='ocrx_word' id='word_1_730' title='bbox 1889 4658 2020 4712; x_wconf 88' lang='lat' dir='ltr'><strong><em>satis</em></strong></span> 
     </span>
    </p>
   </div>
   <div class='ocr_carea' id='block_1_91' title="bbox 444 4747 2019 4817">
    <p class='ocr_par' dir='ltr' id='par_1_91' title="bbox 444 4747 2019 4817">
     <span class='ocr_line' id='line_1_91' title="bbox 444 4747 2019 4817; baseline 0 -15"><span class='ocrx_word' id='word_1_731' title='bbox 444 4749 627 4817; x_wconf 82' lang='lat' dir='ltr'><strong><em>impia,</em></strong></span> <span class='ocrx_word' id='word_1_732' title='bbox 666 4758 797 4802; x_wconf 81' lang='lat' dir='ltr'><strong><em>sat:s</em></strong></span> <span class='ocrx_word' id='word_1_733' title='bbox 838 4747 1056 4816; x_wconf 84' lang='lat' dir='ltr'><strong><em>profana</em></strong></span> <span class='ocrx_word' id='word_1_734' title='bbox 1097 4747 1386 4815; x_wconf 87' lang='lat' dir='ltr'><strong><em>propositio</em></strong></span> <span class='ocrx_word' id='word_1_735' title='bbox 1433 4756 1547 4811; x_wconf 68' lang='lat' dir='ltr'><strong><em>est;</em></strong></span> <span class='ocrx_word' id='word_1_736' title='bbox 1593 4751 1832 4815; x_wconf 85' lang='lat' dir='ltr'><strong><em>quamvis</em></strong></span> <span class='ocrx_word' id='word_1_737' title='bbox 1878 4752 2019 4802; x_wconf 90' lang='lat' dir='ltr'><strong><em>enim</em></strong></span> 
     </span>
    </p>
   </div>
   <div class='ocr_carea' id='block_1_92' title="bbox 445 4838 2021 4908">
    <p class='ocr_par' dir='ltr' id='par_1_92' title="bbox 445 4838 2021 4908">
     <span class='ocr_line' id='line_1_92' title="bbox 445 4838 2021 4908; baseline -0.001 -13"><span class='ocrx_word' id='word_1_738' title='bbox 445 4850 694 4895; x_wconf 86' lang='lat' dir='ltr'><strong><em>recentes</em></strong></span> <span class='ocrx_word' id='word_1_739' title='bbox 709 4839 777 4893; x_wconf 90' lang='lat' dir='ltr'><strong><em>ab</em></strong></span> <span class='ocrx_word' id='word_1_740' title='bbox 803 4848 952 4893; x_wconf 83' lang='lat' dir='ltr'><strong><em>utero</em></strong></span> <span class='ocrx_word' id='word_1_741' title='bbox 975 4850 1198 4892; x_wconf 87' lang='lat' dir='ltr'><strong><em>matrum</em></strong></span> <span class='ocrx_word' id='word_1_742' title='bbox 1225 4838 1275 4891; x_wconf 92' lang='lat' dir='ltr'><strong><em>in</em></strong></span> <span class='ocrx_word' id='word_1_743' title='bbox 1300 4839 1665 4893; x_wconf 82' lang='lat' dir='ltr'><strong><em>remissionem</em></strong></span> <span class='ocrx_word' id='word_1_744' title='bbox 1686 4848 2021 4908; x_wconf 90' lang='lat' dir='ltr'><strong><em>peccatorum</em></strong></span> 
     </span>
    </p>
   </div>
   <div class='ocr_carea' id='block_1_93' title="bbox 446 4928 2023 4998">
    <p class='ocr_par' dir='ltr' id='par_1_93' title="bbox 446 4928 2023 4998">
     <span class='ocr_line' id='line_1_93' title="bbox 446 4928 2023 4998; baseline 0 -14"><span class='ocrx_word' id='word_1_745' title='bbox 446 4929 705 4997; x_wconf 82' lang='lat' dir='ltr'><strong><em>baptizari</em></strong></span> <span class='ocrx_word' id='word_1_746' title='bbox 727 4929 901 4983; x_wconf 87' lang='lat' dir='ltr'><strong><em>nullus</em></strong></span> <span class='ocrx_word' id='word_1_747' title='bbox 919 4928 1257 4982; x_wconf 88' lang='lat' dir='ltr'><strong><em>Christianus</em></strong></span> <span class='ocrx_word' id='word_1_748' title='bbox 1287 4928 1515 4997; x_wconf 83' lang='lat' dir='ltr'><strong><em>ignorat,</em></strong></span> <span class='ocrx_word' id='word_1_749' title='bbox 1540 4928 1680 4997; x_wconf 89' lang='lat' dir='ltr'><strong><em>quod</em></strong></span> <span class='ocrx_word' id='word_1_750' title='bbox 1709 4929 1890 4998; x_wconf 91' lang='lat' dir='ltr'><strong><em>utique</em></strong></span> <span class='ocrx_word' id='word_1_751' title='bbox 1918 4945 2023 4985; x_wconf 90' lang='lat' dir='ltr'><strong><em>non</em></strong></span> 
     </span>
    </p>
   </div>
   <div class='ocr_carea' id='block_1_94' title="bbox 448 5018 2021 5086">
    <p class='ocr_par' dir='ltr' id='par_1_94' title="bbox 448 5018 2021 5086">
     <span class='ocr_line' id='line_1_94' title="bbox 448 5018 2021 5086; baseline -0.001 -11"><span class='ocrx_word' id='word_1_752' title='bbox 448 5022 729 5084; x_wconf 81' lang='lat' dir='ltr'><strong><em>fallaciter,</em></strong></span> <span class='ocrx_word' id='word_1_753' title='bbox 770 5020 864 5075; x_wconf 90' lang='lat' dir='ltr'><strong><em>sed</em></strong></span> <span class='ocrx_word' id='word_1_754' title='bbox 888 5020 1149 5074; x_wconf 86' lang='lat' dir='ltr'><strong><em>veraciter</em></strong></span> <span class='ocrx_word' id='word_1_755' title='bbox 1192 5018 1453 5073; x_wconf 83' lang='lat' dir='ltr'><strong><em>catholica</em></strong></span> <span class='ocrx_word' id='word_1_756' title='bbox 1491 5020 1726 5075; x_wconf 89' lang='lat' dir='ltr'><strong><em>celebrat</em></strong></span> <span class='ocrx_word' id='word_1_757' title='bbox 1760 5020 2021 5086; x_wconf 85' lang='lat' dir='ltr'><strong><em>Ecclesia,</em></strong></span> 
     </span>
    </p>
   </div>
   <div class='ocr_carea' id='block_1_95' title="bbox 450 5108 2024 5179">
    <p class='ocr_par' dir='ltr' id='par_1_95' title="bbox 450 5108 2024 5179">
     <span class='ocr_line' id='line_1_95' title="bbox 450 5108 2024 5179; baseline -0.002 -12"><span class='ocrx_word' id='word_1_758' title='bbox 450 5128 520 5167; x_wconf 91' lang='lat' dir='ltr'><strong><em>ne</em></strong></span> <span class='ocrx_word' id='word_1_759' title='bbox 545 5114 601 5166; x_wconf 90' lang='lat' dir='ltr'><strong><em>in</em></strong></span> <span class='ocrx_word' id='word_1_760' title='bbox 632 5111 983 5166; x_wconf 85' lang='lat' dir='ltr'><strong><em>sacramentis</em></strong></span> <span class='ocrx_word' id='word_1_761' title='bbox 1024 5108 1334 5164; x_wconf 86' lang='lat' dir='ltr'><strong><em>coelestibus</em></strong></span> <span class='ocrx_word' id='word_1_762' title='bbox 1372 5109 1550 5178; x_wconf 89' lang='lat' dir='ltr'><strong><em>(quod</em></strong></span> <span class='ocrx_word' id='word_1_763' title='bbox 1588 5109 1765 5179; x_wconf 88' lang='lat' dir='ltr'><strong><em>absit)</em></strong></span> <span class='ocrx_word' id='word_1_764' title='bbox 1804 5110 2024 5165; x_wconf 90' lang='lat' dir='ltr'><strong><em>mentita</em></strong></span> 
     </span>
    </p>
   </div>
   <div class='ocr_carea' id='block_1_96' title="bbox 453 5197 2029 5268">
    <p class='ocr_par' dir='ltr' id='par_1_96' title="bbox 453 5197 2029 5268">
     <span class='ocr_line' id='line_1_96' title="bbox 453 5197 2029 5268; baseline 0.001 -14"><span class='ocrx_word' id='word_1_765' title='bbox 453 5200 723 5263; x_wconf 82' lang='lat' dir='ltr'><strong><em>videatur;</em></strong></span> <span class='ocrx_word' id='word_1_766' title='bbox 781 5199 1004 5268; x_wconf 86' lang='lat' dir='ltr'><strong><em>proinde</em></strong></span> <span class='ocrx_word' id='word_1_767' title='bbox 1056 5199 1177 5267; x_wconf 84' lang='lat' dir='ltr'><strong><em>quia</em></strong></span> <span class='ocrx_word' id='word_1_768' title='bbox 1227 5197 1441 5268; x_wconf 88' lang='lat' dir='ltr'><strong><em>propria</em></strong></span> <span class='ocrx_word' id='word_1_769' title='bbox 1497 5213 1603 5253; x_wconf 92' lang='lat' dir='ltr'><strong><em>non</em></strong></span> <span class='ocrx_word' id='word_1_770' title='bbox 1646 5198 1876 5253; x_wconf 87' lang='lat' dir='ltr'><strong><em>habeant</em></strong></span> <span class='ocrx_word' id='word_1_771' title='bbox 1918 5199 2029 5255; x_wconf 87' lang='lat' dir='ltr'><strong><em>ulla</em></strong></span> 
     </span>
    </p>
   </div>
   <div class='ocr_carea' id='block_1_97' title="bbox 455 5286 2027 5361">
    <p class='ocr_par' dir='ltr' id='par_1_97' title="bbox 455 5286 2027 5361">
     <span class='ocr_line' id='line_1_97' title="bbox 455 5286 2027 5361; baseline 0.001 -18"><span class='ocrx_word' id='word_1_772' title='bbox 455 5299 691 5357; x_wconf 86' lang='lat' dir='ltr'><strong><em>peccata,</em></strong></span> <span class='ocrx_word' id='word_1_773' title='bbox 724 5298 931 5343; x_wconf 85' lang='lat' dir='ltr'><strong><em>constat</em></strong></span> <span class='ocrx_word' id='word_1_774' title='bbox 960 5288 1076 5356; x_wconf 87' lang='lat' dir='ltr'><strong><em>ejus</em></strong></span> <span class='ocrx_word' id='word_1_775' title='bbox 1102 5288 1196 5361; x_wconf 89' lang='lat' dir='ltr'><strong><em>[al.</em></strong></span> <span class='ocrx_word' id='word_1_776' title='bbox 1226 5286 1326 5360; x_wconf 88' lang='lat' dir='ltr'><strong><em>eis]</em></strong></span> <span class='ocrx_word' id='word_1_777' title='bbox 1355 5288 1467 5345; x_wconf 86' lang='lat' dir='ltr'><strong><em>sola</em></strong></span> <span class='ocrx_word' id='word_1_778' title='bbox 1500 5303 1720 5357; x_wconf 86' lang='lat' dir='ltr'><strong><em>prorsus</em></strong></span> <span class='ocrx_word' id='word_1_779' title='bbox 1752 5288 2027 5359; x_wconf 87' lang='lat' dir='ltr'><strong><em>originalia</em></strong></span> 
     </span>
    </p>
   </div>
   <div class='ocr_carea' id='block_1_98' title="bbox 451 5380 2027 5448">
    <p class='ocr_par' dir='ltr' id='par_1_98' title="bbox 451 5380 2027 5448">
     <span class='ocr_line' id='line_1_98' title="bbox 451 5380 2027 5448; baseline 0.003 -18"><span class='ocrx_word' id='word_1_780' title='bbox 451 5382 709 5434; x_wconf 72' lang='lat' dir='ltr'><strong><em>relaxari.</em></strong></span> <span class='ocrx_word' id='word_1_781' title='bbox 759 5380 935 5448; x_wconf 81' lang='lat' dir='ltr'><strong><em>Itaque</em></strong></span> <span class='ocrx_word' id='word_1_782' title='bbox 957 5380 1205 5435; x_wconf 86' lang='lat' dir='ltr'><strong><em>omnibus</em></strong></span> <span class='ocrx_word' id='word_1_783' title='bbox 1252 5381 1413 5434; x_wconf 87' lang='lat' dir='ltr'><strong><em>etiam</em></strong></span> <span class='ocrx_word' id='word_1_784' title='bbox 1442 5380 1573 5436; x_wconf 88' lang='lat' dir='ltr'><strong><em>solis</em></strong></span> <span class='ocrx_word' id='word_1_785' title='bbox 1596 5380 1834 5436; x_wconf 88' lang='lat' dir='ltr'><strong><em>remissis</em></strong></span> <span class='ocrx_word' id='word_1_786' title='bbox 1865 5386 2027 5435; x_wconf 82' lang='lat' dir='ltr'><strong><em>vitam</em></strong></span> 
     </span>
    </p>
   </div>
   <div class='ocr_carea' id='block_1_99' title="bbox 453 5473 2028 5542">
    <p class='ocr_par' dir='ltr' id='par_1_99' title="bbox 453 5473 2028 5542">
     <span class='ocr_line' id='line_1_99' title="bbox 453 5473 2028 5542; baseline 0.003 -18"><span class='ocrx_word' id='word_1_787' title='bbox 453 5486 551 5538; x_wconf 56' lang='lat' dir='ltr'><strong><em>pc-r</em></strong></span> <span class='ocrx_word' id='word_1_788' title='bbox 592 5473 911 5540; x_wconf 88' lang='lat' dir='ltr'><strong><em>baptismum</em></strong></span> <span class='ocrx_word' id='word_1_789' title='bbox 941 5480 1338 5541; x_wconf 84' lang='lat' dir='ltr'><strong><em>consequuntur</em></strong></span> <span class='ocrx_word' id='word_1_790' title='bbox 1371 5484 1662 5539; x_wconf 60' lang='lat' dir='ltr'><strong><em>aeternam;</em></strong></span> <span class='ocrx_word' id='word_1_791' title='bbox 1695 5486 2028 5542; x_wconf 86' lang='lat' dir='ltr'><strong><em>consequens</em></strong></span> 
     </span>
    </p>
   </div>
   <div class='ocr_carea' id='block_1_100' title="bbox 452 5562 2020 5630">
    <p class='ocr_par' dir='ltr' id='par_1_100' title="bbox 452 5562 2020 5630">
     <span class='ocr_line' id='line_1_100' title="bbox 452 5562 2020 5630; baseline 0.003 -15"><span class='ocrx_word' id='word_1_792' title='bbox 452 5571 559 5624; x_wconf 67' lang='lat' dir='ltr'><strong><em>est,</em></strong></span> <span class='ocrx_word' id='word_1_793' title='bbox 590 5573 642 5614; x_wconf 92' lang='lat' dir='ltr'><strong><em>ut</em></strong></span> <span class='ocrx_word' id='word_1_794' title='bbox 667 5563 798 5616; x_wconf 88' lang='lat' dir='ltr'><strong><em>solis</em></strong></span> <span class='ocrx_word' id='word_1_795' title='bbox 825 5562 985 5616; x_wconf 85' lang='lat' dir='ltr'><strong><em>etiam</em></strong></span> <span class='ocrx_word' id='word_1_796' title='bbox 1030 5576 1133 5616; x_wconf 86' lang='lat' dir='ltr'><strong><em>non</em></strong></span> <span class='ocrx_word' id='word_1_797' title='bbox 1165 5563 1423 5630; x_wconf 85' lang='lat' dir='ltr'><strong><em>remissis,</em></strong></span> <span class='ocrx_word' id='word_1_798' title='bbox 1464 5563 1529 5618; x_wconf 92' lang='lat' dir='ltr'><strong><em>ad</em></strong></span> <span class='ocrx_word' id='word_1_799' title='bbox 1564 5571 1821 5620; x_wconf 59' lang='lat' dir='ltr'><strong><em>aeternam</em></strong></span> <span class='ocrx_word' id='word_1_800' title='bbox 1854 5562 2020 5619; x_wconf 84' lang='lat' dir='ltr'><strong><em>vitam</em></strong></span> 
     </span>
    </p>
   </div>
   <div class='ocr_carea' id='block_1_101' title="bbox 535 5652 1466 5709">
    <p class='ocr_par' dir='ltr' id='par_1_101' title="bbox 535 5652 1466 5709">
     <span class='ocr_line' id='line_1_101' title="bbox 535 5652 1466 5709; baseline 0.003 -5"><span class='ocrx_word' id='word_1_801' title='bbox 535 5654 548 5681; x_wconf 84' lang='grc'><strong>¹</strong></span> <span class='ocrx_word' id='word_1_802' title='bbox 591 5652 747 5708; x_wconf 73' lang='lat' dir='ltr'><strong><em>Forte</em></strong></span> <span class='ocrx_word' id='word_1_803' title='bbox 780 5654 897 5706; x_wconf 83' lang='lat' dir='ltr'><strong><em>Non</em></strong></span> <span class='ocrx_word' id='word_1_804' title='bbox 921 5654 1171 5707; x_wconf 87' lang='lat' dir='ltr'><strong><em>dicantur.</em></strong></span> <span class='ocrx_word' id='word_1_805' title='bbox 1205 5653 1466 5709; x_wconf 72' lang='lat' dir='ltr'><strong><em>“ARDUIN.</em></strong></span> 
     </span>
    </p>
   </div>
   <div class='ocr_carea' id='block_1_102' title="bbox 2125 4563 3703 4636">
    <p class='ocr_par' dir='ltr' id='par_1_102' title="bbox 2125 4563 3703 4636">
     <span class='ocr_line' id='line_1_102' title="bbox 2125 4563 3703 4636; baseline 0.005 -20"><span class='ocrx_word' id='word_1_806' title='bbox 2125 4563 2457 4633; x_wconf 89' lang='lat' dir='ltr'><strong><em>probaretur.</em></strong></span> <span class='ocrx_word' id='word_1_807' title='bbox 2495 4563 2632 4618; x_wconf 82' lang='lat' dir='ltr'><strong><em>Ecce</em></strong></span> <span class='ocrx_word' id='word_1_808' title='bbox 2663 4564 2778 4619; x_wconf 89' lang='lat' dir='ltr'><strong><em>sine</em></strong></span> <span class='ocrx_word' id='word_1_809' title='bbox 2812 4564 2990 4618; x_wconf 91' lang='lat' dir='ltr'><strong><em>divino</em></strong></span> <span class='ocrx_word' id='word_1_810' title='bbox 3018 4564 3292 4635; x_wconf 76' lang='lat' dir='ltr'><strong><em>suffragio,</em></strong></span> <span class='ocrx_word' id='word_1_811' title='bbox 3343 4568 3484 4636; x_wconf 86' lang='lat' dir='ltr'><strong><em>quod</em></strong></span> <span class='ocrx_word' id='word_1_812' title='bbox 3529 4568 3582 4623; x_wconf 91' lang='lat' dir='ltr'><strong><em>in</em></strong></span> <span class='ocrx_word' id='word_1_813' title='bbox 3613 4569 3703 4625; x_wconf 90' lang='lat' dir='ltr'><strong><em>illa</em></strong></span> 
     </span>
    </p>
   </div>
   <div class='ocr_carea' id='block_1_103' title="bbox 2127 4651 3703 4725">
    <p class='ocr_par' dir='ltr' id='par_1_103' title="bbox 2127 4651 3703 4725">
     <span class='ocr_line' id='line_1_103' title="bbox 2127 4651 3703 4725; baseline 0.005 -19"><span class='ocrx_word' id='word_1_814' title='bbox 2127 4651 2454 4706; x_wconf 87' lang='lat' dir='ltr'><strong><em>beatitudine</em></strong></span> <span class='ocrx_word' id='word_1_815' title='bbox 2491 4654 2695 4721; x_wconf 88' lang='lat' dir='ltr'><strong><em>positus</em></strong></span> <span class='ocrx_word' id='word_1_816' title='bbox 2740 4668 3005 4723; x_wconf 89' lang='lat' dir='ltr'><strong><em>nunquam</em></strong></span> <span class='ocrx_word' id='word_1_817' title='bbox 3040 4655 3233 4724; x_wconf 82' lang='lat' dir='ltr'><strong><em>legitur</em></strong></span> <span class='ocrx_word' id='word_1_818' title='bbox 3262 4657 3562 4725; x_wconf 83' lang='lat' dir='ltr'><strong><em>expetisse:</em></strong></span> <span class='ocrx_word' id='word_1_819' title='bbox 3597 4674 3703 4714; x_wconf 92' lang='lat' dir='ltr'><strong><em>non</em></strong></span> 
     </span>
    </p>
   </div>
   <div class='ocr_carea' id='block_1_104' title="bbox 2126 4742 3703 4817">
    <p class='ocr_par' dir='ltr' id='par_1_104' title="bbox 2126 4742 3703 4817">
     <span class='ocr_line' id='line_1_104' title="bbox 2126 4742 3703 4817; baseline 0.004 -19"><span class='ocrx_word' id='word_1_820' title='bbox 2126 4742 2299 4798; x_wconf 88' lang='lat' dir='ltr'><strong><em>solum</em></strong></span> <span class='ocrx_word' id='word_1_821' title='bbox 2334 4742 2533 4797; x_wconf 88' lang='lat' dir='ltr'><strong><em>homini</em></strong></span> <span class='ocrx_word' id='word_1_822' title='bbox 2574 4746 2817 4799; x_wconf 89' lang='lat' dir='ltr'><strong><em>naturale</em></strong></span> <span class='ocrx_word' id='word_1_823' title='bbox 2855 4745 3053 4801; x_wconf 92' lang='lat' dir='ltr'><strong><em>bonum</em></strong></span> <span class='ocrx_word' id='word_1_824' title='bbox 3086 4747 3342 4815; x_wconf 88' lang='lat' dir='ltr'><strong><em>prodesse</em></strong></span> <span class='ocrx_word' id='word_1_825' title='bbox 3372 4763 3477 4802; x_wconf 92' lang='lat' dir='ltr'><strong><em>non</em></strong></span> <span class='ocrx_word' id='word_1_826' title='bbox 3511 4751 3703 4817; x_wconf 86' lang='lat' dir='ltr'><strong><em>potuit,</em></strong></span> 
     </span>
    </p>
   </div>
   <div class='ocr_carea' id='block_1_105' title="bbox 2130 4832 3706 4901">
    <p class='ocr_par' dir='ltr' id='par_1_105' title="bbox 2130 4832 3706 4901">
     <span class='ocr_line' id='line_1_105' title="bbox 2130 4832 3706 4901; baseline 0.008 -17"><span class='ocrx_word' id='word_1_827' title='bbox 2130 4847 2235 4885; x_wconf 93' lang='lat' dir='ltr'><strong><em>non</em></strong></span> <span class='ocrx_word' id='word_1_828' title='bbox 2262 4833 2434 4887; x_wconf 88' lang='lat' dir='ltr'><strong><em>solum</em></strong></span> <span class='ocrx_word' id='word_1_829' title='bbox 2480 4848 2584 4886; x_wconf 93' lang='lat' dir='ltr'><strong><em>non</em></strong></span> <span class='ocrx_word' id='word_1_830' title='bbox 2624 4832 2804 4889; x_wconf 82' lang='lat' dir='ltr'><strong><em>ell&#39;ecit</em></strong></span> <span class='ocrx_word' id='word_1_831' title='bbox 2838 4834 3084 4901; x_wconf 76' lang='lat' dir='ltr'><strong><em>beatum;</em></strong></span> <span class='ocrx_word' id='word_1_832' title='bbox 3136 4836 3230 4890; x_wconf 90' lang='lat' dir='ltr'><strong><em>sed</em></strong></span> <span class='ocrx_word' id='word_1_833' title='bbox 3275 4852 3396 4891; x_wconf 92' lang='lat' dir='ltr'><strong><em>cum</em></strong></span> <span class='ocrx_word' id='word_1_834' title='bbox 3439 4838 3542 4894; x_wconf 90' lang='lat' dir='ltr'><strong><em>hoc</em></strong></span> <span class='ocrx_word' id='word_1_835' title='bbox 3589 4843 3706 4897; x_wconf 90' lang='lat' dir='ltr'><strong><em>solo</em></strong></span> 
     </span>
    </p>
   </div>
   <div class='ocr_carea' id='block_1_106' title="bbox 2130 4922 3708 4998">
    <p class='ocr_par' dir='ltr' id='par_1_106' title="bbox 2130 4922 3708 4998">
     <span class='ocr_line' id='line_1_106' title="bbox 2130 4922 3708 4998; baseline 0.006 -21"><span class='ocrx_word' id='word_1_836' title='bbox 2130 4922 2372 4988; x_wconf 86' lang='lat' dir='ltr'><strong><em>conlidit,</em></strong></span> <span class='ocrx_word' id='word_1_837' title='bbox 2404 4931 2564 4992; x_wconf 89' lang='lat' dir='ltr'><strong><em>atque</em></strong></span> <span class='ocrx_word' id='word_1_838' title='bbox 2587 4923 2653 4977; x_wconf 88' lang='lat' dir='ltr'><strong><em>ad</em></strong></span> <span class='ocrx_word' id='word_1_839' title='bbox 2683 4923 2800 4993; x_wconf 90' lang='lat' dir='ltr'><strong><em>ejus</em></strong></span> <span class='ocrx_word' id='word_1_840' title='bbox 2831 4940 2935 4980; x_wconf 90' lang='lat' dir='ltr'><strong><em>non</em></strong></span> <span class='ocrx_word' id='word_1_841' title='bbox 2974 4927 3260 4982; x_wconf 90' lang='lat' dir='ltr'><strong><em>revertitur</em></strong></span> <span class='ocrx_word' id='word_1_842' title='bbox 3288 4927 3619 4998; x_wconf 88' lang='lat' dir='ltr'><strong><em>largitorem,</em></strong></span> <span class='ocrx_word' id='word_1_843' title='bbox 3652 4941 3708 4987; x_wconf 89' lang='lat' dir='ltr'><strong><em>et</em></strong></span> 
     </span>
    </p>
   </div>
   <div class='ocr_carea' id='block_1_107' title="bbox 2136 5011 3705 5083">
    <p class='ocr_par' dir='ltr' id='par_1_107' title="bbox 2136 5011 3705 5083">
     <span class='ocr_line' id='line_1_107' title="bbox 2136 5011 3705 5083; baseline 0.007 -18"><span class='ocrx_word' id='word_1_844' title='bbox 2136 5011 2516 5068; x_wconf 86' lang='lat' dir='ltr'><strong><em>beatitudinem</em></strong></span> <span class='ocrx_word' id='word_1_845' title='bbox 2568 5016 2745 5082; x_wconf 90' lang='lat' dir='ltr'><strong><em>potius</em></strong></span> <span class='ocrx_word' id='word_1_846' title='bbox 2800 5016 2999 5083; x_wconf 90' lang='lat' dir='ltr'><strong><em>amisit,</em></strong></span> <span class='ocrx_word' id='word_1_847' title='bbox 3056 5025 3108 5071; x_wconf 89' lang='lat' dir='ltr'><strong><em>et</em></strong></span> <span class='ocrx_word' id='word_1_848' title='bbox 3157 5018 3414 5073; x_wconf 87' lang='lat' dir='ltr'><strong><em>malorum</em></strong></span> <span class='ocrx_word' id='word_1_849' title='bbox 3466 5023 3705 5076; x_wconf 88' lang='lat' dir='ltr'><strong><em>omnium</em></strong></span> 
     </span>
    </p>
   </div>
   <div class='ocr_carea' id='block_1_108' title="bbox 2134 5109 3707 5179">
    <p class='ocr_par' dir='ltr' id='par_1_108' title="bbox 2134 5109 3707 5179">
     <span class='ocr_line' id='line_1_108' title="bbox 2134 5109 3707 5179; baseline 0.002 -14"><span class='ocrx_word' id='word_1_850' title='bbox 2134 5110 2360 5179; x_wconf 90' lang='lat' dir='ltr'><strong><em>sumpsit</em></strong></span> <span class='ocrx_word' id='word_1_851' title='bbox 2385 5109 2688 5165; x_wconf 78' lang='lat' dir='ltr'><strong><em>exordium.</em></strong></span> <span class='ocrx_word' id='word_1_852' title='bbox 2717 5109 2871 5176; x_wconf 90' lang='lat' dir='ltr'><strong><em>Quod</em></strong></span> <span class='ocrx_word' id='word_1_853' title='bbox 2900 5120 3076 5165; x_wconf 90' lang='lat' dir='ltr'><strong><em>autem</em></strong></span> <span class='ocrx_word' id='word_1_854' title='bbox 3098 5110 3267 5167; x_wconf 90' lang='lat' dir='ltr'><strong><em>libero</em></strong></span> <span class='ocrx_word' id='word_1_855' title='bbox 3294 5113 3515 5168; x_wconf 89' lang='lat' dir='ltr'><strong><em>arbitrio</em></strong></span> <span class='ocrx_word' id='word_1_856' title='bbox 3540 5115 3707 5169; x_wconf 84' lang='lat' dir='ltr'><strong><em>beati-</em></strong></span> 
     </span>
    </p>
   </div>
   <div class='ocr_carea' id='block_1_109' title="bbox 2131 5201 3707 5274">
    <p class='ocr_par' dir='ltr' id='par_1_109' title="bbox 2131 5201 3707 5274">
     <span class='ocr_line' id='line_1_109' title="bbox 2131 5201 3707 5274; baseline 0.003 -20"><span class='ocrx_word' id='word_1_857' title='bbox 2131 5201 2370 5255; x_wconf 88' lang='lat' dir='ltr'><strong><em>tudinem</em></strong></span> <span class='ocrx_word' id='word_1_858' title='bbox 2392 5209 2807 5271; x_wconf 90' lang='lat' dir='ltr'><strong><em>consequantur,</em></strong></span> <span class='ocrx_word' id='word_1_859' title='bbox 2834 5215 2938 5269; x_wconf 90' lang='lat' dir='ltr'><strong><em>quo</em></strong></span> <span class='ocrx_word' id='word_1_860' title='bbox 2971 5202 3108 5257; x_wconf 89' lang='lat' dir='ltr'><strong><em>male</em></strong></span> <span class='ocrx_word' id='word_1_861' title='bbox 3139 5218 3267 5257; x_wconf 89' lang='lat' dir='ltr'><strong><em>usus</em></strong></span> <span class='ocrx_word' id='word_1_862' title='bbox 3300 5206 3350 5257; x_wconf 91' lang='lat' dir='ltr'><strong><em>in</em></strong></span> <span class='ocrx_word' id='word_1_863' title='bbox 3395 5217 3707 5274; x_wconf 85' lang='lat' dir='ltr'><strong><em>perpetuam</em></strong></span> 
     </span>
    </p>
   </div>
   <div class='ocr_carea' id='block_1_110' title="bbox 2131 5292 3705 5362">
    <p class='ocr_par' dir='ltr' id='par_1_110' title="bbox 2131 5292 3705 5362">
     <span class='ocr_line' id='line_1_110' title="bbox 2131 5292 3705 5362; baseline -0.001 -15"><span class='ocrx_word' id='word_1_864' title='bbox 2131 5292 2323 5347; x_wconf 88' lang='lat' dir='ltr'><strong><em>recidit</em></strong></span> <span class='ocrx_word' id='word_1_865' title='bbox 2349 5293 2683 5358; x_wconf 89' lang='lat' dir='ltr'><strong><em>servitutem,</em></strong></span> <span class='ocrx_word' id='word_1_866' title='bbox 2706 5292 2845 5347; x_wconf 90' lang='lat' dir='ltr'><strong><em>sicut</em></strong></span> <span class='ocrx_word' id='word_1_867' title='bbox 2866 5292 3126 5361; x_wconf 89' lang='lat' dir='ltr'><strong><em>scriptum</em></strong></span> <span class='ocrx_word' id='word_1_868' title='bbox 3158 5302 3278 5347; x_wconf 88' lang='lat' dir='ltr'><strong><em>est:</em></strong></span> <span class='ocrx_word' id='word_1_869' title='bbox 3317 5294 3417 5358; x_wconf 84' lang='lat' dir='ltr'><strong><em>Qui</em></strong></span> <span class='ocrx_word' id='word_1_870' title='bbox 3450 5296 3569 5362; x_wconf 77' lang='lat' dir='ltr'><strong><em>facit</em></strong></span> <span class='ocrx_word' id='word_1_871' title='bbox 3592 5310 3705 5362; x_wconf 77' lang='lat' dir='ltr'><strong><em>pec-</em></strong></span> 
     </span>
    </p>
   </div>
   <div class='ocr_carea' id='block_1_111' title="bbox 2132 5382 3711 5455">
    <p class='ocr_par' dir='ltr' id='par_1_111' title="bbox 2132 5382 3711 5455">
     <span class='ocr_line' id='line_1_111' title="bbox 2132 5382 3711 5455; baseline 0.001 -18"><span class='ocrx_word' id='word_1_872' title='bbox 2132 5394 2321 5447; x_wconf 87' lang='lat' dir='ltr'><strong><em>catum,</em></strong></span> <span class='ocrx_word' id='word_1_873' title='bbox 2346 5398 2516 5437; x_wconf 84' lang='lat' dir='ltr'><strong><em>seruus</em></strong></span> <span class='ocrx_word' id='word_1_874' title='bbox 2537 5393 2610 5437; x_wconf 87' lang='lat' dir='ltr'><strong><em>est</em></strong></span> <span class='ocrx_word' id='word_1_875' title='bbox 2636 5383 2831 5453; x_wconf 89' lang='lat' dir='ltr'><strong><em>peccati</em></strong></span> <span class='ocrx_word' id='word_1_876' title='bbox 2866 5382 3059 5454; x_wconf 86' lang='lat' dir='ltr'><strong><em>(Joan.</em></strong></span> <span class='ocrx_word' id='word_1_877' title='bbox 3085 5398 3203 5452; x_wconf 90' lang='lat' dir='ltr'><strong><em>vm,</em></strong></span> <span class='ocrx_word' id='word_1_878' title='bbox 3229 5384 3316 5455; x_wconf 71' lang='grc'><strong><em>54)</em></strong></span> <span class='ocrx_word' id='word_1_879' title='bbox 3344 5404 3357 5439; x_wconf 88' lang='lat'><strong>:</strong></span> <span class='ocrx_word' id='word_1_880' title='bbox 3382 5400 3411 5438; x_wconf 90' lang='lat' dir='ltr'><strong><em>a</em></strong></span> <span class='ocrx_word' id='word_1_881' title='bbox 3441 5399 3545 5452; x_wconf 87' lang='lat' dir='ltr'><strong><em>quo</em></strong></span> <span class='ocrx_word' id='word_1_882' title='bbox 3590 5384 3711 5450; x_wconf 84' lang='lat' dir='ltr'><strong><em>quis</em></strong></span> 
     </span>
    </p>
   </div>
   <div class='ocr_carea' id='block_1_112' title="bbox 2129 5472 3710 5543">
    <p class='ocr_par' dir='ltr' id='par_1_112' title="bbox 2129 5472 3710 5543">
     <span class='ocr_line' id='line_1_112' title="bbox 2129 5472 3710 5543; baseline 0 -16"><span class='ocrx_word' id='word_1_883' title='bbox 2129 5482 2432 5543; x_wconf 88' lang='lat' dir='ltr'><strong><em>superatur,</em></strong></span> <span class='ocrx_word' id='word_1_884' title='bbox 2473 5472 2598 5529; x_wconf 89' lang='lat' dir='ltr'><strong><em>huic</em></strong></span> <span class='ocrx_word' id='word_1_885' title='bbox 2624 5483 2677 5528; x_wconf 91' lang='lat' dir='ltr'><strong><em>et</em></strong></span> <span class='ocrx_word' id='word_1_886' title='bbox 2717 5487 2905 5529; x_wconf 90' lang='lat' dir='ltr'><strong><em>servus</em></strong></span> <span class='ocrx_word' id='word_1_887' title='bbox 2936 5472 3221 5528; x_wconf 89' lang='lat' dir='ltr'><strong><em>addicitur.</em></strong></span> <span class='ocrx_word' id='word_1_888' title='bbox 3261 5473 3445 5527; x_wconf 83' lang='lat' dir='ltr'><strong><em>Nonne</em></strong></span> <span class='ocrx_word' id='word_1_889' title='bbox 3485 5473 3599 5525; x_wconf 68' lang='lat' dir='ltr'><strong><em>haec</em></strong></span> <span class='ocrx_word' id='word_1_890' title='bbox 3624 5481 3710 5527; x_wconf 86' lang='lat' dir='ltr'><strong><em>est</em></strong></span> 
     </span>
    </p>
   </div>
   <div class='ocr_carea' id='block_1_113' title="bbox 2127 5559 3706 5634">
    <p class='ocr_par' dir='ltr' id='par_1_113' title="bbox 2127 5559 3706 5634">
     <span class='ocr_line' id='line_1_113' title="bbox 2127 5559 3706 5634; baseline -0.002 -16"><span class='ocrx_word' id='word_1_891' title='bbox 2127 5561 2216 5619; x_wconf 90' lang='lat' dir='ltr'><strong><em>illa</em></strong></span> <span class='ocrx_word' id='word_1_892' title='bbox 2238 5562 2581 5634; x_wconf 67' lang='lat' dir='ltr'><strong><em>praesumptio</em></strong></span> <span class='ocrx_word' id='word_1_893' title='bbox 2602 5563 2861 5619; x_wconf 88' lang='lat' dir='ltr'><strong><em>naturalis</em></strong></span> <span class='ocrx_word' id='word_1_894' title='bbox 2886 5577 3005 5632; x_wconf 73' lang='lat' dir='ltr'><strong><em>qua:</em></strong></span> <span class='ocrx_word' id='word_1_895' title='bbox 3029 5561 3096 5618; x_wconf 89' lang='lat' dir='ltr'><strong><em>ad</em></strong></span> <span class='ocrx_word' id='word_1_896' title='bbox 3118 5559 3450 5618; x_wconf 80' lang='lat' dir='ltr'><strong><em>detestandae</em></strong></span> <span class='ocrx_word' id='word_1_897' title='bbox 3480 5560 3706 5629; x_wconf 81' lang='lat' dir='ltr'><strong><em>captivi-</em></strong></span> 
     </span>
    </p>
   </div>
  </div>
