4098 6172
512 237 579 291 δε,
1462 259 1467 264 -
1852 233 2118 291 GELASll
2159 233 2356 290 nam
2396 238 2412 291 ι
3699 257 3764 310 tu

510 351 766 420 tatisjura
789 347 1084 411 descendit,
1117 361 1271 414 quam
1300 347 1571 414 bcriplura
1604 357 1784 400 sancta
1837 349 1916 401 sic
1965 363 2077 402 me-
2109 345 2159 404 Δ
2188 357 2394 414 ruerat,
2428 349 2848 408 misericorditer
2865 351 3164 407 absolutum
3195 366 3357 412 esset.
3388 359 3556 430 Hujus
3584 377 3762 421 sacra-

507 451 676 497 morat
710 459 723 496 :
761 440 921 494 Grave
934 442 1120 511 jugum
1147 454 1297 504 super
1323 438 1457 503 ﬁlios
1479 438 1640 490 Adam
1662 456 1692 490 a
1722 440 1804 492 die
1828 439 1994 493 exitus
2021 441 2083 492 de

506 542 673 588 ventre
710 532 884 584 matris
926 546 1099 583 eorum
1127 545 1284 595 usque
1313 528 1365 580 in
1400 529 1530 581 diem
1567 528 1842 598 sepultura:
1876 530 1926 582 in
1969 547 2077 584 ma-

505 632 630 677 trem
653 623 876 676 omnium
918 619 1138 691 (Eccles.
1171 619 1298 685 xc);
1345 619 1410 672 de
1447 633 1545 688 qua
1573 633 1741 688 genus
1778 619 2068 674 humanum

506 730 610 768 non
641 713 740 767 nisi
786 713 933 766 solus
965 711 1217 763 Dominus
1249 718 1428 763 noster
1457 710 1613 764 Jesus
1642 709 1884 764 Christus
1931 725 2078 764 com-

506 806 705 860 mercio
731 819 839 857 sua:
867 803 1092 857 redemit
1128 800 1408 870 passionis,
1455 811 1508 856 et
1551 811 1750 855 mutata
1798 802 2074 856 nativitate

504 912 601 950 nos
628 895 800 950 eruit?
833 894 988 948 Solus
1007 894 1178 961 utique
1207 894 1339 946 venit
1368 908 1609 959 querere,
1645 902 1691 945 et
1714 894 1909 946 saluare
1933 893 2070 961 quod

502 991 716 1056 perierat
749 986 958 1056 (Matth.
983 986 1154 1054 va-.1),
1184 994 1241 1038 ut
1281 985 1518 1049 libertas,
1556 999 1674 1053 qua:
1709 1001 1801 1054 per
1834 993 2068 1039 latuera-

503 1081 632 1131 riam
659 1078 828 1130 fuerat
857 1076 1062 1145 dejecta
1093 1075 1417 1144 superbiam,
1459 1074 1784 1130 instauretur
1822 1086 2068 1144 reparata

504 1184 598 1236 per
617 1169 875 1236 gratiam;
915 1181 1204 1234 mutuaque
1237 1166 1354 1219 vice
1390 1166 1632 1219 humana:
1659 1167 1950 1220 voluntatis
1979 1182 2069 1219 ar-

503 1258 736 1326 bitrium,
761 1257 897 1311 sicut
918 1256 1189 1324 sequendo
1218 1257 1505 1319 diabolum,
1546 1257 1904 1325 captivitatem
1950 1273 2066 1311 me-

501 1359 680 1402 ruerat
706 1348 1104 1416 sempiternam,
1142 1347 1218 1400 sic
1245 1346 1547 1401 reformatae
1597 1347 1974 1416 subsequendo
2007 1349 2066 1402 li-

500 1441 721 1496 bertatis
762 1449 1066 1501 auctorem,
1108 1440 1360 1492 amissum
1411 1440 1606 1493 rediret
1650 1440 1714 1493 ad
1759 1441 2059 1509 praemium.

493 1533 628 1587 Hinc
649 1543 726 1584 eSt
756 1532 896 1598 quod
941 1533 1054 1599 ipse
1095 1531 1349 1585 Dominus
1376 1533 1450 1585 ait
1479 1548 1493 1587 :
1529 1532 1655 1586 Cum
1684 1549 1769 1586 vos
1801 1533 1965 1586 Filius
1995 1535 2061 1586 li-

495 1625 753 1687 veraverit,
784 1634 904 1676 tunc
934 1639 1044 1676 vere
1083 1624 1226 1676 liberi
1261 1624 1421 1677 eritis.
1463 1624 1525 1678 Et
1551 1626 1822 1692 apostolus
1875 1625 2061 1679 beatus

2187 441 2350 494 menti
2370 441 2741 512 redemptione
2761 453 2884 500 ante
2901 447 3081 500 mundi
3098 448 3415 517 principium
3437 456 3759 524 sempiterna

2185 535 2517 602 providentia
2548 541 2855 607 preparati,
2883 542 2996 596 sive
3020 544 3252 598 nondum
3277 549 3477 613 prolata
3505 552 3640 622 lege,
3665 571 3756 614 seu

2182 625 2280 677 sub
2295 626 2668 684 observatione
2693 630 2868 698 legali,
2890 631 3192 699 figuralibus
3219 637 3384 705 signis
3414 651 3569 702 atque
3595 647 3757 697 sacri-

2182 715 2316 770 ficiis
2347 718 2582 771 omnium
2614 731 2916 775 sanctorum
2933 723 3164 778 virorum
3183 727 3606 797 feminarumque
3634 749 3756 786 san-

2178 815 2382 860 ctarum
2409 818 2560 863 vetus
2588 812 2737 878 origo
2777 813 3025 866 mundata
3073 825 3174 878 est,
3210 818 3574 887 universisque
3599 821 3753 888 jnsts

2179 911 2275 964 per
2301 899 2487 965 gratia:
2519 899 2760 968 Spiritum
2789 902 2887 955 hoc
2915 903 2981 955 de
3010 905 3164 972 longe
3194 905 3464 960 adorando
3495 911 3750 978 mysterio

2177 988 2364 1042 salutis
2391 999 2606 1044 aeterna:
2641 991 2874 1044 remedia
2918 994 3280 1061 contigerunt,
3322 996 3473 1063 cujus
3512 999 3563 1050 in
3594 997 3747 1052 Chri—

2176 1085 2261 1130 sto
2311 1077 2646 1132 manifestata
2689 1081 2938 1147 gentibus
2982 1082 3272 1148 plenitudo,
3324 1087 3576 1139 mundum
3626 1103 3746 1155 pur-

2174 1177 2280 1236 gat,
2317 1177 2369 1222 et
2398 1181 2639 1230 renovat.
2686 1171 3133 1240 beatitudinisque
3163 1188 3428 1242 Ierpetum
3456 1192 3580 1231 vere
3626 1179 3745 1232 facit

2174 1273 2291 1312 esse
2325 1260 2632 1328 participes.
2666 1260 3000 1330 Quapropter
3037 1265 3194 1315 nimis
3226 1264 3526 1318 incusamus
3554 1267 3741 1322 fratres

2172 1359 2227 1404 et
2266 1351 2616 1419 coepiscopos
2654 1363 2882 1415 nostros,
2916 1354 3144 1407 maxime
3173 1370 3264 1421 per
3310 1355 3486 1408 Piceni
3517 1358 3733 1425 provin-

2171 1441 2281 1495 cias
2314 1442 2604 1496 Ecclesium
2639 1442 2846 1495 Domini
2877 1443 3252 1510 gnbernantes,
3289 1446 3377 1513 qui
3420 1461 3523 1499 non
3563 1448 3732 1502 solum

2169 1531 2485 1597 ineptissimi
2532 1533 2695 1599 senis,
2740 1532 3067 1601 abjcctaeque
3099 1549 3336 1601 ρει-δοται)
3373 1551 3592 1604 pravum
3632 1553 3736 1592 non

2169 1621 2480 1676 deterruere
2504 1621 2848 1689 colloquium,
2896 1637 3076 1676 verum
3102 1632 3155 1677 et
3180 1638 3274 1676 suo
3307 1626 3576 1678 nutrit-ere
3600 1642 3733 1680 con-

495 1715 685 1767 Paulus
733 1715 1043 1782 exsequitur
1067 1731 1081 1767 :
1108 1713 1234 1767 Cum
1268 1714 1398 1766 servi
1438 1715 1605 1768 essetis
1649 1716 1857 1782 peccati,
1914 1715 2058 1767 liberi
2093 1697 2138 1756 Β
2165 1725 2349 1764 sensu.
2379 1712 2509 1777 Quis
2551 1711 2770 1764 audiat?
2798 1713 2915 1780 quis
2946 1713 3098 1777 ferat,
3147 1727 3329 1780 passos
3373 1729 3491 1768 esse
3524 1717 3730 1782 pontiﬁ-

489 1806 904 1874 fuistisjustitite,
934 1805 986 1858 id
1016 1813 1097 1858 est
1134 1805 1292 1859 alieni
1331 1805 1612 1874 ajustitia,
1658 1807 1857 1860 liberati
1889 1817 2060 1861 autem

486 1911 517 1947 a
539 1904 761 1963 peccato,
787 1895 912 1948 servi
933 1896 1056 1964 facti
1079 1895 1422 1966 cstisjustitia:
1445 1897 1618 1966 (Rom.
1641 1899 1718 1966 γι)
1740 1913 1753 1962 ;
1781 1910 1834 1951 et
1864 1897 2055 1952 iterum

486 1984 624 2037 idem
651 1985 760 2050 ipse
781 2001 792 2035 :
817 1983 1142 2048 Libertatem,
1162 1985 1351 2053 inquit,
1367 2000 1466 2052 qua
1479 2001 1563 2037 vos
1578 1984 1808 2038 Christus
1830 1985 2058 2038 liberavit

486 2071 784 2142 (Galat.tv).
811 2075 994 2127 Nonne
1017 2074 1130 2141 ipse
1152 2088 1242 2127 vas
1256 2073 1532 2128 electionis
1550 2073 1800 2139 affirmat,
1830 2083 1883 2130 et
1903 2075 2058 2135 dicit:

483 2163 624 2219 Deus
649 2175 721 2219 est
749 2167 832 2235 qui
865 2176 1102 2236 aperatur
1141 2167 1194 2218 in
1225 2167 1361 2221 vobis
1381 2177 1426 2219 et
1455 2167 1577 2220 velle
1601 2175 1648 2220 et
1684 2169 1923 2236 per/icere
1967 2184 2059 2238 pro

483 2256 614 2310 bona
629 2259 883 2311 voluntate
901 2257 1121 2327 (Philip.
1149 2258 1246 2326 tt)?
1272 2273 1338 2313 ne
1355 2258 1511 2312 etiam
1537 2259 1589 2312 in
1607 2259 1743 2312 mala
1757 2259 2052 2327 voluntate,

483 2357 539 2400 et
558 2347 694 2402 velle
722 2358 776 2401 et
803 2347 1060 2415 perficere
1088 2348 1227 2402 Deus
1253 2358 1530 2415 putaretur
1549 2351 1780 2418 operari.
1805 2348 1935 2403 Illud
1959 2364 2056 2403 au-

484 2445 592 2491 tem
624 2435 1026 2506 Pelagianorum
1069 2439 1338 2504 peculiare
1379 2439 1524 2492 virus
1555 2448 1656 2501 est,
1697 2439 1929 2507 olimque
1958 2440 2055 2494 de-

484 2527 688 2590 tritum,
727 2541 833 2594 quo
878 2534 1066 2596 putant
1114 2529 1340 2595 gratiam
1390 2529 1482 2582 Dei
1528 2530 1818 2584 secundum
1867 2531 2054 2583 merita

483 2615 758 2670 hominum
808 2624 965 2684 posse
1013 2617 1271 2683 conferri,
1325 2617 1465 2688 quod
1516 2617 1653 2672 absit
1704 2633 1733 2671 a
1787 2621 2054 2675 mentibus

481 2705 822 2762 Christianis!
853 2723 970 2760 cum
997 2716 1224 2761 testetur
1255 2709 1541 2777 Apostolus
1570 2725 1583 2761 :
1617 2707 1795 2763 Gratia
1830 2721 1902 2763 est
1941 2727 2056 2778 qua:

480 2797 638 2868 gratis
666 2797 856 2861 datur;
894 2798 1119 2865 alioquin
1143 2799 1191 2850 si
1215 2815 1279 2852 ex
1306 2800 1536 2868 aperibus
1567 2800 1750 2869 gratia,
1793 2803 1907 2870 jam
1951 2817 2053 2853 non

476 2897 549 2944 est
573 2889 934 2959 gratia(Rom.
960 2892 1056 2956 χι),
1091 2889 1217 2955 quia
1262 2903 1466 2944 merces
1511 2890 1751 2944 redditur
1794 2906 1897 2945 non
1931 2905 2052 2958 gra-

480 2979 568 3047 tis,
629 2979 769 3034 unde
815 2981 981 3047 gratia
1037 2994 1231 3036 nomen
1280 2981 1485 3049 accepit
1529 2980 1872 3048 impenditur.
1921 2981 2047 3046 Quis

2164 1816 2276 1866 ces,
2309 1813 2360 1854 ut
2391 1803 2621 1856 cadaver
2650 1803 2831 1856 nescio
2860 1803 2996 1870 quod
3039 1803 3330 1870 indignum,
3364 1805 3729 1873 presbyterum

2164 1892 2264 1945 sibi
2292 1907 2395 1946 non
2428 1893 2854 1960 acquiescentcm
2898 1893 3105 1957 audire,
3148 1895 3520 1948 communione
3558 1894 3726 1962 priva~

2163 1986 2280 2037 ret?
2309 1985 2575 2054 quomodo
2607 1985 2724 2038 talis
2751 1985 2834 2038 vel
2883 1993 3157 2051 susceptus
3191 1984 3258 2038 ab
3286 1985 3483 2051 aliquo,
3523 1984 3606 2037 vel
3633 1999 3728 2052 pa-

2163 2075 2356 2129 tienter
2383 2075 2596 2128 auditus
2623 2087 2702 2130 est
2723 2113 2739 2140 ,
2772 2074 2858 2144 qui
2899 2075 3112 2142 insuper
3138 2074 3282 2143 leges
3306 2074 3469 2139 dedit,
3506 2073 3730 2126 libenter

2167 2168 2183 2197 ⁸
2214 2175 2490 2235 exceptus,
2523 2175 2582 2219 ut
2611 2181 2750 2220 seru
2775 2168 2864 2219 Dei
2896 2181 3015 2219 cum
3047 2167 3234 2234 puellis
3256 2166 3422 2220 sacris
3444 2179 3727 2234 congrega-

2162 2256 2308 2310 tione
2351 2256 2767 2310 dedecorissima
2819 2257 3194 2325 miscerentur;
3242 2272 3359 2308 nam
3403 2270 3523 2310 cum
3572 2256 3726 2325 spiri-

2160 2347 2327 2401 tuales
2357 2347 2542 2414 animi,
2577 2348 2736 2402 etiam
2766 2362 2886 2402 cum
2912 2346 3081 2401 desint
3109 2345 3206 2399 ista
3230 2347 3517 2411 consortia,
3543 2348 3725 2415 imagi-

2160 2437 2324 2490 nariis
2354 2436 2672 2492 infestentur
2721 2436 3010 2502 illecebris,
3056 2436 3498 2505 quemadmodum
3535 2436 3725 2492 alterni

2158 2543 2319 2583 sexus
2363 2528 2576 2590 intuitu,
2613 2529 2632 2558 ¹
2661 2527 2750 2596 qui
2783 2527 2964 2580 illicite
3005 2527 3246 2580 nolentes
3288 2540 3392 2579 non
3431 2526 3724 2581 vehemen-

2157 2622 2260 2675 tius
2293 2615 2578 2673 incitentui'
2599 2621 2620 2672 ?
2642 2619 2826 2672 Adhuc
2852 2618 3021 2686 majus
3050 2618 3222 2671 scelus
3246 2618 3519 2682 accrescit,
3543 2627 3600 2671 ut
3624 2619 3724 2673 sub

2155 2719 2441 2778 conspectu
2473 2718 2525 2763 et
2557 2709 2838 2776 praesentia
2867 2706 3221 2774 sacerdotum,
3258 2707 3425 2760 beata:
3453 2706 3722 2761 memorias

2156 2802 2536 2870 Hieronymum
2563 2809 2722 2866 atque
2749 2799 3100 2868 Augustinum
3129 2797 3605 2852 ecclesiasticorum
3637 2798 3721 2851 lu-

2155 2893 2294 2945 mina
2333 2890 2728 2960 magistrorum,
2768 2904 2942 2942 musca
2986 2889 3253 2951 moritura,
3284 2887 3422 2942 sicut
3465 2889 3718 2956 scriptum

2153 2993 2254 3043 est.
2282 2983 2627 3034 exterminans
2651 2979 2819 3033 oleum
2839 2979 3100 3032 suavitatis
3127 2977 3347 3047 (Eccles.
3378 2978 3456 3046 χ),
3487 2980 3719 3032 lacerare

477 3079 656 3126 autem
679 3069 869 3125 audeat
892 3070 1071 3124 dicere
1095 3071 1456 3134 Christianus,
1478 3071 1674 3140 aliquid
1704 3069 1901 3125 habere
1925 3072 2046 3126 boni
2076 3051 2122 3117 C
2153 3072 2524 3127 contenderet.
2554 3070 2661 3124 Sed
2691 3069 2818 3138 quid
2849 3069 3106 3123 miremur
3135 3067 3486 3122 Ecclesiarum
3519 3083 3721 3137 praesu-

475 3165 590 3218 sine
613 3164 802 3232 gratia,
825 3161 1039 3230 quando
1060 3163 1318 3233 magister
1339 3163 1572 3233 gentium
1605 3163 1822 3227 clamat,
1853 3173 2046 3218 cuncta

473 3254 712 3310 breviter
739 3256 790 3307 in
836 3269 894 3307 se
929 3253 1067 3307 dona
1105 3255 1435 3310 concludens
1467 3269 1483 3309 :
1515 3253 1694 3310 Gratia
1729 3255 1823 3309 Dei
1854 3273 1966 3309 sum
1993 3256 2049 3310 id

474 3344 608 3414 quod
633 3359 766 3409 sum,
793 3354 836 3396 et
859 3346 1024 3412 gratia
1047 3346 1161 3413 ejus
1187 3345 1240 3398 in
1269 3361 1344 3398 me
1372 3361 1533 3399 vacua
1572 3362 1671 3398 non
1705 3348 1802 3416 {uit
1839 3346 1898 3417 (I
1924 3347 2042 3400 Car.

473 3434 606 3502 xv);
639 3441 694 3487 ut
719 3434 1024 3488 ostenderet
1054 3435 1179 3500 quia
1204 3436 1400 3489 donum
1431 3438 1615 3506 gratiae
1640 3453 1744 3492 non
1772 3439 1886 3507 ipse
1917 3453 2045 3508 pra-

472 3526 714 3593 eesserit,
764 3525 857 3579 sed
899 3524 1063 3579 fuerit
1115 3528 1467 3594 subsecutus;
1522 3537 1679 3597 atque
1723 3540 2048 3586 monstraret

472 3624 872 3683 cooperatorem
903 3631 965 3674 se
990 3631 1113 3674 esse
1142 3620 1328 3688 gratia:
1357 3620 1730 3689 subsequendo
1763 3638 1776 3674 :
1807 3622 1896 3674 sed
1934 3624 2047 3687 plus

472 3715 723 3779 omnibus,
773 3714 972 3782 inquit,
1016 3713 1122 3765 illis
1171 3713 1396 3765 laboravi
1440 3712 1705 3782 (Ibidem).
1746 3713 1823 3768 Ac
1862 3729 2047 3769 rursus

474 3805 675 3858 veritus
719 3820 785 3858 ne
823 3804 888 3858 de
933 3818 991 3858 se
1041 3818 1365 3872 praesumere
1411 3803 1702 3867 videretur,
1755 3804 2041 3872 adjunxit:

471 3914 567 3951 non
597 3914 718 3968 ego,
763 3899 850 3950 sed
878 3899 1044 3968 gratia
1079 3898 1170 3950 Dei
1212 3914 1426 3952 mecum.
1474 3898 1586 3952 Non
1635 3899 1765 3952 dixit
1802 3919 1813 3952 :
1857 3916 1956 3969 ego
1990 3908 2044 3954 ct

463 3988 633 4055 gratia
664 3988 753 4041 Dei
778 4003 1013 4052 mecum;
1051 3988 1144 4042 sed
1174 3990 1703 4058 przeposuitgratiam
1731 3991 2038 4058 praeceden-

469 4086 574 4130 tem
601 4092 680 4142 se,
711 4087 867 4147 atque
891 4079 1184 4146 subjunxit.
1231 4079 1366 4145 Quid
1414 4089 1589 4132 autem
1645 4079 1828 4134 haberi
1875 4082 2042 4149 possit

467 4167 582 4220 sine
605 4167 795 4234 gratia,
827 4183 946 4220 cum
978 4169 1046 4220 sit
1087 4167 1217 4221 fides
1256 4167 1366 4236 ipsa
1400 4184 1495 4237 per
1539 4169 1800 4238 gratiam;
1847 4171 2036 4224 eodem

465 4256 706 4322 apostolo
736 4270 832 4308 nos
859 4256 1085 4309 docente
1113 4273 1124 4307 :
1157 4255 1560 4310 Misericordiam
1583 4271 1882 4314 consecutus
1902 4277 2036 4326 sum,

465 4357 519 4398 ut
543 4346 707 4412 ﬁdelis
740 4363 896 4400 essem
925 4347 977 4412 (Ι
1006 4347 1136 4402 Tim.
1162 4347 1234 4418 I)?
1257 4348 1366 4404 Nec
1392 4349 1532 4404 aliud
1562 4360 1644 4406 est
1671 4352 2033 4407 misericordia

462 4439 642 4491 divina
671 4453 828 4507 quam
859 4440 1048 4508 gratia.
1082 4441 1371 4494 Audiamus
1399 4443 1556 4496 etiam
1584 4444 2031 4511 quemadmodum

463 4529 712 4583 informat
745 4531 1032 4584 Ecclesium
1061 4547 1073 4583 :
1103 4531 1301 4594 Gratia,
1346 4533 1534 4602 inquit,
1579 4533 1709 4587 salvi
1751 4535 1874 4603 {acti
1917 4538 2034 4591 estis

461 4638 553 4690 per
582 4622 731 4688 ﬁdem
762 4620 977 4688 (Ep/tes.
1007 4624 1096 4688 ll);
1123 4633 1179 4676 ιιι
1210 4624 1526 4690 principium
1551 4625 1739 4678 salutis
1767 4636 1817 4680 et
1848 4627 1970 4680 lidei
2003 4642 2034 4680 a

463 4721 626 4781 gratia
659 4713 890 4782 coepisse
918 4714 1226 4781 dissereret,
1258 4717 1394 4770 sicut
1415 4725 1627 4772 secutus
1661 4718 1929 4772 adnectit:
1966 4718 2032 4772 Et

464 4815 559 4855 hoc
589 4821 688 4856 non
714 4821 774 4856 ex
794 4804 953 4869 vobis,
978 4807 1064 4858 sed
1087 4805 1180 4859 Dei
1204 4806 1391 4859 donum
1418 4815 1488 4859 est
1513 4822 1532 4871 ;
1562 4823 1661 4860 non
1689 4824 1751 4861 ea:
1779 4809 2030 4876 operibus,

466 4909 526 4945 ne
553 4895 664 4963 quis
691 4896 966 4948 extollatur
995 4895 1206 4968 (Ibid.).
1243 4897 1384 4951 Idem
1416 4898 1528 4966 ipsc
1555 4898 1677 4950 alibi
1709 4901 2035 4968 generaliter

463 4997 518 5041 et
560 4989 802 5044 absolute
840 4992 1179 5057 pronuntiat,
1223 4989 1407 5044 dicens
1449 5006 1462 5043 :
1515 4989 1650 5056 Quid
1705 4993 1840 5045 enim
1880 4993 2034 5047 habes

463 5082 598 5150 quod
638 5098 738 5133 non
784 5082 1022 5148 accepisti
1044 5083 1068 5134 .’
1111 5083 1211 5134 Aut
1251 5082 1301 5135 si
1339 5083 1596 5151 accepisti,
1632 5085 1754 5152 quid
1789 5086 2031 5154 gloriaris

461 5175 607 5242 quasi
637 5188 734 5225 non
758 5175 1007 5240 acceperis
1043 5174 1089 5244 (Ι
1117 5174 1236 5229 Cor.
1266 5172 1382 5242 tv)?
1413 5175 1542 5240 Quis
1570 5175 1798 5230 sufficiet
1821 5177 2028 5247 singula

461 5266 778 5318 recensere?
807 5264 995 5332 quibus
1030 5266 1307 5321 evidenter
1349 5277 1588 5336 apparet,
1625 5284 1728 5322 non
1771 5270 2030 5327 naturalis

464 5356 1014 5412 libertatisarbitrium
1037 5363 1260 5429 gratiam
1287 5363 1600 5430 promereri,
1624 5364 1714 5418 sed
1739 5365 1913 5433 potius
1936 5380 2030 5433 per

459 5449 680 5517 gratiam
709 5451 965 5519 recipere,
996 5459 1052 5503 ut
1077 5465 1104 5503 a
1136 5452 1410 5521 servitute,
1443 5467 1600 5523 quam
1626 5454 1892 5523 peccando
1915 5471 2029 5512 me-

536 5570 550 5599 ⁸
585 5567 744 5624 Forte
771 5579 1022 5637 exceptas.
1055 5569 1308 5624 iisunum.

2062 4395 2116 4457 D

2152 3165 2232 3222 les
2275 3164 2374 3220 ista
2415 3162 2704 3233 negligere,
2755 3174 2888 3230 quos
2933 3160 3072 3216 sicut
3101 3174 3132 3213 a
3179 3160 3360 3215 multis
3389 3161 3717 3228 audivimus,

2149 3267 2334 3313 contra
2366 3271 2600 3312 canones
2631 3255 2808 3310 omnia
2839 3267 3045 3323 gerere,
3070 3261 3125 3307 et
3153 3261 3338 3306 contra
3379 3252 3717 3319 apostolicam

2149 3351 2336 3425 (lCor.
2375 3350 2486 3417 xrv)
2518 3348 2851 3416 disciplinam
2885 3345 3081 3414 passim
3109 3353 3297 3398 cuneta
3329 3344 3572 3405 miscere,
3606 3359 3715 3397 uta-

2148 3442 2398 3496 nifestum
2426 3449 2540 3506 est;
2567 3454 2673 3492 non
2700 3437 2924 3492 servatis
2955 3435 3149 3504 regulis
3172 3435 3435 3498 ordinare,
3470 3435 3715 3502 lit'iteque

2149 3548 2254 3587 non
2281 3531 2452 3585 solum
2496 3531 2812 3595 monachos,
2855 3525 2949 3581 sed
2989 3527 3148 3580 etiam
3179 3526 3448 3578 ministros
3478 3515 3715 3579 ecclesiae

2148 3639 2266 3677 cum
2301 3623 2512 3677 feminis
2534 3621 2599 3676 ad
2630 3621 2908 3690 peregrina
2932 3619 3219 3687 migrantes
3241 3633 3480 3672 remeate
3508 3632 3712 3683 rursus,

2148 3725 2200 3769 et
2226 3715 2292 3768 ab
2315 3715 2436 3767 aliis
2464 3714 2728 3782 episcopis
2769 3713 2822 3766 in
2865 3711 3106 3764 militiam
3136 3709 3350 3779 provehi
3381 3709 3713 3762 clericalem?

2147 3807 2276 3874 Quae
2307 3823 2428 3862 cum
2456 3807 2661 3875 singula
2695 3804 2970 3860 toleranda
3015 3819 3115 3856 non
3150 3803 3276 3868 sint,
3307 3802 3424 3870 quis
3455 3801 3714 3856 sustineat

2148 3907 2226 3953 tot
2272 3907 2327 3952 et
2357 3899 2476 3951 talia
2511 3897 2742 3950 facinora
2774 3894 3093 3965 perpetrari.
3125 3891 3314 3959 quibus
3354 3891 3712 3957 speetaculum

2145 3988 2453 4058 gentilibus,
2482 3985 2700 4048 Judmis,
2733 3995 2786 4039 et
2831 3982 3094 4038 lia-reticis
3134 3996 3236 4034 non
3283 3981 3545 4034 immerito
3575 3995 3712 4048 prte-

2145 4080 2353 4145 bentes,
2385 4080 2435 4132 in
2468 4078 2638 4147 ipsum
2672 4075 2834 4146 (quod
2874 4073 3032 4143 absit)
3066 4073 3282 4127 tendere
3314 4070 3549 4124 videatur
3591 4071 3712 4124 reli~

2143 4171 2315 4242 gionis
2343 4170 2650 4226 excidium?
2677 4169 2940 4237 digneque
2979 4167 3077 4219 ista
3105 4163 3420 4218 facientibus
3445 4162 3710 4232 aptabitur

2143 4262 2232 4316 illa
2250 4261 2512 4316 sententia
2545 4259 2772 4313 dicentis
2799 4256 3038 4326 Apostoli
3065 4273 3077 4308 :
3113 4255 3312 4308 Nomen
3343 4253 3478 4306 enim
3504 4252 3598 4304 Dei
3624 4268 3711 4320 per

2143 4373 2228 4410 uos
2251 4353 2632 4422 blasphematur
2653 4351 2705 4403 in
2731 4349 2958 4420 gentibus
2983 4347 3154 4419 (Rom.
3182 4345 3261 4414 ll).
3292 4345 3530 4401 Sufficiat
3556 4345 3711 4412 igitur

2145 4451 2403 4502 hactenus
2444 4447 2607 4500 fuisse
2636 4445 2748 4496 haec
2790 4441 3099 4505 commissa,
3126 4448 3178 4494 et
3207 4448 3262 4492 ut
3303 4437 3538 4506 placetur
3574 4436 3710 4488 Deus

2145 4542 2394 4598 humanis
2430 4541 2587 4594 rebus
2614 4536 2896 4592 sollicitius
2926 4533 3106 4588 divina
3131 4541 3404 4586 curentur.
3443 4530 3708 4598 Nusquam

2144 4634 2245 4688 loci
2275 4645 2492 4700 prorsus
2523 4627 2823 4682 inveniatur
2866 4624 3099 4694 praefata:
3130 4623 3293 4693 pestis
3324 4631 3578 4680 assertor.
3615 4635 3712 4674 nec

2145 4737 2418 4778 accessum
2451 4733 2668 4790 prorsus
2701 4716 2943 4772 ecclesia:
2981 4715 3064 4769 vel
3095 4728 3316 4783 usquam
3349 4711 3711 4780 participatio-

2142 4830 2265 4869 nem
2295 4813 2569 4868 catbolicae
2612 4807 3006 4864 communionis
3039 4807 3274 4860 inveniat
3301 4804 3387 4872 qui
3440 4801 3712 4854 lueretieo-

2142 4924 2259 4962 rum
2303 4904 2504 4959 mavult
2555 4901 2806 4969 subsequi
2854 4897 3054 4952 nefaria
3106 4894 3442 4966 professione
3489 4906 3711 4945 consor-

2144 5000 2311 5063 tiutn;
2359 5007 2412 5051 et
2453 4995 2522 5063 hi
2552 5009 2674 5048 cum
2705 4990 2901 5062 quibus
2934 4997 3088 5042 antea
3137 4985 3449 5056 probabitur
3493 4983 3710 5036 noxium

2142 5062 2426 5145 miscuisse
2449 5062 2800 5154 colloquium,
2827 5081 2928 5136 nisi
2959 5079 3297 5147 resipiscunt,
3322 5087 3374 5130 et
3397 5075 3463 5129 ab
3485 5075 3600 5142 ejus
3627 5087 3711 5127 so-

2140 5182 2338 5237 cietate
2378 5177 2682 5242 discedunt,
2731 5174 2798 5228 ab
2830 5170 3191 5227 ecclesiasxico
3230 5167 3420 5222 remoti
3469 5164 3712 5226 servitio,

2140 5273 2330 5326 devota
2361 5268 2563 5323 ultione
2585 5267 2908 5333 plectantur,
2932 5275 3036 5330 quo
3067 5258 3275 5312 caeteris
3314 5255 3535 5310 eaventli
3561 5253 3711 5306 mini-

2140 5371 2340 5417 stretur
2369 5356 2696 5424 exemplum,
2731 5353 2932 5406 nullum
2962 5351 3137 5413 adeat,
3181 5362 3280 5400 nec
3308 5360 3526 5414 usquam
3571 5344 3710 5411 loqui

2139 5457 2402 5512 damnata:
2447 5451 2575 5503 olim
2623 5444 2969 5514 blaSpliemia:
3005 5442 3115 5510 jam
3165 5440 3404 5495 sinautur
3443 5437 3710 5491 :discreta

2213 5571 2233 5602 ³
2258 5567 2416 5623 Forte
2443 5563 2534 5617 etsi
2555 5561 2750 5615 illicite.
2785 5558 3042 5614 "annum.
