4120 6186
299 290 363 343 ,ει
1508 270 1857 327 tartarum:
1900 269 1984 325 ET
2029 265 2370 322 DECRETA.
3502 260 3581 320 42

299 402 413 453 suis
443 394 864 451 habitationibus
907 392 1140 446 virorum
1181 397 1338 457 atque
1374 388 1715 451 feminarum,
1748 387 1887 440 sicut
1921 394 1969 446 Α
2000 383 2122 438 ﬁdei
2160 382 2435 437 catholicae
2484 385 2671 437 deesse
2711 395 3048 448 cumperem.
3088 397 3182 447 pro
3213 397 3331 435 meo
3365 385 3580 440 modulo

300 499 544 547 sanctum
589 488 926 556 propositum
970 484 1146 553 decet,
1191 489 1512 534 exerceatur
1555 479 1889 543 circumspe-

299 596 388 640 cta
432 583 667 639 dcv0tio.
696 580 895 634 Contra
926 592 1186 631 canonum
1216 574 1505 629 constituta
1538 572 1714 626 nullus
1739 569 1886 637 (Nic.

302 694 378 739 ix,
420 674 493 743 χ)
524 674 589 728 ad
623 668 1044 727 ecclesiasticum
1076 665 1415 734 permittatur
1452 662 1542 735 [αι.
1572 676 1887 729 promovea-

304 764 421 837 tur‘;
449 766 683 821 ofﬁcium
715 781 728 816 :
755 777 863 816 non
890 759 1213 827 ignoraturis
1238 758 1526 825 provinciae
1552 753 1890 820 uniuscujus-

301 877 414 929 que
446 858 761 922 rectoribus,
796 871 895 909 nec
925 853 991 906 de
1031 850 1319 920 praeteritis
1360 864 1417 902 se
1463 848 1670 901 veniam
1710 861 1894 913 reper—

305 961 464 1004 turus
497 947 791 1010 erroribus,
839 946 883 999 si
933 943 1188 1010 deinceps
1227 940 1686 995 dissimulaverint
1724 938 1893 991 vitare

305 1040 606 1111 patefactus
636 1056 650 1091 :
677 1052 775 1091 nec
815 1034 1178 1090 excusationis
1220 1032 1289 1086 de
1319 1040 1516 1085 eadem
1564 1029 1897 1096 relinquetur

308 1133 552 1195 occasio,
595 1131 636 1183 si
679 1138 800 1197 post
840 1136 1105 1197 prmcepta
1149 1124 1457 1194 praesentia,
1490 1138 1609 1192 quae
1652 1137 1744 1191 per
1787 1124 1896 1176 Ito-

316 1226 519 1278 titulum
550 1222 854 1285 diaconum,
886 1218 1037 1287 cujus
1068 1216 1342 1271 solertiam
1375 1230 1469 1284 pro
1501 1213 1603 1267 ﬁde
1634 1212 1894 1266 catholica

315 1326 375 1370 et
415 1330 509 1383 pro
551 1312 809 1381 religione
857 1307 1184 1378 vigilantiam
1230 1306 1535 1376 gratissime
1583 1305 1901 1371 comproba-

312 1420 460 1469 mus,
496 1404 743 1459 duximus
780 1398 1097 1455 destinanda
1127 1398 1366 1468 quisquis
1408 1410 1569 1465 super
1606 1393 1692 1448 bis
1729 1395 1903 1447 omni—

305 1500 412 1553 bus
441 1507 535 1550 aut
564 1504 904 1563 contemptor
928 1501 1021 1547 aut
1048 1491 1324 1561 negligens
1347 1488 1777 1559 deprehendetur
1807 1502 1903 1539 an-

308 1594 491 1645 tistes.
527 1589 675 1645 Sicut
706 1590 846 1642 enim
886 1587 953 1640 ad
1000 1585 1145 1641 sedis
1183 1584 1495 1653 apostolica:
1534 1582 1901 1637 moderamina

316 1682 579 1751 pertinet,
606 1682 814 1734 cunctis
859 1676 1272 1732 sollicitudinem
1314 1674 1550 1729 debitam
1593 1672 1901 1727 ministrare

1999 472 2429 543 suggestionibus
2480 472 2794 540 opportunis
2849 475 3099 539 supplere
3140 474 3427 528 contendo.
3466 476 3577 529 Dis-

1999 564 2314 634 pensatione
2354 567 2551 618 etenim
2581 565 2709 617 tnilti
2744 563 2905 616 divini
2934 564 3196 617 sermonis
3226 565 3486 629 injuncta.
3508 583 3582 620 var

1999 659 2124 711 mihi
2146 668 2235 719 est,
2263 660 2305 711 si
2335 675 2435 711 non
2469 658 2875 726 evangeliznrero
2908 655 2961 723 (Ι
2993 656 3110 710 Cor.
3138 657 3245 728 tv)!
3272 659 3422 733 Quod
3460 675 3580 712 cum

2001 767 2092 804 vas
2135 751 2412 805 electionis
2460 751 2645 804 beatus
2689 750 2878 803 Paulus
2926 751 3197 817 apostolus
3240 751 3489 805 formidet
3530 764 3586 807 et

1948 904 1951 907 η
2000 843 2212 907 clamet,
2250 843 2417 895 multo
2450 842 2616 909 magis
2654 841 2781 893 milii
2813 843 3002 910 exiguo
3031 842 3375 895 metuendum
3409 854 3509 907 est,
3540 847 3583 897 si

2001 935 2255 989 divinitus
2284 939 2302 967 ⁷
2335 936 2649 1004 inspiratam
2671 975 2683 997 ,
2731 943 2785 987 et
2827 946 3044 1003 paterna
3086 934 3374 990 devotione
3409 947 3585 991 trans-

2004 1031 2249 1093 missum,
2282 1030 2601 1083 subtraxero
2641 1029 2993 1081 ministerium
3023 1028 3368 1096 praedicandi.
3408 1030 3584 1082 I’ieta-

2006 1130 2110 1174 tem
2144 1130 2285 1174 tuam
2321 1136 2510 1186 precor
2539 1135 2607 1174 nc
2640 1120 3000 1187 arrogantiam
3032 1121 3237 1189 judices
3270 1122 3464 1176 divina:
3499 1138 3588 1175 ra-

2005 1210 2163 1263 tionis
2185 1210 2443 1264 oI‘ﬁeium.
2476 1211 2650 1277 Absit,
2676 1226 2876 1279 qtucso.
2908 1228 2936 1262 a
2969 1211 3209 1265 Romano
3242 1212 3501 1282 principe,
3530 1224 3589 1266 ut

2007 1302 2323 1372 itttitna_tam.
2355 1305 2466 1355 suis
2516 1304 2765 1356 sensibus
2794 1302 3075 1357 veritatem
3120 1304 3407 1360 arbitretur
3448 1308 3587 1372 inju-

2006 1394 2158 1446 riatn.
2180 1366 2311 1477 {Duo
2340 1394 2361 1423 ⁸
2388 1394 2584 1461 quippe
2610 1404 2752 1455 sunt,
2787 1396 3077 1461 imperator
3105 1397 3363 1465 Auguste,
3395 1399 3588 1468 quibus

2006 1485 2376 1553 principaliter
2425 1484 2656 1539 mundus
2709 1486 2793 1539 hic
2836 1486 3039 1555 regitur
3073 1488 3400 1542 :auctoritas
3438 1505 3589 1546 sacra

2009 1577 2102 1647 [at.
2135 1574 2367 1647 sacrata]
2401 1577 2733 1644 pontiﬁcum,
2770 1586 2823 1629 et
2852 1578 3049 1645 regalis
3076 1588 3336 1646 potestas.
3381 1580 3435 1634 In
3467 1582 3588 1650 qui-

2011 1666 2107 1720 bus
2152 1676 2299 1720 tanto
2340 1670 2556 1735 gravius
2601 1676 2684 1721 est
2732 1668 2941 1736 pondus
2988 1670 3351 1736 sacerdotum,
3393 1685 3591 1741 quanto

312 1780 683 1841 congruenter
719 1767 1011 1830 Ecclesﬁis;
1042 1767 1113 1820 ita
1142 1780 1364 1821 necesse
1404 1773 1507 1829 est,
1541 1771 1599 1816 ut
1628 1764 1680 1816 in
1712 1775 1901 1816 contu-
1934 1766 1981 1826 Β
2008 1763 2165 1814 etiam
2201 1776 2299 1828 pro
2330 1763 2457 1831 ipsis
2488 1762 2700 1831 regibus
2726 1767 2745 1796 ³
2778 1763 3006 1816 Domino
3037 1763 3087 1816 in
3122 1765 3305 1818 divino
3337 1765 3592 1822 reddituri

324 1879 512 1919 maces
539 1872 591 1916 et
626 1861 841 1916 desides
880 1861 1128 1913 traditam
1159 1858 1258 1913 sibi
1302 1857 1562 1911 divinitus
1608 1871 1714 1910 non
1747 1856 1904 1908 dissi-

322 1956 497 2010 mulet
526 1963 865 2023 petestatem.
894 1951 1026 2006 Data
1056 1950 1292 2005 calendis
1333 1948 1673 2012 Novembris,
1710 1946 1904 2000 Albino

322 2050 443 2103 viro
469 2046 774 2102 clarissimo
795 2046 1016 2099 consule
1043 2045 1206 2113 (anno
1234 2040 1432 2096 Christi
1459 2041 1607 2108 ⁵595).

856 2185 881 2210 λ
913 2173 1237 2229 EPIbTOLA
1282 2172 1413 2227 VIII.

678 2288 745 2325 AD
785 2282 1114 2322 ANASTASIUM
1155 2280 1549 2320 IMPERATOREM.

318 2360 605 2414 Primitias-0
656 2362 979 2413 excusatione
1023 2374 1114 2409 cur
1147 2357 1214 2408 ad
1246 2356 1603 2425 imperatorem
1644 2372 1744 2408 non
1782 2355 1910 2408 scri-

398 2434 574 2500 pserit,
609 2432 756 2482 illum
785 2435 1013 2481 hortatur
1039 2439 1093 2479 ut.
1124 2430 1418 2500 apostolicis
1442 2427 1553 2500 aedi
1584 2427 1909 2496 obtemperet,

402 2496 473 2563 et,
502 2501 674 2552 Acacii
714 2500 917 2554 nomine
957 2502 1223 2563 damnato,
1256 2496 1602 2550 Ecclesiarunt
1633 2512 1809 2567 pacem
1832 2509 1909 2550 re-

399 2574 709 2624 stituendam
734 2579 899 2623 curet.

407 2687 424 2716 ²
455 2684 699 2740 Gelasius
725 2686 1005 2753 episcopus
1033 2681 1099 2737 ad
1126 2683 1468 2738 Anastasium
1500 2685 1813 2753 Augustum.

402 2777 609 2831 Fauiuli
638 2787 829 2832 vestra:
858 2776 1091 2844 pietatis,
1125 2776 1219 2830 ﬁlii
1252 2777 1375 2841 mei,
1404 2776 1633 2831 Faustus
1665 2778 1917 2846 magister

324 2879 389 2925 et
418 2868 649 2925 Irettzrus
694 2871 793 2923 viri
836 2869 1095 2933 illustres,
1126 2881 1287 2939 atque
1328 2885 1513 2923 eorum
1551 2870 1778 2924 comites
1822 2884 1917 2938 pu-

326 2963 476 3015 blica
522 2964 782 3033 legatione
829 2966 1129 3033 iungentes,
1181 2964 1245 3016 ad
1296 2963 1491 3018 Urbem
1541 2964 1764 3031 reversi,
1812 2965 1918 3019 cle-

326 3054 591 3108 mentiam
624 3063 855 3109 vestram
900 3054 1159 3124 quaesisse
1208 3054 1451 3109 dixerunt
1493 3053 1587 3127 [αι.
1618 3055 1915 3126 dicuntur].
1950 3108 1953 3111 .

2010 1864 2130 1907 sunt
2165 1856 2413 1908 examine
2440 1860 2722 1908 rationem.
2758 1855 2906 1909 Nosti
2933 1858 3152 1920 etenim,
3187 1859 3259 1911 ﬁli
3288 1860 3594 1914 clementi,-

2010 1946 2169 2011 sime;
2196 1948 2337 2015 quod
2368 1947 2491 2000 licet
2521 1948 2811 2013 przesideas
2844 1949 3079 2003 humano
3106 1954 3286 2019 generi
3314 1953 3592 2021 dignitate,

2012 2051 2191 2089 rerum
2219 2046 2394 2089 tamen
2419 2038 2734 2104 praesulibus
2756 2038 3053 2092 divinarum
3080 2042 3302 2094 devotus
3318 2043 3452 2095 culta
3472 2046 3595 2097 sub-

2012 2127 2199 2191 mittis,
2233 2135 2395 2195 atque
2430 2127 2497 2181 ab
2546 2128 2625 2183 eis
2666 2144 2853 2183 causas
2891 2140 2993 2183 tum
3039 2132 3228 2187 salutis
3271 2135 3477 2203 expetis
3502 2135 3593 2206 [ιιι.

2013 2221 2340 2295 exspectas],
2370 2223 2531 2291 inque
2560 2225 2837 2277 sumendis
2867 2227 3177 2281 coelestibus
3219 2235 3591 2297 sacramentis,

2014 2314 2200 2382 eisque
2242 2315 2322 2385 (ut
2369 2316 2645 2383 competit)
2686 2315 3063 2384 disponendis.
3110 2318 3264 2372 subdi
3312 2328 3361 2375 te
3402 2321 3598 2379 debere

2014 2406 2294 2474 cognoscis
2344 2405 2623 2475 religionis
2670 2406 2860 2461 ordine
2910 2409 3085 2475 potius
3130 2424 3288 2477 quam
3344 2427 3598 2480 precessc.

2015 2497 2162 2552 Noti
2191 2498 2369 2568 itaque
2409 2499 2550 2553 inter
2571 2498 2705 2564 hmo,
2754 2514 2818 2553 ex
2867 2500 3078 2555 illorum
3124 2511 3173 2557 te
3206 2508 3376 2573 pent'e
3407 2522 3438 2561 e
3462 2507 3601 2576 judi-

2017 2589 2122 2653 cio,
2166 2605 2271 2643 non
2306 2590 2428 2644 illos
2468 2590 2533 2645 ad
2570 2602 2715 2644 tuam
2756 2592 2895 2646 velle
2948 2593 3115 2663 redigi
3143 2595 3492 2653 voluntatem.
3547 2599 3603 2653 Si

2021 2682 2187 2747 enim,
2225 2691 2483 2751 quantum
2528 2681 2591 2736 ad
2642 2683 2885 2737 ordinem
2930 2688 3160 2752 pertinet
3192 2688 3417 2755 publica:
3448 2690 3604 2749 disci-

2020 2774 2199 2843 plinas,
2232 2782 2621 2843 cognoscentes
2644 2755 2933 2845 imperium
2969 2777 3060 2831 tibi
3109 2793 3341 2847 superna
3373 2781 3602 2851 diSposi-

2022 2868 2165 2920 tione
2195 2865 2475 2931 collatum,
2509 2865 2712 2935 legibus
2751 2868 2853 2921 tuis
2895 2868 2991 2936 ipsi
3021 2884 3234 2938 quoque
3265 2881 3453 2940 parent
3482 2876 3606 2929 reli-

2019 2960 2192 3030 gionis
2233 2961 2520 3023 antistites,
2555 2974 2621 3013 nc
2652 2960 2732 3013 vel
2767 2960 2817 3013 in
2862 2961 3021 3014 rebus
3048 2964 3332 3017 mundanis
3374 2965 3607 3021 exclusm

2023 3052 2308 3106 videantur
2334 3051 2551 3106 obviare
2581 3052 2898 3116 sententiae;
2930 3069 3036 3120 quo
3062 3053 3239 3123 (rogo)
3266 3062 3316 3109 te
3346 3056 3496 3112 decet
3526 3058 3608 3111 af-

328 3161 435 3200 cur
464 3146 530 3199 ad
569 3163 665 3201 vos
705 3162 840 3201 mea:
878 3146 1213 3201 salutationis
1254 3147 1455 3215 scripta
1505 3164 1609 3201 non
1652 3148 1909 3202 miserim.
1943 3143 1988 3205 C
2021 3144 2159 3199 fectu
2192 3145 2270 3200 eis
2317 3144 2559 3209 obedire,
2610 3144 2697 3213 qui
2742 3160 2839 3214 pro
2888 3138 3175 3215 erogandis
3213 3150 3608 3204 venerabilibus

331 3237 454 3291 Non
498 3254 642 3305 meo,
675 3238 864 3301 fateor,
899 3238 1174 3303 instituto;
1206 3238 1300 3292 sed
1332 3254 1451 3292 cum
1494 3238 1682 3293 directi
1712 3240 1915 3293 dudum

332 3331 410 3384 de
439 3330 682 3398 partibus
709 3329 941 3383 Orientis
978 3329 1061 3383 vel
1101 3328 1313 3384 videndi
1358 3344 1443 3383 me
1480 3330 1769 3395 lit-entiam,
1823 3332 1923 3385 sibi

331 3421 533 3477 vestris
557 3422 1001 3491 praeceptionibus
1030 3422 1370 3491 abnegatam,
1403 3431 1511 3477 tota
1547 3421 1692 3478 Urbe
1720 3424 1925 3491 disper-

333 3513 533 3580 serint,
565 3530 595 3567 a
639 3514 832 3569 litteris
863 3513 1065 3568 credidi
1106 3513 1537 3582 temperandum,
1572 3530 1637 3569 ne
1666 3529 1926 3568 onerosus

336 3606 522 3675 potius
544 3619 702 3673 quam
734 3605 1008 3659 ofﬁciosus
1042 3604 1353 3659 existeiem.
1386 3605 1594 3660 Videtis
1632 3606 1793 3675 igitur
1821 3620 1924 3659 non

336 3713 465 3753 mea
523 3698 951 3753 dissimulatione
1009 3699 1366 3767 provenisse,
1420 3699 1515 3752 sed
1567 3698 1928 3767 competentis

338 3789 516 3844 fuisse
539 3791 783 3854 cautelae,
823 3803 891 3843 ne
915 3788 1291 3857 respuentibus
1327 3790 1521 3843 animis
1553 3790 1825 3845 molestias
1856 3789 1928 3843 ir-

339 3889 615 3949 rogarem.
669 3879 774 3935 Sed
834 3882 925 3935 ubi
978 3882 1283 3936 serenitatis
1343 3891 1447 3935 tum
1499 3880 1926 3935 benevolentiam

339 3969 604 4037 comitari,
639 3971 868 4036 praefatis
896 3971 1277 4035 indicantibus,
1308 3969 1623 4024 humilitatis
1656 3985 1787 4024 mea:
1816 3970 1926 4023 cle-

340 4071 559 4114 menter
588 4062 853 4129 expetisse
904 4077 1235 4126 sermonem,
1277 4061 1387 4130 jam
1416 4076 1602 4115 revera
1648 4060 1924 4130 perpendi,

354 4152 376 4181 ²
408 4151 776 4219 imputandum
807 4166 910 4205 non
939 4152 1207 4206 immerito
1230 4151 1383 4215 mihi,
1416 4151 1459 4205 si
1487 4160 1751 4216 tacerem;
1782 4151 1927 4220 quia,

340 4241 586 4311 gloriose
630 4241 725 4307 ﬁli,
755 4242 775 4272 ³
801 4252 852 4296 te
883 4244 1021 4298 sicut
1069 4243 1344 4297 Romanus
1374 4240 1469 4315 [αι.
1508 4241 1714 4313 Itomze]
1742 4254 1924 4307 natus,

346 4335 652 4386 Romanum
684 4334 977 4403 principem
1008 4349 1149 4401 amo,
1182 4336 1323 4401 colo,
1357 4333 1378 4365 ’⁸
1401 4335 1663 4402 suscipio;
1694 4342 1748 4388 et
1791 4335 1930 4389 sicut

344 4422 710 4493 Christianus,
743 4439 862 4478 cum
895 4439 960 4480 co
986 4428 1072 4494 qui
1097 4428 1269 4481 zelum
1298 4426 1393 4480 Dei
1424 4425 1603 4490 habet,
1635 4427 1926 4481 secundum

2026 3247 2149 3292 sunt
2175 3237 2418 3290 attributi
2459 3237 2771 3308 mysteriis?
2804 3237 3031 3292 Proinde
3070 3241 3206 3293 sicut
3247 3256 3350 3294 non
3386 3242 3501 3297 leve
3523 3244 3609 3298 di-

2028 3330 2258 3383 scrimeu
2292 3330 2550 3383 incumbit
2582 3328 2917 3396 pontiﬁcibus
2940 3371 2953 3393 ,
2987 3331 3199 3386 siluisse
3229 3348 3324 3401 pro
3356 3336 3610 3390 Divinita—

2027 3421 2095 3472 tis
2122 3420 2292 3484 cultu,
2315 3419 2457 3488 quod
2484 3420 2756 3488 congruit;
2788 3419 2857 3473 ita
2889 3419 2971 3473 his
2990 3421 3152 3490 (quod
3178 3424 3337 3496 absit)
3371 3443 3473 3479 non
3499 3444 3610 3483 tne-

2027 3509 2210 3564 diocre
2237 3512 2531 3579 perieulum
2575 3521 2677 3575 est,
2707 3511 2819 3580 qui,
2846 3528 2967 3566 cum
3005 3528 3192 3581 parere
3225 3516 3475 3584 debeant,
3515 3521 3612 3575 de-

2028 3598 2277 3669 Spiciunt.
2313 3601 2378 3655 Et
2402 3602 2447 3655 si
2477 3602 2684 3654 cunctis
2708 3604 3032 3671 generaliter
3063 3605 3436 3663 sacerdotibus
3463 3620 3609 3664 recte

2028 3694 2207 3748 divina
2256 3693 2630 3759 tractantibus,
2686 3695 2922 3749 ﬁdelium
2975 3698 3224 3751 convenit
3272 3700 3432 3753 corda
3486 3703 3614 3756 sub-

2030 3788 2188 3851 mitti,
2214 3798 2413 3855 quanto
2438 3789 2615 3855 potius
2645 3786 2789 3839 sedis
2809 3787 2949 3840 illius
2974 3789 3189 3856 prmsuli
3215 3806 3509 3847 consensus
3532 3804 3615 3849 cst

2030 3877 2385 3944 adhibendus,
2418 3892 2575 3947 quem
2606 3876 2814 3931 cunctis
2860 3880 3231 3935 sacerdotibus
3272 3892 3325 3937 et
3355 3883 3614 3940 Divinitas

2031 3984 2234 4024 summa
2277 3972 2439 4025 voluit
2477 3974 2851 4040 prmemiuere,
2893 3982 2947 4027 et
2991 3976 3323 4043 subsequens
3361 3979 3614 4036 Ecclesia:

2030 4064 2296 4134 ge-nera'is
2330 4064 2530 4133 jugitcr
2558 4066 2729 4132 pietas
2783 4064 3117 4119 celebravit?
3168 4068 3266 4122 Ubi
3310 4070 3480 4137 pietas
3528 4082 3616 4127 tua

2032 4158 2309 4213 evidenter
2354 4156 2602 4219 advertit,
2658 4171 2928 4222 nunquam
2977 4157 3219 4224 quolibet
3262 4159 3472 4225 penitus
3520 4163 3618 4217 Iit!-

2035 4263 2194 4303 mano
2224 4247 2449 4302 consilio
2478 4246 2691 4301 elevare
2720 4262 2778 4301 se
2808 4262 3127 4316 quemquam
3161 4264 3319 4318 posse
3347 4252 3488 4307 illius
3511 4257 3619 4323 pri-

2034 4340 2230 4408 vilegio
2258 4339 2344 4394 vel
2386 4337 2750 4403 confessioni,
2789 4354 2946 4406 quem
2998 4340 3195 4394 Christi
3236 4358 3335 4395 vox
3388 4347 3622 4411 przctuéit

2034 4433 2319 4495 universis,
2343 4447 2499 4501 quem
2526 4432 2762 4486 Ecclesia
2797 4434 3097 4487 veneranda
3130 4437 3373 4491 confessa
3406 4454 3616 4507 semper

345 4516 631 4570 scientiam
678 4516 915 4571 veritatis
946 4517 967 4547 ⁵
990 4517 1187 4572 habere
1217 4517 1466 4573 desidero
1500 4535 1512 4567 :
1543 4527 1596 4571 et
1624 4518 1930 4587 qualiscun-
1965 4508 2012 4566 Ι)
2040 4536 2142 4589 est,
2188 4533 2241 4580 et
2283 4524 2441 4578 habet
2490 4523 2678 4578 devota
2710 4525 3015 4592 primatem.
3047 4524 3230 4589 Impeti
3274 4538 3497 4593 possum
3527 4531 3623 4584 ιιυ..

341 4620 459 4676 que
486 4608 795 4676 apOstulicze
840 4607 986 4663 sedis
1025 4608 1280 4674 vicarius,
1318 4609 1338 4639 ⁶
1372 4608 1727 4679 quodcunque
1756 4611 1932 4681 plena:

425 4782 451 4809 ι·
482 4770 616 4826 Cum
641 4772 780 4826 circa
805 4771 968 4844 ﬁnem
993 4772 1115 4844 anni
1140 4771 1579 4828 A93Tbeodorici
1609 4773 1748 4843 regis
1776 4774 1935 4844 legati

338 4843 816 4910 Constantinopoli
856 4843 1225 4906 revertissent,
1277 4854 1437 4913 atque
1480 4858 1542 4896 ea
1577 4860 1698 4913 qua:
1742 4847 1809 4898 ab
1835 4843 1940 4899 im-

340 4925 603 4984 peratore
635 4914 917 4967 Anastasio
947 4926 1261 4981 acceperant
1293 4912 1505 4967 Gelasio
1536 4930 1684 4981 papae
1710 4917 1941 4969 nuntias-

339 4983 495 5045 sent,
533 4985 645 5051 ipse
681 4983 921 5037 Gelasius
965 4985 1346 5051 apologeticam
1378 4986 1659 5051 ep.sto|am
1705 4986 1842 5039 hanc
1874 4987 1938 5040 ad

339 5055 605 5109 etnndetn
637 5055 971 5107 Anastasium
1013 5056 1349 5120 conscripsit,
1378 5069 1497 5122 quae
1541 5054 1591 5107 in
1632 5057 1941 5122 capitulari-

347 5128 452 5177 bus
475 5124 631 5192 regni
663 5122 985 5177 Francorum
1013 5124 1206 5178 citatur
1233 5125 1322 5177 lib.
1348 5140 1403 5190 v,
1430 5140 1549 5193 cap.
1584 5125 1704 5179 167.
1733 5125 1824 5179 His
1856 5128 1940 5180 Iit-

345 5196 484 5248 teris
519 5193 829 5260 persuaderi
862 5210 967 5247 non
997 5195 1186 5263 potuit.
1221 5204 1277 5247 ut
1314 5207 1520 5247 remoto
1549 5195 1725 5257 obice,
1759 5198 1942 5251 Eccle-

340 5267 447 5319 sits
478 5280 729 5317 unionem
758 5273 813 5317 et
831 5279 1021 5333 pacem
1050 5266 1320 5319 redderet.
1342 5265 1557 5319 Obstitit
1589 5265 1939 5335 Eupltemius,

424 5374 441 5447 ξ
478 5372 590 5436 AL,
630 5370 1014 5429 Gloriosiuimo
1054 5375 1351 5447 imperatori
1395 5375 1665 5429 Anastasio
1705 5374 1939 5432 Gelasius

343 5444 645 5513 episcopus.

428 5515 458 5590 _’_
478 5510 658 5566 Cedex
685 5510 919 5590 Capituli
938 5512 1266 5590 Veronensis
1290 5523 1650 5590 pervetustus,
1682 5532 1803 5575 cum
1829 5534 1935 5590 quo

342 5584 551 5657 collata
583 5591 668 5635 est
698 5584 811 5636 hinc
838 5585 1084 5649 epistola,
1112 5586 1233 5655 legit
1261 5588 1624 5657 rcputandunt.

431 5655 451 5684 ³
487 5654 562 5705 Id.
596 5658 740 5712 στα..
768 5663 813 5706 et
835 5657 986 5706 sicut.

430 5724 450 5751 ⁵
486 5723 563 5777 Id.
595 5726 714 5776 Cod.
746 5726 985 5789 suspicio.

648 5820 915 5877 I'arnoc.
968 5820 1125 5879 LIX.

2042 4617 2214 4673 manis
2245 4616 2744 4686 prmsumptionibus
2768 4630 2884 4684 qua:
2906 4614 3086 4669 divino
3108 4626 3231 4670 sunt
3258 4616 3460 4685 judicio
3493 4636 3624 4676 cou-

2046 4789 2294 4831 asserens
2315 4776 2383 4829 ab
2406 4774 2694 4843 apostolica
2723 4773 2848 4827 sedc
2871 4772 3037 4841 magis
3062 4773 3301 4825 exerceri
3338 4774 3646 4830 vindictam’

2047 4850 2187 4913 quod
2218 4847 2285 4900 ab
2312 4842 2507 4899 Aeaeio
2537 4856 2712 4911 spreta
2743 4853 2907 4908 esset,
2932 4842 3363 4913 quamjus’titiam
3392 4847 3627 4901 defend.

2051 4918 2343 4981 Epistolam
2371 4918 2622 4983 scriptam
2646 4929 2764 4967 esse
2781 4929 2920 4966 anno
2946 4914 3283 4983 pontiﬁcatus
3304 4912 3497 4969 ϐειιηκίί
3526 4930 3630 4971 ιω·-

2049 4999 2141 5050 tio,
2168 4987 2256 5055 qui
2286 4995 2370 5040 est.
2389 4981 2585 5039 causa
2616 4984 2742 5041 494,
2770 5000 2833 5037 ex
2863 4998 2926 5055 eo
2947 4981 3371 5055 Colligiturquod
3399 4987 3629 5039 Anasta-

2046 5060 2157 5112 sius
2189 5053 2289 5110 Itoe
2312 5067 2551 5120 tempore
2580 5070 2636 5108 se
2662 5054 3046 5124 Eutyrbianum
3070 5067 3190 5105 esse
3223 5053 3557 5118 lucretictnn,
3581 5067 3633 5110 (ιι

2048 5128 2439 5195 Aecphalorum
2481 5136 2641 5178 St‘CIIB
2682 5125 2990 5193 signiferum
3032 5124 3257 5176 necdum
3299 5126 3582 5179 declat-arti
3616 5146 3626 5180 :

2048 5214 2204 5268 quem
2237 5205 2449 5251 constat
2485 5211 2628 5268 anno
2652 5204 2911 5268 sequente
2934 5195 3086 5268 virus
3117 5196 3167 5246 in
3195 5205 3411 5263 pectore
3449 5199 3631 5251 occul-

2048 5264 2211 5323 totum
2238 5269 2393 5336 plane
2422 5267 2741 5321 evomuisse.
2772 5266 2897 5319 Sev.
2933 5264 3131 5316 Btatus.

2118 5380 2137 5410 ⁵
2172 5379 2352 5441 Forte,
2384 5394 2561 5447 pacem
2600 5376 2799 5429 habere.
2826 5376 3092 5447 "ARDUIN.

2118 5450 2137 5480 ⁸
2170 5450 2279 5513 AL,
2306 5446 2443 5515 quad
2468 5450 2751 5516 ubicunque
2778 5446 2945 5514 plene.

2122 5521 2141 5549 "
2172 5520 2247 5572 Id.
2276 5518 2421 5579 eod.,
2449 5519 2816 5583 inspirato.....
2847 5519 3167 5574 transmisso.

2117 5591 2138 5619 ⁸
2166 5590 2288 5642 Ilmc
2332 5589 2594 5641 sententia
2628 5591 2820 5641 citatur
2849 5589 2939 5641 lib.
2974 5604 3005 5639 v
3037 5587 3294 5654 C:tpitltI.,
3330 5600 3377 5639 c.
3420 5585 3540 5652 I67,
3576 5589 3632 5637 ct

2049 5660 2114 5713 ab
2149 5660 2434 5712 Hincmaro
2460 5673 2644 5723 Optnso.
2678 5661 2730 5719 9,
2771 5676 2820 5713 n.
2857 5661 2943 5717 .39.
2977 5658 3234 5711 IIAHDUIN.

2118 5735 2136 5761 θ
2171 5730 2244 5783 Id.
2276 5730 2429 5793 cod.,
2466 5733 2745 5782 hominum.
