4098 6172
460 200 533 257 43
1817 203 2030 262 CELAS

2134 207 2323 264 PAM;
2364 214 2379 266 ι
3662 236 3716 290 Η

462 316 664 384 stituta,
693 315 833 371 vinci
861 324 1036 371 autem
1068 315 1426 385 quorumlibet
1457 326 1721 386 potestate
1760 333 1864 373 non
1906 333 2031 389 pos-
2062 329 2110 381 Α
2141 337 2301 391 posse
2326 328 2666 400 conﬁdtmus)
2691 340 2794 388 tate
2823 331 3019 404 aliquid
3042 337 3366 404 proveniret,
3392 340 3412 371 ³
3437 343 3576 397 unde
3606 345 3715 398 cui.

462 407 811 491 suuQAtque
848 408 1047 463 utinam
1077 411 1155 463 sic
1188 418 1373 462 contra
1405 408 1698 464 nitentibus
1730 410 2030 478 perniciosa

465 516 569 553 non
595 500 660 554 sit
692 501 933 566 audacia,
964 500 1430 570 quemadmodum,
1455 500 1597 570 quod
1631 500 1699 554 ab
1726 502 1842 569 ipso
1868 516 2034 555 saerze

463 592 736 660 religionis
764 601 979 646 auctore
1005 590 1279 659 praeﬁxum
1311 602 1414 655 est,
1456 607 1559 645 non
1589 601 1765 659 potest
1795 592 1901 645 ulla
1931 595 2037 645 vir-

464 692 574 736 tute
612 682 843 737 convelli
872 698 886 735 :
911 680 1309 735 Firmamentum
1344 683 1483 735 enim
1524 682 1615 735 Dei
1650 690 1750 734 stat
1783 679 1868 751 (II
1900 680 2031 734 Tim.

465 772 547 843 ιι).
579 771 953 843 Nunquidnam
992 786 1113 825 cum
1146 771 1408 840 aliquibus
1438 772 1684 826 inl‘eStata
1718 772 1905 839 religio
1930 781 2032 837 est,

466 866 481 897 ¹
509 872 917 935 quantacunque
948 863 1119 933 potuit
1150 863 1388 918 novitate
1424 864 1687 931 superari,
1717 872 1770 917 et
1791 879 1896 916 non
1926 878 2037 916 ma-

460 958 543 1024 gis
588 954 689 1010 huc
722 956 916 1009 invicta
962 953 1275 1023 permansit,
1323 968 1430 1022 quo
1458 954 1719 1006 aestimata
1749 964 1832 1007 est
1878 969 2037 1022 posse

461 1046 847 1102 Succumbere?
890 1045 1147 1099 Desinant
1187 1058 1315 1113 ergo
1360 1045 1567 1114 (quasso
1602 1044 1678 1115 te)
1710 1046 2036 1113 temperihus

464 1143 569 1195 tuis
591 1141 804 1211 quidam
826 1154 927 1209 per
957 1138 1295 1193 occasionem
1325 1138 1743 1208 perturbationis
1779 1137 2036 1191 ecclesia-

462 1234 611 1289 stica}
638 1231 1034 1301 praecipitanter
1054 1230 1259 1283 ambire
1284 1243 1404 1297 quae
1432 1244 1536 1281 non
1568 1230 1589 1259 ³
1618 1228 1763 1291 licet,
1782 1243 1847 1281 nc
1872 1238 1924 1281 et
1948 1227 2034 1279 illa

462 1338 582 1391 quae
611 1322 751 1377 male
771 1330 1029 1391 appetunt
1057 1318 1363 1373 nullatenus
1392 1320 1817 1387 apprehendant,
1847 1327 1901 1371 et
1924 1333 2037 1370 mo-

462 1415 588 1469 dum
631 1428 786 1469 suum
838 1410 978 1480 apud
1027 1410 1190 1464 Deum
1242 1422 1296 1463 et
1353 1408 1595 1463 homines
1641 1424 1746 1461 non
1797 1416 2032 1463 teneant.

462 1507 796 1575 Quapropter
835 1502 937 1557 sub
961 1509 1253 1569 conspectu
1302 1500 1392 1554 Dei
1434 1515 1567 1569 pure
1593 1515 1655 1553 ac
1685 1500 1894 1553 sincere
1925 1500 2038 1568 pie-

462 1608 625 1652 tatem
657 1606 799 1650 tuam
830 1593 1112 1663 deprecor,
1143 1592 1382 1646 obtestor
1410 1600 1464 1645 et
1505 1592 1778 1657 exhortor,
1820 1602 1876 1645 ut
1904 1591 2036 1660 peti-

2140 429 2298 485 quam
2323 418 2573 475 resistere
2595 423 2917 482 auderemus
2944 427 3138 493 errori,
3166 431 3250 483 vel
3271 431 3409 487 unde
3428 437 3719 489 correctio-

2140 522 2261 562 nem
2304 511 2609 566 errantibus
2658 517 3037 582 posceremus?
3079 519 3311 575 Proinde
3339 522 3383 576 si
3416 523 3587 590 pietas
3628 533 3718 580 tua

2141 600 2298 655 unius
2324 604 2556 659 civitatis
2588 609 2838 676 populum
2868 622 3025 680 negat
3053 627 3216 681 posse
3242 612 3265 644 ⁸
3291 628 3422 684 pace
3444 619 3716 686 componi,

2138 690 2267 758 quid
2296 706 2393 747 nos
2421 695 2487 750 de
2510 688 2671 752 totius
2696 699 2843 753 orbis
2873 711 3135 757 terrarum
3164 719 3349 761 sumus
3372 707 3718 765 universitate

2138 777 2351 845 facturi,
2401 784 2444 838 si
2478 786 2640 856 (quod
2692 789 2853 858 absit)
2884 802 3065 847 nostra
3095 792 3251 849 fuerit
3275 799 3717 866 praevaricatione

2138 870 2427 940 deceptus?
2472 877 2528 931 Si
2581 886 2723 933 totus
2751 891 3024 937 correctus
3071 892 3155 938 est
3193 887 3443 951 mundus,
3493 888 3713 954 profana

2140 972 2348 1029 patrum
2398 980 2615 1021 suorum
2667 969 2956 1025 traditione
2984 971 3260 1043 despecta,
3292 978 3562 1044 quomodo
3607 997 3712 1036 non

2139 1054 2437 1123 corrigatur
2464 1057 2618 1111 unius
2646 1060 2875 1114 civitatis
2908 1063 3153 1131 populus,
3200 1065 3246 1120 si
3283 1069 3591 1136 prtedicatio
3613 1071 3714 1127 ﬁda

2140 1142 2231 1213 lat.
2277 1145 2421 1217 ﬁdei]
2449 1150 2742 1204 succedat?
2778 1152 2939 1221 Ergo,
2973 1155 3208 1223 gloriose
3239 1154 3554 1228 imperator,
3591 1166 3715 1222 nolo

2139 1249 2239 1303 ego
2291 1236 2389 1309 [αι.
2435 1254 2538 1293 non
2581 1241 2811 1314 neglige]
2862 1244 3223 1302 Ecclesiarum
3279 1265 3485 1320 pacem,
3533 1272 3714 1326 quam,

2140 1326 2350 1382 etiamsi
2379 1344 2501 1384 cum
2529 1333 2631 1386 mei
2659 1334 2934 1401 sanguinis
2982 1336 3252 1404 impendio
3280 1343 3560 1408 provenire
3591 1362 3713 1415 pus-

2138 1425 2240 1483 set,
2274 1420 2571 1487 amplector
2595 1422 2687 1494 [αί.
2734 1424 3088 1497 amplectar]?
3116 1426 3221 1482 Sed
3255 1432 3468 1501 (precor
3494 1435 3570 1506 te)
3615 1452 3710 1491 cu-

2133 1510 2367 1579 jusmodi
2395 1513 2584 1568 debeat
2606 1530 2727 1571 esse
2757 1533 2856 1585 pax
2885 1518 3019 1588 ipsa,
3046 1536 3150 1575 non
3181 1533 3464 1594 utcunque,
3498 1529 3594 1582 sed
3623 1546 3711 1585 vc-

2138 1607 2335 1658 raciter
2373 1604 2666 1661 christiana
2712 1620 2891 1665 mente
2930 1611 3206 1668 libremus.
3252 1616 3531 1683 Quomodo
3568 1625 3708 1677 enim

461 1692 663 1745 tionem
704 1703 881 1743 meam
930 1702 1035 1740 non
1069 1685 1412 1753 indignanter
1447 1684 1721 1753 accipias:
1752 1698 1903 1751 rogo,
1950 1683 2030 1736 in-

2143 1703 2318 1764 potest
2348 1712 2469 1752 esse
2512 1716 2609 1766 pax
2643 1716 2767 1754 vera
2806 1703 2888 1757 cui
2929 1704 3124 1759 caritas
3174 1707 3485 1763 intemerata
3528 1712 3707 1768 defue-

465 1796 644 1854 quam,
677 1789 734 1835 ut
754 1794 841 1834 me
867 1778 920 1832 in
950 1777 1051 1833 hac
1076 1777 1181 1832 vita
1215 1777 1391 1847 potius
1418 1776 1603 1830 audias
1631 1775 2032 1843 deprecantem,

462 1885 618 1942 quam
648 1868 816 1943 (quod
846 1867 1007 1937 absit)
1034 1870 1085 1921 in
1115 1867 1296 1921 divino
1321 1866 1525 1936 judicio
1553 1866 2034 1919 sentias—accusan-

464 1972 596 2017 tem.
628 1961 738 2015 Nec
763 1974 849 2014 me
871 1959 1020 2023 latet,
1053 1959 1345 2025 imperator
1371 1959 1627 2025 Auguste,
1654 1954 1794 2024 quod
1824 1957 2038 2023 pietatis

460 2065 566 2107 tute
607 2049 840 2104 studium
868 2046 1031 2102 fuerit
1068 2048 1121 2101 in
1166 2047 1373 2116 priiata
1416 2048 1545 2098 vita.
1575 2046 1781 2115 Optasti
1827 2058 2038 2113 semper

461 2144 572 2197 ﬁeri
636 2140 906 2208 paiticeps
975 2137 1345 2207 promissionis
1398 2145 1639 2191 internae.
1701 2138 2038 2205 Quapmpter

459 2233 590 2295 noli,
618 2244 831 2299 precor,
862 2228 1017 2282 irasci
1048 2227 1203 2291 mihi,
1246 2226 1291 2280 si
1320 2236 1373 2280 te
1403 2235 1606 2279 tantum
1647 2226 1833 2294 diligo,
1867 2242 1929 2280 ιιι-
1952 2242 2036 2281 re-

454 2343 643 2397 gnum,
672 2325 813 2396 quod
857 2321 1220 2391 temporaliier
1253 2330 1529 2374 assecutus
1558 2335 1638 2383 es,
1667 2321 1827 2374 velim
1859 2329 1910 2375 te
1941 2322 2037 2373 ha-

458 2421 587 2473 bere
631 2426 968 2487 perpetuum,
1003 2421 1059 2467 et
1084 2412 1175 2481 qui
1218 2412 1452 2480 imperas
1495 2411 1714 2478 saeculo,
1750 2412 2037 2479 possisre—

454 2523 621 2578 gnaro
650 2522 771 2560 eum
804 2503 1040 2559 Christo.
1086 2503 1217 2556 'l‘uis
1256 2510 1403 2554 certe
1452 2501 1677 2570 legibus,
1724 2503 2030 2570 imperator,

456 2596 657 2666 pateris
697 2597 828 2650 nihil
857 2596 1054 2663 perire,
1092 2594 1334 2647 liomano
1370 2592 1567 2646 nomini
1596 2592 1690 2665 [aL
1723 2593 1899 2661 perire
1927 2594 2034 2645 ιιυ-

456 2705 615 2745 mano
646 2686 871 2759 nomini]
901 2687 1102 2742 nullum
1147 2683 1384 2739 admittis
1426 2684 1602 2755 ingeri
1627 2686 2029 2739 detrimentum.

454 2782 600 2837 Itane
628 2796 813 2836 verum
857 2789 961 2845 est,
1013 2778 1259 2848 princeps
1303 2777 1539 2846 egregie,
1570 2776 1666 2845 qui
1705 2792 1811 2831 non
1858 2776 2030 2830 solum

456 2872 737 2943 praesentia
776 2870 974 2926 Christi
1002 2870 1284 2933 benelicia,
1314 2870 1408 2925 sed
1438 2868 1714 2923 desideras
1746 2877 1801 2923 et
1832 2870 2029 2934 futura,

452 2976 511 3018 nt
538 2964 802 3033 religioni,
827 2972 885 3017 ut
911 2961 1145 3026 veritati,
1173 2970 1230 3013 ut
1256 2960 1554 3014 sinceritati
1584 2959 1861 3014 catholica:
1886 2974 2032 3013 com-

2142 1785 2247 1838 rit?
2277 1787 2483 1842 Caritas
2510 1801 2688 1844 autem
2732 1792 2960 1860 qualiter
2986 1809 3105 1849 esse
3146 1795 3359 1863 debeat,
3406 1800 3561 1854 nobis
3603 1806 3709 1857 evi-

2142 1875 2332 1931 denter
2362 1877 2383 1908 ⁸
2411 1881 2699 1948 Apostolus
2758 1883 3047 1950 praedicat,
3097 1884 3187 1954 qui
3241 1887 3356 1939 ait:
3395 1887 3599 1944 Caritas
3652 1896 3711 1945 ita

2140 1970 2324 2036 corde,
2381 1988 2530 2042 puro,
2580 1983 2626 2027 et
2679 1976 2987 2029 conscientia
3035 1976 3164 2030 bona
3208 1988 3255 2032 et
3298 1979 3400 2047 ﬁde
3448 1997 3550 2034 non
3600 1983 3713 2042 ﬁcta

2143 2061 2196 2132 (I
2228 2061 2362 2117 Tim.
2390 2065 2452 2133 ι).
2495 2064 2777 2129 Quomodo
2805 2066 3010 2135 (quaeso
3041 2069 3115 2130 te)
3147 2068 3210 2121 de
3243 2073 3396 2123 corde
3435 2076 3527 2125 erit
3568 2092 3712 2139 puro,

2138 2155 2183 2206 si
2214 2155 2458 2223 contagio
2488 2156 2751 2208 inﬁciatur
2772 2158 3030 2211 esterno?
3057 2160 3336 2224 Quomodo
3366 2163 3428 2215 de
3461 2180 3591 2217 cons.
3613 2168 3712 2217 ien-

2137 2246 2208 2298 tia
2236 2245 2386 2311 bona,
2412 2246 2455 2300 si
2488 2246 2663 2314 pravis
2686 2247 2844 2301 fuerit
2865 2249 3127 2317 malisque
3155 2252 3483 2307 commixta?
3516 2259 3714 2324 Quem-

2136 2337 2420 2409 admodum
2451 2340 2552 2407 [ide
2572 2356 2673 2393 non
2697 2342 2838 2409 ﬁcta,
2866 2342 2912 2396 si
2944 2354 3156 2399 maneat
3176 2346 3377 2400 sociata
3412 2363 3530 2403 cum
3561 2354 3713 2419 peiﬁ-

2135 2429 2252 2484 dis?
2273 2432 2402 2498 Quae
2424 2446 2543 2484 cum
2563 2447 2591 2484 a
2612 2432 2763 2487 nobis
2784 2448 2927 2502 smpe
2944 2435 3052 2504 jam
3079 2435 3212 2491 dicta
3238 2438 3363 2503 sint,
3393 2455 3612 2495 necesse
3636 2452 3713 2498 est

2136 2530 2315 2577 tamen
2368 2524 2757 2579 incessabiliter
2806 2526 3009 2593 iterari,
3056 2538 3109 2584 et
3155 2530 3337 2585 tandiu
3385 2548 3491 2586 non
3549 2536 3712 2588 taceri

2133 2614 2366 2684 quandiu
2398 2631 2590 2671 nomen
2623 2617 2769 2687 pacis
2793 2617 3132 2687 obtenditur;
3160 2631 3219 2675 ut
3248 2633 3488 2679 nostrum
3516 2642 3622 2681 non
3646 2631 3711 2684 sit

2134 2707 2217 2779 (ut
2240 2708 2496 2763 invidiose
2515 2708 2767 2779 jactatur)
2804 2712 2976 2765 facere
3009 2726 3216 2780 pacem,
3248 2716 3339 2768 sed
3369 2725 3544 2772 tamen
3580 2723 3713 2775 velle

2132 2798 2421 2854 doceamus
2441 2838 2457 2864 ,
2500 2800 2693 2869 qualis,
2718 2812 2773 2856 et
2796 2804 2907 2856 sola
2943 2817 3041 2870 pax
3067 2818 3186 2858 esse
3204 2845 3220 2871 ,
3260 2815 3313 2861 et
3336 2817 3531 2876 printer
3553 2826 3711 2879 quam

2135 2887 2156 2919 ⁸
2181 2888 2321 2941 nulla
2359 2902 2479 2943 esse
2520 2900 2864 2945 monstratur.
2908 2892 3297 2962 Eutychianuni
3322 2905 3470 2950 certe
3497 2899 3709 2969 dogma,

2131 2991 2318 3035 contra
2358 2981 2500 3048 quod
2541 2985 2847 3050 apostolica
2899 2986 3046 3040 sedis
3086 2989 3291 3042 cautela
3338 2992 3636 3062 pervigilat,
3662 2996 3707 3048 si

454 3053 724 3110 muniuuis
771 3064 825 3109 et
873 3052 1022 3116 ﬁdei,
1073 3051 1402 3119 temporibus
1432 3049 1557 3114 tuis,
1604 3049 1820 3119 patiaris
1850 3064 2030 3119 quem-

2376 3040 2387 3048 .
2576 3040 2589 3050 .
3249 3040 3289 3042 η
3338 3040 3707 3062 τνττσ---ην

2138 3073 2374 3127 creditur
2394 3073 2537 3127 salva
2568 3074 2688 3129 ﬁdei
2711 3077 2986 3132 catholica:
3013 3093 3171 3147 posse
3194 3080 3415 3134 veritate
3442 3094 3708 3149 constare,

453 3163 614 3217 quam
635 3147 833 3200 inl'erre
853 3142 1226 3211 dispendium?
1262 3142 1375 3208 Qua
1408 3140 1601 3196 ﬁducia
1624 3142 1780 3210 (rogo
1810 3142 1882 3210 te)
1918 3140 2029 3195 illic

453 3240 569 3307 ejus
600 3236 815 3305 praemia
849 3236 1109 3304 petiturus
1138 3249 1217 3299 es,
1256 3234 1406 3301 cujus
1437 3232 1523 3287 hic
1552 3233 1746 3288 damna
1776 3247 1881 3287 non
1907 3248 2031 3302 pro-

453 3331 607 3385 liibes
627 3329 648 3381 ?
669 3328 784 3381 Non
804 3325 913 3380 sint
940 3339 1143 3394 grata,
1173 3338 1355 3390 quaiso
1387 3331 1458 3389 te,
1484 3338 1603 3393 qua:
1631 3338 1727 3393 pro
1751 3333 1857 3378 tua:
1887 3326 2030 3377 salu-

451 3423 523 3475 tis
562 3418 862 3474 teternitate
918 3416 1188 3469 dicuntur.
1235 3413 1509 3483 Scriptum
1558 3416 1727 3483 legisti
1763 3432 1774 3466 :
1810 3414 2028 3468 Meliora

452 3519 570 3564 sunt
593 3510 802 3563 vulnera
831 3506 985 3560 amici
1009 3521 1163 3574 quam
1192 3506 1369 3558 oscula
1407 3505 1600 3559 inimici
1623 3503 1806 3574 (Prov.
1838 3506 2024 3574 xxvn).

424 3600 645 3671 ‘Quteso
674 3600 928 3671 pietatem
952 3608 1118 3667 tuam,
1155 3605 1214 3652 ut
1237 3613 1345 3666 quo
1376 3590 1841 3652 aﬂ'ectu'dicuntur
1861 3614 1889 3651 a
1918 3613 2024 3665 me,

448 3712 518 3750 eo
564 3695 672 3749 tuis
718 3692 967 3749 sensibus
1000 3692 1334 3746 intimentur.
1378 3690 1548 3746 Nemo
1591 3691 1842 3756 pietatem
1884 3700 2025 3745 tuam

448 3785 615 3839 fallat.
662 3783 856 3839 Verum
907 3792 988 3837 est
1034 3782 1175 3853 quod
1224 3781 1517 3852 ﬁguraliter
1564 3797 1661 3851 per
1713 3784 2025 3852 prophetam

448 3878 722 3944 Scriptura
748 3883 1002 3930 testatur:
1040 3872 1159 3928 Una
1184 3883 1257 3927 est
1282 3872 1510 3926 columba
1532 3889 1662 3937 mea,
1690 3889 1792 3926 una
1819 3883 1892 3927 est
1912 3888 2028 3942 per-

448 3972 583 4036 fecta
628 3982 742 4021 utea
769 3964 947 4036 (Cant.
987 3968 1085 4034 Vi),
1111 3980 1215 4017 una
1264 3972 1347 4019 est
1391 3963 1679 4018 christiana
1730 3964 1882 4029 ﬁdes,
1909 3981 2027 4035 qua:

451 4071 531 4115 est
554 4058 838 4115 catholica.
863 4057 1142 4112 Catholica
1171 4064 1350 4111 autem
1383 4055 1646 4110 veraciter
1674 4055 1764 4109 illa
1786 4066 1887 4123 est,
1909 4072 2027 4125 quae

450 4154 518 4205 ab
547 4150 782 4206 omnium
814 4150 1160 4220 perﬁdorum,
1189 4157 1351 4219 atque
1380 4149 1449 4202 ab
1476 4164 1662 4203 eorum
1705 4152 2028 4206 successori-

452 4244 553 4296 bus
597 4250 758 4321 atque
799 4242 1138 4296 consortibus
1190 4245 1421 4306 sincera,
1484 4257 1634 4308 pura,
1689 4244 2026 4299 immaculata

429 4332 827 4389 Jcouimunione
864 4335 1033 4389 divisa
1078 4334 1173 4407 [αι.
1207 4331 1433 4404 divulsa]
1474 4342 1578 4387 est.
1623 4335 1872 4404 Alioquin
1919 4353 2024 4391 non

2133 3175 2426 3235 promatur,
2450 3178 2739 3233 asseratur,
2758 3179 2813 3224 et
2829 3171 3172 3239 quantislibet
3192 3173 3394 3227 viribus
3418 3186 3708 3242 astrnatur,

2133 3267 2325 3311 utnon
2363 3258 2533 3310 solum
2568 3272 2663 3326 per
2682 3259 2938 3327 seipsum,
2968 3274 3129 3329 quam
3170 3258 3437 3316 inimicum
3474 3265 3545 3317 sit
3590 3266 3707 3320 ﬁdei

2130 3348 2446 3404 Chrisiana:
2479 3351 2645 3418 posit
2670 3350 2903 3416 ostendi,
2927 3351 3020 3404 sed
3044 3362 3267 3421 quantas
3291 3366 3343 3408 et
3365 3370 3519 3423 quam
3547 3360 3709 3411 letha-

2131 3440 2211 3494 les
2246 3440 2476 3494 haereses
2515 3439 2568 3494 in
2600 3454 2694 3493 sua
2731 3442 3004 3496 contineat
3052 3442 3357 3500 colluvione
3399 3449 3707 3501 monstrari.

2127 3531 2182 3585 Si
2208 3541 2385 3585 autem
2412 3531 2430 3600 (
2446 3538 2503 3584 nt
2528 3532 2692 3600 magis
2714 3532 3065 3601 conﬁdimus)
3094 3550 3119 3585 a
3151 3534 3428 3589 catholicis
3457 3536 3710 3606 jndicatis

2130 3622 2397 3676 mentibus
2423 3621 2831 3687 excludendum,
2866 3637 3045 3691 quasso
3081 3632 3151 3687 te,
3178 3639 3272 3678 cur
3296 3640 3397 3679 non
3439 3638 3491 3681 et
3522 3637 3711 3681 conta-

2129 3713 2210 3781 gia
2239 3713 2395 3765 simul
2427 3726 2611 3765 eorum
2639 3712 2727 3780 qui
2778 3711 2876 3765 hac
2905 3713 3195 3780 probantur
3226 3729 3347 3768 esse
3376 3717 3581 3783 polluti,
3612 3719 3711 3771 de-

2128 3804 2345 3859 cernitis
2370 3803 2667 3868 rel'utanda,
2700 3818 2821 3858 cum
2861 3805 3004 3861 dicat
3033 3806 3359 3875 Apostolus:
3398 3808 3518 3862 Non
3541 3811 3711 3863 solum

2127 3897 2214 3964 qui
2239 3911 2338 3947 non
2363 3894 2600 3964 facienda
2622 3894 2839 3962 faciunt,
2868 3911 2980 3949 reos
3000 3896 3179 3963 videri,
3211 3898 3299 3950 sed
3324 3900 3472 3950 etiam
3489 3902 3573 3967 qui
3591 3917 3710 3953 con-

2128 3988 2346 4043 sentiunt
2375 3986 2675 4057 facientibus
2700 3987 2875 4058 (Rom.
2917 3988 2993 4057 I)?
3022 3989 3251 4043 Proinde
3298 3989 3437 4045 sicut
3478 4008 3581 4045 non
3618 4009 3710 4061 p0-

2129 4087 2254 4143 test,
2281 4078 2653 4147 perversitatis
2680 4079 3137 4133 communicatore
3184 4092 3450 4151 suscepto,
3484 4099 3589 4135 non
3620 4099 3710 4147 pa-

2130 4168 2261 4223 riter
2301 4171 2617 4237 perversitas
2661 4169 2967 4236 approbari,
3009 4171 3224 4239 sicjnon
3272 4182 3447 4238 potest
3492 4172 3709 4228 refutari

2131 4261 2473 4330 perversitas,
2496 4263 2757 4330 complice
2780 4271 3045 4339 sectatore
3068 4264 3433 4330 perversitatis
3454 4264 3705 4317 alillli‘St).

2131 4352 2359 4422 Legibus
2386 4363 2533 4407 certe
2561 4354 2773 4417 vestris,
2799 4353 3080 4407 criminum
3112 4354 3311 4408 conscii
3342 4364 3711 4421 susceptorcs-

447 4428 551 4483 θτῖι
576 4428 832 4483 (“Villium
866 4428 1111 4481 manda”
1136 4420 1414 4488 ἀίεθτυιίο»
1446 4423 1542 4477 sed
1572 4424 1871 4478 miseranda
1900 4441 2026 4480 0011‘
2056 4414 2105 4473 D
2134 4457 2238 4511 quc
2272 4440 2705 4496 latrocinantium
2741 4442 2853 4508 pari
2894 4441 3220 4509 judiciorum
3265 4455 3421 4509 praua
3448 4445 3711 4496 censu-in-

448 4523 608 4578 l‘usio.
632 4523 741 4577 Nec
764 4520 869 4573 ulla
890 4533 1047 4573 causa
1074 4516 1184 4585 jam
1207 4525 1471 4583 superest,
1506 4517 1551 4568 si
1575 4515 1676 4569 hoc
1706 4517 1758 4570 in
1789 4517 2029 4585 quolibet

448 4611 696 4681 contagio
721 4610 1051 4663 voluerimus
1071 4604 1375 4669 admittere,
1399 4618 1468 4656 ne
1494 4604 1703 4657 cunctis
1735 4605 2030 4659 haeresibus

448 4707 649 4763 aditum
682 4704 1009 4775 januamque
1057 4698 1373 4769 pandamtts.
1409 4696 1510 4760 Qui
1558 4696 1688 4749 enim
1730 4697 1783 4749 in
1810 4712 1913 4748 uno
1947 4699 2027 4766 of-

447 4798 689 4869 fenderit,
719 4794 945 4849 omnium
972 4807 1091 4846 reus
1117 4798 1188 4843 est
1214 4788 1419 4854 (Iacob.
1447 4784 1537 4856 tt);
1568 4796 1624 4842 et
1653 4803 1665 4839 :
1691 4786 1791 4851 Qui
1818 4788 2029 4840 minima

448 4891 659 4963 spernit,
687 4886 933 4955 pautatim
972 4885 1160 4939 decidit
1189 4882 1414 4953 (Eccles.
1452 4879 1595 4949 xix).
1642 4880 1753 4934 lloc
1778 4890 1859 4935 est
1884 4881 2024 4950 quod

445 4985 604 5037 sedes
648 4980 939 5051 apostolica
975 4990 1299 5047 magnopere
1339 4984 1491 5028 cavet
1536 4972 1631 5044 [αι.
1664 4974 2023 5046 prietaxavit],

447 5087 501 5129 ut
522 5076 645 5145 quia
679 5073 877 5129 mundo
901 5071 1054 5127 radix
1096 5082 1177 5126 est
1205 5070 1433 5138 apostoli
1462 5068 1699 5138 gloriosa
1741 5069 2025 5134 confessio,

446 5168 590 5223 nulla
620 5169 753 5224 rima
784 5164 1077 5238 pravitatis,
1125 5163 1267 5217 nulla
1312 5175 1528 5230 prorsus
1558 5160 1882 5229 contagione
1915 5176 2027 5213 ma-

445 5261 673 5315 culetur.
706 5259 837 5313 Nam
876 5257 921 5313 si
951 5255 1114 5327 (quod
1157 5254 1299 5310 Deus
1338 5250 1737 5321 avertathuod
1770 5253 1884 5307 ﬁeri
1917 5269 2023 5308 non

591 5348 619 5376 I

518 5426 531 5453 ‘
556 5420 690 5475 Cod.
725 5417 945 5484 Verum,
975 5423 1319 5486 quantumque
1341 5430 1360 5469 :
1389 5410 1704 5483 Quesnellus
1736 5410 1863 5482 legit
1888 5430 2013 5470 aua-

447 5509 661 5563 cunque.

519 5568 538 5595 ³
559 5557 636 5616 ιιι.
667 5561 810 5627 cod.,
842 5575 944 5612 non
973 5557 1143 5611 licent.

519 5632 538 5664 ³
568 5634 641 5688 ld.
676 5634 820 5692 cod.,
850 5629 926 5684 vet
962 5630 1195 5697 cuijam.

2135 4543 2356 4602 guntur;
2387 4548 2485 4587 nec
2506 4547 2698 4600 expers
2723 4532 2974 4585 lacinoris
2996 4532 3287 4584 mstimatur
3309 4534 3418 4600 qui,
3446 4533 3567 4586 licet
3597 4534 3711 4601 ipse

2136 4638 2241 4677 non
2286 4623 2485 4687 fecerit,
2515 4623 2753 4675 facientis
2784 4632 2961 4674 tamen
2987 4618 3394 4675 familiaritatem
3429 4621 3711 4691 fmdusiiue

2136 4713 2421 4779 receperit.
2473 4710 2701 4764 Proinde
2750 4724 2870 4763 cum
2921 4708 3359 4765 Chalcedonense
3401 4714 3706 4780 concilium,

2131 4816 2229 4871 pro
2255 4801 2375 4854 ﬁdei
2396 4802 2668 4855 catholica:
2700 4811 2857 4870 atque
2883 4802 3186 4870 apostolicae
3223 4804 3448 4858 veritate
3472 4819 3710 4858 commu-

2134 4894 2398 4961 nioneque
2444 4894 2791 4957 celebratum,
2854 4892 3185 4948 damnaverit
3244 4893 3516 4965 Eutychen
3558 4895 3709 4949 dete-

2134 4985 2305 5038 standi
2357 4983 2550 5037 l'uroris
2598 4990 2893 5047 auctorem,
2936 4999 3038 5036 non
3078 4984 3209 5038 satis
3252 4984 3453 5050 habuit,
3509 4987 3608 5039 nisi
3652 4996 3710 5042 ut

2136 5077 2331 5143 pariter
2356 5076 2469 5141 ejus
2491 5090 2700 5142 quoque
2720 5086 3024 5129 consortem
3048 5076 3356 5129 Dioscorum
3380 5086 3709 5146 cmterosque

2132 5156 2470 5235 percelleret.
2498 5166 2607 5219 [loc
2636 5166 2792 5234 igitur
2820 5166 2997 5232 modo,
3028 5167 3162 5221 sicut
3186 5166 3238 5220 in
3263 5184 3576 5239 unaquaque
3598 5171 3708 5223 haz-

2137 5261 2240 5313 resi
2281 5259 2364 5313 vel
2396 5260 2590 5312 factum
2619 5272 2851 5323 semper,
2878 5259 2959 5311 vel
2992 5259 3108 5313 ﬁeri
3146 5273 3250 5313 non
3286 5258 3511 5317 habetur
3538 5262 3707 5317 ambi-

2197 5416 2218 5447 ⁶
2251 5416 2384 5471 Pace
2417 5417 2565 5471 deest
2594 5418 2642 5470 in
2674 5416 2797 5470 eod.
2829 5418 2950 5471 cod.

2198 5488 2219 5560 ἦ
2245 5487 2317 5560 Id.
2348 5490 2491 5560 cod.,
2517 5504 2607 5557 per
2627 5488 2922 5560 Apostolum
2948 5490 3277 5560 prwdicatur.

2199 5559 2218 5588 ‘
2249 5558 2318 5612 Id.
2345 5558 2491 5623 cod.,
2523 5573 2627 5625 post
2657 5557 2820 5611 nulla.
