4120 6186
316 282 389 333 45
1521 267 1870 325 EPISTOLAS
1912 266 1997 321 ΕΤ
2036 268 2374 324 DECRETA.
3499 273 3527 328 4
3542 270 3573 327 ὓ

312 406 499 463 gnum,
530 401 871 444 successores
892 402 1075 440 eorum
1104 389 1118 415 ¹
1148 382 1506 448 Timotheum,
1554 382 1765 436 Petrum
1810 388 1893 434 at-
1924 384 1969 439 Α
2001 382 2123 437 dam
2148 385 2227 436 vel
2274 383 2643 445 iusurrexerit,
2676 382 2754 436 vel
2796 384 2991 435 nitatur
3023 382 3300 449 insurgere
3338 392 3570 437 vetusta-

312 498 423 553 que
439 482 664 536 alterum
706 478 1095 534 Antiochenam
1142 478 1379 539 Petrum,
1407 492 1511 530 non
1545 475 1740 529 viritim
1772 490 1893 544 pro-

318 582 441 641 pter
468 571 710 639 singulos
737 584 977 642 quosque
1016 583 1201 621 rursus
1237 568 1376 620 facto
1398 566 1648 630 concilio,
1680 566 1773 620 sed
1805 580 1893 635 sy-

316 662 443 717 nodi
486 663 654 716 semel
683 664 703 692 ¹
729 671 847 715 acta
888 659 1066 730 regula
1099 666 1487 726 consequenter
1526 657 1668 712 elisi.
1698 657 1893 722 Quem-

318 752 614 807 admodum
638 766 764 821 ergo
795 768 897 805 non
927 750 1204 805 evidenter
1227 758 1444 819 apparet
1473 749 1632 804 etiam
1675 757 1896 803 cunctos

312 843 479 896 simili
514 853 696 897 tenore
720 843 1031 911 constringi,
1061 853 1113 896 et
1137 840 1225 910 qui
1255 854 1439 895 eorum
1471 841 1893 894 communicato-

314 949 407 989 res
435 945 493 987 et
514 934 802 1002 complices
832 934 1171 996 exstiterunt,
1212 940 1372 999 atque
1406 945 1591 985 omnes
1620 928 1837 984 omnino
1863 944 1893 983 a

316 1025 581 1080 catholica
618 1034 776 1094 atque
818 1024 1112 1093 apostolica
1158 1023 1349 1078 merito
1377 1021 1751 1077 communione
1786 1021 1895 1076 dis-

313 1117 468 1171 cerni
499 1134 513 1168 :
546 1116 663 1169 hinc
685 1116 937 1169 Acacium
975 1128 1185 1184 quoque
1215 1114 1339 1184 jure
1367 1113 1593 1167 dicimus
1635 1128 1664 1167 a
1708 1122 1895 1169 nostro

311 1206 592 1260 consortio
614 1205 1058 1269 submovendum,
1088 1206 1176 1273 qui
1201 1205 1386 1259 maluit
1411 1204 1461 1258 in
1490 1214 1689 1259 sortem
1720 1214 1893 1259 trans-

313 1299 399 1351 ire
441 1298 707 1365 perﬁdiae,
761 1312 916 1366 quant
961 1298 1012 1349 in
1060 1296 1339 1350 catholica:
1390 1304 1549 1365 atque
1587 1284 1897 1365 apostolicae

312 1388 712 1442 communionis
747 1388 1051 1443 sinceritate
1093 1397 1365 1453 constare,
1402 1387 1423 1418 ³
1453 1403 1574 1443 cum
1598 1388 1709 1442 fere
1737 1377 1763 1424 ά
1798 1402 1893 1457 per

313 1482 631 1545 triennium,
664 1496 733 1535 ne
764 1480 815 1534 in
849 1481 897 1533 id
924 1479 1153 1542 veniret,
1192 1480 1499 1550 apostolica:
1529 1480 1673 1535 sedis
1697 1481 1893 1548 episto-

312 1574 378 1626 lis
406 1574 667 1626 doceatur
698 1580 1063 1640 competenter
1100 1570 1737 1640 instructus.-Postquam
1766 1587 1893 1626 vero

312 1662 710 1717 communionis
736 1674 819 1716 est
848 1665 1015 1715 lactus
1042 1661 1252 1725 alienat,
1281 1677 1386 1717 non
1419 1664 1587 1729 potuit
1623 1663 1724 1718 nisi
1750 1679 1777 1716 a
1804 1680 1893 1720 ca-

2002 483 2128 539 tem,
2168 482 2533 542 covpetenter
2578 482 2631 527 et
2676 473 2909 541 legitime
2948 472 3303 541 perquiratnr.
3352 472 3419 525 Et
3467 472 3574 527 illic

1999 564 2275 632 apparebit
2313 564 2433 633 quis
2469 562 2712 616 modesto
2740 565 3012 632 proposito
3037 561 3305 616 custodiat
3343 560 3569 616 formam

2000 655 2447 725 traditionemque
2472 655 2765 724 majorum,
2799 655 2916 723 quis
2943 669 3100 723 supra
3134 655 3247 709 lucc
3269 655 3570 710 irreveren-

1999 754 2079 800 ter
2105 746 2365 810 insiliens,
2404 746 2585 814 rapina
2617 746 2873 815 atqnalem
2906 760 3063 815 posse
3104 747 3215 800 ﬁeri
3258 747 3570 802 arbitretur.

1996 837 2146 902 Quod
2176 838 2218 890 si
2248 837 2376 890 mihi
2402 836 2579 906 populi
2598 835 3170 902 Constantinopolitani
3201 852 3428 903 persona
3446 854 3573 906 pro-

1997 928 2231 996 ponitur,
2270 942 2366 996 per
2395 942 2552 997 quam
2595 927 2802 981 dicatur
2853 940 3047 981 nomen
3091 927 3349 991 scandali,
3398 927 3451 981 id
3488 937 3572 983 est

1996 1021 2201 1088 Acacii,
2234 1035 2339 1074 non
2372 1034 2530 1089 posse
2552 1021 2850 1085 removeri;
2879 1029 3050 1085 taceo,
3079 1019 3200 1089 quia
3223 1030 3280 1075 et
3316 1020 3570 1076 hatretico

1993 1114 2261 1185 quondam
2294 1112 2603 1166 Macedonio
2634 1112 2806 1182 pulso,
2832 1123 2886 1167 et
2912 1113 3158 1168 Nestorio
3180 1129 3352 1183 nuper
3374 1113 3564 1182 ejecto,

1993 1206 2145 1276 plebs
2172 1202 2764 1274 Constantinopolitana
2792 1205 3052 1260 catholica
3083 1220 3396 1274 permanere
3422 1208 3570 1261 dele-

1993 1299 2126 1370 gerit
2158 1298 2330 1367 potius
2364 1311 2523 1367 quam
2568 1296 2829 1365 majorum
2870 1299 3152 1364 pratsulnm
3192 1296 3567 1351 damnatorum

1994 1390 2277 1446 aﬁ‘ectione
2302 1388 2543 1443 retineri.
2574 1387 2770 1451 Taceo,
2800 1386 2939 1455 quod
2977 1386 3067 1455 qui
3111 1385 3179 1439 ab
3207 1386 3407 1441 eisdem
3440 1388 3570 1455 ipsis

1993 1481 2257 1537 damnatis
2280 1479 2612 1548 pratsulibtts,
2643 1478 2887 1547 baptizati
2916 1478 3145 1542 fuerant,
3170 1478 3222 1532 in
3252 1479 3356 1533 ﬁde
3380 1483 3569 1534 catho-

1994 1573 2093 1627 lica
2124 1580 2420 1633 manentes,
2452 1570 2593 1623 nulla
2620 1570 2727 1623 sint
2747 1570 3105 1638 exagitatione
3133 1570 3347 1623 turbati.
3372 1570 3567 1633 Taceo,

1997 1662 2136 1733 quod
2191 1679 2286 1732 pro
2326 1661 2486 1717 rebus
2538 1661 2758 1716 ludicris
2796 1661 3077 1730 pepulares
3127 1661 3383 1715 tumultus
3430 1675 3571 1715 nunc

312 1751 531 1805 tholica:
552 1761 607 1805 et
635 1751 940 1819 apostolica:
964 1766 1083 1805 mox
1109 1752 1364 1806 societate
1392 1752 1414 1782 ⁵
1445 1753 1681 1821 praecidi,
1708 1769 1775 1809 ne
1798 1768 1892 1823 per
1924 1744 1968 1802 Β
1995 1754 2156 1808 etiam
2173 1765 2364 1809 vestrae
2382 1754 2592 1822 pietatis
2613 1756 2901 1808 auctoritas
2927 1752 3236 1818 refrenarit;
3265 1763 3423 1821 atque
3447 1753 3570 1809 ideo

312 1855 465 1909 eum,
488 1843 532 1893 si
563 1841 649 1895 vel
675 1841 943 1910 paululum
988 1855 1344 1906 cessaremus,
1388 1857 1487 1898 nos
1515 1859 1726 1914 quoque
1749 1846 1896 1900 vide-

314 1947 503 1987 rentur
531 1932 758 1986 subiisse
777 1931 1019 2001 contagia
1061 1932 1408 2001 perﬁdorum.
1443 1934 1548 1990 Sed
1594 1950 1780 1990 revera
1809 1938 1896 1991 vel

314 2024 411 2077 tali
438 2024 716 2092 perculsus
747 2037 903 2091 pteua
940 2023 1182 2092 resipuit,
1208 2024 1601 2080 correctionem
1632 2026 1895 2093 promisit,

316 2114 625 2169 emendavit
650 2116 927 2169 errorem?
954 2125 1043 2169 aut
1077 2116 1166 2171 ille
1184 2123 1436 2173 tractatus
1460 2118 1631 2173 lenius
1661 2119 1899 2173 voluerat

314 2208 417 2281 [αι.
462 2208 723 2280 valuerat]
754 2212 1010 2275 coerceri,
1047 2210 1138 2279 qui
1169 2210 1329 2264 etiam
1358 2211 1582 2266 verbera
1613 2213 1745 2266 dura
1789 2226 1895 2267 non

314 2301 523 2355 sensit?
547 2300 667 2368 Quo
712 2301 764 2355 in
795 2316 888 2356 sua
925 2300 1143 2371 perﬁdia
1173 2312 1224 2357 et
1256 2302 1600 2359 damnatione
1635 2305 1896 2360 moriente

315 2390 412 2461 [aL
440 2388 734 2461 manente],
752 2398 865 2445 tant
872 2392 985 2461 ejus
1003 2393 1052 2447 in
1075 2393 1429 2449 ecclesiastica
1458 2396 1769 2451 recitatione
1791 2411 1895 2451 non

318 2491 502 2549 potest
536 2498 725 2537 nomen
766 2484 982 2551 ascribi,
1005 2500 1163 2554 quam
1190 2494 1428 2541 externae
1456 2489 1760 2558 contagium
1790 2502 1893 2543 non

315 2574 482 2629 debet
508 2576 1004 2631 communicationis
1045 2577 1275 2633 admitti.
1306 2578 1641 2650 QuaprOpter
1677 2591 1767 2635 aut
1796 2581 1895 2637 do-

314 2676 515 2721 ceatur
544 2668 611 2723 ab
651 2668 897 2725 bteretiea
932 2669 1342 2739 participatione
1381 2671 1638 2737 sincerus,
1671 2686 1896 2741 quorum

316 2759 497 2816 seille
525 2761 883 2815 communioni
908 2762 1234 2830 permiscuit,
1266 2771 1356 2816 aut
1384 2776 1504 2816 cum
1544 2764 1743 2817 eisdem
1790 2778 1896 2819 non

318 2861 501 2921 petest
530 2866 633 2906 non
665 2852 870 2921 repelli.
901 2854 955 2908 Si
983 2864 1162 2907 autem
1192 2863 1470 2907 susurrant
1505 2854 1740 2910 Orientis
1782 2857 1899 2926 epi—

318 2942 497 3012 scopi,
532 2942 672 3009 quod
698 2944 763 2996 ad
788 2957 879 2997 eos
904 2943 1060 2998 sedes
1086 2945 1374 3013 apostolica
1407 2959 1511 2999 non
1540 2946 1636 3000 ista
1666 2949 1899 3001 conscri-

318 3036 518 3106 pserit,
546 3035 690 3100 quasi
732 3036 814 3090 vel
862 3037 961 3104 ipsi
1000 3036 1068 3090 de
1110 3036 1418 3105 recipiendo
1462 3037 1694 3107 legitime
1741 3038 1899 3094 Petro

2000 1846 2164 1901 multo
2192 1847 2359 1916 magis
2387 1860 2481 1914 pro
2511 1845 2680 1899 salute
2707 1845 3000 1900 animarum
3026 1861 3240 1900 suarum
3263 1848 3569 1900 necessario

1997 1939 2149 1994 vobis
2175 1938 2778 2006 Constantinopolitanae
2816 1937 3045 1991 civitatis
3073 1937 3406 2005 obtemperat
3437 1939 3569 1992 mul-

1999 2028 2189 2095 titudo,
2221 2030 2264 2083 si
2297 2042 2412 2084 eam
2439 2028 2503 2081 ad
2528 2028 2841 2082 catholicam
2873 2038 2929 2083 et
2951 2028 3298 2096 apostolicam
3329 2044 3570 2083 commu—

1999 2122 2212 2175 nionem
2240 2134 2334 2175 vos
2372 2120 2638 2189 principes
2675 2120 2960 2176 reducatis.
3003 2120 3233 2182 Etenim,
3285 2121 3571 2190 imperator

1998 2215 2252 2281 Auguste,
2285 2213 2330 2267 si
2358 2222 2543 2267 contra
2576 2214 2719 2282 leges
2740 2212 2975 2281 publicas
3004 2212 3201 2279 aliquid
3226 2213 3385 2283 (quod
3410 2213 3570 2282 absit)

1997 2306 2260 2374 quispiam
2292 2304 2518 2360 fortasse
2549 2312 2795 2369 tentaret,
2838 2305 2979 2359 nulla
3010 2306 3116 2374 pati
3153 2306 3203 2360 id
3245 2307 3447 2360 ratione
3475 2322 3570 2375 po-

2000 2396 2192 2451 tuisses
2218 2414 2231 2450 :
2258 2398 2323 2450 ad
2361 2396 2662 2452 Divinitatis
2694 2411 2877 2465 puram
2915 2398 3285 2465 sinceramque
3322 2398 3568 2452 devotio-

1998 2503 2141 2549 nem,
2172 2497 2229 2542 ut
2249 2486 2341 2541 tibi
2374 2487 2525 2556 plebs
2547 2486 2753 2541 snbdita
2786 2487 3072 2557 redigatur,
3105 2488 3446 2541 conscientiae
3468 2498 3570 2541 tuac

2001 2595 2107 2635 non
2133 2590 2287 2650 putas
2316 2580 2615 2635 interesse?
2641 2580 2935 2647 Postremo,
2967 2580 3013 2634 si
3043 2580 3197 2634 unius
3221 2579 3448 2635 civitatis
3480 2595 3570 2648 ρος

2001 2674 2107 2743 puli
2138 2674 2346 2729 animus
2376 2688 2480 2728 non
2527 2682 2741 2743 putatur
2776 2673 2995 2739 olfrndi,
3039 2688 3107 2727 ne
3146 2672 3179 2727 d
3204 2672 3321 2725 vina
3353 2672 3372 2743 (
3386 2681 3442 2727 ut
3484 2687 3572 2727 res

2001 2767 2255 2836 postulat)
2278 2767 2641 2836 corrigantur:
2674 2775 2875 2836 quanto
2898 2765 3082 2835 magis,
3105 2781 3173 2822 ne
3201 2766 3377 2819 divina
3399 2764 3571 2819 offen-

2000 2860 2213 2923 dantur,
2245 2858 2492 2914 catholici
2538 2859 2767 2913 nominis
2798 2858 3058 2912 universis
3098 2859 3235 2926 piam
3276 2857 3435 2911 ﬁdem
3474 2872 3573 2912 nec

2004 2951 2198 3007 laedere
2236 2951 2490 3006 debemus
2530 2952 2767 3014 omnino,
2801 2964 2900 3003 nec
2944 2948 3261 3017 possumus?
3300 2949 3365 3002 Et
3394 2958 3572 3002 tamen

2002 3044 2160 3099 iidem
2195 3053 2372 3097 nostra
2395 3059 2454 3097 se
2485 3051 2707 3112 poscunt
2736 3041 3006 3097 voluntate
3028 3040 3227 3095 sanari.
3257 3041 3573 3106 Competen-

320 3130 510 3183 sedem
548 3129 894 3198 apostolicam
936 3132 1047 3183 suis
1103 3129 1294 3184 litteris
1336 3130 1556 3184 fecerint
1591 3132 1895 3197 certiorem,
1926 3108 1970 3170 (ἶ
2005 3137 2145 3191 tibus
2172 3150 2297 3203 ergo
2325 3136 2504 3189 sinant
2530 3133 2705 3188 curari
2742 3147 2800 3187 se
2848 3146 3004 3200 posse
3042 3130 3290 3185 remediis
3324 3147 3336 3182 :
3374 3129 3573 3199 alioqui

320 3221 409 3275 vel
433 3221 593 3290 hujus
615 3222 937 3291 receptionis
958 3222 1241 3276 inconditae
1266 3236 1372 3275 non
1394 3222 1503 3291 jam
1529 3223 1726 3292 pariter
1750 3238 1898 3278 com-

322 3313 496 3381 plices
523 3313 874 3380 exstitissent,
904 3329 1061 3383 quem
1090 3314 1230 3369 sicut
1256 3329 1382 3372 vere
1409 3330 1513 3369 non
1555 3325 1775 3384 possunt
1806 3318 1902 3370 do-

323 3417 457 3457 cere
486 3402 555 3456 ab
582 3404 833 3458 hzeretica
872 3405 1129 3473 pravitate
1173 3406 1337 3460 fuisse
1376 3415 1677 3475 purgatum,
1729 3407 1797 3461 ita
1842 3421 1903 3462 se

324 3494 703 3548 litereticorum
734 3496 1035 3549 nullatenus
1051 3504 1302 3566 poterunt
1323 3510 1580 3551 excusare
1602 3508 1898 3552 consortes.

324 3585 346 3615 ⁸
373 3585 532 3651 Quod
567 3586 611 3640 si
643 3585 882 3641 fortassis
912 3589 1258 3653 astruxerint,
1288 3591 1427 3658 quod
1462 3589 1527 3642 ad
1557 3589 1901 3659 aposmlicam

324 3679 515 3734 sedem
543 3678 609 3734 de
636 3681 977 3748 susceptione
1008 3680 1147 3735 Petri
1180 3696 1275 3751 per
1300 3682 1553 3736 Acacium
1580 3683 1752 3736 cuncti
1785 3695 1905 3735 con-

327 3785 466 3825 sona
496 3771 518 3801 ⁶
544 3786 674 3827 voce
716 3773 1017 3838 retulerint,
1065 3788 1160 3843 per
1186 3774 1432 3828 eumdem
1470 3773 1684 3829 sibimet
1717 3788 1905 3829 omnes

327 3864 449 3933 pari
472 3877 604 3918 voce
637 3866 876 3919 sentiunt
906 3864 1069 3919 fuisse
1098 3866 1435 3934 rescriptum.
1467 3865 1787 3933 Apostolicae
1811 3865 1902 3937 [aL

326 3957 451 4009 vice
473 3955 735 4025 primatus
755 3955 900 4009 sedis
920 3954 1247 4027 apostolicae]
1273 3971 1400 4010 vero
1429 3956 1573 4010 sedis
1594 3957 1903 4026 auctoritas,

327 4047 470 4116 quod
500 4048 709 4101 cunctis
739 4048 945 4101 saeculis
968 4046 1286 4102 Christianis
1317 4048 1570 4102 Ecclesia:
1603 4048 1815 4117 praelata
1839 4049 1909 4102 sit

328 4138 622 4203 universae,
659 4145 713 4191 et
746 4152 1010 4191 canonum
1055 4139 1194 4192 serie
1232 4147 1596 4206 paternorum,
1637 4147 1691 4193 et
1731 4140 1909 4193 multi-

326 4229 459 4297 plici
496 4228 787 4283 traditione
817 4228 1079 4285 ﬁrmatur.
1115 4229 1220 4285 Sed
1251 4231 1334 4285 vel
1369 4230 1511 4293 hinc,
1547 4232 1567 4263 '
1596 4239 1771 4285 utrum
1805 4232 1905 4286 sibi

327 4318 615 4387 quisquam
643 4328 827 4373 contra
856 4318 1086 4374 Nicaeum
1111 4321 1298 4391 synodi
1327 4321 1612 4376 constituta
1639 4321 1905 4391 quippiam

327 4410 513 4463 valeat
544 4424 824 4479 usurpare,
862 4411 1086 4481 collegio
1124 4422 1300 4481 potest
1332 4413 1488 4467 unius
1517 4415 1908 4470 communionis

327 4498 571 4569 ostendi,
615 4515 721 4554 non
770 4502 1039 4555 mentibus
1081 4512 1323 4558 externa:
1364 4506 1638 4558 societatis
1688 4506 1905 4572 aperiri.

328 4589 491 4657 Apud
518 4589 637 4644 illos
667 4591 710 4644 si
739 4592 857 4660 quis
883 4592 1116 4655 conlidit,
1153 4592 1459 4662 egrediatur
1493 4595 1544 4648 in
1578 4596 1832 4663 medium,
1856 4606 1910 4650 et

328 4681 685 4750 apostolicam
709 4682 893 4737 sedem
922 4684 989 4736 de
1015 4692 1237 4752 utraque
1276 4693 1426 4753 parte
1460 4688 1699 4741 revincat
1726 4697 1780 4742 et
1815 4688 1911 4741 iu-

327 4780 527 4825 struat.
552 4771 795 4826 Tollatur
826 4788 954 4840 ergo
984 4788 1177 4829 nomen
1205 4790 1236 4829 e
1266 4774 1462 4840 medio,
1490 4777 1631 4846 quod
1660 4778 1911 4832 ecclesia-

328 4878 452 4916 rum
488 4862 867 4917 discretionem
918 4867 1099 4933 procul
1154 4882 1183 4919 a
1232 4867 1493 4923 catholica
1536 4871 1914 4926 communione

328 4964 613 5021 operatur,
644 4962 700 5007 ut
720 4955 930 5009 sincera
958 4972 1056 5023 pax
1087 4957 1209 5011 ﬁdei
1243 4961 1740 5031 communionisque
1762 4977 1914 5031 repa-

328 5053 482 5099 retur
503 5054 561 5100 el.
581 5044 789 5101 unitas:
811 5054 866 5100 et
888 5059 1011 5102 tunc
1033 5048 1149 5118 quis
1171 5058 1413 5104 nostrum
1436 5064 1621 5107 contra
1649 5068 1912 5108 veneran-

405 5204 436 5233 ι
467 5195 635 5261 Hujus
664 5198 871 5251 triennii
902 5199 1106 5252 initium
1142 5200 1481 5256 referendum
1510 5210 1593 5258 est
1623 5203 1686 5256 ad
1722 5203 1786 5256 l5
1815 5218 1905 5257 an-

326 5282 465 5322 num
503 5267 785 5336 Simplicii,
822 5285 928 5338 quo
968 5269 1193 5325 Aeacius
1224 5272 1477 5326 delictum
1526 5274 1811 5338 Commisit,
1851 5282 1907 5327 ut

406 5401 432 5521 ἒ
462 5398 707 5521 £32.,
742 5398 1055 5467 Timotheus,
1076 5400 1281 5471 Petrus,
1303 5413 1456 5475 atque
1473 5405 1603 5459 alter
1629 5405 1907 5459 Antioche-

326 5486 432 5522 ιιιιε
462 5486 664 5523 ιέινιιε.

404 5541 427 5612 ξ
460 5539 515 5612 l_d
543 5539 1044 5612 cod.,ﬂactwiregulai
1066 5553 1421 5612 consequenter
1446 5545 1573 5599 elisi.

404 5607 427 5637 ³
456 5608 616 5663 Anno
644 5610 770 5669 478,
797 5607 1069 5673 479,180.
1103 5607 1272 5667 Alium
1301 5614 1415 5671 iniit
1445 5615 1706 5672 calculum
1756 5614 1915 5669 Libe—

329 5683 497 5727 ratus
520 5690 637 5745 eap.
666 5680 751 5733 18.
782 5678 1039 5734 liminum.

2004 3228 2165 3298 (quod
2202 3227 2360 3296 absit)
2401 3227 2453 3280 in
2500 3241 2687 3281 eorum
2727 3223 3053 3279 transeundo
3096 3222 3405 3292 perniciem,
3450 3235 3573 3276 cum

2004 3320 2107 3374 illis
2137 3321 2310 3389 perire
2333 3318 2643 3387 possumus,
2691 3318 2837 3385 ipsos
2866 3331 2994 3372 vero
3024 3317 3232 3372 salvare
3258 3331 3363 3370 non
3394 3329 3574 3384 possu-

2004 3426 2143 3465 mus.
2172 3410 2287 3464 Jam
2322 3410 2408 3464 hic
2440 3407 2566 3478 quid
2597 3410 2666 3462 sit
2691 3408 2858 3477 magis
2884 3406 3232 3475 sequendum,
3274 3406 3373 3460 sub
3394 3406 3574 3459 divino

2001 3504 2200 3573 judicio
2230 3511 2421 3557 vestra:
2445 3501 2791 3557 conscientiae
2822 3500 3136 3570 derelinquo
3162 3516 3174 3552 :
3211 3515 3408 3565 trram,
3438 3498 3575 3552 sicut

2004 3609 2102 3649 nos
2128 3603 2394 3663 optamus,
2427 3592 2583 3647 simul
2614 3606 2802 3647 omnes
2838 3598 3036 3645 certam
3076 3591 3356 3645 redeamus
3389 3590 3456 3644 ad
3495 3590 3576 3644 vi-

2007 3696 2144 3751 tam;
2174 3701 2262 3750 an,
2292 3685 2429 3739 sicut
2459 3684 2530 3738 illi
2563 3693 2804 3752 poscunt,
2837 3681 3171 3736 manifestam
3199 3681 3481 3735 tendamus
3509 3679 3576 3733 ad

2005 3787 2255 3833 mortem.-
2287 3776 2393 3831 Sed
2419 3774 2592 3829 adhuc
2614 3774 2960 3844 apostolicam
2991 3773 3201 3837 sedem,
3230 3771 3330 3826 sibi
3360 3770 3578 3826 medici-

2006 3870 2147 3925 nalia
2177 3875 2569 3938 suggerentem,
2594 3865 2876 3935 superbam
2901 3879 3092 3919 vocare
3131 3874 3579 3932 arrogantcmque

2006 3960 2355 4015 contendunt.
2394 3958 2562 4013 llahet
2604 3958 2704 4013 hoc
2739 3957 2965 4027 qualitas
2999 3971 3142 4024 smpe
3191 3954 3575 4023 languentium,

2008 4063 2063 4105 ut
2087 4058 2338 4105 accusent
2375 4049 2543 4118 magis
2568 4048 2805 4103 medicos
2826 4047 3074 4115 congruis
3116 4042 3580 4099 ob~ervatiouibus

2006 4143 2073 4196 ad
2103 4140 2335 4195 salubria
2362 4147 2698 4205 revocantes,
2722 4151 2879 4205 quam
2910 4146 2970 4189 ut
2995 4135 3098 4202 ipsi
3127 4148 3251 4186 suos
3280 4133 3468 4187 noxios
3489 4147 3581 4200 ap-

2008 4232 2200 4301 petitus
2237 4231 2505 4297 deponere
2532 4227 2617 4281 vel
2659 4225 2947 4294 reprobare
2985 4224 3341 4278 consentiant.
3386 4222 3440 4277 Si
3484 4237 3580 4277 nos

2008 4322 2223 4393 Superbi
2253 4335 2459 4386 sumus,
2483 4320 2506 4351 ⁸
2530 4318 2651 4387 quia
2676 4318 2974 4371 animarum
3001 4315 3233 4370 remedia
3266 4316 3583 4369 convenicn-
3628 4372 3645 4378 _

2010 4420 2082 4472 tia
2126 4415 2511 4476 ministramus,
2541 4410 2669 4480 quid
2714 4407 2938 4463 vocandi
2985 4415 3108 4461 sunt
3146 4407 3233 4473 qui
3283 4406 3584 4459 resultant?

2015 4510 2071 4566 Si
2102 4523 2198 4564 nos
2224 4506 2437 4577 superbi
2460 4517 2665 4566 sunms,
2690 4502 2779 4571 qui
2809 4498 3161 4555 obediendmn
3190 4498 3427 4567 paternis
3447 4497 3585 4550 dici-

2016 4617 2133 4656 mus
2162 4598 2447 4660 institutis;
2476 4596 2567 4666 qui
2607 4595 2962 4663 refragantur,
2991 4605 3097 4661 quo
3128 4588 3428 4659 appellandi
3464 4598 3586 4642 sunt

2020 4691 2267 4747 nomine?
2298 4689 2353 4746 Si
2372 4703 2469 4743 nos
2490 4687 2615 4742 elati
2643 4700 2843 4750 sumus,
2867 4682 2955 4751 qui
2977 4682 3212 4736 divinum
3233 4681 3434 4735 cultum
3455 4695 3589 4749 puro

2020 4791 2178 4850 atque
2205 4778 2408 4832 illibato
2430 4775 2672 4844 cupimus
2694 4783 2879 4827 tenore
2912 4770 3144 4835 servari;
3175 4771 3264 4839 qui
3290 4778 3475 4824 contra
3503 4771 3589 4823 Di-

2015 4872 2289 4926 vinitatem
2329 4881 2541 4936 quoque
2579 4865 2841 4927 sentiunt,
2879 4862 3078 4928 dicant,
3111 4860 3340 4929 qualiter
3386 4874 3589 4914 nuncn-

2016 4960 2241 5031 pentur?
2270 4960 2360 5013 Sic
2383 4966 2439 5011 et
2472 4970 2571 5011 nos
2600 4955 2801 5017 caeteri,
2842 4952 2933 5021 qui
2971 4952 3023 5005 in
3054 4965 3235 5004 errore
3274 4960 3419 5015 sunt,
3449 4951 3590 5002 testi-

2018 5058 2186 5121 mant,
2227 5048 2368 5119 quod
2404 5062 2588 5102 eorum
2632 5060 2738 5099 non
2773 5042 3168 5098 consentiamus
3206 5042 3445 5096 insanire.
3491 5040 3591 5095 Ubi

2015 5209 2162 5329 ἕρπει
2177 5213 2350 5325 ιἓιιριιι
2390 5198 2443 5252 in
2475 5196 2614 5252 notis
2645 5192 2989 5264 epistolarum
3029 5189 3290 5260 Simplicii
3330 5188 3395 5245 15
3421 5197 3474 5246 et
3506 5190 3590 5243 l7.

2060 5288 2142 5327 sv.
2223 5284 2376 5324 tstus.

2060 5288 2142 5327 [εν.
2177 5284 2376 5325 ὕιΝιυε.

2090 5404 2112 5434 ⁸
2138 5405 2293 5457 Αιιηο
2316 5402 2442 5456 484.

2091 5474 2112 5503 ⁵
2135 5474 2264 5526 Cod.
2300 5472 2520 5534 Veron.,
2556 5470 2658 5536 Qui
2677 5470 2742 5522 si.

2092 5544 2111 5572 θ
2144 5543 2197 5595 Itl
2238 5541 2384 5609 cod.,
2414 5541 2689 5593 voluntate.

2094 5614 2110 5641 ⁷
2149 5612 2220 5664 ltl.
2251 5610 2393 5672 cod.,
2423 5614 2501 5661 vel
2530 5619 2717 5662 utrum.

2095 5684 2114 5711 ⁸
2144 5682 2223 5738 1d.
2248 5680 2390 5747 cod.,
2424 5680 2510 5748 qui
2542 5681 2849 5733 animarum.
