4098 6172
471 314 538 368 67
1105 357 1126 364 -
1821 313 2057 365 CELASI

2161 312 2328 366 'AP/E
2363 311 2383 366 l
3670 317 3744 376 48

470 439 643 484 tamen
673 431 888 498 Spiritus
909 430 1174 496 superbia:
1194 429 1454 482 veraciter
1485 429 1738 481 consistat
1771 440 1819 480 et
1853 437 2045 495 pugnet
2083 434 2122 487 Α
2156 425 2277 478 XX.
2326 427 2479 492 Quod
2501 425 2552 477 hi
2583 426 2742 495 quise
2765 425 2922 478 sacris
2945 426 3220 494 virginibus
3243 429 3454 489 sociant,
3482 439 3527 480 el
3557 430 3748 498 fmdera

473 525 664 578 veritus
695 524 806 592 ipsa
839 524 1034 576 indicat
1059 520 1155 592 lat.
1181 518 1430 590 judicat].

1047 611 1374 667 EPISTULA
1411 610 1499 664 IX.

923 721 988 758 ΔΙ)
1016 718 1289 758 Εινιεαομοε
1329 717 1590 756 ιυοικκιίε.

636 797 902 851 Nonnulla
926 797 1262 850 ecclesiastica
1292 796 1522 848 instituta
1549 804 1893 862 exponuntur.

547 891 560 920 ¹
597 887 963 942 Dilectissimis
991 887 1241 942 fratribus
1256 887 1518 940 universis
1537 886 1804 953 episcopis
1836 900 1928 953 per
1957 885 2054 938 Lu-

473 981 700 1046 caniam,
730 989 785 1034 et
816 980 1062 1046 Bt’tlliOS,
1098 990 1152 1034 et
1194 979 1429 1033 Siciliam
1461 979 1762 1030 coiistittitts
1788 978 2055 1032 Gelasius.

759 1087 937 1126 TITULI
971 1085 1320 1125 DECRETORUM
1363 1086 1504 1122 ΡᾹΡᾸΞ
1543 1084 1769 1122 (ι-ῖιιςςιι.

476 1163 524 1217 I.
569 1164 643 1219 De
666 1165 951 1217 constitutis
992 1162 1364 1222 ecclesiasticis,
1411 1177 1502 1231 pro
1544 1160 1854 1229 temporibus
1889 1157 2055 1224 τιτι.Ιὶ-

542 1263 644 1308 tate
667 1254 1020 1308 moderandis.

478 1346 558 1400 II.
603 1347 669 1401 Ut
698 1346 780 1399 tibi
803 1345 944 1398 nulla
971 1352 1204 1414 perurget
1236 1345 1526 1404 necessitas,
1547 1341 1815 1394 constituta
1841 1338 2058 1391 Patrum

543 1438 786 1493 inviolata
806 1448 1094 1501 srrventur;
1117 1438 1192 1489 vel
1221 1453 1332 1489 cum
1364 1437 1618 1503 defuerint
1643 1435 1834 1498 clerici,
1861 1434 1922 1484 de
1952 1450 2058 1483 ruo-

543 1534 721 1586 nachis
749 1531 1027 1602 eligantur.

478 1623 592 1677 III.
637 1623 704 1677 Ut
726 1627 767 1676 si
796 1624 883 1693 qui
918 1625 980 1674 de
1015 1621 1156 1674 laicis
1193 1619 1454 1690 eliguntur
1495 1621 1560 1671 ad
1603 1618 1863 1681 clericum,
1901 1619 2061 1669 multo

546 1708 814 1768 sollicitius
846 1715 899 1767 in
938 1713 1036 1776 his,
1067 1729 1126 1766 ea
1153 1727 1266 1781 qurc
1291 1716 1353 1764 de
1381 1711 1640 1764 monachis
1673 1710 1808 1763 dicta
1835 1720 1952 1761 sunt
1982 1709 2062 1759 iu—

546 1809 834 1874 quirantur.
1544 1848 1550 1854 .

477 1898 582 1952 IV.
627 1896 694 1951 Ut
723 1895 784 1949 ab
808 1894 1076 1964 episcopis,
1112 1896 1450 1963 prwceptione
1479 1907 1644 1963 papae,
1673 1905 1814 1944 nova:
1843 1888 2064 1942 basilica:

550 1987 865 2040 dedicentur.

485 2079 549 2133 V.
601 2078 670 2133 Ut
705 2077 850 2131 nulla
877 2077 1072 2148 pra'dia
1102 2075 1240 2147 [lege
1266 2075 1468 2147 pretia]
1498 2077 1562 2130 de
1597 2073 1918 2143 baptizandis
1948 2088 2068 2125 con-

543 2172 910 2240 signandisque
961 2167 1198 2233 ﬁdelibus
1233 2169 1520 2237 exigantur.
1571 2167 1718 2230 Quod
1762 2167 1805 2217 si
1845 2165 1931 2232 qui
1975 2164 2068 2215 hoc

546 2261 965 2332 perpetrauerint,
991 2257 1198 2311 honoris
1227 2259 1309 2310 sui
1331 2256 1558 2335 periculo
1588 2259 1941 2327 subjaeebunt.

482 2351 579 2406 VI.
625 2351 692 2406 Ut
715 2350 991 2420 presbyteri
1013 2351 1217 2402 modum
1242 2348 1462 2401 debitum
1482 2359 1694 2409 servent,
1722 2365 1822 2401 non
1846 2351 2064 2402 chrisma

549 2443 837 2512 conficiant,
881 2457 980 2494 non
1031 2440 1361 2510 consignent;
1409 2454 1498 2492 nec
1550 2451 1799 2509 prwseute
1842 2443 2065 2510 quolibet

546 2537 803 2605 episopo,
838 2532 937 2585 nisi
969 2531 1253 2601 jubeautur
1289 2530 1352 2583 ab
1381 2530 1514 2599 ipso,
1557 2534 1632 2585 vel
1674 2548 1844 2594 orare,
1877 2533 1952 2586 vel
1989 2551 2067 2586 se-

549 2629 668 2679 dere
703 2631 1036 2693 prcesumant,
1083 2639 1173 2676 nec
1220 2623 1533 2692 acolythum,
1579 2623 1656 2678 vel
1698 2624 2066 2680 subdiaconum

552 2717 763 2786 faciant.

488 2809 617 2864 VII.
663 2811 910 2864 Similiter
944 2819 997 2862 ut
1032 2808 1235 2861 diaconi
1268 2824 1559 2862 mensuram
1605 2809 1870 2880 propriam
1907 2810 2064 2880 juxta

553 2901 766 2954 Patrum
788 2899 995 2953 decreta
1021 2898 1334 2952 custodiant.

487 2991 655 3049 VIII.
700 2993 850 3058 Quod
888 2993 1094 3046 diaconi
1121 2994 1173 3044 in
1209 2993 1525 3062 presbyterio
1557 2994 1776 3048 residere
1807 3010 1904 3047 non
1950 3011 2065 3062 pos-

549 3092 671 3153 sint,
695 3103 784 3142 nec
817 3089 948 3140 sacri
981 3087 1209 3156 corporis
1250 3088 1697 3156 privrogationem,
1736 3089 2064 3157 pra‘sentibus

550 3183 728 3236 debent
757 3195 1002 3250 umrpare
1025 3179 1349 3248 presbyteris.

481 3273 583 3328 IX.
619 3273 778 3340 .Quod
809 3271 1092 3337 apostolica
1115 3272 1257 3324 sedes
1280 3281 1514 3340 paternos
1535 3286 1753 3324 canones
1785 3270 1868 3340 pio
1894 3271 2060 3324 studio

548 3365 822 3431 devotaque
847 3361 1123 3414 custodiat.
1327 3413 1330 3415 .

479 3454 552 3511 X.
596 3453 663 3508 Ut
712 3462 892 3523 prceter
939 3451 1177 3522 paschale
1225 3460 1419 3520 tempus
1461 3461 1506 3504 et
1553 3462 1868 3522 pentecosten
1917 3468 2060 3505 nemo

547 3547 808 3613 baptizare
837 3556 1134 3611 prwsumat,
1170 3545 1270 3598 nisi
1297 3561 1382 3599 eos
1420 3554 1617 3602 tantum
1652 3562 1777 3613 quos
1810 3548 2061 3616 (egritudo

546 3646 775 3690 extrema
802 3637 1125 3704 compulerit.
2001 3621 2007 3630 ’

479 3727 583 3782 XI.
631 3727 1050 3797 Presbyterorum
1077 3735 1123 3779 et
1163 3727 1493 3780 diaconorum
1528 3728 1872 3782 ordinationes
1914 3710 2062 3784 certis

543 3820 790 3873 celebrari
816 3834 965 3887 posse
987 3818 1318 3884 temporibus.

477 3909 616 3964 XII.
661 3909 728 3964 Ut
757 3909 980 3979 praeﬁxis
1005 3909 1180 3961 diebus
1212 3908 1430 3976 virgines
1461 3921 1836 3964 consecrentur.

479 4003 651 4060 XIII.
697 4003 763 4058 Ut
793 4004 960 4056 vidua:
990 4019 1090 4055 non
1111 4003 1353 4055 velentur.

476 4098 636 4153 XIV.
681 4097 748 4152 Ut
797 4097 967 4149 nullus
1004 4095 1195 4164 praesul
1235 4094 1312 4148 vel
1359 4094 1606 4159 ccclesiw,
1657 4095 1734 4147 vel
1768 4095 2064 4148 monasterii

549 4205 762 4254 servum,
808 4196 896 4241 aut
943 4185 1295 4256 originarium,
1353 4184 1634 4239 nolentibus
1686 4187 1928 4249 dominis,
1973 4185 2063 4237 sub

545 4283 749 4352 nomine
786 4280 1023 4349 religiosa
1064 4278 1326 4347 defendat,
1366 4276 1573 4330 honoris
1605 4286 1651 4330 et
1699 4279 2063 4332 communionis

549 4371 834 4442 periculum
869 4373 1127 4425 subiturus
1165 4368 1393 4439 quisquis
1433 4370 1530 4422 hoc
1559 4381 1854 4439 perpetrare
1896 4380 2062 4426 tenta-

546 4475 669 4518 ιἐνιι
677 4502 691 4517 ο

2230 518 2418 569 incesta
2458 516 2804 577 commiscent,
2845 518 3217 571 communicare
3256 535 3354 570 non
3392 522 3610 588 possint,
3649 522 3747 575 nisi

2231 608 2359 670 forte
2382 606 2637 674 publicam
2668 607 3018 675 pmuitentiam
3050 609 3318 677 gesserint.

2158 698 2317 752 XXI.
2361 700 2508 764 Quod
2542 699 2725 766 vidua’,
2765 709 2813 754 ut
2848 701 3194 770 supradictum
3233 709 3329 764 et,
3361 718 3462 754 non
3496 705 3740 756 i'elentur.

2237 788 2298 842 Et
2325 791 2366 842 si
2397 791 2592 860 profess
2610 807 2677 842 :m
2709 792 3065 844 continentiam
3100 792 3363 862 proposito
3407 804 3601 846 mutato
3646 796 3746 848 cal-

2233 885 2478 948 caveriut,
2512 884 2634 953 ipsa:
2658 900 2750 953 pro
2779 901 2831 938 se
2860 884 3108 937 rationem
3135 886 3233 936 sint
3258 885 3373 936 ideo
3396 884 3489 952 [aL
3519 886 3744 956 domino]

2231 976 2524 1029 redditura’.

2162 1067 2357 1120 XXII.
2401 1068 2550 1134 Quod
2595 1067 2812 1121 secunda
2847 1067 3088 1138 conjugia
3124 1070 3456 1122 siccularibus
3510 1086 3608 1121 nou
3659 1086 3746 1122 ne-

2233 1172 2436 1230 gentur,
2469 1161 2648 1223 quibus
2680 1172 2846 1212 tamen
2877 1161 2944 1211 ad
2966 1161 3160 1212 clerum
3197 1160 3401 1212 minimc
3431 1162 3598 1212 venire
3635 1177 3747 1212 con-

2230 1255 2447 1306 ceditur.
3760 1319 3766 1322 _

2165 1345 2388 1398 XXIII.
2436 1345 2502 1400 Ut
2531 1347 2576 1398 si
2609 1347 2722 1415 quis
2749 1347 3022 1416 susceperit
3051 1345 3274 1398 ecclesia:
3313 1347 3537 1414 propritc
3575 1347 3743 1398 deser-

2233 1451 2414 1505 torem,
2463 1448 2510 1490 et
2544 1442 2595 1490 in
2623 1439 2848 1506 aliquant
2889 1440 3174 1506 provexerit
3225 1439 3539 1508 dignitatem,
3575 1439 3749 1508 utique

2234 1531 2496 1583 sententia:
2517 1530 2812 1600 subjaeeaut
2837 1547 2988 1597 quant
3013 1545 3229 1582 canonrs
3258 1530 3582 1582 addixerunt.

2163 1621 2375 1674 XXIV.
2425 1622 2635 1684 Quodsi
2666 1623 2750 1690 qui
2777 1637 2838 1672 es
2870 1621 3129 1673 monachis
3171 1629 3258 1672 aut
3299 1620 3443 1671 laicis
3490 1620 3747 1685 eliguntur

2239 1717 2306 1764 ωτι
2335 1714 2544 1771 clerum,
2575 1729 2686 1763 cum
2714 1712 2858 1764 nulla
2888 1713 3020 1781 cogit
3052 1713 3340 1774 ηίοεεδὶῑαε,
3374 1711 3580 1780 antiqua
3603 1711 3655 1762 in
3675 1712 3746 1763 eis

2237 1808 2480 1859 debentur
2507 1805 2733 1857 instituta
2761 1805 2971 1856 servari.
3006 1804 3153 1870 Quod
3182 1807 3223 1855 si
3252 1803 3522 1870 probentur
3548 1818 3746 1855 suorum

2237 1897 2446 1950 mercati
2469 1914 2573 1950 esse
2604 1897 2762 1963 pretio
2793 1896 3111 1966 dignitatem,
3137 1894 3198 1946 ab
3222 1896 3382 1964 ofﬁcio
3405 1897 3748 1966 deponantur.

2241 2007 2358 2043 nam
2382 1991 2586 2042 dantem
2615 2000 2657 2042 et
2686 1989 3014 2056 accipirntein
3041 1988 3269 2042 Simonis
3298 1989 3432 2059 magi
3455 1987 3644 2040 crimen
3673 1987 3748 2038 in-

2241 2083 2410 2136 υυίυίῑ.

2170 2173 2348 2228 XXV.
2399 2174 2473 2226 De
2515 2175 2672 2226 sacris
2719 2174 2840 2226 locis
2881 2173 3074 2226 naviter
3102 2174 3372 2238 institutis,
3414 2173 3641 2243 quamvis
3668 2189 3750 2226 su-

2238 2267 2409 2335 perius
2436 2266 2626 2319 dictum
2656 2266 2740 2326 sit,
2774 2266 2869 2316 hoc
2891 2280 3021 2316 nunc.
3044 2274 3208 2317 tamen
3237 2265 3502 2334 adjicitur,
3537 2264 3751 2316 utnulla

2241 2355 2448 2408 basilica
2469 2357 2558 2406 sub
2577 2357 2929 2422 defunctorum
2943 2364 3233 2408 constructa
3253 2357 3455 2408 nomine
3475 2355 3748 2408 dedicetur.

2169 2444 2381 2499 XXVI.
2425 2447 2571 2510 Quod
2599 2447 2744 2515 nefas
2781 2450 2845 2499 sit
2875 2449 3090 2514 feminas
3120 2433 3560 2501 sacris‘altaribus
3601 2449 3751 2500 ruini-

2239 2545 2422 2600 strare,
2459 2535 2537 2589 vel
2565 2537 2762 2604 aliquid
2791 2553 2852 2590 ex
2892 2537 2970 2590 his
2999 2552 3112 2605 quce
3145 2538 3366 2591 virorum
3413 2551 3529 2592 sunt
3575 2539 3749 2608 ofﬁciis

2243 2633 2485 2699 deputata
2509 2646 2834 2699 prwsumere.

2175 2721 2421 2775 XXVII.
2471 2721 2622 2787 Quod
2664 2723 2716 2774 in
2753 2738 3050 2790 unaquaque
3103 2723 3314 2776 ecclesia
3360 2738 3438 2774 cui
3488 2722 3751 2791 episcopus

2246 2827 2446 2882 pra’est,
2479 2825 2582 2868 tam
2607 2817 2669 2868 de
2700 2815 2981 2870 redditibus
3013 2832 3169 2886 quam
3198 2817 3262 2870 de
3281 2817 3510 2884 fidelium
3534 2816 3750 2869 oblatio-

2237 2907 2384 2960 nibus
2430 2919 2649 2975 quatuor
2689 2907 2900 2960 debeant
2942 2908 3056 2976 fieri
3101 2909 3399 2978 portiones:
3442 2918 3497 2959 ut
3539 2923 3642 2960 una
3685 2909 3750 2958 sit

2236 2999 2482 3068 episcopi,
2514 2999 2618 3051 alia
2652 2998 2972 3059 clericorum,
3019 2999 3165 3052 tertia
3217 3009 3523 3067 pauperum,
3567 3007 3749 3066 quarta

2237 3089 2464 3142 ecclesiae
2493 3088 2699 3158 fabricis
2724 3087 3028 3159 applicetur.

2087 3187 2132 3250 (ζ
2165 3178 2445 3235 XXVIII.
2481 3181 2630 3246 Quod
2673 3180 2969 3250 episcopus,
3019 3181 3294 3250 presbyter,
3335 3188 3380 3234 et
3419 3179 3683 3241 diaconus,
3716 3195 3746 3228 a

2232 3288 2529 3343 quocunque
2578 3272 2759 3325 clerico
2810 3273 3051 3324 veraciter
3092 3271 3243 3338 fuerit
3272 3282 3559 3334 accusatus,
3610 3271 3747 3336 quod

2231 3366 2471 3419 diversus
2505 3365 2612 3418 lucc
2655 3365 2925 3417 constituta
2973 3363 3169 3431 fecerit,
3203 3372 3362 3428 potest
3395 3363 3501 3415 sine
3529 3361 3735 3414 dubita-

2235 3460 2368 3511 tione
2397 3455 2628 3526 percelli,
2655 3456 2734 3509 sui
2763 3456 2916 3509 etiam
2938 3456 3143 3507 honoris
3174 3455 3459 3525 periculum
3480 3456 3744 3524 episcopus

2233 3550 2511 3614 subiturus,
2539 3549 2584 3602 si
2612 3549 2720 3603 ἠως
2744 3549 2918 3603 omnia
2943 3549 3164 3602 ecclesia:
3195 3548 3448 3602 noscenda
3479 3548 3710 3600 tacuerit.

2235 3645 2255 3673 ³
2289 3641 2466 3696 CAPUT
2505 3657 2724 3695 ιιιηηωί.
2760 3641 3160 3694 —Neccssaria
3201 3655 3376 3694 rerum
3412 3640 3432 3670 ³
3469 3639 3746 3708 dispensa-

2165 3735 2309 3790 tione
2333 3734 2407 3806 [al
2434 3734 2793 3803 disputatione
2814 3733 2890 3788 vel
2905 3731 3275 3802 dispositione]
3306 3732 3744 3796 constringunt",

2167 3836 2221 3881 et
2246 3827 2554 3896 apostolicae
2581 3826 2723 3881 sedis
2751 3826 3112 3881 moderamine
3140 3825 3515 3890 convenimur;
3547 3825 3624 3879 sic
3648 3840 3743 3878 ca-

2170 3931 2372 3970 nonum
2409 3925 2748 3984 paternorum
2785 3917 2996 3971 decreta
3025 3915 3242 3980 librare,
3277 3923 3332 3969 et
3360 3924 3504 3968 retro
3545 3930 3746 3979 praesu-

2169 4006 2277 4060 lum
2301 4007 2750 4074 decessorumque
2793 4017 3096 4060 nostrorum
3131 4014 3393 4074 princepta
3445 4005 3643 4068 metiri,
3689 4015 3746 4059 ut

2168 4113 2286 4167 quae
2319 4097 2659 4167 praesentium
2709 4099 3000 4152 necessitas
3042 4106 3339 4166 temporum
3380 4095 3745 4162 restant-audis

2171 4189 2428 4244 Ecclesiis
2451 4190 2740 4244 relaxanda
2772 4189 3034 4258 deposcit,
3059 4189 3293 4243 adhibita
3316 4189 3743 4244 consideratione

2164 4279 2424 4351 diligenti,
2455 4290 2706 4351 quantum
2731 4288 2907 4351 potest
2931 4279 3068 4350 ﬁeri,
3094 4291 3481 4350 temperemus;
3515 4295 3618 4350 quo
3644 4293 3744 4334 nec

2164 4371 2217 4425 in
2250 4379 2421 4426 totum
2445 4369 2668 4426 formam
2703 4381 2940 4426 veterum
2981 4371 3261 4426 videamur
3297 4373 3558 4426 excedere
3589 4385 3744 4440 regu-

2165 4461 2360 4527 larum,
2385 4471 2439 4515 et
2463 4461 2773 4528 reparandis
2803 4461 3003 4515 militia:
3025 4461 3292 4515 clericalis
3319 4463 3511 4516 ofﬁciis
3540 4459 3743 4532 [supple

472 4556 519 4610 X
537 4556 597 4608 V.
646 4555 714 4610 Ut
733 4548 1061 4608 clericinulla
1076 4551 1274 4620 negotia
1298 4549 1584 4615 inhonesta,
1609 4568 1699 4606 nec
1727 4553 1894 4624 turpia
1917 4553 2058 4607 lucra
2092 4553 2141 4611 D
2167 4553 2530 4623 consulamus]
2552 4568 2668 4618 qua:
2693 4567 2789 4620 per
2822 4553 3064 4606 diversas
3094 4552 3258 4607 Italize
3291 4561 3470 4620 partes
3511 4554 3582 4606 ita
3617 4553 3741 4607 belli

545 4656 823 4700 sectentur.

471 4737 632 4792 XVI.
677 4737 744 4792 Ut
768 4752 913 4790 nemo
940 4735 1134 4789 litteras
1155 4751 1397 4801 nesciens,
1423 4734 1498 4789 vel
1529 4735 1698 4806 aliqua
1718 4748 1860 4806 parte
1879 4754 2060 4808 corpo-

541 4833 613 4885 ris
643 4837 884 4896 minutus,
906 4829 1211 4899 provehatur
1228 4830 1296 4882 ad
1324 4830 1537 4883 clerum.

477 4924 519 4978 Χ
540 4923 667 4978 VII.
718 4925 796 4978 De
816 4926 891 4978 bis
913 4925 995 4993 qui
1019 4925 1211 4991 seipsos
1240 4923 1559 4977 abscindunt.

476 5017 702 5073 XVIII.
747 5018 896 5084 Quod
936 5016 1004 5069 ad
1041 5015 1231 5069 clerum
1261 5015 1521 5068 criininosi
1556 5023 1804 5082 nequeant
1849 5031 2054 5084 pronio-

543 5108 666 5174 veri,
689 5119 735 5160 et
764 5109 819 5162 in
843 5108 976 5160 clero
1007 5106 1179 5174 positi,
1209 5105 1253 5157 si
1279 5105 1332 5157 in
1363 5103 1620 5173 aliquibus
1651 5107 1837 5174 fuerint
1865 5106 2052 5160 inventi

543 5201 771 5271 flagitiis,
797 5216 828 5252 a
856 5195 959 5252 suis
991 5197 1162 5267 officiis
1189 5203 1483 5250 arceantur.

471 5289 629 5345 XIX.
673 5290 822 5354 Quod
843 5289 1084 5342 dwmonis
1112 5289 1328 5356 aliisque
1354 5286 1673 5356 passiouibus
1703 5288 1912 5341 irretitis
1953 5288 2047 5341 mi-

541 5381 753 5435 nisteria
780 5395 926 5433 sacra
958 5387 1174 5431 tractare
1202 5393 1304 5432 non
1331 5378 1504 5432 liccat.

545 5539 559 5568 ³
591 5536 645 5590 In
677 5532 1034 5588 vetustissimo
1055 5533 1278 5587 Lucensi
1305 5532 1424 5588 cod.
1461 5547 1608 5587 num.
1641 5532 1746 5587 490
1777 5533 1876 5587 iste
1907 5533 2044 5585 tito--

472 5606 554 5660 lus
581 5608 656 5659 sit:
676 5614 982 5661 enuntiatur
1008 5622 1018 5655 :
1044 5599 1277 5656 Gelasius
1296 5605 1559 5673 episcopus
1582 5604 1827 5656 universis
1848 5603 2043 5660 episco-

472 5678 548 5746 pis
587 5693 674 5745 per
713 5690 1118 5746 unamquamque
1153 5673 1463 5744 provinciam
1503 5673 2038 5746 constitutis.__bl.mSI.

540 5748 561 5778 ²
587 5743 793 5800 Citatur
815 5743 923 5800 et:
952 5743 1172 5801 Nicolao
1206 5759 1338 5816 papa
1371 5746 1422 5797 in
1447 5748 1609 5811 epist.
1637 5746 1670 5798 8
1697 5743 1762 5798 ad
1805 5743 2037 5798 Michae-

2162 4644 2424 4714 lamisque
2445 4642 2465 4673 ‘
2489 4644 2816 4712 consumpsit
2842 4643 3097 4712 incursio,
3128 4653 3184 4697 ut
3215 4643 3267 4696 in
3290 4643 3470 4696 multis
3499 4643 3742 4699 ecclesiis

2164 4735 2328 4804 (sicut.
2356 4734 2534 4788 fratris
2559 4745 2610 4788 et
2633 4734 2936 4804 coepiscopi
2970 4734 3138 4790 nostri
3167 4734 3386 4790 Joannis
3419 4735 3743 4790 Ravennatis

2167 4825 2422 4880 Ecclesia:
2442 4825 2756 4891 sacerdotis,
2782 4825 3046 4896 frequenti
3076 4826 3338 4881 relatione
3355 4824 3739 4898 comperimus)

2165 4932 2547 4988 usquequaque
2573 4918 2852 4974 deficiente
2871 4919 3090 4974 servitio
3123 4918 3484 4974 ministrorum
3505 4917 3601 4990 [αι.
3634 4921 3739 4972 ιιιὶ-

2163 5009 2525 5080 nisteriornm']
2557 5009 2578 5040 ⁵
2600 5009 2700 5065 nisi
2725 5010 3043 5066 remittendo
3063 5010 3332 5080 paulisper
3360 5008 3739 5065 ecclesiasticis

2158 5105 2580 5176 promotionibus
2596 5106 2886 5176 antiquitus
2900 5103 3172 5158 intervalla
3191 5102 3411 5171 praefixa
3427 5111 3740 5157 remaneant

2159 5196 2298 5266 (sine
2319 5197 2513 5265 quibus
2542 5197 2921 5251 administrare
2952 5192 3241 5264 nequeant)
3265 5192 3434 5247 sacris
3462 5193 3739 5248 ordinibus

2157 5287 2408 5344 Ecclesia:
2431 5288 2667 5343 funditus
2681 5288 2944 5343 dCSIilultP
2959 5303 2973 5350 ;
2987 5296 3146 5355 atque
3169 5285 3222 5339 in
3239 5285 3481 5354 plurimis
3495 5287 3627 5340 locis
3641 5301 3736 5356 per

2158 5378 2387 5448 inOpiam
2408 5379 2762 5447 competentis
2779 5377 2979 5442 auxilii,
2998 5377 3230 5434 salutare
3259 5377 3552 5434 subsidium
3586 5377 3733 5434 redi-

2150 5531 2252 5586 letn
2283 5525 2679 5596 imperatorem.
2714 5530 2980 5586 “sanum.

2223 5599 2244 5630 ³
2273 5599 2405 5652 Cod.
2441 5599 2594 5664 Lttc..
2626 5601 2972 5668 dispositione.

2221 5668 2339 5740 fld.
2370 5671 2514 5732 cod.,
2549 5672 2931 5740 consumpserit.

2221 5739 2241 5769 '
2274 5740 2351 5792 ld.
2383 5741 2527 5806 cod.,
2559 5743 2651 5795 nit.
