4120 6186
370 303 438 355 49
1563 290 1914 346 Ei'lSTOLE
1957 290 2040 344 ET
2081 288 2415 343 DECIKETA.
3553 285 3622 339 50

371 415 684 468 merularum
711 411 845 464 desit
870 409 1199 463 animarum:
1234 420 1435 474 nosque
1459 419 1648 472 magno
1670 414 1850 467 reatu,
1901 403 1944 456 si
1977 417 2025 472 Α
2055 401 2304 470 rogandis
2340 412 2601 451 canonum
2627 406 2964 463 paternorum
2995 405 3147 449 vetus
3169 395 3333 448 forma
3361 404 3618 448 servetur.

372 519 518 559 tanto
556 510 866 558 coarctante
903 500 1157 570 periculo,
1193 512 1300 551 non
1350 495 1684 564 aliquatenus
1717 496 1731 524 '
1761 495 1944 549 videa-

371 614 489 650 nmr
515 595 736 648 innecti.

440 683 574 736 Car.
601 682 660 735 II.
687 709 756 718 -—
782 677 979 732 Priscis
1009 675 1167 744 igitur
1190 689 1283 738 pro
1304 673 1382 727 sui
1407 671 1701 725 reverentia
1733 684 1950 723 manen-

371 775 514 827 tilias
539 773 869 832 constitutis;
905 783 1045 836 quze,
1076 766 1164 820 ubi
1193 765 1332 818 nulla
1358 765 1442 818 vel
1477 778 1659 816 rerum
1689 762 1774 815 vel
1817 770 1952 815 tem--

371 880 559 934 porum
593 869 834 928 perurget
863 858 1126 926 angustia,
1154 856 1468 924 regulariter
1489 853 1741 906 convenit
1769 861 1950 905 custo-

372 957 510 1019 dire,
537 971 567 1009 e
587 964 759 1006 uenus
801 949 1042 1006 ecclesiis
1071 963 1191 1017 qua;
1219 947 1299 1000 vel
1330 946 1541 1000 cunctis
1569 952 1694 998 sunt
1732 945 1948 1013 privatze

375 1044 653 1109 ministris,
669 1043 748 1097 vel
761 1041 1148 1096 sufficientibus
1164 1053 1328 1106 usque
1340 1037 1473 1091 adeo
1487 1035 1777 1105 dispoliattr
1791 1033 1950 1088 servi-

372 1139 486 1202 tiis,
504 1148 556 1190 ut
578 1135 817 1206 plebibus
834 1134 900 1186 ad
921 1132 1378 1200 sepertinentibus
1396 1129 1569 1182 divina
1590 1142 1810 1180 munera
1827 1141 1947 1193 sup-

374 1231 527 1296 plere
556 1244 659 1280 non
686 1230 919 1291 valeant,
950 1235 1058 1278 tam
1096 1231 1120 1261 ι
1148 1222 1385 1276 intuendi
1416 1237 1573 1289 quam
1604 1217 1949 1287 promovendi

371 1318 636 1383 clericalis
656 1316 899 1386 obsequii
921 1316 1000 1368 sic
1021 1314 1188 1384 spatia
1206 1310 1564 1382 dispensanda
1583 1309 1945 1365 concedimus.

408 1440 417 1448 -
447 1410 518 1465 Ut
541 1411 587 1463 si
616 1409 736 1478 quis
763 1407 921 1462 etiam
945 1406 1012 1460 de
1038 1404 1291 1473 religioso
1321 1402 1614 1472 proposito,
1644 1408 1698 1453 et
1717 1400 1950 1469 discipli-

370 1501 458 1556 nis
514 1498 978 1555 monasterialibns
1033 1495 1300 1560 eruditus,
1352 1494 1417 1548 ad
1472 1493 1719 1548 clericale
1759 1505 1950 1545 munus

366 1593 620 1658 accedat,
647 1590 909 1659 imprimis
945 1589 1062 1657 ejus
1091 1589 1194 1641 vita
1239 1586 1521 1656 prmteritis
1551 1593 1664 1640 acta
1700 1583 1948 1652 tempori-

369 1683 473 1739 bus
497 1685 812 1754 inquiratnr,
838 1681 881 1736 si
917 1680 1062 1736 nullo
1091 1679 1236 1750 gravi
1269 1678 1505 1732 facinore
1535 1676 1788 1746 probatur
1816 1673 1950 1729 infe-

2052 494 2162 548 Nec
2191 503 2378 546 contra
2417 505 2512 545 eos
2540 490 2642 543 ulla
2674 490 2878 543 ratione
2908 489 3208 558 przcvalcat,
3240 486 3377 555 quod
3407 500 3503 553 pro
3531 499 3621 536 ac-

2053 583 2281 638 cidentis
2312 583 2550 636 defectus
2590 581 2829 634 remedio
2857 578 3183 648 providetur,
3219 594 3322 631 non
3369 578 3623 630 adversus

2050 674 2184 729 scita
2213 673 2473 738 majorum
2507 687 2640 724 nova
2686 671 2800 739 lege
2824 670 3176 739 proponitur:
3209 669 3416 721 ca-teris
3442 667 3619 721 eccle-

2049 767 2141 821 siis
2186 767 2252 821 ab
2293 765 2391 818 hac
2441 763 2720 820 occasione
2748 762 3108 829 cessantibus,
3148 777 3276 830 quas
3309 777 3413 813 non
3460 759 3619 813 simili

2049 856 2201 912 clade
2255 864 2506 921 vastatas,
2559 855 2835 924 pristinam
2889 852 3145 908 faciendis
3197 851 3622 906 ordinationibus

2050 949 2299 1003 Convenit
2325 957 2510 1003 tenere
2532 948 2871 1002 sententiam.
2900 947 3016 1012 Quo
3045 945 3212 1013 magis
3243 946 3340 996 hac
3369 951 3622 1011 opportu-

2051 1043 2219 1096 nitate
2261 1041 2594 1104 commoniti,
2627 1040 3020 1094 observantiam
3065 1037 3489 1090 venerandorum
3534 1048 3623 1086 ca-

2052 1147 2249 1185 nonum
2284 1131 2600 1200 propensius
2631 1130 2959 1198 delegamus,
3011 1128 3336 1196 singulorum
3360 1124 3620 1194 graduum

2053 1225 2415 1278 Conscientias
2445 1223 2819 1288 admonentes,
2852 1237 2919 1276 ne
2949 1224 3000 1275 in
3039 1220 3251 1276 illicitos
3276 1232 3624 1288 prorumpere

2050 1317 2335 1369 moliantur
2356 1329 2634 1370 excessus.

2121 1407 2227 1462 Nec
2255 1408 2337 1460 fas
2354 1421 2471 1461 esse
2494 1405 2729 1460 confidat
2757 1405 2981 1474 quisque
3012 1403 3342 1474 pontificum,
3362 1403 3619 1471 bigamos,

2049 1508 2139 1554 aut
2166 1499 2408 1568 conjugia
2456 1514 2495 1554 se
2521 1500 2744 1553 rtientes
2774 1497 2842 1551 ab
2871 1499 2990 1551 aliis
3020 1497 3295 1561 derelicta,
3329 1498 3440 1550 sive
3467 1509 3625 1564 quos-

2049 1591 2174 1645 libet
2205 1591 2225 1621 ⁸
2255 1590 2626 1660 ρωηξιοιιιίυιιι
2658 1589 2753 1662 [αι.
2784 1598 2901 1658 post
2953 1585 3369 1658 ptenitentiam],
3401 1587 3482 1638 vel
3509 1586 3626 1639 sine

2049 1682 2261 1747 litteris,
2277 1681 2359 1736 vel
2382 1696 2607 1749 corpore
2625 1682 2834 1735 vitiatos
2853 1680 2946 1751 [αι.
2967 1678 3242 1749 minutos],
3257 1679 3340 1732 vel
3359 1676 3624 1732 conditio-

367 1786 512 1838 ειυς,
538 1778 578 1828 si
600 1773 890 1829 secundum
922 1789 1022 1828 non
1057 1770 1493 1827 habuitfortassis
1523 1785 1762 1832 uxorem.
1792 1783 1892 1822 nec
1917 1783 1945 1822 a
1979 1773 2024 1832 Β
2053 1774 2254 1839 narios,
2273 1772 2539 1827 autcuriae
2555 1771 2992 1842 publicarumque
3011 1786 3190 1824 rerum
3211 1769 3430 1822 nexibus
3450 1768 3624 1835 impli-

371 1867 572 1920 niatito
621 1866 860 1920 relictam
934 1862 1027 1934 [αι.
1088 1861 1365 1933 rejectam]
1425 1861 1642 1915 sortitus
1708 1859 1945 1914 ostendi-

368 1965 492 2019 tor;
527 1955 569 2007 si
598 1955 964 2019 pceoitentiam
1021 1951 1286 2023 publicam
1332 1951 1575 2007 fortassis
1616 1964 1719 2003 non
1761 1949 1943 2018 gessit,

370 2063 473 2100 nec
504 2046 611 2099 ulla
641 2048 881 2114 corporis
912 2055 1060 2113 parte
1103 2043 1312 2097 vitiatus
1363 2049 1616 2110 apparet;
1670 2042 1712 2094 si
1763 2039 1944 2094 servili

369 2147 465 2190 aut
493 2131 806 2205 originariai
827 2151 930 2188 non
953 2144 1035 2189 est
1060 2134 1354 2188 conditioni
1379 2133 1674 2196 obnoxius;
1717 2132 1761 2185 si
1785 2131 1946 2185 curia:

368 2229 478 2299 jam
509 2228 600 2299 [aL
626 2227 809 2298 etiam]
830 2227 1082 2296 probatur
1117 2229 1340 2281 nexibus
1369 2225 1673 2289 absolutus;
1720 2225 1764 2278 si
1795 2237 1945 2278 asse-

369 2329 529 2372 cutus
576 2327 662 2373 est
708 2317 932 2380 litteras,
965 2319 1081 2371 sine
1129 2317 1320 2386 quibus
1351 2316 1436 2370 vix
1471 2314 1711 2369 fortassis
1748 2315 1947 2369 estiarii

371 2410 548 2478 poSsit
589 2408 812 2477 implere
840 2408 1190 2462 ministerium
1226 2426 1240 2462 :
1273 2416 1327 2460 ut
1356 2407 1401 2461 si
1442 2407 1525 2461 his
1554 2407 1801 2461 omnibus
1831 2421 1949 2474 qua:

368 2510 498 2555 sunt
529 2501 778 2570 praedicta
815 2500 1053 2564 fulcitur,
1091 2501 1343 2554 continuo
1366 2498 1552 2562 lector,
1578 2498 1659 2551 vel
1689 2497 1945 2561 notarius,

370 2601 464 2646 aut
493 2603 638 2646 certe
661 2591 911 2646 defensor
939 2591 1182 2651 effectus,
1211 2601 1329 2659 post
1369 2598 1478 2644 tres
1517 2604 1728 2644 menses
1756 2589 1952 2642 existat

369 2683 677 2753 acolythus,
720 2683 950 2735 maxime
972 2681 1018 2735 si
1072 2680 1195 2734 huic
1225 2693 1353 2733 tetas
1391 2678 1550 2733 etiam
1600 2678 1948 2746 sulfragatur;

371 2782 528 2827 sexto
551 2786 733 2826 mense
762 2771 1068 2825 subdiaconi
1092 2785 1284 2824 nomen
1308 2769 1559 2838 accipiat;
1606 2783 1669 2822 ac
1691 2768 1734 2822 si
1770 2767 1953 2820 mode-

373 2873 477 2918 sta:
524 2862 950 2916 cenversationis
1000 2861 1345 2929 honesta-que
1396 2860 1681 2914 voluntatis
1731 2856 1951 2924 existit,

375 2971 523 3009 nuoo
544 2968 726 3008 mense
747 2954 1022 3018 diaconus,
1059 2953 1432 3021 completoque
1469 2965 1610 3004 anno
1639 2950 1707 3004 sil
1730 2949 1952 3020 presby-

329 3069 334 3071 ·
375 3056 462 3100 ter
485 3063 498 3098 :
518 3046 600 3100 cui
626 3056 820 3110 tamen,
849 3044 988 3115 quod
1015 3059 1275 3098 annorum
1311 3043 1590 3097 interstitia
1613 3041 1953 3096 fuerantcol—

2044 1873 2319 1931 catos,ant
2341 1866 2535 1931 passim
2556 1864 2693 1938 nulla
2715 1865 2970 1931 temporis
2993 1861 3335 1932 congruentis
3352 1870 3623 1929 exspeeta-

2047 1957 2190 2010 tione
2211 1955 2502 2016 discussos,
2523 1955 2715 2008 divinis
2728 1953 3019 2008 servituros
3035 1952 3303 2022 applicare
3323 1951 3621 2022 mysteriis;

2048 2061 2221 2115 neque
2262 2059 2359 2115 pro
2395 2060 2492 2097 suo
2517 2045 2664 2097 Iibitn
2690 2047 2808 2110 jura
2831 2044 3078 2097 studeant
3108 2045 3280 2096 aliena
3313 2047 3622 2109 pervadere,

2047 2139 2246 2204 absque
2274 2137 2417 2191 sedis
2444 2136 2748 2205 apostolica:
2766 2136 2907 2204 justa
2937 2133 3284 2202 dispositione
3317 2133 3618 2186 mandante.

2121 2227 2248 2283 Car.
2276 2227 2364 2281 iV.
2393 2257 2464 2267 -—-
2490 2227 2741 2280 Basilicas
2774 2226 2980 2278 noviter
3011 2223 3280 2278 in~titutas
3308 2240 3409 2277 non
3445 2222 3624 2289 petitis

2051 2335 2117 2373 ex
2178 2334 2333 2372 more
2360 2318 2380 2348 ⁸
2412 2315 2881 2386 ριέοςεριίοιιὶῢιιε,
2913 2316 3160 2369 dedicare
3215 2330 3319 2368 non
3370 2314 3650 2376 audeant“

2051 2428 2149 2467 nec
2191 2411 2430 2464 ambiant
2458 2411 2693 2480 episcopi
2725 2409 2939 2464 sibimet
2984 2406 3256 2463 vindicare
3279 2406 3507 2460 clericos
3529 2420 3624 2473 pn-

2051 2505 2255 2558 testatis
2275 2503 2483 2556 alicuze.

2122 2593 2252 2647 CAP.
2287 2591 2352 2647 ν.
2383 2622 2452 2632 -
2481 2591 2822 2660 Baptizandis
2849 2589 3333 2660 consignandisque
3382 2589 3625 2643 fidelibus

2061 2683 2370 2738 sacerdotes
2416 2683 2584 2751 pretia
2624 2682 2768 2736 nulla
2815 2681 3110 2750 prmﬁgaut,
3159 2696 3258 2735 nec
3303 2679 3626 2734 illationibus

2053 2777 2375 2847 quibuslibet
2418 2776 2681 2845 impositis
2707 2774 2976 2842 exagitare
3003 2774 3217 2840 cupiant
3246 2781 3583 2825 renascentes
3611 2787 3623 2822 :

2053 2867 2304 2937 quoniam
2335 2866 2473 2934 quod
2497 2867 2661 2934 gratis
2693 2865 3017 2932 accepimus,
3049 2865 3216 2933 gratis
3246 2863 3373 2916 dare
3398 2861 3618 2915 manda-

2057 2973 2177 3010 mur
2227 2955 2439 3025 (Matth.
2473 2954 2546 3024 ι).
2605 2955 2670 3008 Ει
2725 2955 2845 3008 ideo
2875 2953 3005 3007 nihil
3033 2969 3060 3006 a
3095 2951 3362 3021 prtedictis
3410 2963 3626 3018 prorsus

2057 3049 2271 3116 exigere
2300 3045 2728 3113 moliantur.quo
2749 3045 2831 3098 Vel
2861 3051 3168 3110 paupertate
3191 3052 3414 3111 cogente
3444 3042 3544 3094 det-
3569 3055 3622 3093 r-

376 3139 588 3202 latura,
639 3141 804 3191 sancti
856 3137 1113 3207 propositi
1166 3145 1355 3205 sponte
1401 3143 1646 3204 suscepta
1702 3131 2026 3191 doceaturC
2059 3137 2169 3204 riti,
2226 3137 2311 3191 vel
2356 3135 2721 3205 indignatione
2769 3135 3034 3199 revocati,
3092 3133 3477 3201 redemptionis
3510 3145 3622 3184 sua:

378 3229 692 3298 przcstitisse
715 3228 942 3282 devotio.

451 3319 473 3349 ³
511 3319 640 3372 CAP.
681 3318 766 3372 Ill.
796 3349 868 3359 —
894 3319 947 3374 Si
979 3334 1103 3373 vero
1126 3317 1193 3372 de
1219 3318 1368 3372 laicis
1412 3318 1672 3386 quispiam
1703 3317 1956 3371 ecclesia-

378 3409 529 3465 sticis
576 3418 661 3463 est
707 3409 1074 3479 aggregandus
1104 3409 1316 3472 officiis,
1367 3421 1514 3462 tanto
1567 3408 1852 3462 sollicitius
1901 3409 1954 3461 in

378 3499 628 3569 singulis,
659 3516 777 3566 quae
799 3501 1044 3568 superius
1071 3504 1458 3567 comprehensa
1483 3508 1625 3562 sunt,
1651 3497 1956 3566 ltujusmodi

377 3589 531 3642 decet
560 3591 853 3643 examinari
899 3605 1201 3658 personam,
1246 3599 1505 3657 quantum
1563 3588 1709 3642 inter
1737 3589 1958 3640 munda-

378 3695 503 3734 nam
557 3681 966 3750 religiosamqne
1016 3682 1174 3734 vitam
1197 3689 1407 3735 constat
1448 3696 1567 3734 esse
1596 3679 1954 3733 discriminis:

379 3770 504 3839 quia
541 3770 721 3840 utique
772 3773 1140 3826 convenientia
1190 3773 1434 3827 ecclesia:
1480 3773 1774 3826 ministeria
1805 3785 1960 3839 repa-

379 3861 550 3914 randa
582 3871 726 3926 sunt,
751 3877 853 3915 noo
885 3863 1386 3917 incom'enicntibus
1417 3862 1954 3931 meritisingerenda;

379 3961 641 4021 tantoque
668 3953 856 4022 magis,
884 3955 1023 4023 quod
1054 3953 1224 4008 sacris
1247 3964 1426 4022 aptum
1458 3953 1624 4020 possit
1642 3967 1762 4008 esse
1789 3953 1956 4006 servi—

380 4045 495 4109 tiis,
555 4046 608 4098 in
663 4061 846 4099 eorum
884 4045 1231 4114 quaerendum
1262 4054 1345 4099 est
1393 4045 1667 4108 institutis,
1700 4054 1956 4112 quantum

380 4134 479 4206 [αι.
516 4136 736 4209 quanto]
765 4139 833 4192 de
858 4146 1098 4207 tempore
1120 4154 1225 4207 quo
1248 4137 1588 4193 fuerantbaec
1625 4135 1956 4205 assequenda
2023 4150 2027 4155 '

377 4227 716 4293 decerpitur:
736 4237 793 4282 ut
820 4245 1024 4283 tuorum
1053 4229 1252 4284 habere
1282 4229 1534 4283 doceatur
1561 4229 1662 4284 hoc
1695 4229 1950 4298 prob:tas,

377 4318 530 4388 quod
561 4318 813 4386 prolixior
840 4320 1169 4374 consuetudo
1198 4335 1305 4373 non
1346 4320 1606 4382 contulit;
1645 4335 1710 4374 ne
1739 4335 1835 4387 per
1865 4334 1956 4372 oc-

379 4411 662 4463 casionem
711 4412 1016 4480 supplenda:
1057 4412 1291 4480 penuriae
1328 4413 1593 4466 clericalis
1622 4414 1747 4465 vitia
1779 4415 1954 4481 potius

2055 3245 2245 3284 causas
2275 3229 2422 3283 adire
2447 3229 2779 3296 despiciant;
2808 3237 3011 3282 certum
3044 3226 3301 3280 habentes
3343 3224 3483 3293 quod
3531 3225 3620 3291 qui

2059 3322 2319 3390 prohibita
2351 3321 2670 3390 deprehensi
2719 3321 2917 3374 fuerint
2943 3320 3243 3380 admisisse.
3271 3319 3352 3372 vel
3374 3315 3622 3372 commis-

2057 3428 2113 3467 sa
2141 3429 2244 3466 non
2264 3413 2439 3480 potius
2456 3426 2549 3466 sua
2569 3420 2759 3480 sponte
2779 3411 3131 3474 correxerint,
3160 3408 3452 3479 periculum
3483 3407 3624 3461 subi-

2061 3506 2163 3558 turi
2194 3503 2389 3572 proprii
2419 3504 2525 3558 sint
2549 3503 2787 3558 honoris.

2129 3597 2256 3651 CAP.
2291 3595 2376 3648 \‘l.
2419 3624 2479 3635 -—
2509 3595 2616 3648 Nec
2658 3593 2835 3650 minus
2886 3594 3044 3647 etiam
3091 3592 3429 3662 presbyteros
3493 3591 3629 3645 ultra

2061 3691 2277 3742 modum
2321 3703 2474 3742 suum
2519 3687 2740 3741 tendere
2771 3686 3155 3756 prohibemus;
3204 3699 3300 3739 nec
3341 3683 3630 3753 episcopali

2059 3782 2265 3849 fastigio
2291 3780 2464 3834 debita
2493 3779 2704 3833 sibimet
2726 3779 2979 3832 audacter
3000 3791 3275 3832 assumere
3303 3792 3318 3828 :
3352 3791 3458 3828 non
3488 3791 3623 3827 con-

2061 3871 2272 3926 ficiendi
2301 3869 2643 3930 chrismatis,
2694 3884 2798 3922 non
2843 3866 3267 3937 consignationis
3313 3865 3631 3935 pontificalis

2060 3962 2377 4016 adhibenda;
2407 3959 2873 4026 sibimetarripere
2903 3957 3240 4021 facultatem;
3270 3972 3373 4009 non
3399 3970 3632 4024 praesen-

2057 4063 2110 4109 te
2136 4055 2373 4122 quolibet
2396 4053 2654 4114 antistite,
2683 4051 2783 4104 nisi
2816 4051 3040 4104 fortasse
3061 4050 3366 4118 jnbeantur,
3395 4047 3477 4100 vel
3505 4061 3630 4098 ora-

2059 4145 2237 4209 tionis,
2269 4145 2350 4198 vel
2381 4145 2603 4197 actionis
2632 4157 2799 4196 sacra:
2837 4141 3145 4210 supplenda:
3173 4139 3274 4192 sibi
3307 4149 3631 4206 prtcsumant

2055 4251 2176 4292 esse
2207 4237 2505 4298 licentiam;
2533 4249 2703 4301 neque
2723 4233 2823 4287 sub
2860 4232 2974 4300 ejus
2999 4240 3238 4300 aspectu,
3281 4231 3379 4284 nisi
3407 4229 3632 4298 jubean-

2025 4333 2029 4337 ’
2057 4339 2163 4392 tor,
2184 4335 2273 4379 aut
2294 4325 2484 4379 sedere
2513 4332 2856 4392 praesmnant,
2884 4330 2976 4375 aut
2999 4324 3020 4354 "
3044 4321 3338 4375 veneranda
3356 4323 3449 4392 [αι.
3475 4337 3634 4374 vene-

2059 4415 2271 4487 rabilia]
2309 4426 2538 4469 tractare
2569 4413 2838 4484 mysteria.
2882 4412 2992 4468 Nec
3011 4414 3110 4466 sibi
3159 4413 3500 4466 meminetint
3527 4413 3632 4464 nlla

379 4499 580 4554 divinis
603 4501 830 4556 cultibus
857 4503 1096 4556 intulisse
1112 4502 1462 4571 ‘jndicentur,
1478 4518 1582 4557 non
1609 4502 1726 4571 legit
1740 4505 1858 4557 una:
1877 4504 1952 4556 fa-

2067 4511 2271 4564 ratione
2299 4508 2540 4571 concedi,
2564 4509 2680 4561 sine
2709 4521 2920 4561 summo
2951 4508 3220 4576 ponlilice,
3253 4505 3632 4558 snbdiaconnni

375 4594 546 4648 milia:
590 4605 963 4663 computentur
994 4609 1306 4664 procurasse
1354 4595 1703 4664 compendia;
1731 4610 1955 4663 quorum

375 4685 808 4754 promotionibus
833 4700 991 4754 super
1015 4685 1136 4739 anni
1170 4694 1360 4748 metas,
1402 4700 1497 4740 sex
1528 4700 1741 4740 menses
1766 4685 1954 4738 nihilo-

375 4775 562 4827 minus
588 4775 938 4844 snbrogamus
962 4790 977 4829 ε
1003 4775 1276 4844 quoniam,
1323 4777 1463 4830 sicut
1488 4775 1689 4830 dictum
1722 4785 1826 4840 est,
1875 4776 1956 4830 di-

373 4874 524 4917 stare
551 4868 800 4919 convenit
823 4867 960 4921 inter
984 4882 1288 4936 personam,
1321 4867 1504 4922 divino
1525 4868 1688 4922 cultui
1717 4868 1948 4922 deditam

373 4967 436 5010 et
455 4957 524 5010 de
557 4958 808 5012 laicorntn
839 4961 1243 5014 conversatione
1266 4961 1595 5024 venientem;
1625 4975 1744 5029 qua:
1776 4970 1952 5015 tamen

372 5057 606 5102 eatenus
633 5050 950 5118 indulgenda
976 5051 1319 5112 credidimus,
1348 5061 1407 5104 ut
1436 5051 1542 5106 illis
1567 5053 1811 5106 ecclesiis
1837 5055 1954 5121 qui-

375 5139 484 5190 bus
507 5140 848 5195 infe-statione
870 5141 1126 5196 bellorum
1152 5143 1229 5197 vel
1247 5143 1391 5195 nulla
1416 5143 1643 5210 penitus,
1665 5144 1744 5197 vel
1761 5143 1953 5211 exigua

372 5242 786 5297 remanserunt,
838 5233 1130 5288 ministeria
1174 5246 1518 5301 renoventur,
1565 5244 1823 5304 quatenus
1873 5237 1956 5291 liis

372 5318 494 5374 Deo
528 5322 755 5389 propitio
785 5325 1061 5386 restitutis,
1091 5327 1142 5380 in
1164 5326 1539 5382 ecclesiasticis
1559 5327 1812 5396 gradibus
1827 5330 1953 5384 sub.

453 5475 472 5504 ³
505 5471 581 5525 Id.
615 5475 758 5538 cod.,
795 5480 1134 5536 consulamus.

457 5545 477 5626 ξ
610 5547 753 5606 cod.,
780 5552 1093 5626 instituendi.

457 5612 478 5643 ³
508 5615 710 5668 (litatur
737 5635 764 5667 a
818 5619 1032 5672 Nlctvlzto
1062 5639 1189 5688 papa
1221 5624 1271 5675 in
1318 5622 1471 5688 epist.
1498 5621 1531 5672 2
1561 5624 1623 5674 ad
1647 5623 1956 5678 Micltaeletn

370 5688 752 5753 itop..t.auetsi
772 5691 1009 5756 qutttttlattt
1036 5694 1100 5744 itii
1127 5693 1194 5745 ah
1213 5698 1325 5746 istis
1339 5693 1666 5762 discrepant.
1697 5697 1956 5750 "annuis.

2060 4610 2151 4655 aut
2182 4599 2582 4669 acolythumjus
2606 4598 2800 4652 habere
2816 4597 3071 4663 faciendi;
3107 4612 3204 4650 nec
3223 4611 3441 4664 prorsus
3464 4596 3633 4649 addu-

2062 4692 2254 4757 bitent,
2273 4692 2316 4746 si
2339 4693 2626 4762 quidquam
2643 4691 2705 4744 ad
2721 4691 3026 4758 episcopale
3043 4690 3396 4743 ministerium
3426 4689 3632 4758 specia-

2059 4786 2180 4840 liter
2212 4785 2482 4852 pertinens
2532 4796 2630 4835 suo
2681 4792 2826 4834 motu
2877 4780 3179 4849 putaverint
3210 4779 3631 4848 cxst-qnendum,

2061 4875 2312 4930 continuo
2361 4888 2419 4928 se
2470 4871 2786 4942 presbyterii
2816 4871 3068 4941 dignitate
3097 4880 3151 4924 et
3200 4884 3350 4926 sacra
3397 4883 3637 4922 commu-

2061 4968 2220 5021 nione
2265 4965 2482 5034 privari.
2525 4964 2676 5029 Quod
2710 4963 2822 5016 fieri
2851 4975 3069 5016 necesse
3099 4970 3180 5014 est
3226 4974 3556 5025 censeamus,
3591 4961 3636 5014 si

2059 5072 2243 5111 eorum
2275 5056 2506 5125 prresule
2537 5054 2832 5117 deferente,
2858 5051 3161 5121 hujusmodi
3197 5050 3358 5106 fuerit
3387 5050 3638 5120 pratvari-

2059 5150 2198 5202 catio
2229 5149 2325 5220 [ιιι.
2353 5145 2714 5217 prwsut'nptio]
2760 5145 3128 5214 comprobata,
3177 5160 3275 5199 nec
3304 5145 3424 5214 ipso
3451 5156 3635 5198 eorum

2061 5239 2325 5308 episcopo
2361 5255 2388 5290 a
2415 5239 2566 5305 culpa
2585 5237 2942 5290 conniventite
2975 5245 3030 5289 et
3059 5237 3256 5290 ultione
3283 5247 3552 5300 vacatuto,
3593 5235 3634 5287 si

2062 5330 2416 5384 immoderata
2460 5328 2740 5384 facientem
2768 5327 3184 5383 dissimulaverit
3208 5327 3495 5384 vindicare.

2155 5482 2174 5556 ξ
2200 5483 2260 5556 _|t_t
2289 5481 2410 5556 cod.
2439 5483 2567 5537 an.
2600 5484 2746 5538 deest
2771 5487 3081 5556 jttdicctnur.

2145 5554 2164 5582 ⁸
2199 5553 2272 5603 Id.
2299 5554 2441 5615 cod.,
2468 5567 2576 5622 post
2601 5553 2960 5622 posniténtt'am.

2147 5625 2166 5695 ξ
2196 5624 2332 5695 Infra
2355 5638 2471 5695 cap.
2505 5627 2593 5682 :25,
2628 5635 2878 5695 prﬂ‘t‘t’plo
2904 5628 3036 5681 sedis
3053 5625 3357 5695 apostolicae.

2149 5692 2164 5718 '
2199 5694 2330 5746 Cod.
2362 5693 2489 5747 Luc.
2520 5696 2646 5761 490,
2675 5692 2996 5751 rettci'abt'lia.
