4098 6172
440 293 506 345 Μ’
1793 288 2032 342 CELASI

2135 289 2303 343 ἈΡᾸΞ
2339 290 2358 346 Ι
3628 301 3701 354 5'3

509 407 635 459 (lite.
664 405 770 461 VII.
802 435 869 443 —
890 400 1151 458 Diacooos
1181 417 1390 473 quoque
1418 405 1685 471 propriam
1731 406 2012 459 constitui-
2043 408 2091 463 A
2130 408 2212 461 illa
2258 418 2437 463 tamen
2469 426 2510 462 s'
2534 419 2585 464 nt
2620 426 2938 481 magnopere
2978 415 3342 481 prmcavenda,
3372 432 3487 485 qum
3534 420 3696 484 recipi

442 515 559 552 mus
614 512 834 552 servare
886 511 1208 557 menSuram.
1264 511 1362 550 nec
1417 499 1546 550 ultra
1582 506 1818 551 tenerent
1861 497 2007 569 (Nic.

444 607 527 645 xvi
554 591 591 659 ι)
623 590 855 658 paternis
880 587 1172 644 canouibus
1203 589 1509 658 deputatum
1534 590 1800 660 quippiam
1834 600 2010 643 tenta-

442 698 500 735 re
533 678 1068 748 permittimus;uiltil
1100 695 1280 734 eorum
1320 682 1528 748 penitus
1569 696 1666 734 suo
1708 681 2013 734 ministerio

442 772 732 838 applicare,
760 786 877 839 quae
906 770 1090 840 primis
1113 771 1386 826 ordinibus
1413 773 1624 839 ιιτοιιιὶθ
1653 772 1889 825 decrevit
1919 788 2014 825 au-

444 864 678 933 tiquitas.
727 863 941 931 Absque
982 864 1235 931 episcopo
1268 865 1353 917 vel
1393 864 1704 933 presbytero
1747 864 2015 931 baptizare

444 974 549 1011 non
598 956 851 1024 audeant,
880 957 1002 1023 nisi,
1034 958 1302 1025 prtedictis
1334 957 1559 1011 fortasse
1583 956 1774 1010 officiis
1807 957 2017 1025 longius

444 1050 772 1115 constitutis,
817 1050 1108 1104 necessitas
1145 1060 1383 1105 extrema
1433 1051 1740 1119 compellat.
1782 1050 1931 1116 Quod
1965 1057 2019 1102 et

447 1141 598 1196 Iaicis
619 1141 936 1197 Christianis
965 1142 1140 1197 facere
1174 1143 1485 1211 plerumque
1511 1143 1838 1197 conceditur.

516 1234 646 1287 Car.
678 1232 810 1287 VIII.
839 1264 908 1273 —
932 1233 1045 1286 Non
1072 1234 1122 1285 in
1151 1233 1477 1302 presbyterio
1502 1233 1757 1293 residere.
1787 1246 1906 1287 eum
1938 1230 2021 1285 di-

448 1327 566 1379 vina
590 1326 945 1387 celebrantur,
974 1326 1056 1378 vel
1080 1325 1475 1378 ecclesiasticus
1515 1324 1739 1397 habetur
1760 1320 1853 1393 [aL
1883 1324 2025 1376 cele-

450 1418 657 1490 bratur}
683 1420 979 1487 quirunque
1010 1425 1288 1470 tractatus.
1319 1415 1467 1469 Sacri
1498 1414 1738 1482 corporis
1762 1428 2025 1480 praeroga-

452 1511 671 1574 tionem,
704 1509 802 1562 sub
833 1513 1121 1574 c0n3pectu
1150 1505 1413 1575 pontificis
1445 1519 1538 1558 seu
1570 1500 1889 1572 presbyteri,
1920 1502 2021 1556 nisi

453 1601 535 1655 his
565 1599 898 1663 absentibus,
918 1601 1005 1666 jus
1036 1613 1139 1651 non
1163 1596 1392 1651 habeant
1419 1596 1727 1650 exercendi.

521 1690 653 1745 Cum
698 1692 840 1746 enim
872 1690 1085 1744 decreta
1132 1688 1511 1742 venerabilium
1548 1686 1880 1742 sanetionum
1932 1698 2030 1739 nos

2114 502 2216 555 nisi
2252 502 2530 556 manifesta
2576 503 2973 558 decoloratioue
3018 521 3121 559 non
3152 507 3375 574 possint.
3425 509 3503 563 Ac
3550 512 3592 563 si
3632 526 3696 565 ea

2114 594 2249 661 ips»,
2308 609 2425 660 qua}
2483 593 2625 646 nullo
2669 595 2992 648 detrimento
3047 595 3331 663 aliquoties
3375 597 3697 667 indulgentia

2115 684 2437 748 creduntur,
2477 683 2556 737 vel
2583 700 2759 738 rerum
2795 686 2809 715 ¹
2837 695 3241 754 temporumque
3275 685 3419 754 cogit
3451 686 3694 751 intuitus,

2116 774 2199 828 vel
2229 774 2544 828 accelerant:
2565 774 2880 840 provisiouis
2911 784 3185 843 reSpectus
3213 787 3435 831 excusat
3461 793 3475 843 ;
3500 790 3697 848 quanto

2119 865 2285 936 magis
2324 865 2410 919 illa
2450 865 2749 919 nullatenus
2791 865 3075 919 mtttilanda
3122 877 3265 935 sunt,
3292 881 3413 937 qua!
3440 884 3539 922 nec
3588 872 3694 923 ulla

2120 960 2429 1025 necessitas,
2480 973 2578 1014 nec
2619 959 2984 1014 ecclesiastica
3033 974 3253 1029 prorsus
3284 970 3568 1031 extorquet
3591 962 3694 1017 uti-

2120 1053 2240 1108 Iitas
2266 1056 2283 1109 ι

2191 1144 2320 1197 αλιι.
2352 1142 2423 1197 Χ.
2443 1172 2511 1183 --
2542 1140 2849 1211 Bapttzandi
2905 1140 3005 1195 sibi
3038 1142 3316 1212 quisquam
3350 1144 3545 1212 passim
3567 1160 3701 1214 quo-

2123 1250 2337 1303 cunque
2360 1244 2600 1303 tempore
2622 1234 2816 1287 nullam
2848 1232 3032 1286 credat
3055 1235 3232 1287 inesse
3260 1233 3530 1303 fiduciam,
3564 1251 3699 1305 prm-

2128 1336 2207 1379 ter
2238 1325 2482 1393 paschale
2513 1324 2705 1379 festum
2736 1334 2787 1377 et
2821 1333 3160 1393 pentecostes
3188 1325 3494 1380 venerabile
3522 1340 3701 1380 sacra-

2128 1426 2386 1479 mentum.
2419 1424 2642 1483 exi'epto
2685 1416 2943 1469 duntaxat
2981 1414 3279 1483 gravissimi
3330 1416 3596 1484 languoris
3620 1415 3703 1469 in-

2128 1521 2322 1572 cursu;
2374 1507 2423 1559 in
2474 1522 2577 1573 quo
2622 1506 2912 1561 verendum
2959 1515 3173 1573 estne,
3206 1506 3376 1561 morbi
3423 1519 3702 1563 crescente

2088 1597 2391 1668 .periculo,
2446 1598 2565 1652 sine
2613 1596 2850 1651 remedio
2897 1596 3115 1652 salutari
3162 1596 3397 1652 fortassis
3433 1608 3702 1669 πει-ωαξης

2131 1693 2302 1748 exitio
2330 1700 2630 1761 praeventus
2660 1690 2931 1745 abscedat.

455 1797 665 1851 quoque
693 1795 1013 1849 m:tgtt0|)t're
1040 1779 1307 1833 custodire
1338 1778 1592 1842 nitamur,
1617 1790 1679 1831 ac
1708 1777 1823 1830 sine
1843 1791 2027 1829 eorum
2064 1763 2108 1821 Β
2203 1782 2332 1838 CAP.
2362 1783 2454 1838 XI,
2482 1811 2551 1824 --
2578 1782 2954 1836 ordinationes
3002 1780 3161 1835 etiam
3197 1780 3625 1851 presbyterorum
3647 1789 3705 1836 et

457 1874 736 1943 dispendio
771 1874 930 1927 etiam
966 1872 1052 1924 itla
1095 1887 1213 1940 qua:
1240 1885 1335 1939 pro
1361 1870 1584 1937 alicujus
1616 1870 1852 1923 utilitatis
1883 1883 2027 1923 com-

458 1967 654 2036 peudio
708 1967 934 2019 fortasse
968 1964 1247 2017 videantur
1271 1963 1517 2027 laxanda,
1557 1961 1863 2016 credamus.

524 2056 655 2111 Car.
688 2056 778 2109 IX.
809 2086 872 2096 —
902 2056 1141 2125 Cumque
1158 2054 1307 2108 nobis
1324 2064 1509 2109 contra
1540 2052 1850 2108 Salutarium
1882 2068 2033 2107 reve-

459 2149 683 2202 rentiam
717 2149 1016 2216 regulorum
1053 2146 1331 2214 cupiamus
1362 2156 1560 2199 temere
1592 2145 1723 2197 nihil
1758 2146 1938 2208 licere,
1980 2153 2033 2197 et

459 2255 579 2294 cum
607 2239 765 2292 sedes
810 2238 1099 2305 apostolica
1129 2238 1377 2306 superior
1411 2237 1491 2289 bis
1513 2236 1783 2303 omnibus,
1824 2234 2033 2291 favente

396 2330 397 2333 “
460 2330 705 2396 Domino,
735 2345 854 2399 qua:
908 2329 1140 2398 paternis
1186 2328 1476 2383 canentibus
1516 2337 1637 2380 sunt
1668 2329 1901 2396 prtrlixa,
1949 2328 2034 2396 pio

458 2423 760 2493 devotoque
785 2422 994 2476 studeat
1018 2430 1201 2476 tenere
1235 2422 1537 2490 proposito;
1584 2421 1716 2475 satis
1757 2419 2031 2490 indignum

460 2524 543 2570 est
585 2529 901 2585 quemquam
953 2515 1033 2568 vel
1073 2513 1405 2582 pontificum,
1436 2513 1518 2566 vel
1560 2513 1805 2566 ordinum
1850 2512 2035 2567 subse-

462 2605 759 2675 quentium,
809 2605 948 2660 hanc
977 2604 1370 2659 observantiam
1399 2604 1652 2669 refutare,
1679 2619 1836 2673 quam
1894 2603 2035 2659 beati

462 2696 603 2753 Petri
633 2697 815 2753 sedem
843 2706 897 2752 et
934 2697 1085 2766 sequi
1126 2697 1302 2751 videat
1329 2708 1379 2751 et
1403 2697 1629 2750 docere:
1653 2696 1887 2764 satisque
1908 2709 2036 2749 con-

463 2790 685 2845 veniens
706 2791 797 2853 sit,
830 2800 886 2844 ut
907 2800 1073 2845 totum
1098 2805 1292 2858 corpus
1325 2789 1649 2843 Ecclesizein
1681 2788 1779 2842 hac
1821 2788 2038 2843 sibimet

463 2881 837 2936 observatione
860 2882 1171 2949 concordet,
1192 2896 1350 2950 quam
1380 2882 1488 2937 illic
1516 2880 1694 2951 vigere
1721 2880 2033 2949 conspiciat,

463 2974 553 3030 ubi
587 2975 842 3030 Dominus
874 2974 1129 3030 Ecclesia:
1154 2975 1316 3029 totius
1344 2973 1522 3043 posuit
1552 2973 1930 3043 principatum,
1955 2973 2037 3027 di-

462 3074 619 3120 cente
640 3064 916 3131 Scriptura
946 3083 960 3119 :
996 3066 1245 3119 Ordinate
1270 3065 1718 3122 inmehcaritatem
1747 3062 1919 3131 (Cant.
1951 3063 2030 3132 tt).

462 3154 528 3210 Et
557 3155 681 3210 item
706 3171 719 3209 :
756 3153 942 3209 Omnia
964 3171 1077 3209 cum
1103 3156 1281 3209 ordine
1310 3156 1436 3222 ﬁant
1458 3152 1507 3225 (Ι
1533 3152 1650 3209 Cor.
1683 3155 1816 3224 xw).
1867 3155 2037 3223 Atque

465 3248 658 3301 iterum
709 3246 979 3314 psalmista
1038 3246 1366 3316 praedicante
1399 3264 1412 3299 :
1445 3245 1769 3301 Circumdate
1810 3244 1959 3313 Sion,
1992 3255 2037 3300 et

464 3337 855 3407 complectimini
899 3354 1037 3404 eam,
1095 3348 1304 3391 narrate
1348 3340 1401 3391 in
1429 3339 1649 3391 turribus
1692 3342 1826 3409 ejus.
1852 3338 2037 3393 Ponite

464 3430 621 3482 corda
642 3436 803 3480 vestra
833 3429 883 3480 in
912 3429 1096 3481 virtute
1131 3429 1262 3497 ejus,
1289 3438 1336 3480 et
1364 3427 1655 3481 distribuite
1683 3433 1874 3500 gradus
1901 3433 2035 3501 ejus,

466 3531 519 3574 ut
550 3519 790 3573 enarratis
816 3519 867 3571 in
891 3519 1156 3587 progenies
1180 3521 1390 3579 alteras.
1421 3520 1660 3589 quoniam
1684 3520 1769 3572 hic
1782 3530 1852 3574 est
1880 3520 2034 3587 Dens,

465 3611 604 3664 Deus
646 3619 815 3665 noster
856 3611 906 3662 in
949 3619 1223 3675 (sternunt;
1266 3621 1315 3665 et
1354 3611 1462 3680 ipse
1487 3620 1627 3681 reget
1655 3627 1745 3664 nos
1771 3615 1823 3665 in
1852 3613 2039 3665 swcnla

466 3698 639 3766 (Paul.
670 3700 852 3769 XLVII).
881 3700 975 3753 Hic
996 3699 1180 3769 procoI
1216 3700 1400 3764 dubio,
1446 3701 1536 3770 qui
1566 3704 1614 3755 in
1647 3701 2037 3757 ecclesiastica-

466 3806 582 3845 rum
616 3800 859 3844 narratur
886 3790 1164 3844 altitudine
1208 3790 1542 3860 dignitatum,
1584 3801 1638 3846 et
1667 3792 1719 3847 in
1755 3792 1905 3860 cujus
1934 3792 2039 3846 vir-

469 3892 580 3937 tute
601 3882 754 3936 bonis
773 3882 1024 3950 operibus
1055 3882 1217 3936 corda
1235 3883 1477 3951 ponenda
1503 3892 1645 3950 sunt,
1668 3883 1918 3951 gradibus
1936 3885 2037 3937 uti-

466 3989 570 4043 que
593 3971 916 4041 distributis,
948 3974 1158 4027 cuuetis
1175 3974 1316 4029 Deus
1343 3984 1524 4030 noster
1544 3984 1599 4029 et
1629 3985 1805 4029 rector
1829 3975 2037 4043 p0pulis

469 4064 839 4134 praedicandus
877 4075 961 4119 est
1004 4065 1347 4120 Christianis:
1378 4067 1462 4119 ubi
1495 4080 1654 4121 nemo
1700 4066 1913 4120 sibimet
1938 4067 2037 4119 ali;

466 4156 591 4224 quid
613 4156 724 4227 jam
752 4157 1024 4211 existimet
1050 4156 1408 4221 imminutum,
1439 4174 1561 4213 cum
1598 4169 1652 4213 et
1689 4158 1758 4213 de
1788 4159 2037 4212 uniuscu-

466 4247 656 4315 jttsque
681 4248 878 4315 gradus
903 4247 1229 4317 perfectione
1252 4248 1382 4303 nihil
1399 4248 1626 4318 deperit,
1645 4259 1699 4302 et
1717 4248 2039 4303 convenien-

468 4346 550 4391 ter
581 4336 878 4403 retinendo,
910 4339 1050 4406 quod
1099 4341 1302 4395 cmlesti
1349 4340 1747 4409 diSpensatione
1783 4342 2034 4395 collatum

469 4438 569 4493 est,
628 4431 826 4498 pariter
869 4430 1022 4485 nobis
1074 4442 1128 4486 et
1166 4434 1580 4500 cognoscibilem
1620 4434 1783 4488 Deum
1813 4434 1949 4501 fieri,
1978 4444 2032 4489 et

470 4519 652 4576 tribuit
682 4536 800 4575 esse
820 4530 1102 4575 rectorem.
1144 4522 1274 4576 Nam
1306 4532 1360 4576 et
1396 4524 1440 4576 si
1476 4523 1601 4593 quid
1643 4524 1949 4593 indulgetur
1973 4527 2039 4580 de

469 4621 768 4679 temporum
810 4614 1107 4679 quantitate
1136 4613 1373 4667 moribus
1413 4624 1691 4684 aggregata
1724 4617 2038 4673 strenuitate

470 4711 750 4768 pensatur:
776 4705 819 4753 si
844 4703 964 4756 vita:
982 4702 1088 4770 jatn
1108 4702 1198 4776 [αι.
1223 4701 1403 4771 etiam]
1433 4705 1698 4771 proposito
1712 4706 2034 4776 continetur,

471 4790 612 4858 quod
663 4792 918 4857 protelata
963 4793 1137 4846 fuerat
1182 4804 1339 4847 tetate
1383 4795 1700 4860 curandum,
1749 4796 2038 4854 dummodo

472 4881 559 4934 illa
590 4882 891 4936 nullatenus
928 4883 1253 4940 dissimulata
1282 4885 1569 4953 subrepant
1598 4886 1690 4957 [αι.
1723 4887 2038 4961 subripiunt]

471 4988 695 5042 quorum
742 4974 1036 5043 quodlibet,
1068 4976 1111 5029 si
1144 4975 1319 5031 inesse
1366 4976 1640 5043 claruerit,
1667 4978 1855 5033 merito
1882 4981 2040 5035 t-Ieri-

472 5064 673 5120 ealibus
696 5064 874 5120 infulis
895 5067 1280 5136 reprobabilem
1302 5068 1585 5124 convincat
1599 5084 1718 5125 esse
1738 5085 2042 5141 personam.

472 5155 587 5209 Etsi
612 5154 698 5209 illa
724 5170 1099 5227 nonnunquam
1143 5158 1365 5213 sinenda
1386 5168 1530 5223 sunt,
1562 5175 1701 5226 quae,
1734 5161 1779 5214 si
1823 5175 2047 5217 extero-

474 5261 590 5302 rum
639 5257 844 5304 constet
896 5248 1193 5319 integritas,
1243 5252 1355 5305 sola
1407 5265 1601 5308 nocere
1656 5267 1761 5309 non
1807 5254 2042 5323 valeant,

665 5423 852 5503 eodem
881 5426 1001 5479 cod.
1030 5427 1177 5503 deest
1206 5436 1611 5503 temporumque.

545 5495 563 5523 ²
595 5493 670 5547 Id.
698 5496 846 5558 (κώ,
878 5513 976 5549 non
1005 5501 1245 5552 audeant.

482 5562 701 5686 ,6⁵ὸᾶοχ
743 5582 896 5619 causa
942 5567 1092 5622 abest
1120 5584 1148 5622 a
1188 5571 1306 5626 cod.
1336 5572 1471 5628 Just.
1500 5584 1553 5629 et
1581 5575 1648 5630 ab
1675 5576 1802 5632 edit.
1829 5576 1962 5634 1525
1992 5587 2046 5633 et

546 5701 567 5730 δ
587 5701 643 5756 Ιιι
673 5704 789 5758 cod.
823 5706 951 5762 Luc.
981 5705 1085 5762 490
1106 5706 1255 5763 deest
1282 5722 1366 5767 aut
1388 5715 1435 5767 in
1463 5714 1599 5769 Albis
1630 5718 1968 5773 paschalibus.

2132 1874 2503 1937 diaconorum,
2534 1874 2633 1927 nisi
2663 1873 2824 1928 certis
2854 1872 3183 1940 temporibus
3222 1882 3273 1924 et
3301 1858 3513 1937 diebus,
3544 1886 3706 1926 exer-

2133 1979 2256 2019 cere
2301 1980 2407 2017 non
2434 1966 2454 1995 ²
2483 1962 2701 2026 debent,
2752 1962 2801 2015 id
2843 1969 2948 2021 est.
3003 1962 3174 2030 quarti
3223 1961 3423 2016 mensis
3467 1962 3705 2029 jejunio,

2132 2055 2368 2124 septimi,
2398 2064 2448 2110 et
2475 2054 2690 2121 decimi,
2726 2054 2820 2108 sed
2851 2063 2903 2107 et
2928 2054 3086 2106 etiam
3110 2052 3579 2122 quadragesimalis
3606 2051 3709 2107 ini-

2136 2150 2215 2214 tii,
2269 2164 2331 2201 ac
2371 2148 2613 2202 mediana
2667 2146 3097 2212 Quadragesima:
3123 2144 3231 2208 die,
3271 2144 3477 2198 sabbati
3503 2143 3709 2214 jejunio

2133 2240 2273 2294 circa
2307 2253 2578 2305 vesperam
2610 2237 2858 2292 noverint
2883 2234 3255 2290 celebrandas.
3290 2234 3401 2290 Nec
3424 2235 3711 2304 cujuslibet

2136 2331 2375 2383 utilitatis
2400 2328 2421 2359 ³
2444 2342 2627 2393 causa,
2668 2341 2761 2381 seu
2793 2325 3159 2394 presbyterum
3187 2338 3282 2378 seu
3311 2323 3594 2378 diaconum
3626 2325 3710 2381 his

2137 2422 2388 2491 pra-ferre
2431 2420 2523 2492 [αι.
2560 2418 2841 2491 praeferri],
2885 2418 2972 2487 qui
3020 2424 3145 2470 ante
3194 2416 3337 2486 ipsos
3372 2416 3568 2473 fuerint
3619 2432 3709 2473 or-

2116 2511 2322 2567 .tlinali.

2205 2603 2329 2658 Car.
2365 2602 2476 2657 XII.
2501 2632 2571 2642 —
2596 2602 2807 2656 Devotis
2844 2615 3057 2671 quoque
3098 2600 3208 2654 Deo
3236 2599 3559 2668 virginibus,
3593 2600 3702 2654 nisi

2136 2708 2223 2751 aut
2256 2698 2306 2751 in
2358 2695 2774 2765 Epipltaniarum
2802 2692 2932 2765 [lege
2975 2691 3413 2763 Epiphaniortttn]
3452 2692 3540 2746 die
3568 2691 3589 2722 ⁸
3616 2702 3711 2747 aut

2137 2791 2188 2844 in
2218 2790 2364 2845 Albis
2408 2787 2777 2857 paschalibus,
2807 2796 2898 2839 aut
2943 2787 2993 2840 in
3043 2785 3410 2855 apostolorum
3457 2784 3711 2839 natalitiis

2136 2896 2344 2935 sacrum
2393 2879 2609 2933 minime
2652 2879 2892 2933 velamen
2940 2878 3250 2947 imponant,
3278 2877 3300 2908 ⁸
3341 2876 3445 2931 nisi
3487 2877 3710 2931 forsitan

2139 2972 2297 3042 (sicut
2327 2971 2393 3026 de
2422 2971 2739 3040 baptismate
2776 2969 2975 3023 dictum
3003 2972 3109 3037 est)
3137 2970 3285 3039 gravi
3315 2969 3566 3037 languore
3591 2983 3711 3025 cor-

2139 3064 2323 3134 reptis,
2348 3079 2414 3119 ne
2438 3066 2555 3119 sine
2585 3062 2686 3118 hoc
2712 3076 2934 3117 munere
2960 3060 3035 3117 de
3052 3062 3250 3117 suacqu
3273 3072 3487 3127 exeant,
3514 3061 3712 3131 implo-

2063 3123 2109 3187 Ο
2142 3123 2382 3209 rentibus
2412 3168 2517 3207 non
2549 3161 2792 3222 negetur.

2209 3244 2339 3301 CAP.
2387 3245 2523 3299 XIII.
2556 3274 2626 3285 --
2654 3244 2675 3275 ⁶
2717 3242 2913 3298 Viduas
2953 3253 3131 3298 autem
3170 3243 3355 3299 velare
3400 3243 3711 3313 pontificum

2139 3334 2319 3391 nullus
2353 3344 2583 3391 attentet
2603 3376 2617 3400 ,
2641 3334 2780 3404 quod
2814 3349 2911 3389 nec
2935 3334 3227 3389 auctoritas
3254 3334 3433 3389 divina
3479 3334 3709 3404 delegat,

2140 3443 2241 3483 nec
2264 3441 2524 3481 canonum
2549 3426 2716 3481 forma
2748 3426 3045 3495 priestituit.
3076 3426 3188 3482 Non
3225 3437 3307 3481 est
3336 3442 3465 3496 ergo
3495 3428 3707 3497 penitus

2140 3517 2535 3585 usurpandum,
2581 3516 2764 3583 eisque
2801 3516 2880 3571 sic
2921 3517 3285 3571 ecclesiastica
3325 3526 3451 3571 sunt
3489 3517 3709 3572 ferenda

2142 3605 2292 3677 [forte
2337 3605 2661 3661 c0ufereutla
2701 3606 2776 3660 vel
2812 3605 3111 3678 inferenda]
3154 3606 3434 3676 prmsidia,
3477 3617 3537 3663 ut
3580 3609 3713 3663 nihil

2138 3696 2505 3750 committatur
2533 3695 2803 3750 illicitum.

2209 3789 2336 3842 Car.
2390 3787 2527 3842 XIV.
2566 3811 2637 3828 --
2677 3787 2954 3843 Generalis
3001 3788 3161 3843 etiam
3215 3789 3447 3859 querelae
3494 3789 3711 3844 vitanda

2140 3880 2483 3949 praesumptio
2523 3888 2636 3944 est,
2693 3894 2797 3946 qua
2839 3881 3223 3950 propemodum
3266 3890 3554 3935 cattsantur
3595 3883 3715 3935 uui-

2140 3972 2300 4036 versi,
2328 3972 2525 4041 passim
2549 3985 2733 4026 servos
2762 3980 2812 4028 et
2846 3973 3193 4042 originarios,
3226 3972 3564 4028 dominorum
3592 3975 3711 4042 jura

2140 4066 2647 4133 possessionumqtte
2697 4064 2793 4135 [αι.
2824 4062 3241 4135 possessionem]
3272 4064 3532 4134 fugientes
3552 4104 3567 4129 ,
3610 4066 3711 4119 sub

2140 4155 2407 4225 religiosre
2432 4156 2856 4210 conversationis
2885 4155 3134 4215 obtentu.
3168 4155 3255 4209 vel
3283 4155 3346 4208 ad
3389 4157 3710 4212 monasteria

2140 4260 2260 4301 sese
2310 4244 2594 4309 conferre,
2642 4243 2725 4300 vel
2769 4244 2837 4299 ad
2893 4244 3315 4299 ecclesiasticum
3370 4247 3711 4310 famulatum,

2139 4336 2551 4391 conniventibus
2581 4334 2677 4408 [aL
2709 4333 3104 4407 cohibentibus]
3136 4350 3347 4406 quoque
3377 4336 3711 4406 prmsulibus,

2143 4429 2505 4484 indifferenter
2538 4427 2745 4481 admitti
2778 4444 2791 4479 :
2822 4442 2938 4496 quae
2971 4428 3143 4482 modis
3172 4427 3419 4482 omnibus
3457 4434 3541 4482 est
3568 4442 3715 4481 amo-

2146 4526 2314 4581 venda
2342 4525 2634 4594 pernicies,
2668 4539 2735 4578 ne
2782 4539 2877 4593 per
2904 4522 3190 4578 Christiani
3233 4522 3463 4577 nominis
3503 4523 3714 4577 institu-

2147 4626 2255 4671 tum
2274 4658 2289 4682 ,
2316 4626 2405 4671 aut
2441 4617 2613 4670 aliena
2648 4616 2900 4685 pervadi,
2937 4624 3029 4671 aut
3057 4616 3265 4685 publica
3292 4616 3533 4671 videatur
3558 4615 3717 4670 disci-

2146 4711 2288 4780 plina
2326 4710 2563 4765 subverti
2592 4728 2604 4763 :
2640 4709 2906 4779 prtecipue
2936 4724 3056 4764 cum
3089 4726 3188 4765 nec
3234 4709 3402 4778 ipsam
3432 4708 3716 4765 ministerii

2146 4802 2405 4858 clericalis
2425 4788 2523 4857 hac
2537 4802 2861 4873 obligatione
2876 4803 3068 4858 fuscari
3085 4804 3366 4857 conveniat
3381 4802 3715 4869 dignitatem,

2147 4904 2471 4964 cogaturque
2501 4909 2596 4964 pro
2622 4904 2760 4949 statu
2790 4894 3128 4949 militantium
3168 4894 3268 4947 sibi
3308 4893 3719 4961 cnttditionequc

2143 4987 2369 5058 jurgari,
2400 4997 2492 5042 aut
2516 4986 2707 5052 videri,
2737 4986 2879 5055 quod
2910 4986 3076 5048 absit,
3104 4984 3353 5038 obnoxia.
3384 4982 3587 5049 Quibus
3609 4984 3720 5037 sol-

2149 5077 2295 5133 licita
2333 5085 2698 5144 competenter
2739 5073 3107 5131 interdictione
3137 5071 3449 5141 prohibitis,
3481 5071 3721 5140 quisquis

2151 5172 2466 5241 episcopus,
2512 5170 2813 5240 presbyter,
2861 5175 2951 5220 aut
2981 5166 3271 5228 diaconus,
3301 5164 3384 5217 vel
3415 5178 3600 5218 eorum
3632 5163 3720 5232 qui

2153 5261 2493 5319 monasteriis
2520 5273 2752 5330 praeesse
2776 5264 3097 5322 noscuntur,
3137 5253 3437 5323 hujusmodi
3468 5268 3723 5325 personas

2231 5440 2251 5469 ⁵
2283 5436 2626 5492 Burchnrdns
2652 5435 2743 5489 Iib.
2777 5448 2903 5497 vm,
2933 5447 3051 5501 cap.
3080 5433 3178 5496 I5,
3215 5433 3400 5490 iusrrit
3424 5446 3469 5490 et
3492 5437 3588 5491 nisi
3606 5447 3724 5490 ante

2151 5508 2220 5563 25
2252 5525 2435 5561 annos.
2470 5507 2689 5570 Ita,Iego
2718 5505 2767 5557 in
2798 5518 2917 5558 meo
2948 5519 3049 5558 ms.
3071 5504 3191 5559 cod.
3213 5520 3229 5571 ;
3255 5522 3383 5561 num
3411 5516 3464 5565 et
3493 5509 3544 5564 in
3566 5508 3723 5564 editis

2151 5590 2325 5634 exstet
2358 5578 2560 5645 ignoro.
2597 5577 2782 5628 MANSI.

2225 5651 2245 5679 ⁶
2277 5648 2481 5701 (litatur
2502 5656 2556 5700 et
2585 5662 2612 5698 a
2644 5646 2839 5719 Carolo
2869 5645 3057 5713 Magno
3086 5647 3136 5704 in
3165 5647 3384 5718 capituI.
3409 5649 3719 5719 Aquisgran.

2156 5721 2276 5774 anni
2311 5720 2437 5775 789.
2470 5734 2589 5791 cap.
2616 5718 2703 5774 59.
2738 5715 2993 5772 llanoum.
