4120 6186
368 301 435 354 δῖ
1076 304 1077 307 “
1568 290 1917 348 EPISTULAL
1959 291 1969 343 Ι

2086 287 2429 344 DECRETA.
3564 287 3638 348 54

365 410 506 477 apud
531 426 589 464 se
623 418 867 464 tenentes
891 424 992 463 non
1023 405 1376 462 restituendas
1402 404 1658 471 patronis,
1690 414 1779 455 aut
1799 401 1952 455 dein-
1983 403 2028 458 Α
2062 408 2203 452 mota
2226 440 2242 465 ,
2290 416 2393 453 non
2436 398 2606 453 solum
2638 397 2707 453 de
2757 397 2904 452 lactis
2958 398 3226 453 atrocitas
3279 400 3635 455 necessariam

371 516 495 569 ci-ps
528 500 611 553 vel
635 499 1015 553 ecclesiastica:
1033 498 1293 560 servituti,
1323 497 1402 548 vel
1432 494 1697 563 religiosis
1725 506 1953 560 congre-

370 592 675 659 gationibus
723 590 1023 659 putaverint
1070 578 1416 656 appliCandas
1446 626 1459 648 ,
1518 585 1617 638 nisi
1679 584 1953 637 voluntate

375 683 599 734 forsitan
630 681 965 735 dominorum
986 723 999 744 ,
1042 680 1141 735 sub
1172 680 1461 742 Scriptura:
1501 674 1805 731 testimonio
1842 672 1956 742 pri-

373 773 538 826 tnitus
565 774 859 837 absolutas,
890 774 974 826 vel
1003 772 1232 838 legitima
1259 771 1618 822 transactione
1648 779 1955 832 concessas,

376 865 677 933 periculum
712 880 770 919 se
800 864 1018 918 honoris
1060 863 1255 933 proprii
1287 877 1389 914 non
1424 861 1958 929 ambigautcommu-

380 956 663 1023 nionisque
685 957 980 1025 subituros,
1007 958 1049 1009 si
1078 970 1239 1023 super
1261 954 1359 1007 hac
1382 969 1439 1007 re
1463 953 1775 1020 cujusquam
1797 964 1959 1004 verax

380 1062 487 1100 nos
516 1046 725 1115 querela
754 1046 1062 1114 pulsaverit.
1102 1044 1307 1114 Magnis
1327 1044 1513 1111 quippe
1535 1041 1741 1105 studiis,
1765 1054 1961 1093 secun-

380 1138 511 1191 dum
553 1138 759 1192 beatum
790 1137 1125 1206 Apostolum,
1162 1133 1548 1204 prtvcavendum
1572 1142 1643 1186 est
1672 1148 1733 1187 ne
1762 1133 1891 1201 ﬁdes
1913 1140 1962 1185 et

382 1229 656 1296 disciplina
687 1228 895 1281 Domini
920 1228 1296 1296 blaspltemetur
1329 1223 1380 1295 (I
1412 1224 1549 1277 Tim.
1584 1221 1681 1292 v1).

455 1317 583 1372 Car.
610 1319 726 1372 XV.
756 1348 827 1358 —
854 1318 1201 1388 Consequens
1244 1317 1342 1370 fuit
1381 1326 1435 1368 ut
1483 1315 1571 1368 illa
1606 1328 1818 1383 quoque
1844 1326 1965 1382 qum

382 1410 451 1465 de
500 1411 678 1466 Piceni
709 1411 945 1481 partibus
992 1424 1161 1478 nuper
1187 1408 1253 1462 ad
1286 1422 1383 1462 nos
1417 1405 1579 1459 missa
1610 1406 1797 1459 relatio
1824 1419 1964 1458 nun-

385 1504 557 1568 tiavit,
588 1519 697 1557 non
720 1502 1087 1572 prsetereunda
1121 1512 1459 1569 putaremus,
1494 1499 1543 1551 id
1572 1508 1675 1561 est,
1709 1498 1967 1567 plurimos

383 1594 702 1649 clericorum
734 1592 1184 1662 negatiationibus
1212 1589 1509 1645 inhonestis
1538 1598 1593 1643 et
1617 1587 1778 1643 lucris
1801 1589 1967 1657 turpi-

383 1688 486 1741 bus
511 1686 822 1751 imntinere,
858 1684 1003 1738 nullo
1038 1683 1243 1753 pudore
1282 1690 1565 1737 cernentes
1606 1679 1965 1748 evangelicam

2062 489 2449 557 ptenitudinem
2480 503 2585 542 non
2614 488 2831 550 habere,
2859 488 2950 541 sed
2984 503 3080 541 nec
3110 488 3286 557 aliqua
3305 491 3638 545 correctione

2062 581 2271 649 penitus
2300 581 2650 644 succedente,
2699 579 2763 630 ad
2810 578 3048 632 divinum
3084 580 3438 634 ministerium
3472 580 3637 635 bona

2062 686 2283 740 remque
2307 670 2652 725 contendere.
2692 669 2986 723 Nonnullos
3029 679 3208 725 autem
3239 669 3398 723 etiam
3429 672 3479 725 in
3513 672 3641 741 ipsis

2063 764 2342 817 ordinibus
2378 766 2720 830 constitutos,
2748 764 2998 834 gravibus
3038 762 3405 831 delinquentes
3441 762 3641 821 facino-

2062 857 2233 921 ribus,
2266 872 2371 911 non
2395 857 2606 926 repelli,
2635 872 2753 911 cum
2781 866 2836 910 et
2862 855 3142 925 Apostolus
3163 856 3357 910 clamet
3388 875 3401 910 :
3434 857 3639 912 Nemini

2060 949 2161 1000 cito
2190 964 2371 999 manus
2398 947 2749 1015 imponendos,
2777 962 2935 1015 neque
2960 946 3437 1000 communicandum
3466 964 3642 1013 pecca-

2063 1039 2126 1093 tis
2149 1038 2330 1091 alienis
2361 1039 2407 1109 (1
2439 1038 2574 1093 Tim.
2605 1039 2693 1107 v);
2720 1049 2776 1092 et
2802 1038 3063 1106 majorum
3104 1038 3405 1092 veneranda
3436 1040 3641 1095 consti-

2065 1138 2175 1184 tuta
2219 1130 2617 1203 (Nicwnitx,x}
2635 1130 3003 1199 pronuntient,
3042 1128 3368 1197 hnjusmodi,
3405 1132 3566 1185 etiam
3598 1133 3643 1186 si

2066 1223 2204 1277 forte
2232 1221 2624 1291 subrepserint,
2659 1229 2765 1274 tam
2809 1221 2900 1290 qui
2940 1230 3066 1273 ante
3097 1228 3472 1288 peccaverunt,
3496 1221 3645 1277 dete-

2066 1322 2182 1368 ctos
2209 1322 2461 1380 oportere
2501 1313 2713 1381 repelli,
2745 1327 2903 1382 quam
2934 1327 3103 1366 sacrae
3134 1311 3483 1378 professionis
3512 1312 3646 1366 obli-

2067 1413 2173 1469 tos,
2205 1404 2748 1472 przevarieatoresque
2776 1400 2946 1457 sancti
2967 1402 3244 1472 propositi,
3275 1403 3460 1472 procul
3484 1403 3647 1460 dubio

2066 1492 2490 1550 submovendas.

2138 1586 2269 1640 CAP.
2310 1585 2451 1640 XIX.
2478 1614 2546 1625 —
2576 1584 2756 1653 Usque
2795 1584 2931 1639 adeo
2977 1598 3107 1639 sane
3150 1585 3509 1652 comperimus
3549 1584 3648 1640 illi-

2069 1679 2174 1733 cita
2204 1690 2430 1747 quaeque
2463 1690 2838 1745 prorumpere,
2869 1684 2927 1729 ut
2948 1674 2969 1704 ⁸
2992 1675 3335 1729 dmmoniacis
3360 1675 3650 1734 similibus.

385 1779 698 1843 lectionem,
725 1794 825 1848 qua
868 1776 983 1845 ipse
1017 1776 1272 1830 Dominus
1308 1773 1667 1843 negotiatores
1707 1789 1737 1827 e
1770 1772 1967 1841 templo
2000 1773 2046 1832 B
2072 1784 2175 1838 que
2202 1766 2296 1839 [αι.
2322 1767 2563 1821 daemone
2591 1763 2835 1837 aliisque]
2872 1766 3210 1835 passionibus
3246 1766 3471 1820 irretitis
3496 1767 3650 1821 mitti-

385 1869 700 1923 vrrberatos
735 1868 959 1937 flagellis
1004 1875 1261 1921 asseritur
1290 1865 1557 1936 expulisse
1597 1863 1815 1934 (Matth.
1849 1878 1966 1929 ut;

384 1959 544 2015 Joan.
578 1960 671 2030 tt);
705 1974 803 2015 nec
830 1958 1071 2028 Apostoli
1099 1958 1259 2011 verba
1283 1958 1610 2023 recolentes,
1634 1957 1827 2026 quibus
1848 1954 1920 2008 ait
1951 1972 1966 2009 :

389 2052 556 2106 Nemo
602 2053 829 2105 militans
882 2051 988 2106 Deo
1034 2051 1261 2122 implicat
1299 2067 1351 2103 se
1391 2050 1603 2121 negatiis
1642 2047 1973 2103 saecularibus

385 2142 473 2214 (11
504 2142 638 2196 Tim.
667 2142 758 2213 tt);
784 2142 1121 2197 Psalmistam
1168 2156 1381 2210 quoque
1429 2140 1592 2193 David
1622 2138 1784 2192 surda
1816 2136 1973 2192 dissi-

387 2235 658 2289 mulantes
678 2248 808 2287 aure
828 2242 1133 2287 cantantem
1167 2247 1181 2283 :
1218 2231 1472 2298 Quoniam
1505 2247 1605 2283 non
1625 2229 1834 2300 cognovi
1883 2243 1974 2281 ne-

386 2325 713 2394 gotiationes,
746 2323 964 2375 introibo
992 2323 1042 2375 in
1080 2321 1333 2391 potentias
1382 2319 1590 2375 Domini
1618 2319 1794 2390 (Psul.
1821 2317 1971 2390 ιη).

390 2414 629 2469 Proinde
672 2413 973 2482 hnjusmodi
1014 2421 1103 2464 aut
1127 2412 1195 2466 ab
1223 2412 1453 2483 indignis
1490 2411 1731 2480 posthac
1758 2409 1975 2480 quaesti-

387 2510 491 2564 bus
532 2507 783 2563 noverint
818 2504 1192 2561 asbtinendum
1220 2549 1235 2572 ,
1285 2514 1338 2559 et
1382 2507 1449 2558 ab
1492 2503 1639 2558 omni
1695 2502 1976 2573 cujuslibet

389 2600 768 2672 negotiationis
813 2597 1028 2668 ingenio
1073 2596 1155 2651 vel
1186 2596 1477 2667 cupiditate
1504 2594 1854 2659 cessandum;
1885 2600 1978 2647 aut

390 2693 446 2747 in
472 2705 794 2762 quocunque
832 2688 1001 2759 gradu
1044 2688 1150 2742 sint
1191 2688 1388 2756 positi,
1418 2700 1542 2740 mox
1568 2700 1599 2739 a
1641 2683 1976 2740 clericalibus

387 2784 586 2839 ofﬁciis
620 2783 636 2813 ι
665 2780 939 2837 abstinere
990 2788 1287 2848 cogantur:
1330 2778 1584 2848 quoniam
1625 2775 1821 2831 domus
1855 2775 1973 2840 Dei,

388 2875 598 2927 domus
633 2871 899 2925 orationis
927 2878 981 2925 et
1013 2885 1136 2926 esse
1180 2868 1359 2934 debet,
1400 2879 1452 2923 et
1486 2868 1615 2933 dici,
1655 2883 1723 2923 ne
1757 2865 1971 2921 ofﬁcina

399 2965 790 3036 negotiationis
821 2972 875 3018 et
907 2962 1165 3034 spelunca
1199 2960 1380 3031 potius
1409 2959 1483 3017 sit
1514 2960 1786 3015 latronum
1818 2956 1973 3021 (Luc.

400 3076 495 3114 χιχ
519 3075 536 3125 ;
566 3058 678 3112 Isa.
708 3057 843 3125 Lvt).

2074 1858 2233 1914 steria
2265 1858 2357 1930 [αι.
2394 1856 2669 1929 mysteria]
2705 1866 3041 1911 sacrosancta
3082 1865 3313 1911 tractare
3357 1857 3643 1914 tribuatur.

2073 1949 2277 2015 Quibus
2302 1949 2346 2003 si
2371 1948 2472 2002 hoc
2498 1962 2661 2017 opere
2679 1948 2867 2016 positis
2887 1948 3083 2017 aliquid
3110 1947 3337 2016 promite
3363 1949 3652 2003 necessita-

2076 2044 2143 2098 tis
2169 2051 2438 2107 orcurrat,
2469 2042 2591 2111 quis
2636 2041 2703 2095 de
2745 2055 2839 2094 sua
2873 2041 3073 2111 [supple
3097 2040 3182 2111 ac]
3224 2040 3455 2094 ﬁdelium
3482 2041 3654 2097 salute

2075 2135 2327 2201 confidet,
2350 2133 2439 2188 ubi
2465 2132 2739 2187 ministros
2766 2131 2911 2201 ipsos
2931 2130 3223 2185 curationis
3244 2130 3490 2185 humana:
3510 2140 3654 2188 tanta

2075 2225 2415 2297 perspexerit
2439 2222 2743 2278 calamitate
2767 2222 2981 2276 vexari?
2998 2221 3173 2291 Atque
3195 2221 3318 2277 ideo
3347 2222 3654 2278 necessario

2075 2315 2383 2372 removendi
2416 2320 2563 2379 sunt,
2594 2328 2659 2368 ne
2679 2313 3028 2380 quibuslibet,
3064 2328 3164 2382 pro
3191 2313 3381 2382 quibus
3410 2313 3655 2370 Christus

2076 2420 2160 2464 est
2202 2416 2467 2474 mortuus,
2499 2405 2812 2461 scandalum
2861 2415 3149 2475 generetur
3194 2405 3423 2461 inﬁrmis
3474 2406 3652 2479 (Rom.

2076 2515 2192 2563 xiv;
2220 2497 2284 2552 II
2311 2498 2429 2556 Cor.
2483 2497 2619 2566 vtn).
2651 2497 2961 2561 Postremo,
3013 2496 3057 2550 si
3099 2510 3327 2565 corpore
3360 2498 3656 2555 sauciatam

2078 2590 2317 2646 fortassis
2344 2598 2438 2647 aut
2465 2587 2697 2643 debilem
2717 2631 2731 2654 ,
2769 2602 3101 2657 nequaquam
3130 2596 3317 2641 sancta
3345 2588 3657 2658 contingere

2079 2682 2166 2737 lex
2196 2681 2379 2737 divina
2411 2679 2666 2749 permittit
2696 2677 2879 2749 (Leuit.
2919 2676 3062 2747 ut);
3096 2688 3298 2747 quanto
3327 2678 3496 2748 magis
3531 2679 3657 2735 doni

2077 2754 2749 2841 caalestis'bispensatores
2798 2786 2920 2826 esse
2969 2786 3075 2825 non
3117 2772 3553 2842 convenit,un
3575 2785 3657 2829 est

2078 2865 2336 2930 deterius,
2362 2874 2543 2919 mente
2569 2864 2843 2931 perculsos
2869 2862 2963 2932 [αι.
2994 2861 3329 2934 percussos]!

2148 2954 2276 3010 Car.
2309 2955 2523 3011 XX.—
2549 2952 2855 3023 Virginibus
2896 2961 3078 3006 autem
3128 2951 3297 3007 sacris
3349 2961 3552 3009 temere
3600 2968 3657 3009 se

2078 3046 2335 3117 quosdam
2366 3046 2574 3100 sociare
2622 3044 2988 3114 cognovimus,
3024 3050 3081 3099 et
3128 3053 3248 3112 post
3269 3043 3504 3100 dicatum
3545 3045 3658 3100 Deo

460 3143 593 3199 Car.
624 3143 849 3197 XVI.—
874 3141 1179 3198 lllitteratos
1207 3156 1439 3214 quoque,
1462 3150 1518 3196 et
1539 3140 1791 3195 nonnulla
1828 3150 1979 3211 parte
2004 3139 2050 3202 C
2085 3138 2436 3210 propositum,
2489 3139 2690 3193 incesta
2735 3137 2936 3192 ftedera
2992 3135 3359 3205 sacrilegaque
3406 3138 3656 3193 miscere.

384 3236 636 3301 corporis
658 3233 991 3299 imminutos,
1021 3234 1139 3289 sine
1168 3234 1274 3287 ullo
1288 3241 1537 3303 respectu
1564 3231 1628 3287 ad
1647 3233 1976 3287 ecclesiasti-

389 3340 516 3381 cum
546 3325 833 3381 didicimus
861 3327 1048 3381 venire
1076 3328 1374 3381 servitium.
1399 3325 1551 3393 Quod
1582 3326 1738 3381 simul
1760 3328 1977 3397 antiqua

390 3418 639 3485 traditio,
667 3425 721 3471 et
750 3416 1061 3485 apostolica:
1082 3416 1224 3471 sedis
1250 3426 1403 3471 vetus
1426 3417 1593 3470 forma
1624 3432 1729 3471 non
1758 3417 1973 3487 recipit;

390 3510 518 3576 quia
546 3525 644 3564 nec
676 3509 864 3563 litteris
892 3524 1082 3563 carens
1110 3510 1279 3563 sacris
1313 3524 1434 3564 esse
1465 3517 1639 3577 potest
1667 3518 1824 3576 aptus
1852 3508 1975 3564 offi-

390 3602 490 3658 ciis
569 3608 625 3656 et
665 3602 915 3656 vitiosum
959 3601 1092 3656 nihil
1139 3616 1358 3671 prorsus
1406 3602 1514 3656 Deo
1560 3602 1742 3657 oﬁ‘erri
1786 3602 1978 3674 legalia

389 3702 662 3762 prascepta
703 3705 994 3750 sanxerunt
1031 3693 1213 3767 (Leuit.
1241 3711 1364 3761 xxi;
1403 3695 1557 3749 Deut.
1588 3692 1747 3764 xvn).
1794 3697 1977 3765 Itaque

390 3784 459 3837 de
502 3792 699 3839 caetero
746 3785 919 3840 modis
946 3785 1196 3840 omnibus
1217 3787 1236 3816 ²
1269 3785 1383 3840 Ῐιίῐξο
1412 3787 1669 3853 vitentur,
1710 3801 1810 3841 nec
1831 3787 1977 3856 quis-

390 3892 553 3946 quam
596 3877 718 3931 talis
762 3876 1082 3946 suscipiatur
1121 3878 1172 3931 in
1215 3877 1440 3932 clerum.
1488 3877 1547 3933 Si
1586 3878 1675 3947 qui
1728 3893 1857 3932 vero
1892 3877 1976 3933 vel

390 3970 699 4025 temeritate
745 3971 960 4040 propria
986 4012 1002 4038 ,
1032 3970 1119 4024 vel
1167 3968 1372 4025 incuria
1413 3970 1811 4040 praesidentium
1842 3971 1976 4027 tales

387 4072 517 4116 ante
545 4065 775 4131 suscepti
806 4071 951 4132 sunt,
985 4063 1039 4116 in
1071 4061 1152 4116 bis
1174 4061 1369 4130 quibus
1392 4062 1666 4117 constituti
1696 4071 1819 4116 sunt
1844 4062 1976 4118 locis

387 4162 616 4207 eatenus
648 4161 1026 4222 perseverent,
1068 4160 1127 4206 ut
1183 4152 1316 4206 nihil
1345 4166 1577 4222 unquam
1625 4153 1977 4221 promotionis

388 4245 413 4274 ³
446 4243 748 4311 accipiant;
776 4243 1013 4312 satisque
1043 4242 1274 4298 habeant
1303 4243 1405 4297 hoc
1449 4242 1621 4312 ipsum
1644 4242 1745 4297 sibi
1769 4258 1865 4311 pro
1889 4243 1974 4297 ni-

387 4335 500 4387 mia
534 4336 875 4388 miseratione
903 4334 1239 4402 permissum.

466 4423 596 4478 Car.
644 4421 806 4478 XVII.
839 4450 907 4463 -υ
937 4422 1012 4477 De
1054 4422 1138 4478 his
1165 4434 1343 4477 autem
1378 4422 1467 4492 qui
1514 4423 1723 4493 seipsos
1761 4423 1975 4479 abscin-

2079 3235 2225 3302 Quos
2272 3231 2515 3301 protinus
2563 3246 2771 3300 aequum
2802 3238 2932 3284 esta
2972 3241 3123 3282 sacra
3153 3228 3530 3283 communione
3558 3229 3657 3284 de-

2080 3326 2241 3391 trudi,
2275 3333 2327 3379 et
2374 3323 2474 3377 nisi
2531 3338 2625 3393 per
2655 3322 2919 3391 publicam
2966 3322 3347 3393 probatamque
3394 3326 3657 3392 pteniten-

2081 3418 2230 3481 tiam,
2284 3414 2503 3469 omnino
2552 3429 2657 3467 non
2699 3413 2890 3483 recipi,
2918 3413 2939 3444 ⁸
2967 3413 3061 3469 sed
3102 3423 3277 3469 tamen
3316 3414 3565 3468 viaticum
3591 3412 3659 3468 de

2080 3507 2279 3562 steculo
2295 3504 2710 3569 transeuntibus,
2735 3505 2779 3560 si
2803 3516 2977 3560 tamen
2996 3506 3363 3575 ptenituerint,
3386 3519 3493 3559 non
3518 3503 3539 3535 °
3560 3518 3658 3559 ne-

2080 3611 2252 3671 getur.

2147 3693 2276 3747 Car.
2308 3691 2450 3747 XXI.
2472 3722 2542 3732 —
2562 3691 2691 3746 Nam
2721 3690 2787 3746 de
2809 3690 2982 3746 viduis
2998 3692 3099 3747 sub
3122 3690 3264 3745 nulla
3286 3688 3658 3745 benedictione

2077 3784 2335 3849 velandis,
2384 3784 2673 3855 superius"
2702 3786 2807 3839 late
2852 3784 3286 3854 sulﬁcienterqne
3317 3782 3660 3853 praediximus

2079 3877 2233 3949 [forte
2263 3876 2360 3946 leg.
2392 3878 2549 3931 latius
2579 3877 2827 3932 duximus
2857 3875 3268 3949 disserendum].
3302 3876 3431 3944 Quae
3460 3876 3503 3930 si
3536 3890 3660 3946 pro—

2080 3968 2193 4038 pria
2224 3968 2498 4023 voluntate
2524 3968 2818 4038 professam
2847 3967 3053 4036 pristini
3098 3967 3329 4035 conjugii
3356 3966 3658 4021 castitatem

2080 4059 2323 4112 mutabili
2355 4068 2536 4113 mente
2560 4058 2905 4123 calcaverint,
2937 4057 3159 4126 periculi
3178 4071 3360 4109 carum
3393 4055 3657 4122 intererit,

2078 4151 2221 4220 quali
2269 4150 2435 4204 Deum
2481 4150 2711 4203 debeant
2748 4148 3109 4202 satisfactione
3160 4146 3408 4215 placare,
3461 4147 3483 4176 "
3534 4146 3659 4212 quia

2082 4242 2250 4311 (juxta
2284 4238 2621 4309 Apostolum)
2650 4239 2867 4306 primam
2898 4237 3051 4305 fidem
3097 4237 3295 4289 irritant
3334 4238 3563 4305 fecerunt
3606 4236 3661 4306 (Ι

2080 4330 2215 4384 Tim.
2243 4331 2320 4401 v).
2346 4329 2493 4384 Sicut
2520 4330 2685 4395 enim,
2714 4329 2758 4383 si
2787 4342 2845 4383 se
2871 4327 3090 4382 forsitan
3122 4326 3399 4383 continere
3429 4342 3535 4382 non
3566 4343 3661 4398 po-

2080 4431 2293 4487 terant,
2354 4421 2645 4476 secundum
2693 4420 3048 4489 Apostolum,
3100 4419 3411 4474 nullatenus
3459 4418 3661 4474 nubere

388 4512 549 4581 dunt,
575 4514 781 4581 paterni
803 4528 1035 4569 canones
1051 4513 1327 4569 evidenter
1352 4515 1620 4583 sequenda
1646 4527 1968 4585 posuerunt;
2000 4507 2050 4567 D
2080 4515 2394 4570 vetabantur
2440 4513 2493 4586 (I
2526 4513 2645 4569 Cor.
2673 4512 2805 4583 vn);
2836 4513 2914 4569 sic
2944 4512 3123 4568 habita
3169 4526 3351 4566 secum
3392 4511 3661 4566 delibera-

384 4617 619 4670 qunrum
663 4610 903 4658 tenorem
944 4602 1171 4658 sufﬁciat
1213 4603 1492 4659 indidisse.
1552 4603 1743 4659 Dicunt
1793 4606 1970 4673 enim,

387 4695 521 4746 talia
554 4702 947 4763 perpetrantes,
978 4710 1098 4748 mox
1142 4704 1199 4749 ut
1235 4696 1395 4764 agniti
1426 4695 1656 4765 fuerint,
1690 4711 1720 4751 a
1749 4712 1973 4753 munere

384 4785 629 4838 clericali
659 4785 856 4840 debere
880 4786 1104 4841 secludi.
1134 4786 1282 4851 Quod
1315 4787 1486 4840 modis
1518 4788 1766 4843 omnibus
1794 4802 1973 4843 custo-

385 4877 508 4929 dire
540 4890 638 4931 nos
667 4877 935 4942 convenit,
958 4877 1082 4947 quia
1106 4878 1182 4932 fas
1202 4892 1322 4933 esse
1341 4879 1469 4932 nulli
1493 4879 1793 4948 suppeditat
1811 4881 1970 4951 quid-

384 4984 554 5037 quam
602 4976 796 5036 przeter
838 4968 929 5022 illa
957 4984 1077 5038 quze
1122 4969 1485 5024 memorabilis
1520 4969 1758 5024 decrevit
1800 4971 1968 5027 forma

385 5075 637 5114 censere.

460 5152 594 5207 Car.
626 5146 808 5206 XVIII.
840 5182 910 5193 —
938 5152 1306 5223 Comperimus
1332 5154 1490 5207 etiam
1531 5152 1816 5213 horrendis
1844 5159 1966 5228 qui-

385 5243 620 5296 busdam
645 5242 957 5298 criminibus
980 5244 1315 5313 itnplicatos,
1349 5252 1458 5299 tota
1488 5244 1811 5305 discretione
1841 5251 1968 5309 sub-

461 5427 474 5455 '
511 5421 645 5476 Cod.
672 5421 779 5474 Luc
808 5422 933 5489 490,
966 5422 1122 5475 abire.

458 5498 477 5525 *
508 5495 561 5546 In
594 5494 779 5547 eodem
806 5494 924 5546 cod.
947 5493 1141 5547 desunt
1168 5494 1274 5547 hwc
1298 5496 1532 5551 vitentur.

454 5567 477 5595 ³
512 5563 588 5615 Id.
610 5564 756 5627 cod.,
798 5564 1072 5632 arripiant.

456 5634 479 5665 ⁸
510 5634 585 5685 Id.
612 5636 754 5699 cod.,
786 5633 1048 5685 dwmonis.

453 5706 477 5735 ⁸
505 5704 637 5758 Cod.
667 5703 796 5760 Luc.
817 5704 941 5770 490,
974 5713 1061 5757 aut
1086 5703 1163 5759 Itis
1195 5717 1337 5758 cene.

2082 4610 2263 4671 tione,
2297 4609 2617 4676 promissam
2670 4607 2779 4663 Deo
2822 4606 3091 4676 pudicitiae
3141 4604 3302 4660 ﬁdem
3332 4603 3532 4659 debent
3560 4605 3657 4677 [αι.

2078 4699 2402 4770 debuerunt]
2441 4698 2732 4754 custodire.
2764 4699 2871 4753 Nos
2912 4708 3088 4754 autem
3128 4697 3322 4752 talibus
3351 4696 3555 4751 nullum
3585 4697 3662 4751 la-

2078 4810 2272 4863 queum
2321 4792 2577 4847 debemus
2606 4791 2858 4861 injicere;
2904 4790 2999 4845 sed
3044 4790 3219 4845 solum
3262 4788 3663 4844 adhortationes

2082 4889 2285 4959 praemii
2314 4888 2651 4959 sempiterni,
2679 4900 2967 4955 pinnasque
2992 4899 3293 4954 proponere
3321 4882 3486 4938 divini
3507 4881 3654 4951 judi-

2079 4980 2168 5040 cii.
2202 4989 2262 5032 ut
2304 4990 2358 5034 et
2386 4989 2566 5033 nostra
2594 4978 2665 5031 sit
2704 4976 2945 5031 absoluta
2985 4974 3337 5043 conscientia,
3363 4982 3419 5029 et
3448 4972 3660 5028 illarum

2080 5086 2178 5141 pro
2200 5088 2260 5126 se
2302 5073 2565 5126 rationem
2602 5070 2714 5124 Deo
2744 5068 2933 5123 reddat
2961 5067 3208 5123 intentio.
3244 5064 3551 5120 Cavendum
3579 5071 3664 5117 est

2078 5164 2313 5233 quippe,
2361 5172 2420 5217 ut
2462 5163 2529 5217 de
2564 5177 2747 5216 earum
2794 5161 3031 5215 moribus
3060 5162 3080 5193 °
3119 5158 3434 5227 actibusque
3478 5158 3662 5213 beatus

2075 5258 2370 5325 Αβυδῑυιυε
2418 5255 2469 5319 (Ι
2520 5255 2653 5308 Tim.
2698 5256 2754 5325 ν)
2807 5261 3066 5324 testatur,
3114 5251 3257 5323 quod
3314 5250 3521 5323 plenius
3564 5247 3654 5317 [αι.

2144 5430 2164 5459 ⁶
2196 5430 2270 5483 Id.
2296 5432 2443 5495 cod.,
2477 5432 2675 5494 negari.

2138 5501 2157 5530 ’
2191 5500 2264 5552 Id.
2292 5503 2437 5562 cod.,
2463 5502 2618 5553 tutius
2651 5499 2878 5553 diximus
2911 5498 3279 5552 disserendum.

2136 5571 2157 5600 ⁸
2186 5570 2239 5622 In
2267 5561 2455 5625 eodem
2495 5570 2618 5625 cod.
2647 5570 2844 5625 desunt
2891 5571 3167 5639 sequentia
3207 5579 3374 5636 usque
3414 5562 3481 5616 ad
3524 5561 3660 5615 sicut

2063 5640 2194 5693 enim
2204 5680 2218 5693 .

2132 5713 2149 5744 ⁹
2184 5710 2256 5763 Id.
2292 5710 2435 5779 cod.,
2469 5712 2683 5781 actibus,
2718 5728 2853 5783 qua.
