4098 6172
494 233 566 294 55
1614 193 1618 197 ’
1842 237 2056 292 GELAS

2162 238 2344 295 ΡΑΡΔΕ
2383 242 2401 296 I
3692 245 3768 296 Elii

495 353 737 422 planius;
761 354 835 406 ita
877 355 926 406 in
962 351 1112 424 Lua]
1140 366 1410 420 exponere
1435 353 1790 421 praeterimus,
1822 367 1888 406 ne
1912 367 2072 406 sexus
2104 358 2150 411 Α
2182 353 2226 408 si
2258 364 2435 408 tamen
2466 355 2808 410 sacerdotum
2845 356 2954 424 jam
2985 357 3369 414 sintvnrahnlo
3396 365 3768 434 nuncupandi,

492 447 756 500 instabilis
784 461 887 500 non
929 456 1034 501 tam
1079 443 1338 500 deterreri
1383 459 1540 514 quam
1565 444 1843 504 admoueri
1895 445 2074 498 videa-

493 550 598 594 tur.

559 628 687 682 (ΣΑιι.
725 629 886 683 ΧΧί.
923 659 988 670 —-
1015 629 1286 685 Secundas
1317 629 1525 696 nuptias
1555 627 1694 681 sicut
1724 626 2072 680 s:ccularibus

491 721 627 774 inire
663 723 1004 784 conceditur,
1053 721 1120 774 ita
1155 732 1272 789 post
1291 736 1385 775 eas
1412 720 1585 773 nullus
1612 721 1676 772 ad
1717 719 1970 772 clericale
1999 719 2072 772 si-

491 814 632 866 nitur
661 813 847 866 venire
871 811 1174 881 collegium.
1205 812 1320 868 Alia
1347 822 1430 867 est
1459 811 1600 864 enim
1627 809 1872 864 humana:
1905 809 2068 878 fragi-

487 904 620 958 litati
649 905 971 972 generaliter
993 919 1245 958 concessa
1270 904 1504 967 licentia,
1528 902 1629 956 alia
1645 902 1805 955 deiet
1828 917 1948 956 esse
1964 903 2068 954 vita

487 996 786 1051 divinarum
819 1011 996 1050 rerum
1023 995 1242 1051 servitio
1272 997 1287 1026 ¹
1314 995 1578 1049 dedit-ala.

555 1085 682 1140 Car.
717 1086 906 1141 XXIII.
923 1119 987 1126 —
1005 1086 1255 1157 Quisquis
1280 1085 1508 1156 propriae
1536 1087 1778 1140 desertor
1801 1084 2066 1148 ecclesize,

486 1178 646 1232 nullis
675 1178 1028 1233 existentibus
1053 1179 1261 1241 causis,
1292 1177 1357 1232 ad
1397 1176 1554 1230 aliam
1589 1175 1858 1246 putaverit
1884 1186 2067 1229 trans-

485 1271 754 1336 eundum,
789 1281 1099 1337 tetnereque
1143 1279 1424 1337 susceptus
1452 1269 1613 1323 fuerit
1651 1277 1708 1322 et
1750 1275 2024 1335 promotus
2048 1308 2063 1333 ,

485 1363 908 1417 reverendorum
955 1378 1218 1417 canonum
1265 1363 1349 1418 vel
1394 1364 1508 1430 ipse
1554 1359 1640 1416 vel
1689 1369 1934 1429 receptor
1975 1358 2063 1430 [ad

483 1467 641 1518 quem
687 1453 958 1522 profectus
1006 1453 1106 1524 est]
1157 1455 1273 1520 ejus
1320 1463 1480 1522 atque
1529 1462 1816 1520 provector
1865 1452 2064 1504 consti-

485 1556 592 1599 tuta
634 1563 739 1600 non
767 1547 1013 1617 effugiet,
1051 1563 1169 1616 qua:
1199 1547 1266 1600 de
1305 1544 1607 1614 hujusntodi
1655 1544 2060 1614 pracsumptori-

482 1637 578 1694 bus
614 1639 892 1706 prteftxere
921 1637 1183 1692 servanda
1215 1637 1443 1706 (Nicwni
1467 1652 1530 1690 xv
1551 1646 1598 1690 et
1627 1636 1756 1702 xvi).

2177 446 2267 512 qui
2298 447 2319 476 ⁵
2349 447 2652 514 delegatum
2693 448 2794 502 sibi
2832 449 3104 517 religionis
3145 451 3378 504 officium
3416 455 3494 506 s'c
3527 468 3772 520 promer—

2177 551 2306 590 uere
2352 538 2660 602 moliuntur,
2690 547 2749 592 ut
2793 539 2844 593 in
2874 554 3122 608 perversa
3175 557 3399 610 qua-que
3431 545 3770 616 profanaque

2175 627 2432 694 declives,
2481 633 2597 684 sine
2629 631 2735 684 ullo
2758 643 3002 700 respectu
3030 634 3230 702 regqu
3273 631 3593 690 Christiana:
3625 655 3770 704 ιιι-τε-

2175 720 2353 788 cipitia
2390 721 2596 775 funesm
2623 732 2916 776 sectentur.
2951 723 3190 794 Cumque
3221 728 3481 794 scriptum
3512 729 3580 782 sit
3610 749 3623 783 :
3659 731 3767 784 Mi-

2173 811 2309 864 nima
2354 814 2441 882 qui
2485 815 2699 880 spernit,
2734 815 2984 880 pautatim
3020 815 3218 872 decidet
3255 816 3444 882 (Eccti.
3496 835 3582 874 xix
3605 861 3620 884 ,
3656 823 3708 888 I)
3745 842 3759 875 :

2171 904 2296 970 quid
2326 917 2407 958 ρει
2452 905 2518 958 de
2562 905 2756 958 talibus
2797 907 3210 960 exiSIimanduin
3250 908 3340 977 qui
3374 910 3651 965 immensis
3694 929 3762 967 ac

2172 996 2550 1066 multiplicibus
2579 999 2896 1064 pravitatum
2923 998 3150 1052 molibus
3179 1001 3448 1068 occupati,
3486 1002 3757 1071 ingentem

2171 1090 2378 1141 ttliuﬂltt
2405 1089 2730 1143 multimodis
2753 1090 3160 1158 itnpulsionibns
3183 1091 3488 1159 ediderunt,
3514 1110 3757 1164 qurenou

2169 1179 2342 1232 solum
2385 1181 2417 1238 i.
2439 1194 2530 1233 sos
2562 1180 2805 1234 videatur
2849 1183 3102 1247 obruere,
3135 1181 3231 1236 sed
3261 1193 3316 1237 et
3354 1183 3610 1240 Ecclesiis
3642 1191 3758 1241 uni-

2169 1277 2341 1324 versés
2384 1272 2738 1339 mortiferam,
2769 1272 2813 1325 si
2867 1289 2972 1326 non
3015 1284 3294 1340 sanentur,
3329 1275 3529 1334 inferre
3572 1281 3756 1347 perui-

2168 1363 2342 1415 ciem?
2374 1362 2480 1416 Nec
2529 1361 2802 1431 atnbigant
2853 1365 2941 1432 qui
2993 1364 3107 1418 hate
3148 1367 3262 1419 ausi
3311 1379 3437 1422 sunt
3475 1385 3755 1434 exoret-rc,

2167 1452 2259 1506 sed
2289 1453 2448 1506 etiam
2480 1454 2568 1522 qni
2603 1455 2862 1507 hactenus
2892 1455 3106 1522 cognita
3139 1455 3421 1522 siluerunt,
3459 1459 3559 1513 sub
3583 1460 3754 1514 hono-

2168 1545 2240 1598 ris
2273 1544 2474 1612 proprii
2505 1544 2761 1613 sejacere
2791 1545 3092 1614 dispendio,
3124 1547 3167 1601 si
3193 1563 3299 1601 non
3323 1560 3515 1616 quanta
3545 1553 3753 1618 possint

2165 1636 2440 1690 celeritate
2492 1635 2764 1700 fesdnent,
2811 1649 2864 1690 ut
2898 1637 3113 1692 Iethalia
3164 1639 3382 1694 vulnera
3422 1643 3750 1708 competenti

551 1728 679 1782 CAP.
720 1728 906 1783 XXIV.
954 1758 1016 1768 —
1063 1729 1136 1784 De
1175 1727 1453 1783 monachis
1493 1727 1750 1797 laicisque
1792 1728 1841 1779 itt
1890 1727 2059 1794 prima
2092 1716 2135 1776 Β
2168 1728 2520 1782 ιιιυάὶοειιίτιηρ
2546 1741 2818 1782 curentur.
2851 1729 2966 1796 Quo
3015 1731 3157 1784 enim
3201 1746 3349 1784 more
3377 1740 3595 1786 teneant
3619 1732 3747 1798 jura

481 1819 746 1887 c--piosius
790 1820 1165 1890 praeceptionis
1212 1818 1371 1889 hujus
1413 1819 1433 1848 ²
1475 1829 1625 1888 parte
1662 1818 1926 1886 digestum
1957 1826 2060 1885 est,

479 1911 636 1982 (Vide
663 1927 824 1980 supra
872 1927 991 1980 cap.
1026 1911 1060 1964 2
1083 1923 1136 1967 et
1166 1911 1219 1979 5)
1244 1956 1258 1978 ,
1305 1926 1423 1980 qua:
1452 1909 1536 1963 vel
1563 1918 1826 1977 quatenus
1857 1909 1937 1961 his
1969 1923 2064 1976 pro

479 2019 658 2058 rerum
703 2014 1108 2071 temporumque
1146 2005 1465 2055 necessitate
1510 2013 1766 2052 concessa
1818 1998 1944 2063 sint,
1979 1997 2062 2051 vel

478 2094 965 2163 quemadmodum,
999 2093 1088 2147 ubi
1121 2093 1320 2146 nullius
1369 2091 1706 2146 necessitatis
1747 2089 1897 2161 [forte
1941 2089 2062 2143 laeti

448 2181 791 2257 'tteceSsitas]
843 2190 1104 2242 interesse
1138 2187 1392 2254 probatur
1416 2224 1429 2247 ,
1461 2199 1565 2236 non
1605 2181 1706 2236 nisi
1731 2191 1884 2234 vetus
1914 2181 2063 2234 insti-

477 2281 608 2334 tutio
638 2278 831 2334 debeat
854 2276 1130 2332 custodiri.
1164 2275 1310 2342 Quos
1337 2289 1462 2330 vero
1483 2273 1784 2328 constiterit
1817 2273 2062 2333 indignos

476 2370 723 2437 miritis,
754 2384 960 2424 sacram
1004 2378 1270 2424 mercatus
1323 2380 1442 2420 esse
1499 2364 1673 2434 pretio
1721 2363 2056 2432 dignitatem,

475 2465 750 2518 convictos
789 2471 1001 2530 Oportet
1039 2461 1210 2514 arceri
1256 2475 1360 2512 non
1410 2457 1529 2512 sine
1574 2457 1810 2524 periculo
1856 2456 2061 2509 facinus

476 2555 583 2611 tale
609 2554 628 2586 ³
661 2563 1031 2625 perpetrantes
1067 2570 1080 2606 :
1108 2552 1227 2620 quia
1252 2549 1466 2606 dantem
1494 2549 1692 2616 pariter
1713 2558 1765 2601 et
1793 2546 2061 2612 accipien-

477 2658 584 2704 tem
613 2649 886 2704 damnato
917 2647 1154 2704 Simonis
1174 2687 1188 2712 ,
1223 2660 1380 2716 quam
1412 2659 1562 2698 sacra
1595 2643 1751 2697 lcetio
1777 2642 1913 2710 (Act.
1944 2643 2057 2711 vut)

475 2751 724 2808 testatur,
760 2740 1004 2794 involvit.
1432 2805 1444 2815 .

547 2832 678 2887 Car.
705 2831 869 2887 XXV.
903 2860 972 2870 -—
998 2830 1076 2884 De
1113 2829 1353 2882 iocorum
1396 2824 1802 2881 consectatione
1845 2834 2058 2879 sancto—

476 2936 615 2988 rum,
660 2924 906 2995 quamvis
935 2921 1180 2990 supetius
1210 2918 1360 2992 (Cap.
1393 2919 1448 2988 4)
1477 2918 1702 2971 strictim
1733 2917 1892 2970 fuerit
1913 2931 2055 2971 eom-

476 3017 821 3087 prehensum.
842 3013 1221 3084 nobisquoqne
1240 3011 1556 3079 patefactum
1577 3019 1677 3072 est,
1699 3009 1838 3080 quod
1858 3010 2058 3079 absque

2169 1821 2499 1889 pontificum,
2525 1823 2615 1890 qui
2643 1823 3036 1891 pontificalibus
3065 1824 3305 1877 excubiis
3324 1832 3546 1878 eatenus
3572 1826 3749 1893 injun-

2164 1922 2250 1966 cta
2282 1912 2644 1973 dissimulant,
2680 1921 2735 1966 ιιι
2764 1913 3031 1967 contraria
3055 1914 3234 1967 domui
3289 1914 3403 1980 Dei,
3437 1915 3517 1970 cui
3553 1917 3746 1984 praesi-

2164 2003 2314 2067 dent,
2340 2004 2514 2072 potius
2540 2007 2869 2073 operentur?
2893 2005 2990 2071 Qui
3015 2015 3275 2074 quantum
3306 2007 3444 2073 apud
3469 2009 3750 2062 Domino-ut

2167 2106 2406 2162 possent,
2433 2097 2476 2150 si
2501 2097 2725 2150 nonnisi
2748 2096 3123 2151 convenientia
3149 2110 3518 2165 procurarent,
3545 2110 3749 2154 lautum

2165 2188 2289 2255 quid
2323 2196 2628 2242 mereantur
2649 2187 2930 2254 aspiciant,
2959 2203 3079 2242 cum
3108 2189 3424 2243 exsecrabili
3455 2189 3631 2245 studio
3658 2206 3748 2245 se-

2163 2285 2376 2332 eteutur
2412 2277 2657 2330 adversa.
2700 2276 2765 2331 Et
2803 2278 2952 2346 quasi
2987 2278 3156 2346 magis
3187 2278 3302 2332 lucc
3333 2282 3516 2344 regula
3551 2282 3620 2333 sit
3647 2296 3750 2349 qua

2165 2366 2421 2422 ECCICriLB
2449 2368 2684 2423 debeant
2726 2369 3042 2438 gubernari,
3087 2371 3129 2424 si
3156 2371 3412 2440 quidquid
3461 2383 3542 2426 est
3578 2375 3750 2429 eccle-

2161 2460 2389 2514 siaSticis
2412 2459 2682 2514 inimicum
2729 2462 2926 2530 regulis
2949 2470 3306 2530 perpetratur,
3337 2477 3458 2516 cum
3490 2475 3543 2518 et
3571 2466 3616 2518 si
3652 2480 3748 2519 co-

2162 2552 2341 2618 gnitos
2365 2551 2546 2605 habuit
2575 2567 2811 2608 canones
2841 2555 3204 2623 unusquisque
3236 2558 3543 2624 pontificum
3564 2597 3579 2620 ,
3610 2561 3748 2611 inte‘

2163 2651 2362 2696 merata
2415 2642 2663 2696 debuerit
2721 2651 2904 2698 tenere
2963 2646 3223 2698 cu-todia.
3287 2646 3354 2699 Et
3411 2646 3456 2700 si
3523 2647 3746 2703 forsitan

2162 2733 2462 2798 nesciebat,
2511 2733 2794 2788 consulere
2846 2734 3072 2788 fidenter
3129 2737 3430 2803 Oportuerit
3475 2739 3736 2791 scientem

2163 2825 2256 2895 lat.
2289 2821 2667 2896 ignorantem].
2699 2825 2813 2892 Quo
2835 2827 3002 2895 magis
3031 2828 3304 2881 excusatio
3349 2829 3491 2880 nulla
3521 2844 3742 2883 Succur-

2162 2917 2232 2969 rit
2267 2916 2568 2969 errantibus
2598 2932 2613 2970 :
2642 2918 2764 2985 quia
2795 2918 3038 2971 nesciens
3067 2915 3188 2990 [nec
3215 2920 3392 2972 sciens
3424 2919 3633 2973 omnino
3667 2922 3736 2973 te-

2160 3007 2379 3075 gendum
2410 3017 2502 3070 est,
2535 3018 2588 3059 ut
2619 3007 2764 3060 habet
2792 3009 2907 3060 cod.
2939 3006 3079 3062 Just.
3127 3019 3174 3061 et
3209 3011 3337 3062 edit.
3371 3007 3591 3080 Catton],
3617 3027 3742 3078 pro-

477 3118 748 3176 praccepto
779 3108 923 3160 sedis
962 3105 1273 3174 apostolicze
1307 3102 1548 3156 nonnulli
1596 3101 1762 3156 factas
1800 3102 2058 3157 ecclesias
2087 3087 2131 3150 C
2166 3101 2341 3168 posuit
2387 3115 2601 3155 servare
2629 3100 2770 3170 quod
2802 3111 3052 3168 noverat,
3103 3117 3201 3156 nec
3245 3102 3498 3171 ignorans
3537 3109 3744 3160 curavit

477 3199 561 3255 vel
592 3200 822 3254 oratoria
873 3213 1087 3252 sacrare
1113 3205 1435 3266 praesumant
1469 3213 1480 3246 :
1519 3195 1619 3248 hoc
1643 3209 1828 3248 sumus
1877 3205 2052 3249 tamen

476 3291 676 3347 indicio
726 3289 1127 3345 detestabiliore
1169 3288 1429 3356 permoti,
1467 3285 1608 3354 quod
1648 3286 1702 3338 in
1736 3301 2056 3354 quocunque

478 3382 569 3452 [aL
607 3380 1068 3453 quorumcunque]
1099 3379 1315 3433 nomine
1353 3379 1755 3442 defunctorum,
1789 3387 1842 3433 ct
1865 3379 2056 3447 (quan-

479 3487 590 3531 tum
637 3472 854 3543 dicitur)
894 3488 989 3527 nec
1037 3471 1257 3525 omnino
1306 3469 1578 3538 fidelium,
1628 3471 2056 3523 constructiones

478 3563 771 3622 trditicatas
799 3565 968 3619 sacris
998 3562 1428 3632 processionibus
1446 3561 1578 3634 [Αι.,
1610 3559 2054 3631 professionibus]

479 3657 736 3713 audacter
767 3657 1047 3710 instituere
1073 3661 1440 3707 memorantur
1468 3669 1481 3704 :
1512 3666 1632 3719 qua:
1667 3651 1918 3719 quoniam
1947 3661 2053 3704 tam

478 3750 672 3804 acerba
695 3759 800 3800 tam
831 3748 962 3800 dura
994 3755 1118 3800 sunt
1141 3744 1243 3810 ‘,si
1269 3758 1457 3797 revera
1487 3742 1903 3796 Christianitatis
1922 3742 2054 3796 affe-

476 3851 594 3894 ctus
617 3841 668 3893 in
698 3839 806 3894 illis
827 3836 1132 3906 regionibus
1153 3843 1329 3889 certus
1346 3845 1397 3888 et
1415 3836 1553 3886 fixus
1573 3843 1674 3900 est,
1689 3843 1741 3888 et
1761 3833 2055 3888 districtius

476 3931 578 3986 ista
607 3938 932 4000 quaerantur,
955 3937 1010 3982 et
1031 3943 1058 3980 a
1077 3927 1268 3996 quibus
1293 3925 1487 3979 fuerint
1514 3937 1684 3995 gesta,
1711 3925 2004 3994 prodantur
2038 3944 2051 3979 :

475 4024 730 4096 quoniam
756 4023 894 4076 sicut
922 4019 1211 4076 latentibus
1242 4019 1294 4073 in
1319 4018 1416 4072 hac
1443 4019 1722 4072 atrocitate
1748 4018 2053 4072 nominibus

475 4130 585 4172 non
615 4122 810 4180 exstat,
843 4113 895 4167 in
918 4127 1074 4182 quem
1105 4111 1371 4166 sententia
1415 4110 1590 4165 debita
1621 4109 1949 4178 proferatur;
1981 4110 2053 4164 ita

474 4221 598 4262 cum
646 4203 940 4259 manifesds
981 4203 1139 4257 fuerit
1188 4201 1524 4257 documentis
1550 4201 1846 4270 expositus,
1895 4219 2051 4272 quem

475 4299 627 4374 [forte
652 4299 834 4371 quam]
865 4301 995 4355 tanti
1032 4301 1249 4354 sceleris
1276 4300 1446 4368 poscit
1488 4299 1812 4365 immanitas,
1844 4313 1946 4354 non
1977 4300 2053 4354 ef-

473 4392 637 4462 fugiet
664 4391 817 4465 [forte
845 4390 1050 4461 vitabit]
1082 4392 1347 4444 ullatenus
1379 4391 1656 4444 ultionem.

2160 3207 2320 3248 nosse
2348 3194 2487 3263 quod
2515 3204 2745 3263 gereret.
2787 3243 2792 3248 .

2241 3289 2370 3342 Car.
2419 3286 2631 3342 XXVII.
2661 3317 2730 3327 —
2777 3289 3018 3353 Quatuor
3071 3299 3246 3342 autem
3296 3297 3401 3342 tam
3456 3287 3524 3342 de
3567 3289 3744 3348 reditu

2157 3393 2316 3447 quam
2344 3377 2410 3431 de
2438 3378 2708 3433 oblat‘oue
2750 3378 3018 3443 fidelium,
3062 3389 3216 3447 prout
3243 3379 3528 3446 cujuslibet
3570 3382 3742 3434 eccle-

2157 3471 2251 3524 siae
2286 3470 2508 3524 facultas
2537 3471 2803 3534 admittit,
2830 3471 2968 3526 sicut
2997 3471 3195 3524 dudum
3226 3472 3616 3526 rationabiliter
3654 3483 3741 3527 est

2156 3562 2464 3626 decretum,
2497 3563 2750 3616 convenit
2781 3563 2893 3616 fieri
2934 3565 3228 3629 portiones.
3259 3563 3495 3629 Quarum
3532 3568 3598 3618 sit
3633 3583 3738 3618 una

2158 3651 2445 3721 pontificis,
2469 3653 2634 3707 altera
2663 3655 3004 3717 clericorum,
3033 3669 3322 3722 pauperum
3351 3659 3525 3720 tertia,
3549 3668 3736 3722 quarta

2157 3745 2373 3798 fabricis
2415 3744 2748 3813 applicanda.
2786 3745 2859 3798 De
2889 3747 3106 3812 quibus,
3141 3748 3276 3800 sicut
3319 3748 3612 3801 sact‘rdo'is
3655 3750 3738 3800 in-

2157 3838 2377 3903 tererit,
2435 3838 2696 3906 integram
2760 3838 3020 3892 ministris
3083 3839 3329 3894 ecclesia:
3385 3849 3733 3893 memoratam

2156 3928 2459 3997 dependere
2488 3930 2833 3998 quantitatem
2852 3971 2866 3995 ,
2895 3929 2971 3984 sic
2995 3931 3170 3985 clerus
3201 3931 3289 4003 [aL
3317 3929 3568 4002 clericu~]
3599 3933 3736 3988 ultra

2155 4020 2454 4090 delegatam
2503 4021 2605 4075 sibi
2657 4038 2921 4076 summam
2981 4023 3114 4076 nihil
3178 4022 3474 4076 insolenter
3529 4026 3736 4077 noverit

2156 4114 2534 4182 expetendum.
2565 4114 2637 4167 Ea
2669 4129 2796 4168 vero
2825 4131 2942 4183 qute
2979 4115 3352 4170 ecclesiasticis
3382 4114 3620 4168 tedificiis
3650 4125 3735 4167 at-

2159 4205 2352 4261 tributa
2385 4215 2540 4272 sunt,
2576 4206 2699 4260 huic
2728 4208 2877 4271 olcri
2922 4208 3182 4261 veraciter
3221 4216 3545 4274 prtnrogata,
3592 4207 3735 4260 Ioco-

2155 4313 2271 4353 rum
2313 4298 2503 4352 deet-at
2547 4298 2861 4352 instauratio
2906 4297 3185 4352 manifesta
3225 4308 3532 4352 sanctorum
3565 4315 3579 4352 :
3610 4300 3734 4367 quia

2157 4391 2304 4444 nefas
2349 4398 2466 4455 est,
2513 4390 2560 4444 si
2611 4389 2780 4443 sacris
2823 4389 3029 4443 aedibus
3079 4388 3378 4453 destitutis,
3430 4390 3479 4442 in
3529 4389 3731 4444 lucrum

546 4486 675 4540 Car.
706 4483 893 4538 XXVI.
913 4512 984 4521 —
1005 4482 1360 4536 Nihilominus
1388 4482 1729 4550 impatienter
1749 4483 2048 4537 audivimus
2077 4467 2126 4524 D
2155 4497 2309 4536 sumn
2354 4481 2547 4548 praasul
2590 4479 2858 4548 impendia
2901 4480 2985 4534 bis
3025 4480 3300 4549 designata
3341 4481 3437 4555 [αι.
3461 4481 3732 4553 deputata]

473 4587 682 4632 tantum
726 4575 1022 4628 divinarum
1054 4589 1234 4627 rerum
1266 4573 1493 4627 subiisse
1522 4575 1854 4643 despectum,
1887 4585 1941 4630 ut
1975 4577 2048 4631 fe-

473 4669 633 4722 minae
656 4667 827 4719 sacris
849 4665 1106 4718 altaribus
1131 4664 1433 4717 ministrare
1454 4665 1692 4718 ferantur
1715 4663 1804 4736 [aL
1835 4669 2049 4719 firmen-

472 4767 591 4822 tur;
619 4757 692 4812 ita
721 4765 767 4810 et
807 4757 861 4808 in
885 4755 1036 4826 Lua]
1061 4773 1074 4821 ;
1099 4769 1153 4810 et
1177 4765 1503 4824 cunctaque:
1535 4772 1639 4809 non
1677 4757 1776 4811 nisi
1807 4757 2045 4812 virorum

471 4849 744 4904 famulatui
775 4849 1024 4919 deputata
1065 4861 1184 4904 sunt
1212 4889 1228 4916 ,
1277 4864 1462 4904 sexum
1508 4849 1593 4903 cui
1640 4866 1744 4905 non
1790 4853 2045 4921 competit

473 4941 752 4997 exhibere.

543 5034 671 5090 Viso
683 5033 778 5105 [αι.
794 5034 916 5099 nisi;
932 5035 1003 5087 ita
1017 5035 1126 5088 etin
1151 5031 1300 5104 Luc.]
1317 5033 1455 5103 quod
1471 5033 1706 5088 omnium
1724 5033 2042 5089 delictorum

467 5140 588 5194 quae
613 5125 880 5196 sigillat-im
906 5125 1336 5195 perstrinximus,
1365 5141 1498 5179 noxa
1527 5127 1700 5178 omnis
1731 5125 1825 5197 [αι.
1857 5127 2044 5179 noxio-

466 5233 588 5274 rum
615 5227 798 5274 reatus
823 5217 1018 5288 omnis]
1049 5227 1102 5272 et
1137 5219 1339 5272 crimen
1371 5233 1466 5271 eos
1492 5216 1708 5285 respicit
1737 5227 2046 5274 sacerdotes

465 5310 555 5381 qui
585 5309 670 5364 vel
709 5311 808 5362 ista
848 5311 1217 5374 committunt,
1249 5309 1331 5362 vel
1377 5309 1780 5364 committentes
1824 5311 2046 5366 minimc

465 5402 808 5473 publicando,
835 5402 1009 5470 pravis
1043 5401 1354 5458 excessibus
1383 5417 1443 5459 se
1466 5403 1660 5474 favere
1691 5403 1995 5474 significant
2028 5424 2040 5456 :

536 5540 551 5570 ⁸
585 5539 660 5593 Id.
686 5539 830 5606 cod.,
860 5540 1280 5595 dedicandorum.

533 5609 555 5639 ¹
589 5610 663 5679 Id.
695 5612 840 5676 cod.,
868 5622 1010 5677 parte
1035 5611 1246 5679 digesta.

586 5678 662 5734 ω.
687 5682 832 5747 cod.,
867 5678 1127 5736 vendenti}.

2151 4579 2448 4627 convertat.
2494 4570 2667 4640 Ipsam
2702 4572 3045 4626 nihilominus
3075 4574 3362 4642 ascriptam
3409 4576 3731 4643 pauperibus

2155 4665 2486 4732 portionem,
2510 4663 2751 4731 quamvis
2775 4662 2968 4717 divinis
2994 4664 3288 4718 rationibus
3308 4679 3367 4719 se
3394 4666 3731 4734 dispensasse

2152 4764 2544 4809 monstraturus
2575 4769 2694 4817 esse
2734 4754 2993 4815 videatur.
3029 4765 3204 4810 tamen
3233 4756 3380 4825 juxta
3413 4757 3553 4825 quod
3599 4757 3731 4808 scri-

2154 4857 2300 4916 ptum
2333 4855 2451 4900 est:
2490 4845 2557 4899 Ut
2587 4846 2784 4898 videant
2813 4862 2968 4913 opera
2996 4856 3161 4901 vestra
3191 4847 3339 4911 bona,
3367 4858 3412 4900 et
3447 4847 3732 4917 glorificent

2159 4938 2362 4993 Patrem
2399 4947 2644 5004 vestrum,
2674 4941 2760 5008 qui
2797 4939 2850 4991 in
2881 4941 3017 4993 cretis
3048 4950 3120 4994 est
3163 4937 3377 5011 (Matth.
3408 4939 3492 5010 ν),
3519 4949 3731 5008 Oportet
3762 4947 3770 4956 ‘

2151 5034 2312 5086 etiam
2378 5031 2626 5099 prwsenti
2682 5031 3054 5086 testificatione
3109 5030 3418 5100 praedicari,
3471 5040 3525 5086 et
3571 5031 3726 5087 bona:

2151 5125 2304 5179 famae
2333 5124 2613 5194 prmconiis
2640 5138 2744 5179 non
2776 5123 2961 5180 taceri.

2223 5217 2351 5272 Car.
2383 5215 2618 5270 XXVIII.
2641 5245 2710 5255 -—
2738 5216 3074 5284 Quapropter
3117 5229 3214 5269 nec
3251 5214 3346 5285 [ιιι.
3376 5212 3464 5286 ne]
3505 5216 3722 5269 clerico-

2148 5326 2266 5366 rum
2317 5309 2583 5378 quispiam
2629 5323 2689 5364 se
2741 5307 2896 5377 hujus
2949 5307 3167 5361 offensa:
3216 5307 3450 5361 futurum
3495 5309 3729 5362 confidat

2149 5406 2478 5470 immunem,
2515 5401 2559 5454 si
2607 5399 2661 5455 in
2703 5400 2784 5456 bis
2822 5414 2941 5468 quze
2979 5398 3266 5454 salubriter
3312 5400 3582 5470 sequenda
3637 5399 3731 5454 deo

2213 5537 2233 5568 ⁸
2268 5537 2345 5592 Id.
2383 5536 2503 5591 cod.
2544 5536 2692 5590 addit
2715 5547 2766 5590 ut
2795 5537 2970 5591 eadem
2999 5536 3084 5590 vix
3105 5545 3272 5592 noster
3297 5541 3429 5608 ferre
3454 5539 3612 5609 possit
3636 5555 3727 5594 ait.

2146 5610 2287 5663 ditus
2317 5609 2360 5661 si
2391 5624 2582 5673 reverti,
2614 5619 2720 5662 etc.

2214 5680 2234 5711 ⁸
2269 5679 2347 5734 Id.
2380 5681 2524 5749 cod.,
2558 5683 2801 5736 delatum.
