4098 6172
379 310 452 366 5'7
1595 307 1948 364 EPlSTOLIE
1989 309 2075 363 ΕΤ
2117 309 2455 366 DECllETA.
3597 321 3662 376 ss

379 422 782 495 prompsimus,
834 423 948 477 sive
1003 420 1311 491 episcopum
1338 461 1352 484 ,
1405 420 1518 476 sive
1568 424 1971 494 presbyterum,
2004 429 2054 485 Α
2088 426 2335 492 quoniam
2370 440 2464 494 pio
2489 425 2635 481 sedis
2663 428 2972 496 apostolicm
3013 433 3343 501 principatu,
3377 435 3528 503 cujus
3557 441 3661 490 sol-

376 521 498 573 sive
528 519 813 572 diaconum
855 517 1052 572 viderit
1079 517 1460 584 excedentem,
1494 532 1599 571 non
1628 519 1874 588 protinus
1901 520 1967 574 ad

375 625 544 663 aures
573 619 785 662 nostras
812 608 1024 662 deferre
1055 607 1355 672 curaverit,
1390 609 1793 676 probationibus
1832 610 1970 663 dun-

377 710 529 755 taxat
572 712 940 768 competenter
983 700 1254 763 exhibitis,
1288 711 1345 754 ut
1377 704 1789 771 transgressoris
1833 704 1966 758 ultio

376 795 507 856 liat,
537 802 591 847 ct
618 794 830 848 curti-ris
862 794 1168 847 interdictio
1198 793 1562 863 delinqut-ttdi.
1596 793 1685 850 Sui
1729 795 1822 866 [αι.
1855 795 1965 866 Sic]

378 901 511 938 vero
546 885 716 938 modis
745 885 995 937 omnibus
1018 887 1120 938 erit
1149 887 1512 954 unusquisque
1541 887 1850 952 pontilicum
1878 902 1967 940 or-

376 979 527 1033 dinis
563 987 615 1031 et
667 977 884 1029 honoris
912 977 1093 1041 elisnr,
1126 977 1168 1029 si
1201 976 1445 1045 cuiquam
1494 977 1844 1042 clericorum,
1879 978 1962 1033 vel

379 1071 639 1125 Ecclesia:
679 1072 838 1123 totius
877 1070 1076 1123 auditui
1109 1069 1220 1123 haec
1264 1070 1523 1136 putaverit
1564 1071 1960 1138 supprimenda.

377 1164 517 1218 Data
547 1178 578 1216 v
615 1161 733 1216 idus
778 1161 952 1216 Martii
1005 1164 1166 1229 (anno
1203 1160 1402 1214 Christi
1447 1159 1613 1228 494),
1658 1161 1872 1215 Asterio
1911 1171 1966 1215 et

374 1253 637 1308 Praesidio
661 1253 793 1308 viris
831 1251 1146 1307 clarissimis
1173 1252 1500 1306 consulibus.
1540 1253 1602 1306 Et
1631 1254 1734 1307 alia
1767 1271 1919 1308 manu
1943 1270 1962 1308 :

375 1345 523 1400 Deus
550 1361 645 1401 vos
668 1344 965 1400 incolumes
991 1343 1283 1410 custodiat,
1314 1343 1505 1398 fratres
1533 1343 1816 1400 carissimi.

961 1455 1290 1511 EPISTOLA
1327 1456 1392 1512 X.

864 1565 932 1603 ΔΙ)
967 1562 1243 1602 EPISCOPOS
1271 1563 1495 1604 SlClLl£o

368 1639 623 1694 Ecclesz
660 1639 932 1710 facultates
959 1641 1021 1711 ab
1051 1641 1319 1710 cpiswpis,
1352 1641 1547 1694 clericis
1576 1651 1622 1694 et
1655 1641 1960 1711 pauperibus

442 1709 684 1763 distribui
723 1712 938 1776 debere;
969 1709 1203 1762 diwceses
1240 1723 1284 1762 et
1327 1713 1454 1762 bona
1495 1713 1716 1764 eccli-sia.’
1746 1709 1806 1763 ab
1851 1714 1958 1778 epi-

438 1783 582 1852 cOpis
613 1781 822 1850 triginta
853 1796 1013 1833 annos
1046 1796 1276 1844 possessa
1301 1781 1372 1834 eis
1402 1798 1501 1834 non
1532 1783 1830 1850 auferenda.

445 1892 695 1947 Gelasius
727 1893 980 1944 Romana:
1007 1891 1257 1944 Ecclesia:
1285 1892 1567 1960 cpiscopus
1595 1893 1958 1946 dilectissimis

368 1994 426 2042 et
457 1984 512 2039 itt
553 1983 752 2038 Christi
792 1983 1013 2038 caritate
1043 1983 1368 2037 unanimiter
1405 1985 1660 2038 connexis
1707 1984 1958 2039 fratribus

367 2077 638 2146 episc0pis
659 2076 748 2146 qui
774 2076 826 2130 itt
855 2074 1037 2130 Sicilia
1066 2085 1188 2127 sunt
1219 2075 1512 2128 consdtuti.

443 2171 746 2226 Prtrstdutn
787 2169 1077 2222 auctet-itas
1117 2180 1422 2226 nostrOt-um
1469 2169 1766 2233 emanavit,
1797 2178 1852 2221 ut
1885 2168 1958 2222 fa-

368 2262 600 2317 cultates
631 2261 873 2316 ecclesia:
903 2261 1139 2328 epi5c0pi
1182 2261 1246 2312 ad
1281 2259 1569 2329 regendum
1605 2259 1834 2313 habeant
1867 2275 1960 2328 po-

368 2365 652 2419 testatem;
684 2355 759 2409 ita
791 2367 964 2408 tamen
993 2364 1048 2406 ttt
1072 2353 1382 2419 viduarum,
1415 2353 1766 2423 pupillorum,
1798 2363 1960 2422 atque

370 2460 668 2518 pauperum
688 2489 701 2511 ,
732 2462 831 2501 nec
858 2463 961 2500 non
992 2449 1307 2501 clericorum
1337 2447 1605 2513 stipendia
1637 2447 1960 2502 distribuere

368 2539 621 2593 debeant.
658 2538 768 2592 lluc
806 2541 885 2593 eis
921 2539 1078 2591 etiam
1111 2539 1394 2593 Statuimus
1430 2537 1576 2606 dari,
1606 2538 1745 2608 quod
1780 2538 1959 2592 hacte-

370 2647 475 2686 nus
505 2632 778 2686 decretum
812 2640 912 2686 est.
944 2630 1226 2700 Reliquum
1263 2631 1363 2684 sibi
1393 2632 1627 2699 episcopi
1662 2631 1956 2697 vindicent,

371 2733 429 2776 ut
460 2707 621 2792 (sicut
648 2733 772 2775 ante
805 2719 1057 2789 diximus)
1092 2720 1492 2790 peregrinorum
1523 2731 1685 2790 atque
1721 2721 1959 2790 captivo-

370 2829 494 2868 rttm
519 2812 796 2881 largitores
818 2827 936 2866 esse
968 2811 1196 2880 possint.

441 2903 578 2957 Illud
623 2904 785 2957 etiam
817 2901 1026 2956 adnecti
1059 2902 1282 2970 placuit.
1317 2912 1376 2955 ut
1407 2903 1450 2955 si
1490 2902 1650 2972 (quod
1692 2902 1850 2972 absit)
1885 2905 1959 2957 fa-

371 2993 600 3048 cultates
627 2992 894 3058 ecclesiae,
933 3006 1030 3045 nec
1069 3006 1172 3044 non
1205 3002 1256 3046 et
1297 2991 1559 3046 dioeceses
1603 3008 1722 3060 qute
1759 2994 1825 3045 ab
1862 2993 1960 3046 ali-

371 3085 567 3154 quibus
621 3082 961 3151 p0ssidentttr
1001 3083 1299 3151 episcopis,
1340 3083 1460 3150 jure
1505 3083 1608 3137 sibi
1650 3084 1953 3150 vindicent,

1987 1795 2034 1854 Β
2063 1795 2374 1848 intemerata
2430 1797 2659 1851 servetis
2703 1817 2713 1849 :

2074 515 2297 569 licitudo
2327 516 2566 586 delegata
2601 519 2855 572 divinitus
2884 526 3091 576 cunctis
3127 525 3353 578 debetur
3386 526 3656 590 Ecclesiis,

2072 621 2171 660 nos
2219 608 2474 674 vivimus,
2517 611 2558 662 si
2603 625 2700 664 vos
2745 614 2897 666 statis
2945 614 2994 668 in
3048 617 3302 679 Domino,
3343 619 3658 688 magnisque

2071 699 2282 766 gaudiis
2321 699 2732 768 triumphamus.
2768 703 2898 756 Cum
2931 705 3127 773 ubique
3170 715 3430 761 terrarum
3480 709 3658 762 Domi-

2070 807 2196 844 num
2253 792 2488 846 Sabaoth
2538 810 2720 848 semen
2773 811 2916 862 pura:
2961 798 3312 854 confessionis
3364 800 3646 870 reliquisse

2067 884 2464 948 cognoscimus,
2495 885 2634 952 quod
2669 901 2773 938 ttott
2814 886 2866 938 itt
2915 898 3122 952 petrosa
3172 889 3484 955 devenieus,
3522 903 3653 945 aestu

2069 974 2376 1027 tentationis
2421 977 2656 1042 exaruit,
2701 993 2799 1031 nec
2846 977 2944 1031 vite
2991 980 3290 1047 proximum
3333 982 3526 1036 cecidit
3565 999 3651 1037 va-

2067 1063 2308 1116 cantibus
2361 1065 2589 1118 ininticis
2636 1067 2978 1132 ettposiltttn,
3030 1083 3128 1121 nec
3178 1069 3230 1122 itt
3277 1072 3447 1138 spinis
3498 1073 3654 1128 irruit.

2065 1157 2464 1223 sulfocandutn,
2502 1159 2596 1212 sed
2642 1159 2694 1212 itt
2729 1161 2920 1213 bonant
2969 1171 3166 1218 terram
3202 1163 3304 1230 pia:
3351 1163 3655 1219 devotionis

2065 1256 2258 1302 vestra:
2302 1249 2508 1303 cmlesti
2562 1251 2791 1305 factione
2838 1251 2932 1323 [aL
2966 1251 3203 1322 satione]
3247 1251 3546 1321 dispersum
3599 1253 3652 1306 itt

2066 1337 2396 1405 trigesimum
2441 1349 2494 1392 et
2540 1341 2935 1407 sexagesimum
2979 1341 3210 1395 frttclutu
3255 1343 3647 1397 centenarium-

2067 1441 2170 1495 qtte
2213 1427 2470 1495 profecit,
2506 1431 3001 1498 profectionemque
3042 1432 3246 1484 scilicet
3280 1431 3528 1486 frumenti
3557 1432 3624 1486 do

2065 1519 2244 1573 tninici
2278 1520 2498 1589 mystica
2541 1521 2808 1575 locutione
2847 1522 3151 1590 designans.
3187 1522 3524 1591 Quapropter
3557 1537 3651 1577 ex-

2064 1611 2386 1666 attltantibus
2440 1614 2636 1666 animis
2685 1614 3042 1668 confidentius
3096 1615 3415 1678 incitatnus,
3471 1623 3528 1668 ut
3581 1614 3650 1668 ab

2067 1703 2414 1772 lctttyehiante
2447 1706 2610 1772 pestis
2654 1705 2869 1759 incursu
2913 1715 3127 1774 pectora
3161 1717 3335 1760 vestra
3379 1709 3649 1775 sap’euter

2766 1799 3020 1865 quoniam
3071 1799 3176 1868 jam
3225 1801 3314 1868 qui
3361 1809 3648 1870 perseverat

2061 1904 2215 1956 usque
2258 1890 2310 1940 in
2343 1888 2529 1956 ﬁnem,
2566 1889 2649 1940 hic.
2693 1891 2866 1944 sa'vtts
2906 1891 2996 1944 erit
3041 1890 3251 1960 (Matth.
3284 1893 3360 1958 at).
3400 1893 3648 1944 Dominus

2061 1995 2218 2048 prape
2258 1990 2360 2046 est,
2404 1981 2535 2033 nihil
2575 1980 2784 2034 solliciti
2828 1983 2938 2036 sitis
2977 1983 3212 2051 (Philip.
3243 1991 3350 2050 tv);
3383 1985 3646 2054 siquidem

2060 2075 2232 2140 major
2254 2087 2334 2129 est
2365 2074 2505 2144 quod
2534 2075 2586 2128 in
2620 2076 2775 2128 nobis
2803 2085 3063 2144 estquam
3087 2075 3175 2142 qui
3207 2078 3258 2129 iit
3290 2077 3392 2130 hoc
3421 2079 3642 2142 mundo,

2061 2182 2388 2236 regnumque
2422 2168 2629 2222 Domini
2674 2169 2809 2222 intra
2845 2184 2940 2222 nos
2969 2168 3152 2240 (etiam
3183 2169 3456 2239 Scriptura
3487 2169 3638 2242 [Luc.

2065 2256 2195 2327 κνιιῖ
2235 2262 2489 2328 testante)
2527 2260 2599 2314 sit
2644 2271 2875 2315 certum.
2907 2262 2975 2315 Ut
3002 2268 3178 2315 autem
3211 2261 3278 2315 ab
3323 2278 3507 2316 eorum
3554 2264 3644 2331 qui

2062 2352 2114 2404 itt
2143 2367 2326 2405 errore
2356 2362 2481 2406 sunt
2510 2354 2700 2422 positi,
2743 2355 2900 2407 noxia
2941 2354 3199 2409 societate
3237 2355 3492 2418 caveatis,
3524 2357 3644 2408 nul-

2063 2442 2170 2495 ltnn
2218 2443 2410 2498 talibus
2457 2445 2939 2498 communicantem
2988 2445 3052 2498 ad
3094 2455 3330 2500 vestrum
3373 2446 3642 2511 recipiatis

2060 2534 2296 2602 qualibet
2323 2536 2668 2604 subreptione
2697 2536 3024 2590 consortium
3052 2554 3064 2589 :
3097 2537 3220 2606 quia
3261 2538 3400 2591 sicut
3432 2536 3483 2590 itt
3515 2553 3644 2590 una-

2062 2643 2272 2696 quaque
2305 2627 2496 2684 llfPl‘CSi
2534 2645 2653 2683 cum
2699 2631 2976 2698 pravitatis
3004 2639 3223 2684 ant-ture
3249 2631 3498 2684 damnato
3526 2645 3644 2684 suc-

2061 2730 2304 2774 cessares
2343 2720 2460 2787 ejus
2499 2729 2553 2775 et
2583 2721 2874 2790 complices
2917 2733 3078 2789 atque
3123 2721 3424 2789 linjusntodi
3471 2731 3646 2774 secta-

2063 2813 2267 2866 toribus
2331 2813 2535 2880 polluta
2589 2815 2968 2868 communione
3032 2813 3324 2881 permixtos
3384 2814 3646 2867 catholica

2059 2904 2228 2956 vitare
2259 2903 2417 2956 debet
2451 2905 2745 2972 integritas.
2780 2906 2849 2957 ita
2879 2919 2998 2959 Cum
3034 2903 3328 2973 Ettlycltete
3359 2903 3645 2958 Dioscorus

2061 2996 2323 3064 simu’lque
2368 2995 2683 3050 Timotheus
2729 2995 2954 3051 Elurus
2995 3004 3050 3049 et
3097 2997 3282 3050 Petrus
3326 2995 3646 3049 Alexandti«

2062 3101 2182 3147 nus,
2211 3087 2433 3155 ejusque
2459 3087 2880 3142 communicator
2915 3087 3160 3150 Aeacius,
3195 3103 3293 3140 nec
3329 3102 3433 3140 non
3478 3087 3642 3141 etiam

373 3173 513 3240 quod
551 3172 855 3227 tricennalis
895 3170 989 3244 [ιιι.
1021 3171 1364 3243 tricennariaj
1397 3172 1480 3225 lex
1506 3172 1798 3239 cont-lusit,
1832 3174 1954 3241 quia
1985 3163 2031 3225 C
2065 3177 2426 3231 Antiochenus
2459 3177 2669 3242 Petrus,
2709 3195 2828 3232 cuut
2873 3179 2987 3233 suis
3018 3190 3144 3233 sunt
3186 3179 3406 3232 omnino
3437 3178 3646 3244 partici-

372 3272 428 3318 ει
454 3262 686 3316 filiorum
718 3272 1020 3315 nostrorum
1054 3263 1349 3330 principum
1378 3262 1446 3315 ita
1479 3265 1741 3316 emanavit
1777 3273 1960 3318 aucto-

372 3354 538 3420 ritas,
582 3355 646 3408 ltt
691 3353 827 3407 ultra
876 3352 1088 3421 triginta
1139 3368 1308 3406 annos
1366 3354 1496 3407 nulli
1547 3355 1704 3407 liceat
1751 3371 1847 3423 pro
1895 3370 1960 3409 eo

371 3447 674 3514 appellare,
707 3445 846 3514 quod
892 3445 1066 3512 legum
1111 3456 1319 3514 tempus
1364 3445 1457 3518 [aL
1490 3449 1682 3512 Inicit,
1727 3450 1829 3501 sive
1873 3465 1956 3502 re-

369 3537 527 3604 gula,
558 3544 648 3588 aut
679 3535 845 3602 potius
878 3535 1103 3605 cautela]
1147 3537 1393 3590 exclusit.
1439 3537 1564 3589 Itala
1603 3538 1773 3591 idibus
1806 3538 1955 3608 Maii,

374 3629 587 3682 A~terio
609 3638 664 3680 et
697 3627 954 3681 Pt-residio
979 3628 1106 3681 viris
1131 3628 1444 3682 clarissimis
1465 3630 1770 3684 consulibus
1797 3632 1958 3700 (anno

372 3719 570 3775 Cltri.~ti
599 3719 727 3791 tot)
754 3720 794 3773 ι.

932 3811 1264 3869 EPISTULA
1306 3813 1398 3867 XI.

636 3941 706 3979 AD
737 3940 1012 3980 ENSCUPOS
1043 3941 1318 3979 ltARllANlE
1349 3939 1417 3978 ΕΤ
1448 3938 1694 3978 ιιιιιιιαι.

369 4057 708 4113 Commendat
753 4075 925 4110 eorum
963 4060 1294 4125 religionem;
1327 4057 1827 4108 Thessalonicensem
1853 4056 1962 4122 epi-

442 4147 654 4197 st‘Opunt
672 4171 684 4190 ,
714 4131 802 4198 qui
829 4127 1175 4182 Itureticorunt
1197 4131 1402 4180 nomina
1424 4131 1669 4180 damnare
1693 4128 1960 4188 rccusavit,

441 4204 737 4265 apostolica:
765 4201 899 4252 sedis
928 4201 1276 4253 communione
1314 4206 1566 4266 privatum
1597 4215 1723 4260 esse,
1756 4209 1799 4249 et
1835 4198 1963 4248 Aca-

441 4274 576 4323 cium
609 4272 661 4322 iu
703 4272 1224 4324 excwnmuuicutione
1253 4282 1511 4322 mortuum
1539 4287 1639 4321 non
1680 4283 1828 4331 posse
1872 4273 1963 4318 ub-

445 4343 570 4395 8ulvi
598 4342 878 4410 signiﬁcat.

449 4452 689 4506 Gelasius
735 4453 1018 4520 cpiscopus
1064 4451 1324 4505 universis
1367 4453 1636 4520 episcopis
1686 4467 1785 4520 per
1829 4453 1963 4506 Dar-

2066 3267 2224 3336 pibus
2259 3268 2561 3322 abdicandi.
2599 3268 2709 3324 Nec
2737 3271 3044 3339 quisquam,
3078 3270 3283 3324 etiamsi
3333 3269 3646 3336 pravitatem

2064 3361 2335 3429 deputiere
2365 3378 2424 3416 se
2451 3363 2760 3432 promittat,
2803 3363 3091 3417 recitandis
3134 3372 3311 3416 tamen
3343 3361 3647 3415 nominibus

2064 3454 2404 3507 consentiens
2435 3453 2764 3522 petditorttnt
2784 3494 2798 3516 ,
2830 3454 2914 3508 vel
2952 3455 3143 3507 eadem
3175 3455 3512 3508 recitantiutn
3536 3455 3648 3505 .ntio

2066 3545 2209 3598 nitne
2236 3545 2610 3598 tonununione
2637 3545 2901 3600 discretus
2931 3547 2995 3600 ad
3041 3545 3384 3599 immaculata
3429 3545 3648 3600 sacrile-

2062 3638 2164 3706 giis
2220 3637 2378 3691 ovilia
2434 3638 2835 3708 quibuscunqtte
2887 3639 3063 3693 modis
3116 3651 3200 3694 est.
3259 3638 3648 3707 permittendus

2063 3730 2286 3792 intrare,
2314 3740 2368 3783 ut
2400 3729 2636 3785 Ecclesia
2672 3730 2762 3784 Dei
2793 3737 2992 3796 nostri,
3020 3747 3133 3801 qua:
3161 3731 3416 3783 maculam
3441 3745 3648 3798 rugam-

2063 3835 2161 3888 qite
2207 3836 2307 3872 non
2353 3823 2563 3874 sustinet
2610 3822 2838 3890 (Ep/tes.
2879 3823 2964 3891 v),
3013 3823 3264 3875 inviolata
3316 3829 3646 3891 permaneat.

2064 3911 2255 3965 Absint
2294 3927 2422 3979 ergo
2455 3927 2482 3963 a
2525 3913 2770 3966 ﬁdelibus
2811 3913 3010 3966 Christi
3060 3912 3257 3980 vipera:
3301 3911 3489 3978 capitis
3533 3909 3648 3966 dira

2064 4005 2385 4057 commercia
2405 4047 2419 4071 ,
2447 4016 2497 4056 et
2530 4005 2714 4072 procul
2741 4020 2768 4056 a
2797 4005 3106 4059 C(BICalibllS
3137 4005 3342 4071 pascuis
3376 4003 3648 4058 mortilera

2065 4107 2267 4146 venena
2301 4095 2588 4162 pellantur,
2635 4108 2688 4149 ιιι
2734 4097 2982 4148 salutaris
3025 4096 3274 4148 alimonia
3309 4093 3459 4162 panis
3506 4093 3648 4148 illius

2067 4185 2155 4253 qui
2183 4186 2251 4239 de
2280 4185 2418 4239 cmlo
2467 4186 2742 4240 descendit
2787 4185 2968 4254 (Jomt.
2994 4186 3104 4254 vt),
3151 4185 3334 4238 fideles
3381 4184 3522 4238 hanc
3561 4198 3648 4238 sus

2068 4290 2276 4334 tuentes
2306 4281 2370 4332 ad
2399 4279 2557 4332 vitam
2593 4281 2845 4347 perducat
2874 4291 3150 4333 teterttatn.

2139 4372 2268 4436 Qua:
2298 4381 2352 4424 ut
2393 4380 2572 4425 mutua
2605 4371 2873 4424 valeamus
2903 4373 3279 4426 exhortatione
3320 4371 3646 4440 prospicere,

2068 4463 2157 4518 det
2183 4478 2399 4532 operam
2425 4474 2598 4517 vestra
2626 4464 2764 4517 dilcc
2791 4468 2840 4515 io
2867 4473 2922 4516 ttt
2949 4467 3260 4528 soSpitatetn
3292 4475 3482 4516 vestrae
3512 4463 3648 4515 cari-

369 4545 583 4600 dilniam
630 4545 707 4617 i5"
736 4563 820 4614 ’1’!-
847 4546 1001 4598 COdd-
1031 4547 1130 4615 leg.
1161 4557 1212 4601 el
1239 4543 1476 4617 Daciam]
1506 4548 1619 4602 sive
1668 4562 1762 4616 per
1791 4547 1956 4617 lliyri-
1990 4537 2039 4598 Β
2067 4555 2191 4609 tatis
2239 4568 2472 4624 optatam
2494 4596 2508 4619 ,
2557 4568 2612 4612 et
2664 4555 2783 4608 lidei
2833 4555 3135 4609 communis
3186 4557 3434 4608 inStantia
3494 4555 3650 4608 nobis

368 4652 494 4691 cum
531 4637 859 4691 con~titutis.

445 4728 738 4782 Audientes
761 4728 1112 4782 orthodoxam
1140 4740 1329 4784 vestra:
1351 4728 1653 4783 dilectionis
1673 4729 1724 4782 in
1749 4729 1962 4784 Christo

367 4823 758 4884 constantiam,
806 4831 966 4890 atque
1011 4823 1080 4874 ita
1122 4837 1216 4875 vos
1261 4823 1497 4889 antiqua:
1545 4821 1667 4874 lidei
1714 4839 1956 4876 cottttntt-

371 4912 653 4981 nionisque
691 4916 918 4967 sincerae
947 4913 1316 4966 traditiotnbus
1343 4914 1688 4977 inhtcrentes,
1724 4923 1783 4966 ut
1815 4931 1956 4968 tuen-

371 5014 476 5059 tem
509 5004 832 5058 Christiantc
852 5005 1085 5058 deditam
1113 5005 1320 5058 veritati
1351 5003 1654 5059 nutlatenus
1679 5005 1961 5060 infecerint

373 5100 851 5166 przm'arit-atortnn
876 5100 1045 5152 vicina
1073 5098 1335 5166 contagia,
1371 5096 1824 5166 ntagniﬂcavintus
1856 5098 1959 5150 Do-

371 5189 579 5240 minum
601 5229 614 5249 ,
649 5188 1038 5256 caritatemque
1065 5199 1295 5241 vestram
1327 5185 1504 5240 missis
1533 5186 1725 5240 litteris
1756 5186 1956 5255 alloqui

375 5293 470 5342 per
500 5280 786 5347 religiosos
825 5280 969 5332 viros
1011 5280 1150 5334 lilios
1190 5290 1400 5332 nostros
1439 5279 1759 5348 Cyprianum
1797 5288 1959 5348 atque

373 5369 666 5425 hlacarium
694 5372 946 5426 diacoues
978 5381 1084 5426 tota
1124 5371 1299 5426 cordis
1329 5371 1582 5425 aviditate
1611 5371 1954 5426 curavimus:

451 5530 467 5560 '
497 5529 551 5582 in
583 5542 704 5580 meo
734 5541 836 5580 ms.
869 5527 1128 5581 Buehardi
1157 5527 1277 5582 cod.
1323 5528 1413 5581 lib.
1443 5543 1562 5592 vttt,
1593 5543 1712 5597 cap.
1737 5529 1826 5593 46,
1859 5532 1962 5587 hoc

373 5598 656 5654 decretum
686 5608 938 5665 tanquam
967 5614 1031 5651 ex
1063 5601 1287 5665 epistola
1319 5597 1518 5651 Gclasd
1541 5601 1603 5652 ad
1654 5602 1962 5656 Sicilienses

376 5670 661 5737 episcopos
686 5684 807 5735 cap.
835 5672 867 5722 9
898 5679 1170 5736 acceptum
1193 5670 1408 5722 all'ertur
1433 5687 1443 5720 :
1483 5670 1659 5736 Neque
1683 5671 1864 5724 viduas
1891 5674 1960 5724 ad

375 5742 587 5804 nuptias
628 5740 840 5792 transire
861 5741 1087 5808 patimur
1126 5755 1238 5804 qua:
1276 5737 1512 5806 religioso
1545 5744 1808 5808 proposito
1845 5743 1962 5797 diu-

2065 4648 2308 4702 crebritts
2341 4649 2552 4716 aperire
2598 4663 2701 4701 non
2738 4648 2977 4715 desinat,
3009 4659 3270 4717 quatenus
3300 4648 3521 4701 alternis
3552 4663 3648 4700 nos

2064 4738 2505 4792 instructionibus
2543 4739 2867 4807 excitantes,
2915 4742 3269 4807 legitimorum
3305 4739 3513 4792 Domini
3561 4755 3649 4790 sa-

2062 4833 2336 4886 cerdotum
2371 4835 2635 4900 possimus
2671 4836 2912 4890 invenire
2959 4835 3285 4888 mercedem.
3321 4833 3420 4887 l’er
3450 4833 3649 4886 vicinas

2064 4939 2277 4992 quoque
2319 4926 2621 4992 provincias
2656 4928 2768 4980 hzec
2797 4928 2982 4980 eadem
3026 4925 3326 4994 patefacere
3361 4935 3530 4978 vestra
3561 4940 3649 4978 ca-

2065 5014 2194 5066 ritas
2223 5014 2502 5082 vigilanter
2533 5019 2775 5083 insistat;
2816 5030 2866 5070 ut
2895 5027 2949 5072 ct
2975 5021 3062 5086 qtti
3101 5017 3380 5069 catholica:
3409 5031 3648 5070 cominu-

2068 5104 2243 5158 nionis
2287 5107 2594 5161 sinceritate
2641 5109 2968 5172 Subsistttnt,
3015 5109 3442 5177 competentibus
3491 5108 3651 5160 robo-

2065 5205 2253 5248 rentur
2279 5197 2556 5265 alloquiis;
2589 5209 2641 5252 et
2669 5203 2758 5269 qui
2785 5199 3010 5254 forsitan
3041 5201 3109 5255 ab
3145 5199 3304 5267 hujus
3335 5197 3648 5252 rectitudine

2065 5287 2378 5354 deviarnnt,
2408 5291 2476 5344 ad
2525 5293 2886 5358 integritatem
2935 5294 3198 5362 dogmatis
3228 5290 3520 5345 Christiani
3567 5305 3650 5339 su.

2067 5379 2309 5436 lubribus
2351 5383 2565 5438 monitis
2614 5386 2955 5440 reducantur.
2989 5385 3204 5438 Noverit.
3251 5395 3424 5436 autent
3469 5391 3648 5431 vestra

2070 5545 2222 5593 turna
2253 5539 2596 5594 observatione
2625 5554 3031 5610 permanserunt.
3067 5544 3314 5599 Similiter
3341 5548 3510 5592 autem
3551 5538 3646 5591 uir-

2069 5610 2213 5676 gines
2249 5611 2445 5692 nubere
2486 5612 2808 5684 prohibemus
2838 5632 2963 5680 quas
2993 5618 3139 5669 armis
3173 5613 3408 5684 plurimis
3453 5611 3506 5665 in
3535 5627 3645 5663 mo-

2070 5687 2302 5734 nasteriis
2329 5693 2525 5738 a'tateut
2555 5687 2804 5757 peregisse
2830 5687 3110 5755 contigerit.
