4098 6172
446 285 513 341 59
1796 272 2066 330 CELASll
2108 271 2189 326 PA
2199 270 2306 324 [ME
2348 272 2365 325 l

3636 262 3717 324 60

446 399 748 455 fraternitas
779 396 1029 454 Ecclesiae
1059 392 1558 449 Thessalonicensis
1587 393 1885 448 antistitem
1931 407 2030 447 no-
2062 393 2107 450 Α
2140 380 2461 457 nionemque
2502 388 2820 444 catholicam
2868 394 3243 442 revertantur:
3287 384 3577 440 secundum
3628 398 3713 435 re.-

445 494 569 546 stris
621 489 1081 545 adhortationibus
1139 488 1335 555 saepius
1396 486 1719 552 incitatum,
1770 485 2016 554 contagia

446 583 832 637 communionis
862 591 1098 637 externa:
1130 594 1397 649 nunquam
1442 579 1718 634 declinare
1756 579 2015 643 voluisse,

447 691 545 729 nec
568 675 703 743 apud
731 690 827 727 nos
859 688 1048 725 nomen
1078 670 1286 735 Acacii,
1314 670 1397 724 vel
1418 678 1736 725 ctcterorum
1760 669 2011 723 similium

448 768 800 835 perﬁdorum,
843 765 1032 833 hisque
1070 763 1577 817 comntunicantiunt
1620 776 1854 831 congrua
1896 777 2019 829 pro-

448 858 677 911 fessione
723 858 1025 909 damnasse.
1054 854 1390 923 Quapropter
1417 869 1537 909 eum
1583 853 2017 907 communionem

447 951 588 1003 sedis
615 950 920 1017 apostolica:
950 962 1053 1000 non
1085 948 1355 1015 recepisse
1380 946 1715 1001 manifestum
1748 955 1827 1000 est
1845 985 1861 1009 ,
1885 960 2021 1014 quo-

448 1042 590 1094 niam
623 1040 719 1092 nisi
753 1039 899 1107 puris
928 1038 1172 1093 sensibus
1201 1047 1256 1091 et
1296 1037 1363 1091 ab
1399 1037 1542 1091 omni
1583 1037 1808 1090 nefanda
1850 1037 2023 1091 socie-

450 1140 579 1194 tate,
609 1129 748 1183 beati
782 1129 919 1183 Petri
951 1128 1177 1196 apostoli
1211 1142 1309 1182 nec
1334 1140 1614 1197 possumus
1645 1142 1744 1180 nec
1765 1127 2023 1180 debemus

450 1220 704 1273 Ecclesiae
769 1219 1007 1289 praebere
1067 1219 1407 1273 commercia.
1466 1216 1749 1286 Pr0pterea
1815 1216 2024 1269 cautius

450 1311 711 1379 agendum
739 1321 821 1364 est
848 1324 968 1363 cum
1002 1309 1221 1378 praefato
1242 1324 1310 1363 ue
1339 1308 1617 1362 catholicis
1648 1306 1935 1371 mentibus,
1970 1315 2025 1361 ut

450 1404 572 1468 ﬁat,
600 1403 905 1471 apostolica:
926 1402 1070 1455 sedis
1098 1400 1532 1455 reconciliatione
1558 1400 1838 1470 subrepat;
1866 1415 2023 1471 quam

449 1496 589 1547 sicut
636 1495 837 1548 dolosis
884 1495 1088 1549 artilms
1143 1495 1329 1549 fallere
1373 1503 1427 1550 et
1476 1493 1865 1549 circumvenire
1918 1510 2025 1549 non

451 1588 737 1653 praevalet,
770 1585 840 1639 ita
871 1586 969 1640 sub
996 1587 1147 1653 cujus
1189 1601 1293 1640 non
1338 1594 1515 1655 potest
1558 1586 1800 1640 obtinere
1842 1596 2027 1641 aucto.

452 1677 661 1730 ritatcm
701 1692 914 1745 quoque
958 1686 1224 1745 nostram,
1256 1692 1378 1746 quae
1411 1677 1477 1730 ad
1524 1677 1900 1731 Dalmatiarum
1944 1685 2027 1731 est

2126 482 2369 549 gularum
2422 482 2685 533 tramitem
2729 488 3101 547 paternarum,
3145 485 3258 529 toto
3296 474 3476 530 cordis
3520 472 3712 525 affectu

2123 572 2423 633 venientes,
2453 579 2507 622 et
2540 570 2694 635 plena
2725 569 2949 622 caritate
2978 568 3256 633 suscipiat.
3293 566 3419 617 Data
3454 580 3507 616 ιιι
3542 577 3710 615 nonas

2124 662 2379 727 Augusti.
2422 662 2633 715 Asterie
2671 671 2725 714 et
2765 660 3020 714 Prmsidio
3066 660 3193 714 viris
3233 657 3545 713 clarissimis
3581 671 3705 710 cou-

2124 753 2330 808 sulibus
2359 754 2520 823 (anno
2545 751 2741 807 Christi
2774 750 2926 817 ΕΗ).

2671 862 2996 916 EPISTULA
3041 861 3152 914 XII.

2359 970 2427 1009 Αι)
2466 963 2492 992 ⁸
2516 969 2728 1008 λεοιηιυιι
2763 966 3144 1006 Αιιειιιτειηεεδι
3178 965 3480 1003 ειιιδεορυδι.

2461 1044 2535 1098 De
2564 1043 2900 1112 episcopatus
2930 1044 3008 1096 sui
3045 1043 3376 1109 primordiis.

2129 1134 2361 1189 [lutitant
2390 1135 2655 1187 caritatem
2683 1150 2811 1205 cum,
2831 1133 2931 1200 ﬁde
2962 1131 3216 1185 catholica
3257 1132 3574 1185 retinendam
3604 1148 3711 1185 esse

2817 1210 3007 1255 monet.

2200 1294 2556 1350 Dilectissimo
2588 1294 2733 1348 fratri
2767 1293 2960 1348 Aionio
2987 1292 3246 1348 Gelasius.

2200 1386 2346 1442 Inter
2411 1386 2752 1439 difficultates
2803 1386 2980 1437 varias
3036 1387 3243 1451 copiam
3302 1398 3399 1436 nos
3446 1383 3711 1451 reperisse

2128 1478 2480 1546 gratulamur,
2504 1492 2607 1545 qua
2651 1492 2744 1545 per
2768 1475 3003 1529 divinam
3048 1476 3272 1543 gratiam
3316 1475 3459 1529 sedis
3493 1486 3710 1543 aposto-

2129 1570 2246 1625 lica:
2291 1570 2526 1638 regimen
2567 1584 2665 1623 nos
2708 1568 2884 1623 adisse
2924 1568 3248 1636 pandentes,
3292 1568 3707 1637 praetermissum

2131 1662 2221 1717 diu
2254 1677 2375 1717 cum
2404 1670 2494 1715 tua
2530 1661 2877 1716 misceremus
2924 1658 3254 1714 fraternitate
3296 1674 3624 1724 sermonem,
3654 1669 3709 1714 et

391 1780 397 1787 -
451 1768 651 1820 directa
684 1769 979 1835 pontiﬁces,
1021 1769 1182 1823 etiam
1225 1768 1293 1823 ad
1335 1783 1429 1822 νος
1470 1769 1742 1823 credimus
1786 1768 2021 1838 dirige“-
2056 1759 2107 1821 Β
2132 1753 2453 1808 salutatione
2478 1752 2711 1816 directa,
2756 1758 2935 1805 mutua
2962 1749 3187 1805 caritate
3216 1749 3429 1804 solliciti
3460 1749 3709 1802 dilectio-

452 1859 605 1921 dam,
655 1868 918 1927 quatenus
979 1859 1031 1913 itt
1094 1858 1321 1914 veritate
1385 1859 1680 1928 catholica,
1729 1859 2025 1914 secundum

453 1953 678 2006 formam
730 1953 1030 2007 traditionis
1079 1953 1312 2021 antiquae
1358 1962 1541 2008 tenere
1586 1969 1685 2009 nos
1735 1969 2025 2009 consonam

446 2044 708 2101 noveritis
738 2044 934 2111 ubique
962 2044 1299 2097 sententiam.
1329 2044 1386 2099 Si
1423 2059 1559 2111 quos
1586 2059 1715 2098 vero
1747 2060 1913 2099 novos
1941 2045 2027 2099 di-

453 2133 692 2187 diceritis
740 2141 913 2187 motus
962 2148 1285 2201 exsurgere,
1337 2134 1490 2188 nobis
1540 2134 1774 2197 fraterna
1820 2134 2029 2191 debetis

452 2224 810 2278 sollicitudine
852 2238 1129 2292 reserare,
1178 2239 1285 2292 quo
1331 2224 1588 2290 subinde,
1638 2240 1757 2294 quae
1810 2226 2027 2281 Patrum

454 2316 651 2385 regulis
679 2325 1006 2385 congruant,
1038 2325 1325 2385 pratstante
1356 2317 1603 2383 Domino,
1637 2318 1875 2373 remedia
1905 2333 2029 2389 pro-

454 2424 723 2463 curemus.

526 2503 636 2557 Nec
650 2503 926 2572 quisquam
944 2503 1161 2558 omnino
1176 2504 1325 2558 vohis
1347 2505 1663 2573 persuadeat
1678 2505 1870 2559 Acacio
1894 2520 2032 2574 pra:-

456 2594 795 2648 varicationis
840 2609 951 2648 sua:
994 2596 1195 2649 crimen
1244 2595 1405 2651 fuisse
1454 2597 1723 2661 laxatum,
1771 2599 1892 2668 quia
1938 2597 2031 2667 qtti

457 2697 737 2754 postquam
779 2685 831 2739 in
869 2686 1148 2754 collegium
1187 2687 1430 2741 recidens
1473 2688 1767 2755 pravitatis,
1806 2688 2031 2757 jurcque

458 2778 648 2832 meruit
685 2778 753 2831 ab
800 2779 1089 2846 apostolica
1131 2777 1509 2833 communione
1548 2779 1782 2844 secludi,
1827 2781 1878 2835 in
1932 2779 2032 2847 hac

460 2872 640 2925 eadem
690 2872 981 2941 persistens
1024 2873 1366 2929 damnatione
1411 2873 1690 2929 defunctus
1727 2883 1827 2930 est.
1864 2877 2033 2932 Abso-

461 2962 710 3015 lutionem
747 2978 903 3031 quam
946 2974 1217 3033 superstes
1256 2981 1354 3020 nec
1383 2967 1623 3033 mtzesivit
1652 2970 1890 3031 omnino,
1933 2982 2033 3021 nec

460 3058 681 3123 meruit,
713 3069 952 3112 mortuus
990 3060 1099 3127 jam
1152 3076 1256 3113 non
1290 3070 1463 3128 potest
1508 3062 1822 3129 impetrare,
1868 3061 2033 3125 siqui-

458 3150 576 3204 dem
610 3150 736 3217 ipsis
757 3151 1014 3219 apostolis
1042 3150 1239 3206 Cht-isti
1270 3167 1401 3205 voce
1424 3151 1723 3220 delegatum
1753 3161 1868 3205 est:
1906 3155 2033 3218 Qum

457 3241 731 3307 ligaverttis
760 3258 911 3312 super
933 3252 1147 3305 terram,
1176 3253 1220 3295 et
1247 3261 1359 3311 qua:
1386 3244 1634 3297 solveritis
1664 3260 1814 3313 super
1844 3257 2031 3297 terram

457 3330 1140 3400 (.llatth.xvttl).Ca:terum
1165 3334 1274 3402 jam
1320 3336 1386 3389 de
1415 3350 1481 3390 eo
1509 3336 1597 3402 qui
1638 3338 1690 3389 in
1735 3336 1918 3390 divino
1948 3348 2031 3391 est

386 3430 389 3433 ‘
456 3421 653 3489 judicio
676 3423 1017 3490 constitutus,
1049 3424 1201 3477 nobis
1225 3425 1301 3479 fas
1329 3441 1433 3479 non
1456 3436 1539 3480 est
1565 3427 1705 3481 aliud
1737 3428 2030 3485 decernere

458 3520 653 3580 prmter
681 3512 731 3565 id
762 3513 812 3566 in
843 3529 948 3579 quo
976 3529 1095 3568 eum
1126 3515 1242 3570 dies
1283 3530 1563 3584 supremus
1594 3518 1822 3585 invenit;
1870 3529 2028 3590 atque

456 3604 577 3659 ideo
616 3605 715 3659 nisi
755 3606 871 3674 ejus
916 3606 1130 3662 nomine
1159 3608 1409 3677 refutato,
1449 3613 1765 3682 exterisque
1808 3628 2031 3668 consor-

459 3694 596 3749 tibus
640 3695 797 3765 hujus
836 3698 1056 3763 crroris,
1085 3715 1204 3753 cum
1247 3702 1389 3755 nullo
1435 3718 1654 3771 prorsus
1685 3719 1867 3759 eorum
1909 3721 2030 3773 par-

457 3784 673 3851 ticipare
711 3786 917 3841 debetis
948 3803 1144 3843 mensa:
1188 3790 1470 3847 dominicae
1512 3794 1825 3863 puritatem,
1867 3812 2023 3864 quant

456 3875 687 3943 majores
728 3880 893 3932 nostri
923 3895 1137 3950 semper
1162 3882 1230 3935 ab
1261 3884 1511 3938 haeretica
1555 3902 1874 3955 magnopere
1909 3904 2027 3942 ser-

461 3976 715 4021 vaverunt
747 3969 1037 4037 pollutione
1072 3972 1376 4027 discretam.
1422 3976 1524 4030 Sed
1558 3993 1731 4047 neque
1761 3994 1853 4032 vos
1882 3982 2028 4047 quis-

455 4071 557 4125 que
606 4057 994 4116 circumvenire
1048 4072 1363 4131 pertentct:
1405 4068 1548 4136 quod
1609 4068 1752 4123 dicat
1808 4087 1913 4123 non
1962 4072 2028 4126 de

453 4148 727 4217 religione,
766 4151 859 4204 sed
896 4152 963 4207 de
1009 4156 1246 4209 moribus
1291 4172 1409 4212 esse
1438 4171 1709 4217 certamen
1733 4206 1747 4227 ,
1786 4166 1866 4217 vel
1901 4180 2029 4228 apo-

451 4240 691 4293 stolicam
722 4243 906 4297 sedem
940 4260 1043 4298 non
1073 4262 1286 4300 causam
1320 4253 1710 4307 communionis
1748 4256 2028 4309 catholicae

452 4329 683 4399 ﬁdeique
708 4341 956 4399 tractare,
987 4337 1079 4389 sed
1112 4338 1357 4406 iniuriam
1385 4342 1590 4409 dolere,
1621 4361 1717 4400 cur
1747 4347 2028 4401 videantur

451 4421 517 4475 ab
561 4425 758 4477 Acacio
786 4425 949 4480 fuisse
975 4439 1312 4498 contempta;
1342 4436 1591 4501 quoniam
1620 4438 1732 4492 haec
1754 4449 1808 4493 et
1846 4439 2027 4509 hujus-

453 4513 626 4576 modi,
666 4525 929 4584 quatenus
955 4518 1224 4585 simplices
1254 4536 1463 4590 quoque
1503 4526 1799 4593 decipiant,
1847 4529 1896 4582 hi
1932 4532 2024 4598 qui

450 4606 504 4654 in
531 4618 715 4657 errore
743 4615 867 4660 sunt
896 4606 1051 4674 positi
1081 4622 1334 4679 spargere
1362 4630 1467 4668 non
1492 4618 1790 4685 quiescunt.
1822 4619 2025 4676 Videtis

452 4696 626 4761 enim,
682 4696 820 4750 sicut
873 4712 1033 4766 supra
1082 4698 1189 4768 jam
1241 4703 1440 4758 dictum
1494 4718 1611 4772 est,
1662 4722 1758 4775 per
1808 4711 2025 4766 nomina

452 4785 956 4855 pratvarieatorum,
996 4790 1074 4859 si,
1118 4792 1261 4861 quod
1301 4795 1468 4850 absit!
1517 4797 1568 4851 in
1613 4799 1839 4853 ecclesia
1892 4802 2025 4854 rcci-
2082 4846 2091 4855 κ

452 4876 606 4929 tanda
638 4878 941 4947 credantur,
972 4882 1131 4936 simul
1160 4893 1213 4939 et
1237 4890 1539 4957 contagium
1571 4893 2025 4959 praevaricationis

454 4967 649 5035 induci,
689 4969 856 5026 Sedes
897 4982 1074 5028 autem
1104 4978 1391 5045 apostolica
1424 4982 1473 5033 in
1515 4993 1718 5037 tantum
1761 5001 1864 5039 nou
1895 5002 2025 5041 con-

454 5059 721 5115 tumeliam
750 5062 927 5129 dolet,
967 5065 1062 5121 sed
1093 5066 1251 5122 ﬁdem
1291 5069 1557 5140 defendit,
1589 5077 2022 5133 communionem

452 5154 745 5222 sinceram,
774 5166 832 5210 ut
862 5157 1021 5215 hodie
1047 5162 1224 5215 cuncti
1257 5165 1346 5232 qui
1388 5166 1439 5218 in
1470 5167 1586 5233 ejus
1610 5168 1708 5222 visi
1738 5180 1859 5223 sunt
1903 5187 2025 5238 pro-

452 5245 657 5315 rupisse
684 5246 1025 5319 despectum,
1058 5253 1103 5307 si
1134 5254 1201 5308 ad
1231 5253 1584 5327 integritatem
1627 5261 1748 5316 fidei
1786 5279 2025 5319 commu-

524 5431 550 5460 ι
609 5422 756 5505 lianc
820 5426 1215 5505 inscriptionem
1278 5432 1669 5490 illustrissimus
1736 5439 2023 5493 cardinalis

454 5493 711 5576 Darottius
754 5493 1060 5576 mendosam
1103 5517 1221 5554 esse
1261 5514 1426 5569 putat,
1460 5507 1610 5572 quasi
1653 5508 1885 5561 Cnsnrio
1918 5526 2022 5563 non

455 5564 649 5643 {licinio
690 5567 885 5643 scripta
918 5568 1104 5643 fuerit;
1138 5564 1319 5626 verum
1350 5564 1651 5643 eant-qnam
1696 5594 1722 5629 a
1754 5578 1927 5633 Felice
1962 5580 2023 5631 ΙΙΙ

454 5638 518 5715 ad
548 5634 835 5715 Caesarium
872 5634 1119 5715 scriptam
1154 5658 1309 5715 supra
1364 5634 1620 5698 recensuit
1648 5687 1661 5710 ,
1703 5651 1752 5700 in
1787 5652 2025 5715 recogni-

456 5704 685 5758 tiuttibus
712 5710 838 5763 tomi
868 5710 1057 5763 decimi
1088 5726 1116 5763 a
1164 5704 1336 5766 Felice
1380 5715 1439 5766 ιν
1482 5704 1659 5769 datam
1707 5734 1824 5772 esse
1875 5704 2026 5773 teco-

2132 1844 2217 1898 nis
2246 1858 2457 1911 quoque
2485 1851 2587 1896 tute
2625 1856 2876 1910 prospera
2907 1842 3288 1910 quaereremus.
3316 1840 3525 1905 Quanto
3566 1840 3710 1893 enim

2132 1935 2295 1989 totius
2324 1934 2478 1989 ovilis
2517 1948 2725 1999 curam,
2754 1932 2968 1986 Christo
2994 1931 3219 1985 Domino
3262 1929 3563 1998 delegante,
3596 1944 3712 1982 sus-

2129 2034 2341 2095 ceptam
2373 2024 2435 2078 B.
2467 2024 2607 2078 Petri
2654 2021 2880 2090 apostoli
2910 2022 3221 2092 gubernatio
3248 2020 3557 2091 principalis
3595 2020 3713 2073 uni-

2091 2131 2290 2172 -verso
2326 2116 2471 2187 gregi
2517 2116 2679 2171 debet
2720 2116 2770 2170 in
2801 2115 2932 2170 orbe
2974 2124 3269 2181 terrarum,
3312 2124 3460 2169 tanto
3499 2115 3713 2185 pietatis

2130 2209 2321 2264 affectu
2352 2218 2572 2263 cunctas
2604 2209 2869 2264 Ecclesias
2908 2206 3199 2279 earumque
3232 2218 3472 2263 rectores
3517 2208 3713 2273 ample-

2130 2303 2313 2369 Ctitur,
2342 2312 2395 2357 et
2434 2303 2573 2356 inter
2602 2302 2844 2356 diversos
2883 2301 3064 2355 mundi
3111 2301 3370 2368 turbines,
3402 2301 3447 2356 si
3493 2311 3711 2369 paterna

2135 2392 2241 2448 ﬁde
2267 2392 2349 2447 vel
2379 2391 2667 2447 traditione
2706 2391 2931 2447 ﬁrmiter
2958 2401 3328 2461 perseverant,
3358 2392 3447 2446 ubi
3481 2394 3711 2461 primmn

2134 2483 2359 2539 facultas
2389 2485 2658 2550 arriserit,
2690 2492 2745 2538 et
2773 2484 2964 2552 quaerit
2991 2486 3178 2551 anxia,
3210 2495 3265 2540 et
3302 2486 3481 2554 gavisa
3511 2502 3709 2556 cogno-

2132 2576 2254 2631 scit.
2303 2576 2658 2645 Quapropter,
2703 2575 2869 2629 frater
2908 2576 3218 2643 carissime,
3257 2577 3541 2631 instantins
3582 2578 3708 2632 reli-

2132 2668 2298 2736 giosis
2347 2667 2474 2721 viris
2531 2667 2653 2721 ﬁliis
2705 2666 2901 2721 nostris
2946 2666 3254 2734 Euphronio
3302 2668 3616 2737 presbytero
3658 2678 3713 2723 et

2135 2757 2399 2811 Restituto
2429 2758 2544 2811 viro
2574 2755 2847 2824 religioso,
2876 2755 2964 2824 qui
2995 2756 3059 2809 ad
3092 2755 3255 2809 Italiae
3288 2765 3466 2821 partes
3490 2757 3555 2809 ad
3589 2770 3711 2825 pro-

2134 2850 2418 2904 videndam
2466 2847 2867 2918 congregationi
2916 2858 3115 2925 sancta:
3162 2848 3512 2903 substantiam
3561 2863 3713 2903 com-

2135 2948 2412 3003 mcarant,
2456 2938 2822 2993 remeantibus
2865 2938 2932 2992 ad
2983 2939 3228 3008 propria,
3275 2940 3433 2995 silere
3480 2941 3713 3009 nequivi~

2135 3045 2254 3084 mus
2303 3049 2316 3083 :
2363 3030 2457 3085 sed
2508 3032 2831 3085 omni-voto
2883 3029 3227 3085 dilectionem
3274 3037 3416 3085 tuam
3470 3032 3714 3087 duximus

2061 3125 2108 3188 α
2141 3118 2527 3174 admonendam
2548 3162 2562 3186 ,
2598 3131 2859 3189 quatenus
2886 3128 2941 3174 et
2980 3121 3159 3188 vigere
3186 3120 3327 3190 apud
3369 3137 3468 3176 nos
3496 3122 3715 3177 alterna:

2132 3214 2339 3270 viscera
2359 3215 2546 3284 gratiae
2572 3213 2783 3278 fratres,
2807 3224 2862 3269 et
2885 3214 3190 3284 coepiscopi
3212 3215 3381 3269 nostri
3407 3230 3501 3284 per
3518 3215 3715 3271 Gallias

2130 3307 2439 3369 constituti,
2486 3305 2708 3360 caritate
2753 3315 2841 3359 tua
2891 3306 3172 3374 vnlgante,
3214 3317 3610 3375 cognosceret:
3654 3318 3713 3363 et

2130 3396 2565 3451 desiderantibus
2591 3395 2828 3449 omniunt
2863 3410 2956 3463 per
2984 3410 3116 3463 quos
3160 3403 3247 3450 tua
3291 3396 3489 3451 caritas
3520 3397 3715 3450 voluis-

2130 3494 2215 3542 set
2240 3527 2256 3553 ,
2285 3486 2512 3541 referret
2549 3497 2734 3540 mutuo
2762 3485 3074 3554 sospitatem
3094 3526 3110 3551 ,
3142 3494 3518 3556 constaretque
3546 3488 3716 3542 nulla-

2131 3587 2286 3633 tenus
2325 3577 2719 3648 quantumlibet
2758 3576 2957 3630 Steculo
3000 3576 3319 3631 detrahente
3359 3576 3568 3644 divelli,
3618 3579 3714 3634 sed

2129 3668 2448 3723 catholicam
2508 3668 2897 3735 professionem
2960 3682 3179 3723 manere
3240 3681 3453 3736 semper
3506 3669 3705 3739 ubique

2129 3759 2488 3827 eonjunctam.
2516 3757 2770 3811 Dominus
2802 3765 2851 3810 te
2883 3757 3202 3813 incolumem
3225 3757 3513 3823 custodiat,
3545 3760 3713 3815 frater

2129 3853 2427 3907 carissime.
2461 3851 2593 3903 Data
2640 3866 2669 3902 ιι
2712 3849 2963 3904 calendas
3008 3848 3369 3919 Septembris,
3410 3850 3628 3906 Asterie
3657 3861 3714 3907 et

2130 3942 2388 3999 Pratsidio
2435 3942 2565 3996 viris
2606 3940 2918 3997 clarissimis
2963 3941 3275 3997 consulibus
3319 3944 3481 4012 (anno
3515 3942 3714 4001 Christi

2130 4034 2282 4104 tat).

2186 4127 2251 4181 ΙΝ
2288 4124 2707 4195 SEQUENTEM
2751 4123 3134 4180 EPISTOLAM
3177 4123 3647 4183 ΡΒᾸΞΜΟΝΙΤΙΟ.

2205 4213 2452 4285 Epistulae
2482 4219 2637 4290 hujus
2681 4216 2878 4270 Gelasii
2900 4218 2969 4270 ad
2998 4216 3272 4290 Dardanos
3318 4219 3485 4287 [arma
3523 4220 3713 4290 duplex

2129 4291 2505 4359 circumfertur,
2532 4288 2694 4359 altera
2720 4290 2936 4352 brevior,
2965 4288 3070 4339 alia
3094 4304 3209 4340 vero
3237 4288 3355 4341 hinc
3383 4291 3501 4343 inde
3526 4288 3710 4355 ampli-

2130 4361 2281 4427 ﬁcata
2312 4357 2567 4425 (ti/fusior.
2602 4357 2705 4409 Pro
2734 4367 2945 4423 utraque
2970 4369 3102 4411 stant
3133 4370 3316 4411 veteres
3356 4376 3475 4412 mss.
3508 4363 3710 4413 codices

2128 4440 2371 4484 vetustate
2395 4439 2441 4481 et
2470 4429 2774 4497 antiquitate
2796 4438 3112 4496 prtestantes.
3144 4428 3481 4482 Vetustissimi
3507 4441 3560 4481 ut
3582 4433 3710 4483 inter

2056 4495 2108 4555 D
2130 4510 2339 4552 cwteros
2370 4495 2669 4551 l'eronmisis
2690 4509 2735 4548 et
2760 4495 2918 4549 cades:
2945 4499 3214 4550 canonicus
3242 4508 3466 4551 vetustus
3494 4517 3524 4550 a
3550 4502 3711 4564 Ques-

2133 4571 2266 4622 nello
2310 4568 2542 4637 vulgatus
2572 4568 2844 4619 breviorem
2875 4568 3173 4637 prwfertmt.
3207 4565 3473 4621 Fusiorem
3515 4571 3709 4622 exhibet

2131 4636 2471 4691 vetustissima
2500 4639 2725 4689 collectio
2767 4636 3011 4690 Avellana
3041 4639 3092 4689 in
3129 4637 3378 4690 Vaticana
3412 4640 3709 4691 bibliotheca

2132 4719 2357 4767 servata;
2387 4710 2509 4777 quin
2560 4717 2607 4760 et
2653 4705 2936 4777 acundus
2968 4706 3355 4777 Hermiattensis
3379 4725 3443 4761 eat
3483 4726 3542 4761 ea
3570 4712 3702 4762 testi-

2133 4782 2358 4830 monium
2387 4778 2626 4845 allegavit
2654 4776 2743 4828 lib.
2774 4791 2826 4841 v,
2855 4794 2969 4846 cap.
3001 4776 3054 4830 4.
3086 4776 3225 4831 Hinc
3247 4787 3415 4830 natum
3444 4789 3707 4832 auctorum
3776 4823 3784 4839 ,

2134 4850 2437 4908 dissidium;
2465 4864 2582 4900 nam
2629 4848 2719 4899 alii
2746 4848 3020 4899 auctiorem
3051 4848 3411 4917 interpolatum
3449 4851 3707 4917 judicent,

2132 4920 2471 4971 sinceritatem
2522 4919 2609 4970 nni
2655 4919 2880 4985 cpistola:
2919 4917 3132 4969 breviari
3168 4919 3497 4972 vindicantes.
3542 4919 3712 4972 Balle-

2132 4991 2233 5039 rini
2277 5002 2545 5056 utramque
2570 4989 2820 5040 sinceram
2849 4988 3164 5041 arbitrantur
3189 4989 3241 5056 in
3274 4987 3483 5041 Dissert.
3514 4989 3576 5040 de
3606 4992 3709 5041 An-

2133 5059 2220 5122 tia.
2255 5055 2466 5111 Col/ecl.
2494 5072 2605 5109 can.
2650 5067 2781 5125 part.
2814 5057 2868 5119 ‘2,
2897 5073 3012 5127 cap.
3048 5058 3105 5108 Η
3134 5096 3152 5122 ,
3243 5058 3296 5118 5,
3325 5059 3418 5106 rati
3448 5056 3709 5110 Gelasium

2131 5129 2295 5197 primo
2323 5129 2523 5194 quidem
2553 5129 2826 5180 breviorem
2855 5127 3148 5197 scripsisse;
3180 5134 3285 5175 tum
3314 5127 3547 5197 secundis
3573 5130 3709 5180 curis

2131 5194 2333 5248 auctam
2357 5200 2655 5262 cuttlgasse;
2686 5197 2741 5247 id
2767 5210 2881 5246 vero
2912 5211 3009 5246 non
3039 5195 3186 5246 unico
3214 5194 3445 5259 emetitplo
3486 5197 3547 5246 ab
3574 5200 3709 5250 nnti-

2131 5269 2243 5332 qnis
2266 5273 2555 5333 prwstt’tum
2582 5268 2947 5320 demonstrant.
2979 5264 3107 5316 Vide
3136 5265 3251 5316 illos
3281 5264 3332 5315 in
3358 5263 3616 5321 Admonit.
3639 5270 3707 5320 ad

2132 5439 2342 5512 gnjovit.
2388 5440 2615 5509 Ideoque
2665 5438 3064 5506 relinquendam
3116 5456 3236 5497 esse
3293 5444 3706 5512 pumvitinscri-

2136 5510 2367 5577 p‘ionetu
2400 5512 2638 5575 epistolae
2680 5512 2835 5570 hanc.
2871 5526 3026 5573 quam
3060 5514 3233 5578 priore
3258 5510 3487 5570 editione
3518 5519 3705 5569 tollen-

2132 5580 2253 5631 dam
2281 5594 2399 5633 esse
2426 5582 2701 5653 judicavit.
2730 5580 2901 5653 Spero
2945 5581 3080 5636 hanc
3124 5596 3357 5639 nostram
3389 5590 3705 5653 recognitio-

2134 5665 2261 5723 nem
2286 5653 2570 5723 Annalium
2603 5650 2850 5723 scriptori
2898 5664 3197 5723 pergratam
3232 5656 3371 5723 fore,
3404 5658 3493 5711 ubi
3521 5650 3600 5710 Vde
3643 5674 3702 5711 ea

2134 5721 2320 5775 certior
2358 5720 2529 5776 factus
2560 5724 2735 5777 fuerit.
2764 5720 2891 5777 Sev.
2922 5721 3118 5777 UIMUS.
