  <div class='ocr_page' id='page_1' title='image "/cluster/home/n/w/nwhite01/storage/ocr_20150623/59/hvd.32044073505117/036.png"; bbox 0 0 4098 6172; ppageno 0'>
   <div class='ocr_carea' id='block_1_1' title="bbox 430 326 2016 397">
    <p class='ocr_par' dir='ltr' id='par_1_1' title="bbox 430 326 1989 384">
     <span class='ocr_line' id='line_1_1' title="bbox 430 326 1989 384; baseline -0.002 0"><span class='ocrx_word' id='word_1_1' title='bbox 430 328 495 384; x_wconf 83' lang='lat' dir='ltr'><strong>GI</strong></span> <span class='ocrx_word' id='word_1_2' title='bbox 1637 326 1989 383; x_wconf 74' lang='lat' dir='ltr'><strong>EPISTOL/E</strong></span> 
     </span>
    </p>
   </div>
   <div class='ocr_carea' id='block_1_2' title="bbox 2120 326 3693 397">
    <p class='ocr_par' dir='ltr' id='par_1_2' title="bbox 2157 326 3693 397">
     <span class='ocr_line' id='line_1_2' title="bbox 2157 326 3693 397; baseline 0.01 -16"><span class='ocrx_word' id='word_1_3' title='bbox 2157 326 2469 383; x_wconf 68' lang='lat' dir='ltr'><strong>DECRETA</strong></span> <span class='ocrx_word' id='word_1_4' title='bbox 2482 369 2497 383; x_wconf 94' lang='lat'><strong>.</strong></span> <span class='ocrx_word' id='word_1_5' title='bbox 3623 342 3693 397; x_wconf 75' lang='lat'><strong>6?.</strong></span> 
     </span>
    </p>
   </div>
   <div class='ocr_carea' id='block_1_3' title="bbox 428 436 3693 522">
    <p class='ocr_par' dir='ltr' id='par_1_3' title="bbox 428 436 3693 522">
     <span class='ocr_line' id='line_1_3' title="bbox 428 436 3693 522; baseline 0.005 -29"><span class='ocrx_word' id='word_1_6' title='bbox 428 440 589 522; x_wconf 45' lang='lat' dir='ltr'><strong><em>epist,</em></strong></span> <span class='ocrx_word' id='word_1_7' title='bbox 612 438 681 494; x_wconf 69' lang='lat'><strong>{2</strong></span> <span class='ocrx_word' id='word_1_8' title='bbox 713 438 1011 522; x_wconf 43' lang='lat' dir='ltr'><strong>S.‘L.e_on.is,</strong></span> <span class='ocrx_word' id='word_1_9' title='bbox 1043 455 1092 492; x_wconf 89' lang='grc' dir='ltr'><strong>η.</strong></span> <span class='ocrx_word' id='word_1_10' title='bbox 1129 437 1337 522; x_wconf 39' lang='lat' dir='ltr'><strong>10L”.</strong></span> <span class='ocrx_word' id='word_1_11' title='bbox 1390 436 1607 522; x_wconf 73' lang='lat' dir='ltr'><strong><em>Venetus</em></strong></span> <span class='ocrx_word' id='word_1_12' title='bbox 1634 438 1821 522; x_wconf 66' lang='lat' dir='ltr'><strong><em>Laboci</em></strong></span> <span class='ocrx_word' id='word_1_13' title='bbox 1848 441 2014 522; x_wconf 75' lang='lat' dir='ltr'><strong><em>editor</em></strong></span> <span class='ocrx_word' id='word_1_14' title='bbox 2039 445 2090 503; x_wconf 74' lang='grc' dir='ltr'>Α</span> <span class='ocrx_word' id='word_1_15' title='bbox 2121 441 2416 511; x_wconf 88' lang='lat' dir='ltr'><strong>apostolica</strong></span> <span class='ocrx_word' id='word_1_16' title='bbox 2448 444 2739 499; x_wconf 86' lang='lat' dir='ltr'><strong>secundum</strong></span> <span class='ocrx_word' id='word_1_17' title='bbox 2761 446 3154 516; x_wconf 86' lang='lat' dir='ltr'><strong>Scripturarum</strong></span> <span class='ocrx_word' id='word_1_18' title='bbox 3190 450 3453 507; x_wconf 91' lang='lat' dir='ltr'><strong>tramitem</strong></span> <span class='ocrx_word' id='word_1_19' title='bbox 3500 456 3693 522; x_wconf 71' lang='lat' dir='ltr'><strong>prmdi-</strong></span> 
     </span>
    </p>
   </div>
   <div class='ocr_carea' id='block_1_4' title="bbox 428 510 2012 577">
    <p class='ocr_par' dir='ltr' id='par_1_4' title="bbox 428 510 2012 577">
     <span class='ocr_line' id='line_1_4' title="bbox 428 510 2012 577; baseline 0.001 -15"><span class='ocrx_word' id='word_1_20' title='bbox 428 511 733 577; x_wconf 72' lang='lat' dir='ltr'><strong>ampliorem</strong></span> <span class='ocrx_word' id='word_1_21' title='bbox 763 510 901 563; x_wconf 87' lang='lat' dir='ltr'><strong><em>dedit</em></strong></span> <span class='ocrx_word' id='word_1_22' title='bbox 927 511 979 562; x_wconf 91' lang='lat' dir='ltr'><strong>in</strong></span> <span class='ocrx_word' id='word_1_23' title='bbox 1025 525 1120 562; x_wconf 87' lang='lat' dir='ltr'><strong>sua</strong></span> <span class='ocrx_word' id='word_1_24' title='bbox 1146 510 1436 563; x_wconf 73' lang='lat' dir='ltr'><strong>collectione</strong></span> <span class='ocrx_word' id='word_1_25' title='bbox 1459 550 1475 575; x_wconf 93' lang='lat'><strong>,</strong></span> <span class='ocrx_word' id='word_1_26' title='bbox 1509 511 1719 577; x_wconf 74' lang='lat' dir='ltr'><strong>signatis</strong></span> <span class='ocrx_word' id='word_1_27' title='bbox 1748 520 1917 563; x_wconf 89' lang='lat' dir='ltr'><strong><em>tamen</em></strong></span> <span class='ocrx_word' id='word_1_28' title='bbox 1957 511 2012 563; x_wconf 87' lang='lat' dir='ltr'><strong>in</strong></span> 
     </span>
    </p>
   </div>
   <div class='ocr_carea' id='block_1_5' title="bbox 427 569 2015 650">
    <p class='ocr_par' dir='ltr' id='par_1_5' title="bbox 427 569 2015 650">
     <span class='ocr_line' id='line_1_5' title="bbox 427 569 2015 650; baseline 0.001 -18"><span class='ocrx_word' id='word_1_29' title='bbox 427 569 1147 650; x_wconf 18' lang='lat' dir='ltr'><strong><em>adnotationibus”diligenter</em></strong></span> <span class='ocrx_word' id='word_1_30' title='bbox 1189 577 1335 650; x_wconf 85' lang='lat' dir='ltr'><strong><em>locis,</em></strong></span> <span class='ocrx_word' id='word_1_31' title='bbox 1362 580 1447 650; x_wconf 84' lang='lat' dir='ltr'><strong><em>qui</em></strong></span> <span class='ocrx_word' id='word_1_32' title='bbox 1462 569 1527 632; x_wconf 43' lang='lat' dir='ltr'><strong><em>&#39;in</em></strong></span> <span class='ocrx_word' id='word_1_33' title='bbox 1553 569 1772 632; x_wconf 59' lang='lat' dir='ltr'><strong><em>breviori</em></strong></span> <span class='ocrx_word' id='word_1_34' title='bbox 1801 580 2015 650; x_wconf 86' lang='lat' dir='ltr'><strong><em>epistola</em></strong></span> 
     </span>
    </p>
   </div>
   <div class='ocr_carea' id='block_1_6' title="bbox 430 648 2017 719">
    <p class='ocr_par' dir='ltr' id='par_1_6' title="bbox 430 648 2017 719">
     <span class='ocr_line' id='line_1_6' title="bbox 430 648 2017 719; baseline 0 -18"><span class='ocrx_word' id='word_1_35' title='bbox 430 651 805 703; x_wconf 58' lang='lat' dir='ltr'><strong><em>desiderantur.</em></strong></span> <span class='ocrx_word' id='word_1_36' title='bbox 830 648 955 703; x_wconf 82' lang='lat' dir='ltr'><strong>Cum</strong></span> <span class='ocrx_word' id='word_1_37' title='bbox 983 661 1148 702; x_wconf 89' lang='lat' dir='ltr'><strong><em>tamen</em></strong></span> <span class='ocrx_word' id='word_1_38' title='bbox 1183 649 1347 718; x_wconf 83' lang='lat' dir='ltr'><strong><em>ipsam</em></strong></span> <span class='ocrx_word' id='word_1_39' title='bbox 1376 648 1613 702; x_wconf 77' lang='lat' dir='ltr'><strong><em>brevioris</em></strong></span> <span class='ocrx_word' id='word_1_40' title='bbox 1646 648 1871 719; x_wconf 70' lang='lat' dir='ltr'><strong><em>epistola!</em></strong></span> <span class='ocrx_word' id='word_1_41' title='bbox 1907 651 2017 717; x_wconf 76' lang='lat' dir='ltr'><strong>for-</strong></span> 
     </span>
    </p>
   </div>
   <div class='ocr_carea' id='block_1_7' title="bbox 426 719 2013 789">
    <p class='ocr_par' dir='ltr' id='par_1_7' title="bbox 426 719 2013 789">
     <span class='ocr_line' id='line_1_7' title="bbox 426 719 2013 789; baseline -0.003 -15"><span class='ocrx_word' id='word_1_42' title='bbox 426 736 570 774; x_wconf 87' lang='lat' dir='ltr'><strong>mam</strong></span> <span class='ocrx_word' id='word_1_43' title='bbox 595 722 762 773; x_wconf 84' lang='lat' dir='ltr'><strong><em>minus</em></strong></span> <span class='ocrx_word' id='word_1_44' title='bbox 788 720 1050 789; x_wconf 80' lang='lat' dir='ltr'><strong>perspicue</strong></span> <span class='ocrx_word' id='word_1_45' title='bbox 1072 728 1235 771; x_wconf 96' lang='lat' dir='ltr'><strong><em>mente</em></strong></span> <span class='ocrx_word' id='word_1_46' title='bbox 1256 719 1522 785; x_wconf 81' lang='lat' dir='ltr'><strong>concipere</strong></span> <span class='ocrx_word' id='word_1_47' title='bbox 1545 720 1751 773; x_wconf 82' lang='lat' dir='ltr'><strong><em>lectores</em></strong></span> <span class='ocrx_word' id='word_1_48' title='bbox 1773 721 1969 772; x_wconf 74' lang='lat' dir='ltr'><strong><em>valeant</em></strong></span> <span class='ocrx_word' id='word_1_49' title='bbox 1997 735 2013 783; x_wconf 90' lang='lat'><em>;</em></span> 
     </span>
    </p>
   </div>
   <div class='ocr_carea' id='block_1_8' title="bbox 431 790 2016 857">
    <p class='ocr_par' dir='ltr' id='par_1_8' title="bbox 431 790 2016 857">
     <span class='ocr_line' id='line_1_8' title="bbox 431 790 2016 857; baseline -0.001 -13"><span class='ocrx_word' id='word_1_50' title='bbox 431 793 553 844; x_wconf 83' lang='lat' dir='ltr'><strong><em>hinc</em></strong></span> <span class='ocrx_word' id='word_1_51' title='bbox 574 806 742 853; x_wconf 73' lang='lat' dir='ltr'><strong><em>operte</em></strong></span> <span class='ocrx_word' id='word_1_52' title='bbox 764 791 982 857; x_wconf 80' lang='lat' dir='ltr'><strong><em>pretium</em></strong></span> <span class='ocrx_word' id='word_1_53' title='bbox 1027 805 1106 842; x_wconf 89' lang='lat' dir='ltr'><strong>me</strong></span> <span class='ocrx_word' id='word_1_54' title='bbox 1129 796 1387 857; x_wconf 79' lang='lat' dir='ltr'><strong><em>facturum</em></strong></span> <span class='ocrx_word' id='word_1_55' title='bbox 1429 790 1710 843; x_wconf 69' lang='lat' dir='ltr'><strong>existimavi</strong></span> <span class='ocrx_word' id='word_1_56' title='bbox 1755 791 1798 843; x_wconf 89' lang='lat' dir='ltr'><strong>si</strong></span> <span class='ocrx_word' id='word_1_57' title='bbox 1844 790 2016 843; x_wconf 86' lang='lat' dir='ltr'><strong><em>latiori</em></strong></span> 
     </span>
    </p>
   </div>
   <div class='ocr_carea' id='block_1_9' title="bbox 431 857 2016 929">
    <p class='ocr_par' dir='ltr' id='par_1_9' title="bbox 431 857 2016 929">
     <span class='ocr_line' id='line_1_9' title="bbox 431 857 2016 929; baseline -0.001 -14"><span class='ocrx_word' id='word_1_58' title='bbox 431 861 682 929; x_wconf 78' lang='lat' dir='ltr'><strong><em>epistolte,</em></strong></span> <span class='ocrx_word' id='word_1_59' title='bbox 715 860 879 927; x_wconf 85' lang='lat' dir='ltr'><strong><em>qualis</em></strong></span> <span class='ocrx_word' id='word_1_60' title='bbox 902 860 953 912; x_wconf 88' lang='lat' dir='ltr'><strong>in</strong></span> <span class='ocrx_word' id='word_1_61' title='bbox 980 860 1195 912; x_wconf 78' lang='lat' dir='ltr'><strong><em>editione</em></strong></span> <span class='ocrx_word' id='word_1_62' title='bbox 1229 857 1418 912; x_wconf 83' lang='lat' dir='ltr'><strong><em>Veneta</em></strong></span> <span class='ocrx_word' id='word_1_63' title='bbox 1444 869 1830 927; x_wconf 82' lang='lat' dir='ltr'><strong><em>reprtesentatur</em></strong></span> <span class='ocrx_word' id='word_1_64' title='bbox 1856 861 1955 912; x_wconf 81' lang='lat' dir='ltr'><strong>huc</strong></span> <span class='ocrx_word' id='word_1_65' title='bbox 1984 876 2016 913; x_wconf 87' lang='grc' dir='ltr'><em>α</em></span> 
     </span>
    </p>
   </div>
   <div class='ocr_carea' id='block_1_10' title="bbox 431 929 2016 1000">
    <p class='ocr_par' dir='ltr' id='par_1_10' title="bbox 431 929 2016 1000">
     <span class='ocr_line' id='line_1_10' title="bbox 431 929 2016 1000; baseline -0.001 -17"><span class='ocrx_word' id='word_1_66' title='bbox 431 948 515 984; x_wconf 83' lang='lat' dir='ltr'><strong><em>me</em></strong></span> <span class='ocrx_word' id='word_1_67' title='bbox 559 931 823 983; x_wconf 67' lang='lat' dir='ltr'><strong><em>translatae</em></strong></span> <span class='ocrx_word' id='word_1_68' title='bbox 867 931 1115 1000; x_wconf 80' lang='lat' dir='ltr'><strong><em>integram</em></strong></span> <span class='ocrx_word' id='word_1_69' title='bbox 1160 930 1314 982; x_wconf 89' lang='lat' dir='ltr'><strong><em>etiam</em></strong></span> <span class='ocrx_word' id='word_1_70' title='bbox 1356 929 1627 983; x_wconf 77' lang='lat' dir='ltr'><strong><em>breviorem</em></strong></span> <span class='ocrx_word' id='word_1_71' title='bbox 1673 930 2016 1000; x_wconf 84' lang='lat' dir='ltr'><strong><em>subjungam;</em></strong></span> 
     </span>
    </p>
   </div>
   <div class='ocr_carea' id='block_1_11' title="bbox 431 998 2016 1071">
    <p class='ocr_par' dir='ltr' id='par_1_11' title="bbox 431 998 2016 1071">
     <span class='ocr_line' id='line_1_11' title="bbox 431 998 2016 1071; baseline -0.001 -16"><span class='ocrx_word' id='word_1_72' title='bbox 431 1002 653 1071; x_wconf 66' lang='lat' dir='ltr'><strong><em>excripsi</em></strong></span> <span class='ocrx_word' id='word_1_73' title='bbox 679 1015 794 1071; x_wconf 82' lang='lat' dir='ltr'><strong><em>vero</em></strong></span> <span class='ocrx_word' id='word_1_74' title='bbox 822 998 969 1053; x_wconf 83' lang='lat' dir='ltr'><strong><em>illaut</em></strong></span> <span class='ocrx_word' id='word_1_75' title='bbox 991 1016 1053 1053; x_wconf 78' lang='lat' dir='ltr'><strong><em>ea:</em></strong></span> <span class='ocrx_word' id='word_1_76' title='bbox 1071 998 1255 1071; x_wconf 77' lang='lat' dir='ltr'><strong><em>Codice</em></strong></span> <span class='ocrx_word' id='word_1_77' title='bbox 1282 1015 1532 1053; x_wconf 81' lang='lat' dir='ltr'><strong><em>canonum</em></strong></span> <span class='ocrx_word' id='word_1_78' title='bbox 1562 998 2016 1071; x_wconf 58' lang='lat' dir='ltr'><strong><em>ecclesiasticarum</em></strong></span> 
     </span>
    </p>
   </div>
   <div class='ocr_carea' id='block_1_12' title="bbox 432 1069 2013 1141">
    <p class='ocr_par' dir='ltr' id='par_1_12' title="bbox 432 1069 2013 1141">
     <span class='ocr_line' id='line_1_12' title="bbox 432 1069 2013 1141; baseline 0.001 -19"><span class='ocrx_word' id='word_1_79' title='bbox 432 1088 466 1122; x_wconf 90' lang='lat' dir='ltr'><strong>a</strong></span> <span class='ocrx_word' id='word_1_80' title='bbox 502 1069 768 1135; x_wconf 79' lang='lat' dir='ltr'><strong><em>Quesnello</em></strong></span> <span class='ocrx_word' id='word_1_81' title='bbox 794 1070 996 1141; x_wconf 79' lang='lat' dir='ltr'><strong><em>tulgato</em></strong></span> <span class='ocrx_word' id='word_1_82' title='bbox 1024 1086 1139 1139; x_wconf 96' lang='lat' dir='ltr'><strong><em>cap.</em></strong></span> <span class='ocrx_word' id='word_1_83' title='bbox 1168 1070 1257 1132; x_wconf 86' lang='lat'><strong>50,</strong></span> <span class='ocrx_word' id='word_1_84' title='bbox 1275 1072 1432 1139; x_wconf 72' lang='lat' dir='ltr'><strong><em>juxta</em></strong></span> <span class='ocrx_word' id='word_1_85' title='bbox 1455 1071 1794 1125; x_wconf 84' lang='lat' dir='ltr'><strong><em>recensionem</em></strong></span> <span class='ocrx_word' id='word_1_86' title='bbox 1835 1069 2013 1124; x_wconf 85' lang='lat' dir='ltr'><strong><em>Balle-</em></strong></span> 
     </span>
    </p>
   </div>
   <div class='ocr_carea' id='block_1_13' title="bbox 435 1158 685 1195">
    <p class='ocr_par' dir='ltr' id='par_1_13' title="bbox 435 1158 685 1195">
     <span class='ocr_line' id='line_1_13' title="bbox 435 1158 685 1195; baseline -0.004 -1"><span class='ocrx_word' id='word_1_87' title='bbox 435 1158 685 1195; x_wconf 73' lang='lat' dir='ltr'><strong><em>rtnorum.</em></strong></span> 
     </span>
    </p>
   </div>
   <div class='ocr_carea' id='block_1_14' title="bbox 940 1208 1522 1264">
    <p class='ocr_par' dir='ltr' id='par_1_14' title="bbox 940 1208 1522 1264">
     <span class='ocr_line' id='line_1_14' title="bbox 940 1208 1522 1264; baseline 0 -1"><span class='ocrx_word' id='word_1_88' title='bbox 940 1217 963 1247; x_wconf 80' lang='grc'>⁸</span> <span class='ocrx_word' id='word_1_89' title='bbox 1003 1208 1330 1264; x_wconf 80' lang='lat' dir='ltr'><strong>EPISTOLA</strong></span> <span class='ocrx_word' id='word_1_90' title='bbox 1383 1208 1522 1263; x_wconf 80' lang='lat' dir='ltr'><strong>XIII.</strong></span> 
     </span>
    </p>
   </div>
   <div class='ocr_carea' id='block_1_15' title="bbox 838 1301 1626 1357">
    <p class='ocr_par' dir='ltr' id='par_1_15' title="bbox 838 1301 1626 1357">
     <span class='ocr_line' id='line_1_15' title="bbox 838 1301 1626 1357; baseline 0.004 -2"><span class='ocrx_word' id='word_1_91' title='bbox 838 1301 855 1333; x_wconf 84' lang='grc'>¹</span> <span class='ocrx_word' id='word_1_92' title='bbox 896 1319 963 1356; x_wconf 73' lang='lat' dir='ltr'><strong>AD</strong></span> <span class='ocrx_word' id='word_1_93' title='bbox 1014 1316 1289 1356; x_wconf 57' lang='lat' dir='ltr'><strong>EPISCOIOS</strong></span> <span class='ocrx_word' id='word_1_94' title='bbox 1329 1318 1626 1357; x_wconf 64' lang='grc' dir='ltr'><strong>υΑιιιιιιΝιτε.</strong></span> 
     </span>
    </p>
   </div>
   <div class='ocr_carea' id='block_1_16' title="bbox 431 1390 2016 1512">
    <p class='ocr_par' dir='ltr' id='par_1_16' title="bbox 431 1390 2016 1512">
     <span class='ocr_line' id='line_1_16' title="bbox 431 1390 2016 1512; baseline 0.003 -70"><span class='ocrx_word' id='word_1_95' title='bbox 431 1392 682 1444; x_wconf 69' lang='lat' dir='ltr'><strong><em>Acacium</em></strong></span> <span class='ocrx_word' id='word_1_96' title='bbox 707 1391 865 1445; x_wconf 90' lang='lat' dir='ltr'><strong><em>solius</em></strong></span> <span class='ocrx_word' id='word_1_97' title='bbox 890 1392 1184 1459; x_wconf 75' lang='lat' dir='ltr'><strong><em>apostolica:</em></strong></span> <span class='ocrx_word' id='word_1_98' title='bbox 1209 1390 1341 1512; x_wconf 52' lang='lat' dir='ltr'><strong><em>sejis</em></strong></span> <span class='ocrx_word' id='word_1_99' title='bbox 1357 1393 1558 1463; x_wconf 82' lang='lat' dir='ltr'><strong><em>judicio</em></strong></span> <span class='ocrx_word' id='word_1_100' title='bbox 1570 1397 1693 1465; x_wconf 84' lang='lat' dir='ltr'><strong><em>jure</em></strong></span> <span class='ocrx_word' id='word_1_101' title='bbox 1719 1394 2016 1448; x_wconf 87' lang='lat' dir='ltr'><strong><em>damnatum</em></strong></span> 
     </span>
     <span class='ocr_line' id='line_1_17' title="bbox 1107 1472 1343 1512; baseline -0.004 0"><span class='ocrx_word' id='word_1_102' title='bbox 1107 1472 1245 1512; x_wconf 85' lang='lat' dir='ltr'><strong><em>osten</em></strong></span> <span class='ocrx_word' id='word_1_103' title='bbox 1289 1473 1343 1512; x_wconf 76' lang='grc' dir='ltr'><strong>ιι.</strong></span> 
     </span>
    </p>
   </div>
   <div class='ocr_carea' id='block_1_17' title="bbox 1107 1472 1343 1514">
    <p class='ocr_par' dir='ltr' id='par_1_17' title="bbox 1107 1472 1343 1514">
     <span class='ocr_line' id='line_1_18' title="bbox 1107 1472 1343 1514; baseline 0.004 -1"><span class='ocrx_word' id='word_1_104' title='bbox 1107 1472 1343 1514; x_wconf 75' lang='grc' dir='ltr'><strong>οδιεηαει.</strong></span> 
     </span>
    </p>
   </div>
   <div class='ocr_carea' id='block_1_18' title="bbox 512 1549 2015 1619">
    <p class='ocr_par' dir='ltr' id='par_1_18' title="bbox 512 1549 2015 1619">
     <span class='ocr_line' id='line_1_19' title="bbox 512 1549 2015 1619; baseline 0.006 -16"><span class='ocrx_word' id='word_1_105' title='bbox 512 1553 532 1581; x_wconf 79' lang='grc'><em>³</em></span> <span class='ocrx_word' id='word_1_106' title='bbox 562 1551 813 1605; x_wconf 59' lang='lat' dir='ltr'><strong>(It-Iasius</strong></span> <span class='ocrx_word' id='word_1_107' title='bbox 839 1549 869 1588; x_wconf 68' lang='grc' dir='ltr'>δ</span> <span class='ocrx_word' id='word_1_108' title='bbox 898 1552 1183 1619; x_wconf 84' lang='lat' dir='ltr'><strong>episcopus</strong></span> <span class='ocrx_word' id='word_1_109' title='bbox 1224 1551 1371 1605; x_wconf 87' lang='lat' dir='ltr'><strong>urbis</strong></span> <span class='ocrx_word' id='word_1_110' title='bbox 1406 1550 1588 1603; x_wconf 60' lang='lat' dir='ltr'><strong>Romae</strong></span> <span class='ocrx_word' id='word_1_111' title='bbox 1628 1552 1691 1605; x_wconf 89' lang='lat' dir='ltr'><strong>ad</strong></span> <span class='ocrx_word' id='word_1_112' title='bbox 1723 1552 2015 1612; x_wconf 87' lang='lat' dir='ltr'><strong>Dardanos.</strong></span> 
     </span>
    </p>
   </div>
   <div class='ocr_carea' id='block_1_19' title="bbox 512 1644 2016 1717">
    <p class='ocr_par' dir='ltr' id='par_1_19' title="bbox 512 1644 2016 1717">
     <span class='ocr_line' id='line_1_20' title="bbox 512 1644 2016 1717; baseline 0.003 -21"><span class='ocrx_word' id='word_1_113' title='bbox 512 1644 679 1699; x_wconf 84' lang='lat' dir='ltr'><strong>Valde</strong></span> <span class='ocrx_word' id='word_1_114' title='bbox 709 1644 883 1698; x_wconf 79' lang='lat' dir='ltr'><strong><em>mirati</em></strong></span> <span class='ocrx_word' id='word_1_115' title='bbox 912 1658 1096 1697; x_wconf 89' lang='lat' dir='ltr'><strong>sumus</strong></span> <span class='ocrx_word' id='word_1_116' title='bbox 1120 1644 1259 1713; x_wconf 90' lang='lat' dir='ltr'><strong>quod</strong></span> <span class='ocrx_word' id='word_1_117' title='bbox 1287 1658 1462 1698; x_wconf 80' lang='lat' dir='ltr'><strong>veSIra</strong></span> <span class='ocrx_word' id='word_1_118' title='bbox 1494 1644 1709 1698; x_wconf 69' lang='lat' dir='ltr'><strong>dilectio</strong></span> <span class='ocrx_word' id='word_1_119' title='bbox 1739 1646 1887 1717; x_wconf 87' lang='lat' dir='ltr'><strong>quasi</strong></span> <span class='ocrx_word' id='word_1_120' title='bbox 1918 1662 2016 1700; x_wconf 82' lang='lat' dir='ltr'><strong>no-</strong></span> 
     </span>
    </p>
   </div>
   <div class='ocr_carea' id='block_1_20' title="bbox 428 1733 2012 1804">
    <p class='ocr_par' dir='ltr' id='par_1_20' title="bbox 428 1733 2012 1804">
     <span class='ocr_line' id='line_1_21' title="bbox 428 1733 2012 1804; baseline -0.001 -15"><span class='ocrx_word' id='word_1_121' title='bbox 428 1752 556 1790; x_wconf 85' lang='lat' dir='ltr'><strong>vam</strong></span> <span class='ocrx_word' id='word_1_122' title='bbox 579 1736 601 1767; x_wconf 84' lang='grc'><em>³</em></span> <span class='ocrx_word' id='word_1_123' title='bbox 622 1734 781 1790; x_wconf 88' lang='lat' dir='ltr'><strong>veluti</strong></span> <span class='ocrx_word' id='word_1_124' title='bbox 805 1735 1074 1788; x_wconf 72' lang='lat' dir='ltr'><strong>dil‘hcilem</strong></span> <span class='ocrx_word' id='word_1_125' title='bbox 1097 1735 1465 1803; x_wconf 66' lang='lat' dir='ltr'><strong>quazstionetn,</strong></span> <span class='ocrx_word' id='word_1_126' title='bbox 1491 1743 1544 1786; x_wconf 92' lang='lat' dir='ltr'><strong>et</strong></span> <span class='ocrx_word' id='word_1_127' title='bbox 1569 1733 1744 1788; x_wconf 88' lang='lat' dir='ltr'><strong>adhuc</strong></span> <span class='ocrx_word' id='word_1_128' title='bbox 1766 1745 2012 1804; x_wconf 79' lang='lat' dir='ltr'><strong>tanquam</strong></span> 
     </span>
    </p>
   </div>
   <div class='ocr_carea' id='block_1_21' title="bbox 2117 536 3697 615">
    <p class='ocr_par' dir='ltr' id='par_1_21' title="bbox 2117 536 3697 615">
     <span class='ocr_line' id='line_1_22' title="bbox 2117 536 3697 615; baseline 0.009 -27"><span class='ocrx_word' id='word_1_129' title='bbox 2117 536 2489 605; x_wconf 87' lang='lat' dir='ltr'><strong>cationemque</strong></span> <span class='ocrx_word' id='word_1_130' title='bbox 2538 538 2798 606; x_wconf 85' lang='lat' dir='ltr'><strong>majorum</strong></span> <span class='ocrx_word' id='word_1_131' title='bbox 2865 539 3003 594; x_wconf 82' lang='lat' dir='ltr'><strong>facta</strong></span> <span class='ocrx_word' id='word_1_132' title='bbox 3069 543 3235 597; x_wconf 86' lang='lat' dir='ltr'><strong>semel</strong></span> <span class='ocrx_word' id='word_1_133' title='bbox 3284 547 3697 615; x_wconf 77' lang='lat' dir='ltr'><strong><em>congregatione</em></strong></span> 
     </span>
    </p>
   </div>
   <div class='ocr_carea' id='block_1_22' title="bbox 2116 632 3696 708">
    <p class='ocr_par' dir='ltr' id='par_1_22' title="bbox 2116 632 3696 708">
     <span class='ocr_line' id='line_1_23' title="bbox 2116 632 3696 708; baseline 0.006 -23"><span class='ocrx_word' id='word_1_134' title='bbox 2116 641 2434 697; x_wconf 82' lang='lat' dir='ltr'><strong>sanxerunt,</strong></span> <span class='ocrx_word' id='word_1_135' title='bbox 2469 632 2841 688; x_wconf 87' lang='lat' dir='ltr'><strong>inconvulsum</strong></span> <span class='ocrx_word' id='word_1_136' title='bbox 2872 636 3155 692; x_wconf 79' lang='lat' dir='ltr'><strong>voluerunt</strong></span> <span class='ocrx_word' id='word_1_137' title='bbox 3180 637 3432 708; x_wconf 83' lang='lat' dir='ltr'><strong><em>deinceps</em></strong></span> <span class='ocrx_word' id='word_1_138' title='bbox 3459 641 3696 694; x_wconf 79' lang='lat' dir='ltr'><strong>ﬁrmum-</strong></span> 
     </span>
    </p>
   </div>
   <div class='ocr_carea' id='block_1_23' title="bbox 2117 726 3695 802">
    <p class='ocr_par' dir='ltr' id='par_1_23' title="bbox 2117 726 3695 802">
     <span class='ocr_line' id='line_1_24' title="bbox 2117 726 3695 802; baseline 0.009 -27"><span class='ocrx_word' id='word_1_139' title='bbox 2117 736 2221 791; x_wconf 87' lang='lat' dir='ltr'><strong>que</strong></span> <span class='ocrx_word' id='word_1_140' title='bbox 2246 732 2526 788; x_wconf 88' lang='lat' dir='ltr'><strong>coostare;</strong></span> <span class='ocrx_word' id='word_1_141' title='bbox 2558 738 2658 779; x_wconf 89' lang='lat' dir='ltr'><strong>nec</strong></span> <span class='ocrx_word' id='word_1_142' title='bbox 2689 726 2740 778; x_wconf 93' lang='lat' dir='ltr'><strong>in</strong></span> <span class='ocrx_word' id='word_1_143' title='bbox 2768 726 2789 757; x_wconf 81' lang='grc'><strong>⁸</strong></span> <span class='ocrx_word' id='word_1_144' title='bbox 2817 726 3004 780; x_wconf 87' lang='lat' dir='ltr'><strong>eadem</strong></span> <span class='ocrx_word' id='word_1_145' title='bbox 3030 743 3188 783; x_wconf 87' lang='lat' dir='ltr'><strong>causa</strong></span> <span class='ocrx_word' id='word_1_146' title='bbox 3213 728 3388 784; x_wconf 89' lang='lat' dir='ltr'><strong>denuo</strong></span> <span class='ocrx_word' id='word_1_147' title='bbox 3415 747 3534 799; x_wconf 65' lang='lat' dir='ltr'><strong>quas</strong></span> <span class='ocrx_word' id='word_1_148' title='bbox 3557 747 3695 802; x_wconf 74' lang='lat' dir='ltr'><strong>prte-</strong></span> 
     </span>
    </p>
   </div>
   <div class='ocr_carea' id='block_1_24' title="bbox 2120 814 3694 890">
    <p class='ocr_par' dir='ltr' id='par_1_24' title="bbox 2120 814 3694 890">
     <span class='ocr_line' id='line_1_25' title="bbox 2120 814 3694 890; baseline 0.007 -24"><span class='ocrx_word' id='word_1_149' title='bbox 2120 814 2219 867; x_wconf 80' lang='lat' dir='ltr'><strong>lixa</strong></span> <span class='ocrx_word' id='word_1_150' title='bbox 2252 814 2460 868; x_wconf 75' lang='lat' dir='ltr'><strong>fuerant</strong></span> <span class='ocrx_word' id='word_1_151' title='bbox 2488 818 2765 869; x_wconf 88' lang='lat' dir='ltr'><strong>retractari</strong></span> <span class='ocrx_word' id='word_1_152' title='bbox 2791 817 3027 885; x_wconf 88' lang='lat' dir='ltr'><strong>qualibet</strong></span> <span class='ocrx_word' id='word_1_153' title='bbox 3053 821 3249 873; x_wconf 89' lang='lat' dir='ltr'><strong><em>recenti</em></strong></span> <span class='ocrx_word' id='word_1_154' title='bbox 3279 822 3694 890; x_wconf 68' lang='lat' dir='ltr'><strong>praesumptione</strong></span> 
     </span>
    </p>
   </div>
   <div class='ocr_carea' id='block_1_25' title="bbox 2120 905 3697 981">
    <p class='ocr_par' dir='ltr' id='par_1_25' title="bbox 2120 905 3697 981">
     <span class='ocr_line' id='line_1_26' title="bbox 2120 905 3697 981; baseline 0.005 -22"><span class='ocrx_word' id='word_1_155' title='bbox 2120 905 2505 974; x_wconf 84' lang='lat' dir='ltr'><strong>permiserunt;</strong></span> <span class='ocrx_word' id='word_1_156' title='bbox 2557 906 2951 973; x_wconf 86' lang='lat' dir='ltr'><strong><em>sapientissime</em></strong></span> <span class='ocrx_word' id='word_1_157' title='bbox 2996 912 3016 941; x_wconf 78' lang='lat'>&#39;</span> <span class='ocrx_word' id='word_1_158' title='bbox 3066 910 3420 977; x_wconf 76' lang='lat' dir='ltr'><strong>prtevidentcs</strong></span> <span class='ocrx_word' id='word_1_159' title='bbox 3444 913 3697 981; x_wconf 85' lang='lat' dir='ltr'><strong>quoniam</strong></span> 
     </span>
    </p>
   </div>
   <div class='ocr_carea' id='block_1_26' title="bbox 2117 997 3687 1072">
    <p class='ocr_par' dir='ltr' id='par_1_26' title="bbox 2117 997 3687 1072">
     <span class='ocr_line' id='line_1_27' title="bbox 2117 997 3687 1072; baseline 0.006 -20"><span class='ocrx_word' id='word_1_160' title='bbox 2117 997 2163 1052; x_wconf 89' lang='lat' dir='ltr'><strong>si</strong></span> <span class='ocrx_word' id='word_1_161' title='bbox 2189 997 2402 1053; x_wconf 84' lang='lat' dir='ltr'><strong>decreta</strong></span> <span class='ocrx_word' id='word_1_162' title='bbox 2432 998 2718 1055; x_wconf 74' lang='lat' dir='ltr'><strong>Salubriter</strong></span> <span class='ocrx_word' id='word_1_163' title='bbox 2747 1001 2993 1070; x_wconf 87' lang='lat' dir='ltr'><strong>cuiquam</strong></span> <span class='ocrx_word' id='word_1_164' title='bbox 3026 1002 3212 1059; x_wconf 88' lang='lat' dir='ltr'><strong><em>liceret</em></strong></span> <span class='ocrx_word' id='word_1_165' title='bbox 3243 1004 3458 1072; x_wconf 85' lang='lat' dir='ltr'><strong><em>iterare,</em></strong></span> <span class='ocrx_word' id='word_1_166' title='bbox 3492 1008 3687 1062; x_wconf 78' lang='lat' dir='ltr'><strong>nullum</strong></span> 
     </span>
    </p>
   </div>
   <div class='ocr_carea' id='block_1_27' title="bbox 2117 1087 3694 1168">
    <p class='ocr_par' dir='ltr' id='par_1_27' title="bbox 2117 1087 3694 1168">
     <span class='ocr_line' id='line_1_28' title="bbox 2117 1087 3694 1168; baseline 0.01 -27"><span class='ocrx_word' id='word_1_167' title='bbox 2117 1096 2301 1142; x_wconf 82' lang='lat' dir='ltr'><strong>contra</strong></span> <span class='ocrx_word' id='word_1_168' title='bbox 2328 1087 2569 1157; x_wconf 83' lang='lat' dir='ltr'><strong>singulos</strong></span> <span class='ocrx_word' id='word_1_169' title='bbox 2599 1104 2838 1160; x_wconf 90' lang='lat' dir='ltr'><strong>quosque</strong></span> <span class='ocrx_word' id='word_1_170' title='bbox 2869 1108 3088 1161; x_wconf 87' lang='lat' dir='ltr'><strong><em>prorsus</em></strong></span> <span class='ocrx_word' id='word_1_171' title='bbox 3116 1111 3331 1152; x_wconf 87' lang='lat' dir='ltr'><strong>errores</strong></span> <span class='ocrx_word' id='word_1_172' title='bbox 3360 1099 3551 1155; x_wconf 87' lang='lat' dir='ltr'><strong>stabile</strong></span> <span class='ocrx_word' id='word_1_173' title='bbox 3581 1115 3694 1168; x_wconf 83' lang='lat' dir='ltr'><strong>per-</strong></span> 
     </span>
    </p>
   </div>
   <div class='ocr_carea' id='block_1_28' title="bbox 2119 1184 3697 1258">
    <p class='ocr_par' dir='ltr' id='par_1_28' title="bbox 2119 1184 3697 1258">
     <span class='ocr_line' id='line_1_29' title="bbox 2119 1184 3697 1258; baseline 0.004 -19"><span class='ocrx_word' id='word_1_174' title='bbox 2119 1186 2336 1240; x_wconf 80' lang='lat' dir='ltr'><strong>sisteret</strong></span> <span class='ocrx_word' id='word_1_175' title='bbox 2361 1184 2614 1240; x_wconf 76' lang='lat' dir='ltr'><strong>Ecclesia:</strong></span> <span class='ocrx_word' id='word_1_176' title='bbox 2642 1186 3011 1252; x_wconf 77' lang='lat' dir='ltr'><strong>constitutum,</strong></span> <span class='ocrx_word' id='word_1_177' title='bbox 3044 1202 3108 1241; x_wconf 85' lang='lat' dir='ltr'><strong>ac</strong></span> <span class='ocrx_word' id='word_1_178' title='bbox 3146 1203 3360 1258; x_wconf 86' lang='lat' dir='ltr'><strong><em>semper</em></strong></span> <span class='ocrx_word' id='word_1_179' title='bbox 3402 1191 3590 1247; x_wconf 81' lang='lat' dir='ltr'><strong>iisdem</strong></span> <span class='ocrx_word' id='word_1_180' title='bbox 3619 1191 3697 1245; x_wconf 82' lang='lat' dir='ltr'><strong>Iu-</strong></span> 
     </span>
    </p>
   </div>
   <div class='ocr_carea' id='block_1_29' title="bbox 2119 1277 3694 1353">
    <p class='ocr_par' dir='ltr' id='par_1_29' title="bbox 2119 1277 3694 1353">
     <span class='ocr_line' id='line_1_30' title="bbox 2119 1277 3694 1353; baseline 0.002 -21"><span class='ocrx_word' id='word_1_181' title='bbox 2119 1278 2332 1332; x_wconf 88' lang='lat' dir='ltr'><strong><em>roribus</em></strong></span> <span class='ocrx_word' id='word_1_182' title='bbox 2363 1277 2618 1333; x_wconf 89' lang='lat' dir='ltr'><strong>recidivis</strong></span> <span class='ocrx_word' id='word_1_183' title='bbox 2659 1277 2769 1349; x_wconf 75' lang='lat' dir='ltr'><strong>[aL</strong></span> <span class='ocrx_word' id='word_1_184' title='bbox 2804 1279 2996 1331; x_wconf 83' lang='lat' dir='ltr'><strong>luroris</strong></span> <span class='ocrx_word' id='word_1_185' title='bbox 3025 1278 3263 1349; x_wconf 80' lang='lat' dir='ltr'><strong>residui]</strong></span> <span class='ocrx_word' id='word_1_186' title='bbox 3292 1282 3466 1336; x_wconf 89' lang='lat' dir='ltr'><strong>omnis</strong></span> <span class='ocrx_word' id='word_1_187' title='bbox 3494 1282 3694 1353; x_wconf 71' lang='lat' dir='ltr'><strong>integra</strong></span> 
     </span>
    </p>
   </div>
   <div class='ocr_carea' id='block_1_30' title="bbox 2119 1368 3685 1443">
    <p class='ocr_par' dir='ltr' id='par_1_30' title="bbox 2119 1368 3685 1443">
     <span class='ocr_line' id='line_1_31' title="bbox 2119 1368 3685 1443; baseline 0.003 -20"><span class='ocrx_word' id='word_1_188' title='bbox 2119 1368 2361 1423; x_wconf 82' lang='lat' dir='ltr'><strong>deﬁnitio</strong></span> <span class='ocrx_word' id='word_1_189' title='bbox 2390 1370 2713 1423; x_wconf 87' lang='lat' dir='ltr'><strong>turbaretur.</strong></span> <span class='ocrx_word' id='word_1_190' title='bbox 2746 1368 2876 1422; x_wconf 82' lang='lat' dir='ltr'><strong>Nam</strong></span> <span class='ocrx_word' id='word_1_191' title='bbox 2908 1369 2954 1423; x_wconf 87' lang='lat' dir='ltr'><strong>si</strong></span> <span class='ocrx_word' id='word_1_192' title='bbox 2986 1369 3241 1426; x_wconf 81' lang='lat' dir='ltr'><strong>limitibus</strong></span> <span class='ocrx_word' id='word_1_193' title='bbox 3270 1374 3430 1427; x_wconf 85' lang='lat' dir='ltr'><strong>etiam</strong></span> <span class='ocrx_word' id='word_1_194' title='bbox 3463 1375 3685 1443; x_wconf 45' lang='lat' dir='ltr'><strong>praefixis</strong></span> 
     </span>
    </p>
   </div>
   <div class='ocr_carea' id='block_1_31' title="bbox 2119 1458 3699 1530">
    <p class='ocr_par' dir='ltr' id='par_1_31' title="bbox 2119 1458 3699 1530">
     <span class='ocr_line' id='line_1_32' title="bbox 2119 1458 3699 1530; baseline 0.003 -15"><span class='ocrx_word' id='word_1_195' title='bbox 2119 1461 2413 1530; x_wconf 89' lang='lat' dir='ltr'><strong>positarum</strong></span> <span class='ocrx_word' id='word_1_196' title='bbox 2442 1460 2610 1516; x_wconf 88' lang='lat' dir='ltr'><strong>semel</strong></span> <span class='ocrx_word' id='word_1_197' title='bbox 2634 1458 2969 1530; x_wconf 83' lang='lat' dir='ltr'><strong>synodalium</strong></span> <span class='ocrx_word' id='word_1_198' title='bbox 2998 1460 3321 1529; x_wconf 76' lang='lat' dir='ltr'><strong>regularum,</strong></span> <span class='ocrx_word' id='word_1_199' title='bbox 3353 1480 3459 1516; x_wconf 89' lang='lat' dir='ltr'><strong>non</strong></span> <span class='ocrx_word' id='word_1_200' title='bbox 3484 1472 3699 1520; x_wconf 88' lang='lat' dir='ltr'><strong>cessant</strong></span> 
     </span>
    </p>
   </div>
   <div class='ocr_carea' id='block_1_32' title="bbox 2118 1549 3698 1620">
    <p class='ocr_par' dir='ltr' id='par_1_32' title="bbox 2118 1549 3698 1620">
     <span class='ocr_line' id='line_1_33' title="bbox 2118 1549 3698 1620; baseline 0.001 -15"><span class='ocrx_word' id='word_1_201' title='bbox 2118 1549 2266 1605; x_wconf 84' lang='lat' dir='ltr'><strong>elisae</strong></span> <span class='ocrx_word' id='word_1_202' title='bbox 2309 1558 2490 1620; x_wconf 85' lang='lat' dir='ltr'><strong>pestes</strong></span> <span class='ocrx_word' id='word_1_203' title='bbox 2533 1550 2820 1616; x_wconf 75' lang='lat' dir='ltr'><strong>resumptis</strong></span> <span class='ocrx_word' id='word_1_204' title='bbox 2864 1550 3244 1605; x_wconf 88' lang='lat' dir='ltr'><strong>certaminibus</strong></span> <span class='ocrx_word' id='word_1_205' title='bbox 3288 1561 3473 1606; x_wconf 88' lang='lat' dir='ltr'><strong>contra</strong></span> <span class='ocrx_word' id='word_1_206' title='bbox 3518 1553 3698 1607; x_wconf 83' lang='lat' dir='ltr'><strong>Ionda-</strong></span> 
     </span>
    </p>
   </div>
   <div class='ocr_carea' id='block_1_33' title="bbox 2120 1638 3700 1713">
    <p class='ocr_par' dir='ltr' id='par_1_33' title="bbox 2120 1638 3700 1713">
     <span class='ocr_line' id='line_1_34' title="bbox 2120 1638 3700 1713; baseline 0.003 -20"><span class='ocrx_word' id='word_1_207' title='bbox 2120 1648 2356 1693; x_wconf 82' lang='lat' dir='ltr'><strong>mentum</strong></span> <span class='ocrx_word' id='word_1_208' title='bbox 2385 1653 2506 1695; x_wconf 87' lang='lat' dir='ltr'><strong>sese</strong></span> <span class='ocrx_word' id='word_1_209' title='bbox 2532 1638 2775 1694; x_wconf 82' lang='lat' dir='ltr'><strong>veritatis</strong></span> <span class='ocrx_word' id='word_1_210' title='bbox 2803 1639 3077 1703; x_wconf 76' lang='lat' dir='ltr'><strong>attollere,</strong></span> <span class='ocrx_word' id='word_1_211' title='bbox 3108 1650 3162 1695; x_wconf 91' lang='lat' dir='ltr'><strong><em>et</em></strong></span> <span class='ocrx_word' id='word_1_212' title='bbox 3187 1641 3446 1709; x_wconf 87' lang='lat' dir='ltr'><strong>simplicia</strong></span> <span class='ocrx_word' id='word_1_213' title='bbox 3474 1657 3700 1713; x_wconf 66' lang='lat' dir='ltr'><strong>quicque</strong></span> 
     </span>
    </p>
   </div>
   <div class='ocr_carea' id='block_1_34' title="bbox 2117 1730 3701 1802">
    <p class='ocr_par' dir='ltr' id='par_1_34' title="bbox 2117 1730 3701 1802">
     <span class='ocr_line' id='line_1_35' title="bbox 2117 1730 3701 1802; baseline 0.001 -17"><span class='ocrx_word' id='word_1_214' title='bbox 2117 1732 2278 1786; x_wconf 86' lang='lat' dir='ltr'><strong>corda</strong></span> <span class='ocrx_word' id='word_1_215' title='bbox 2312 1740 2615 1798; x_wconf 83' lang='lat' dir='ltr'><strong><em>percutere,</em></strong></span> <span class='ocrx_word' id='word_1_216' title='bbox 2639 1730 2763 1800; x_wconf 90' lang='lat' dir='ltr'><strong>quid</strong></span> <span class='ocrx_word' id='word_1_217' title='bbox 2790 1731 2962 1797; x_wconf 84' lang='lat' dir='ltr'><strong>ﬁeret,</strong></span> <span class='ocrx_word' id='word_1_218' title='bbox 2990 1731 3034 1786; x_wconf 90' lang='lat' dir='ltr'><strong>si</strong></span> <span class='ocrx_word' id='word_1_219' title='bbox 3064 1731 3289 1788; x_wconf 88' lang='lat' dir='ltr'><strong>subinde</strong></span> <span class='ocrx_word' id='word_1_220' title='bbox 3315 1732 3393 1787; x_wconf 85' lang='lat' dir='ltr'><strong>las</strong></span> <span class='ocrx_word' id='word_1_221' title='bbox 3416 1745 3557 1789; x_wconf 81' lang='lat' dir='ltr'><strong>esset</strong></span> <span class='ocrx_word' id='word_1_222' title='bbox 3581 1750 3701 1802; x_wconf 84' lang='lat' dir='ltr'><strong>per-</strong></span> 
     </span>
    </p>
   </div>
   <div class='ocr_carea' id='block_1_35' title="bbox 430 1820 3700 1898">
    <p class='ocr_par' dir='ltr' id='par_1_35' title="bbox 430 1820 3700 1898">
     <span class='ocr_line' id='line_1_36' title="bbox 430 1820 3700 1898; baseline 0 -19"><span class='ocrx_word' id='word_1_223' title='bbox 430 1824 732 1879; x_wconf 87' lang='lat' dir='ltr'><strong>inauditum</strong></span> <span class='ocrx_word' id='word_1_224' title='bbox 781 1824 1051 1894; x_wconf 86' lang='lat' dir='ltr'><strong>quidpiam</strong></span> <span class='ocrx_word' id='word_1_225' title='bbox 1104 1839 1264 1878; x_wconf 88' lang='lat' dir='ltr'><strong>nosse</strong></span> <span class='ocrx_word' id='word_1_226' title='bbox 1305 1824 1606 1891; x_wconf 83' lang='lat' dir='ltr'><strong>desiderat,</strong></span> <span class='ocrx_word' id='word_1_227' title='bbox 1656 1827 1794 1895; x_wconf 83' lang='lat' dir='ltr'><strong>quod</strong></span> <span class='ocrx_word' id='word_1_228' title='bbox 1848 1827 2012 1898; x_wconf 84' lang='lat' dir='ltr'><strong>Euty-</strong></span> <span class='ocrx_word' id='word_1_229' title='bbox 2049 1821 2092 1880; x_wconf 88' lang='lat' dir='ltr'><strong>B</strong></span> <span class='ocrx_word' id='word_1_230' title='bbox 2121 1822 2238 1875; x_wconf 87' lang='lat' dir='ltr'><strong>lidis</strong></span> <span class='ocrx_word' id='word_1_231' title='bbox 2256 1820 2392 1878; x_wconf 90' lang='lat' dir='ltr'><strong>inire</strong></span> <span class='ocrx_word' id='word_1_232' title='bbox 2413 1822 2880 1877; x_wconf 80' lang='lat' dir='ltr'><strong>concilium‘lcum</strong></span> <span class='ocrx_word' id='word_1_233' title='bbox 2905 1823 3255 1891; x_wconf 73' lang='lat' dir='ltr'><strong>&quot;quamlibet</strong></span> <span class='ocrx_word' id='word_1_234' title='bbox 3277 1824 3363 1878; x_wconf 80' lang='lat' dir='ltr'><strong>illa</strong></span> <span class='ocrx_word' id='word_1_235' title='bbox 3390 1824 3491 1897; x_wconf 79' lang='grc' dir='ltr'><strong>[αι.</strong></span> <span class='ocrx_word' id='word_1_236' title='bbox 3518 1822 3700 1895; x_wconf 82' lang='lat' dir='ltr'><strong>illius]</strong></span> 
     </span>
    </p>
   </div>
   <div class='ocr_carea' id='block_1_36' title="bbox 433 1915 2015 1984">
    <p class='ocr_par' dir='ltr' id='par_1_36' title="bbox 433 1915 2015 1984">
     <span class='ocr_line' id='line_1_37' title="bbox 433 1915 2015 1984; baseline 0 -13"><span class='ocrx_word' id='word_1_237' title='bbox 433 1917 643 1971; x_wconf 75' lang='lat' dir='ltr'><strong>chianze</strong></span> <span class='ocrx_word' id='word_1_238' title='bbox 687 1915 1003 1984; x_wconf 44' lang='lat' dir='ltr'><strong>pestilentia:</strong></span> <span class='ocrx_word' id='word_1_239' title='bbox 1043 1916 1561 1981; x_wconf 72' lang='lat' dir='ltr'><strong>communicatoues,</strong></span> <span class='ocrx_word' id='word_1_240' title='bbox 1610 1931 1715 1970; x_wconf 90' lang='lat' dir='ltr'><strong>non</strong></span> <span class='ocrx_word' id='word_1_241' title='bbox 1759 1915 2015 1971; x_wconf 83' lang='lat' dir='ltr'><strong>habentes</strong></span> 
     </span>
    </p>
   </div>
   <div class='ocr_carea' id='block_1_37' title="bbox 381 2006 2013 2077">
    <p class='ocr_par' dir='ltr' id='par_1_37' title="bbox 381 2006 2013 2077">
     <span class='ocr_line' id='line_1_38' title="bbox 381 2006 2013 2077; baseline -0.001 -20"><span class='ocrx_word' id='word_1_242' title='bbox 381 2048 401 2067; x_wconf 83' lang='lat'><strong>,</strong></span> <span class='ocrx_word' id='word_1_243' title='bbox 432 2008 579 2077; x_wconf 84' lang='lat' dir='ltr'><strong>quod</strong></span> <span class='ocrx_word' id='word_1_244' title='bbox 628 2021 722 2075; x_wconf 91' lang='lat' dir='ltr'><strong>pro</strong></span> <span class='ocrx_word' id='word_1_245' title='bbox 751 2021 862 2060; x_wconf 65' lang='lat' dir='ltr'><strong>suae</strong></span> <span class='ocrx_word' id='word_1_246' title='bbox 902 2006 1219 2075; x_wconf 79' lang='lat' dir='ltr'><strong>perditionis</strong></span> <span class='ocrx_word' id='word_1_247' title='bbox 1248 2006 1605 2061; x_wconf 85' lang='lat' dir='ltr'><strong>obstinatione</strong></span> <span class='ocrx_word' id='word_1_248' title='bbox 1633 2006 2013 2073; x_wconf 82' lang='lat' dir='ltr'><strong>respondeant,</strong></span> 
     </span>
    </p>
   </div>
   <div class='ocr_carea' id='block_1_38' title="bbox 434 2094 2014 2168">
    <p class='ocr_par' dir='ltr' id='par_1_38' title="bbox 434 2094 2014 2168">
     <span class='ocr_line' id='line_1_39' title="bbox 434 2094 2014 2168; baseline 0.001 -20"><span class='ocrx_word' id='word_1_249' title='bbox 434 2094 701 2165; x_wconf 81' lang='lat' dir='ltr'><strong>frequenti</strong></span> <span class='ocrx_word' id='word_1_250' title='bbox 744 2096 853 2165; x_wconf 87' lang='lat' dir='ltr'><strong>jam</strong></span> <span class='ocrx_word' id='word_1_251' title='bbox 904 2104 1109 2149; x_wconf 77' lang='lat' dir='ltr'><strong>ratione</strong></span> <span class='ocrx_word' id='word_1_252' title='bbox 1152 2094 1419 2163; x_wconf 90' lang='lat' dir='ltr'><strong>convicti,</strong></span> <span class='ocrx_word' id='word_1_253' title='bbox 1470 2098 1663 2149; x_wconf 90' lang='lat' dir='ltr'><strong>misera</strong></span> <span class='ocrx_word' id='word_1_254' title='bbox 1713 2095 1812 2167; x_wconf 76' lang='lat' dir='ltr'><strong>[aL</strong></span> <span class='ocrx_word' id='word_1_255' title='bbox 1866 2096 2014 2168; x_wconf 83' lang='lat' dir='ltr'><strong>sola]</strong></span> 
     </span>
    </p>
   </div>
   <div class='ocr_carea' id='block_1_39' title="bbox 432 2185 2015 2254">
    <p class='ocr_par' dir='ltr' id='par_1_39' title="bbox 432 2185 2015 2254">
     <span class='ocr_line' id='line_1_40' title="bbox 432 2185 2015 2254; baseline -0.001 -12"><span class='ocrx_word' id='word_1_256' title='bbox 432 2187 778 2242; x_wconf 73' lang='lat' dir='ltr'><strong><em>contentione</em></strong></span> <span class='ocrx_word' id='word_1_257' title='bbox 825 2185 1302 2250; x_wconf 89' lang='lat' dir='ltr'><strong>subtnurmurant,</strong></span> <span class='ocrx_word' id='word_1_258' title='bbox 1352 2199 1457 2238; x_wconf 89' lang='lat' dir='ltr'><strong>non</strong></span> <span class='ocrx_word' id='word_1_259' title='bbox 1506 2185 1628 2253; x_wconf 89' lang='lat' dir='ltr'><strong>quia</strong></span> <span class='ocrx_word' id='word_1_260' title='bbox 1674 2185 1744 2239; x_wconf 84' lang='lat' dir='ltr'><strong>sit</strong></span> <span class='ocrx_word' id='word_1_261' title='bbox 1790 2185 2015 2254; x_wconf 89' lang='lat' dir='ltr'><strong>alicujus</strong></span> 
     </span>
    </p>
   </div>
   <div class='ocr_carea' id='block_1_40' title="bbox 430 2274 2016 2346">
    <p class='ocr_par' dir='ltr' id='par_1_40' title="bbox 430 2274 2016 2346">
     <span class='ocr_line' id='line_1_41' title="bbox 430 2274 2016 2346; baseline 0 -15"><span class='ocrx_word' id='word_1_262' title='bbox 430 2278 697 2331; x_wconf 90' lang='lat' dir='ltr'><strong>momenti</strong></span> <span class='ocrx_word' id='word_1_263' title='bbox 726 2277 865 2346; x_wconf 89' lang='lat' dir='ltr'><strong>quod</strong></span> <span class='ocrx_word' id='word_1_264' title='bbox 915 2276 1197 2346; x_wconf 75' lang='lat' dir='ltr'><strong>garriunt,</strong></span> <span class='ocrx_word' id='word_1_265' title='bbox 1229 2274 1252 2306; x_wconf 71' lang='grc'><strong>⁸</strong></span> <span class='ocrx_word' id='word_1_266' title='bbox 1292 2276 1386 2331; x_wconf 88' lang='lat' dir='ltr'><strong>sed</strong></span> <span class='ocrx_word' id='word_1_267' title='bbox 1416 2276 1538 2346; x_wconf 89' lang='lat' dir='ltr'><strong>quia</strong></span> <span class='ocrx_word' id='word_1_268' title='bbox 1586 2292 1691 2329; x_wconf 89' lang='lat' dir='ltr'><strong>non</strong></span> <span class='ocrx_word' id='word_1_269' title='bbox 1740 2277 2016 2332; x_wconf 88' lang='lat' dir='ltr'><strong>inveniunt</strong></span> 
     </span>
    </p>
   </div>
   <div class='ocr_carea' id='block_1_41' title="bbox 428 2368 2016 2440">
    <p class='ocr_par' dir='ltr' id='par_1_41' title="bbox 428 2368 2016 2440">
     <span class='ocr_line' id='line_1_42' title="bbox 428 2368 2016 2440; baseline 0.001 -17"><span class='ocrx_word' id='word_1_270' title='bbox 428 2371 653 2440; x_wconf 82' lang='lat' dir='ltr'><strong>penitus</strong></span> <span class='ocrx_word' id='word_1_271' title='bbox 678 2368 803 2438; x_wconf 88' lang='lat' dir='ltr'><strong>quid</strong></span> <span class='ocrx_word' id='word_1_272' title='bbox 836 2368 1140 2438; x_wconf 87' lang='lat' dir='ltr'><strong>loquantur.</strong></span> <span class='ocrx_word' id='word_1_273' title='bbox 1173 2368 1271 2424; x_wconf 86' lang='lat' dir='ltr'><strong>Ubi</strong></span> <span class='ocrx_word' id='word_1_274' title='bbox 1304 2371 1471 2439; x_wconf 78' lang='lat' dir='ltr'><strong>magis</strong></span> <span class='ocrx_word' id='word_1_275' title='bbox 1499 2384 1594 2423; x_wconf 90' lang='lat' dir='ltr'><strong>eos</strong></span> <span class='ocrx_word' id='word_1_276' title='bbox 1619 2370 1707 2439; x_wconf 92' lang='lat' dir='ltr'><strong>qui</strong></span> <span class='ocrx_word' id='word_1_277' title='bbox 1737 2370 2016 2424; x_wconf 84' lang='lat' dir='ltr'><strong>catholicis</strong></span> 
     </span>
    </p>
   </div>
   <div class='ocr_carea' id='block_1_42' title="bbox 429 2460 2013 2527">
    <p class='ocr_par' dir='ltr' id='par_1_42' title="bbox 429 2460 2013 2527">
     <span class='ocr_line' id='line_1_43' title="bbox 429 2460 2013 2527; baseline 0 -12"><span class='ocrx_word' id='word_1_278' title='bbox 429 2460 682 2515; x_wconf 82' lang='lat' dir='ltr'><strong>setisibus</strong></span> <span class='ocrx_word' id='word_1_279' title='bbox 728 2460 957 2515; x_wconf 86' lang='lat' dir='ltr'><strong>instituti</strong></span> <span class='ocrx_word' id='word_1_280' title='bbox 1001 2471 1145 2524; x_wconf 88' lang='lat' dir='ltr'><strong>sunt,</strong></span> <span class='ocrx_word' id='word_1_281' title='bbox 1197 2461 1371 2514; x_wconf 89' lang='lat' dir='ltr'><strong>adhuc</strong></span> <span class='ocrx_word' id='word_1_282' title='bbox 1416 2462 1618 2515; x_wconf 66' lang='lat' dir='ltr'><strong>haerere</strong></span> <span class='ocrx_word' id='word_1_283' title='bbox 1668 2460 1691 2491; x_wconf 85' lang='grc'>⁸</span> <span class='ocrx_word' id='word_1_284' title='bbox 1735 2462 2013 2527; x_wconf 90' lang='lat' dir='ltr'><strong><em>miramur,</em></strong></span> 
     </span>
    </p>
   </div>
   <div class='ocr_carea' id='block_1_43' title="bbox 430 2551 2014 2622">
    <p class='ocr_par' dir='ltr' id='par_1_43' title="bbox 430 2551 2014 2622">
     <span class='ocr_line' id='line_1_44' title="bbox 430 2551 2014 2622; baseline 0.002 -20"><span class='ocrx_word' id='word_1_285' title='bbox 430 2566 595 2621; x_wconf 87' lang='lat' dir='ltr'><strong>qnam</strong></span> <span class='ocrx_word' id='word_1_286' title='bbox 637 2552 757 2605; x_wconf 87' lang='lat' dir='ltr'><strong>illos</strong></span> <span class='ocrx_word' id='word_1_287' title='bbox 786 2552 875 2620; x_wconf 90' lang='lat' dir='ltr'><strong>qui</strong></span> <span class='ocrx_word' id='word_1_288' title='bbox 921 2566 949 2603; x_wconf 91' lang='lat' dir='ltr'><strong>a</strong></span> <span class='ocrx_word' id='word_1_289' title='bbox 990 2551 1213 2606; x_wconf 79' lang='lat' dir='ltr'><strong>veritate</strong></span> <span class='ocrx_word' id='word_1_290' title='bbox 1241 2552 1585 2616; x_wconf 80' lang='lat' dir='ltr'><strong>exciderunt,</strong></span> <span class='ocrx_word' id='word_1_291' title='bbox 1612 2562 1665 2606; x_wconf 92' lang='lat' dir='ltr'><strong>et</strong></span> <span class='ocrx_word' id='word_1_292' title='bbox 1696 2553 1765 2607; x_wconf 87' lang='lat' dir='ltr'><strong>ab</strong></span> <span class='ocrx_word' id='word_1_293' title='bbox 1802 2553 2014 2622; x_wconf 88' lang='lat' dir='ltr'><strong>antiqua</strong></span> 
     </span>
    </p>
   </div>
   <div class='ocr_carea' id='block_1_44' title="bbox 432 2641 2014 2713">
    <p class='ocr_par' dir='ltr' id='par_1_44' title="bbox 432 2641 2014 2713">
     <span class='ocr_line' id='line_1_45' title="bbox 432 2641 2014 2713; baseline 0.001 -16"><span class='ocrx_word' id='word_1_294' title='bbox 432 2642 692 2697; x_wconf 76' lang='lat' dir='ltr'><strong>Ecclesia:</strong></span> <span class='ocrx_word' id='word_1_295' title='bbox 722 2642 1007 2696; x_wconf 75' lang='lat' dir='ltr'><strong>traditione</strong></span> <span class='ocrx_word' id='word_1_296' title='bbox 1054 2651 1177 2695; x_wconf 91' lang='lat' dir='ltr'><strong>sunt</strong></span> <span class='ocrx_word' id='word_1_297' title='bbox 1216 2641 1376 2706; x_wconf 84' lang='lat' dir='ltr'><strong><em>devii,</em></strong></span> <span class='ocrx_word' id='word_1_298' title='bbox 1429 2642 1781 2713; x_wconf 82' lang='lat' dir='ltr'><strong>prol‘anasqne</strong></span> <span class='ocrx_word' id='word_1_299' title='bbox 1824 2659 2014 2699; x_wconf 86' lang='lat' dir='ltr'><strong>vocum</strong></span> 
     </span>
    </p>
   </div>
   <div class='ocr_carea' id='block_1_45' title="bbox 433 2733 2013 2803">
    <p class='ocr_par' dir='ltr' id='par_1_45' title="bbox 433 2733 2013 2803">
     <span class='ocr_line' id='line_1_46' title="bbox 433 2733 2013 2803; baseline 0.002 -16"><span class='ocrx_word' id='word_1_300' title='bbox 433 2734 725 2796; x_wconf 75' lang='lat' dir='ltr'><strong>novitates,</strong></span> <span class='ocrx_word' id='word_1_301' title='bbox 754 2743 808 2787; x_wconf 90' lang='lat' dir='ltr'><strong>et</strong></span> <span class='ocrx_word' id='word_1_302' title='bbox 854 2733 1082 2801; x_wconf 87' lang='lat' dir='ltr'><strong>ineptias</strong></span> <span class='ocrx_word' id='word_1_303' title='bbox 1122 2733 1335 2788; x_wconf 75' lang='lat' dir='ltr'><strong>caduca:</strong></span> <span class='ocrx_word' id='word_1_304' title='bbox 1384 2736 1747 2803; x_wconf 66' lang='lat' dir='ltr'><strong>perversitatis</strong></span> <span class='ocrx_word' id='word_1_305' title='bbox 1775 2736 1794 2766; x_wconf 84' lang='lat'><strong><em>°</em></strong></span> <span class='ocrx_word' id='word_1_306' title='bbox 1820 2738 2013 2791; x_wconf 89' lang='lat' dir='ltr'><strong>obten-</strong></span> 
     </span>
    </p>
   </div>
   <div class='ocr_carea' id='block_1_46' title="bbox 435 2824 2011 2899">
    <p class='ocr_par' dir='ltr' id='par_1_46' title="bbox 435 2824 2011 2899">
     <span class='ocr_line' id='line_1_47' title="bbox 435 2824 2011 2899; baseline 0.006 -21"><span class='ocrx_word' id='word_1_307' title='bbox 435 2825 615 2895; x_wconf 89' lang='lat' dir='ltr'><strong>dunt,</strong></span> <span class='ocrx_word' id='word_1_308' title='bbox 664 2824 857 2895; x_wconf 87' lang='lat' dir='ltr'><strong>quibus</strong></span> <span class='ocrx_word' id='word_1_309' title='bbox 903 2840 998 2881; x_wconf 91' lang='lat' dir='ltr'><strong>eos</strong></span> <span class='ocrx_word' id='word_1_310' title='bbox 1043 2838 1216 2881; x_wconf 89' lang='lat' dir='ltr'><strong>vestra</strong></span> <span class='ocrx_word' id='word_1_311' title='bbox 1265 2826 1481 2883; x_wconf 86' lang='lat' dir='ltr'><strong>dilectio</strong></span> <span class='ocrx_word' id='word_1_312' title='bbox 1525 2830 1703 2883; x_wconf 86' lang='lat' dir='ltr'><strong>retulit</strong></span> <span class='ocrx_word' id='word_1_313' title='bbox 1744 2831 2011 2899; x_wconf 88' lang='lat' dir='ltr'><strong>jactitare.</strong></span> 
     </span>
    </p>
   </div>
   <div class='ocr_carea' id='block_1_47' title="bbox 431 2920 2015 2992">
    <p class='ocr_par' dir='ltr' id='par_1_47' title="bbox 431 2920 2015 2992">
     <span class='ocr_line' id='line_1_48' title="bbox 431 2920 2015 2992; baseline 0.004 -18"><span class='ocrx_word' id='word_1_314' title='bbox 431 2921 561 2975; x_wconf 86' lang='lat' dir='ltr'><strong>Ideo</strong></span> <span class='ocrx_word' id='word_1_315' title='bbox 590 2922 841 2975; x_wconf 79' lang='lat' dir='ltr'><strong>Acacium</strong></span> <span class='ocrx_word' id='word_1_316' title='bbox 874 2936 977 2974; x_wconf 90' lang='lat' dir='ltr'><strong>non</strong></span> <span class='ocrx_word' id='word_1_317' title='bbox 1020 2931 1205 2987; x_wconf 84' lang='lat' dir='ltr'><strong>putare</strong></span> <span class='ocrx_word' id='word_1_318' title='bbox 1227 2920 1347 2989; x_wconf 90' lang='lat' dir='ltr'><strong><em>jure</em></strong></span> <span class='ocrx_word' id='word_1_319' title='bbox 1369 2920 1708 2989; x_wconf 88' lang='lat' dir='ltr'><strong>damnatum,</strong></span> <span class='ocrx_word' id='word_1_320' title='bbox 1737 2924 1877 2992; x_wconf 89' lang='lat' dir='ltr'><strong>quod</strong></span> <span class='ocrx_word' id='word_1_321' title='bbox 1909 2940 2015 2980; x_wconf 90' lang='lat' dir='ltr'><strong>non</strong></span> 
     </span>
    </p>
   </div>
   <div class='ocr_carea' id='block_1_48' title="bbox 430 3013 2016 3089">
    <p class='ocr_par' dir='ltr' id='par_1_48' title="bbox 430 3013 2016 3089">
     <span class='ocr_line' id='line_1_49' title="bbox 430 3013 2016 3089; baseline 0.006 -22"><span class='ocrx_word' id='word_1_322' title='bbox 430 3014 649 3082; x_wconf 84' lang='lat' dir='ltr'><strong>speciali</strong></span> <span class='ocrx_word' id='word_1_323' title='bbox 682 3013 891 3080; x_wconf 75' lang='lat' dir='ltr'><strong>synodo</strong></span> <span class='ocrx_word' id='word_1_324' title='bbox 921 3014 1162 3069; x_wconf 89' lang='lat' dir='ltr'><strong>videatur</strong></span> <span class='ocrx_word' id='word_1_325' title='bbox 1192 3014 1356 3068; x_wconf 77' lang='lat' dir='ltr'><strong>fuisse</strong></span> <span class='ocrx_word' id='word_1_326' title='bbox 1384 3015 1657 3085; x_wconf 74' lang='lat' dir='ltr'><strong>dejectus;</strong></span> <span class='ocrx_word' id='word_1_327' title='bbox 1700 3026 1754 3071; x_wconf 89' lang='lat' dir='ltr'><strong>et</strong></span> <span class='ocrx_word' id='word_1_328' title='bbox 1796 3018 2016 3089; x_wconf 89' lang='lat' dir='ltr'><strong>insuper</strong></span> 
     </span>
    </p>
   </div>
   <div class='ocr_carea' id='block_1_49' title="bbox 430 3105 2013 3174">
    <p class='ocr_par' dir='ltr' id='par_1_49' title="bbox 430 3105 2013 3174">
     <span class='ocr_line' id='line_1_50' title="bbox 430 3105 2013 3174; baseline 0.002 -14"><span class='ocrx_word' id='word_1_329' title='bbox 430 3106 757 3160; x_wconf 87' lang='lat' dir='ltr'><strong>dementiam</strong></span> <span class='ocrx_word' id='word_1_330' title='bbox 788 3119 898 3159; x_wconf 67' lang='lat' dir='ltr'><strong>sua:</strong></span> <span class='ocrx_word' id='word_1_331' title='bbox 925 3105 1171 3159; x_wconf 82' lang='lat' dir='ltr'><strong>vanitatis</strong></span> <span class='ocrx_word' id='word_1_332' title='bbox 1200 3106 1566 3169; x_wconf 88' lang='lat' dir='ltr'><strong>accumulant,</strong></span> <span class='ocrx_word' id='word_1_333' title='bbox 1611 3107 1888 3174; x_wconf 89' lang='lat' dir='ltr'><strong>pueriliter</strong></span> <span class='ocrx_word' id='word_1_334' title='bbox 1915 3110 2013 3163; x_wconf 82' lang='lat' dir='ltr'><strong>ad-</strong></span> 
     </span>
    </p>
   </div>
   <div class='ocr_carea' id='block_1_50' title="bbox 2119 1914 3699 1987">
    <p class='ocr_par' dir='ltr' id='par_1_50' title="bbox 2119 1914 3699 1987">
     <span class='ocr_line' id='line_1_51' title="bbox 2119 1914 3699 1987; baseline 0.003 -18"><span class='ocrx_word' id='word_1_335' title='bbox 2119 1914 2404 1969; x_wconf 74' lang='lat' dir='ltr'><strong>manilcsm</strong></span> <span class='ocrx_word' id='word_1_336' title='bbox 2433 1917 2502 1969; x_wconf 89' lang='lat' dir='ltr'><strong>sit</strong></span> <span class='ocrx_word' id='word_1_337' title='bbox 2522 1916 2743 1980; x_wconf 88' lang='lat' dir='ltr'><strong>veritas,</strong></span> <span class='ocrx_word' id='word_1_338' title='bbox 2776 1931 3044 1984; x_wconf 87' lang='lat' dir='ltr'><strong>nunquam</strong></span> <span class='ocrx_word' id='word_1_339' title='bbox 3068 1916 3203 1971; x_wconf 92' lang='lat' dir='ltr'><strong>desit</strong></span> <span class='ocrx_word' id='word_1_340' title='bbox 3230 1917 3371 1987; x_wconf 81' lang='lat' dir='ltr'><strong>quod</strong></span> <span class='ocrx_word' id='word_1_341' title='bbox 3401 1918 3699 1986; x_wconf 89' lang='lat' dir='ltr'><strong>perniciosa</strong></span> 
     </span>
    </p>
   </div>
   <div class='ocr_carea' id='block_1_51' title="bbox 2118 2004 3699 2073">
    <p class='ocr_par' dir='ltr' id='par_1_51' title="bbox 2118 2004 3699 2073">
     <span class='ocr_line' id='line_1_52' title="bbox 2118 2004 3699 2073; baseline 0.002 -15"><span class='ocrx_word' id='word_1_342' title='bbox 2118 2004 2399 2073; x_wconf 89' lang='lat' dir='ltr'><strong>depromat</strong></span> <span class='ocrx_word' id='word_1_343' title='bbox 2428 2007 2465 2037; x_wconf 78' lang='grc'>³³</span> <span class='ocrx_word' id='word_1_344' title='bbox 2495 2013 2549 2057; x_wconf 83' lang='lat' dir='ltr'><strong><em>et</em></strong></span> <span class='ocrx_word' id='word_1_345' title='bbox 2589 2005 2811 2067; x_wconf 82' lang='lat' dir='ltr'><strong>falsitas,</strong></span> <span class='ocrx_word' id='word_1_346' title='bbox 2845 2007 2886 2036; x_wconf 83' lang='lat'><strong>&quot;</strong></span> <span class='ocrx_word' id='word_1_347' title='bbox 2919 2006 3128 2060; x_wconf 85' lang='lat' dir='ltr'><strong>tametsi</strong></span> <span class='ocrx_word' id='word_1_348' title='bbox 3159 2008 3363 2061; x_wconf 87' lang='lat' dir='ltr'><strong>ratione</strong></span> <span class='ocrx_word' id='word_1_349' title='bbox 3391 2008 3470 2062; x_wconf 88' lang='lat' dir='ltr'><strong>vel</strong></span> <span class='ocrx_word' id='word_1_350' title='bbox 3518 2018 3699 2061; x_wconf 86' lang='lat' dir='ltr'><strong>aucto-</strong></span> 
     </span>
    </p>
   </div>
   <div class='ocr_carea' id='block_1_52' title="bbox 2118 2094 3695 2158">
    <p class='ocr_par' dir='ltr' id='par_1_52' title="bbox 2118 2094 3695 2158">
     <span class='ocr_line' id='line_1_53' title="bbox 2118 2094 3695 2158; baseline 0.001 -8"><span class='ocrx_word' id='word_1_351' title='bbox 2118 2096 2271 2150; x_wconf 83' lang='lat' dir='ltr'><strong>ritate</strong></span> <span class='ocrx_word' id='word_1_352' title='bbox 2291 2094 2564 2158; x_wconf 83' lang='lat' dir='ltr'><strong>deliciens,</strong></span> <span class='ocrx_word' id='word_1_353' title='bbox 2588 2094 2698 2148; x_wconf 87' lang='lat' dir='ltr'><strong>sola</strong></span> <span class='ocrx_word' id='word_1_354' title='bbox 2725 2105 2901 2149; x_wconf 78' lang='lat' dir='ltr'><strong>tamen</strong></span> <span class='ocrx_word' id='word_1_355' title='bbox 2928 2096 2970 2127; x_wconf 77' lang='lat'>“</span> <span class='ocrx_word' id='word_1_356' title='bbox 2990 2097 3330 2151; x_wconf 89' lang='lat' dir='ltr'><strong>contentione</strong></span> <span class='ocrx_word' id='word_1_357' title='bbox 3352 2112 3457 2150; x_wconf 92' lang='lat' dir='ltr'><strong>non</strong></span> <span class='ocrx_word' id='word_1_358' title='bbox 3478 2098 3695 2153; x_wconf 83' lang='lat' dir='ltr'><strong>cedens.</strong></span> 
     </span>
    </p>
   </div>
   <div class='ocr_carea' id='block_1_53' title="bbox 2117 2183 3687 2255">
    <p class='ocr_par' dir='ltr' id='par_1_53' title="bbox 2117 2183 3687 2255">
     <span class='ocr_line' id='line_1_54' title="bbox 2117 2183 3687 2255; baseline 0.003 -21"><span class='ocrx_word' id='word_1_359' title='bbox 2117 2184 2248 2250; x_wconf 70' lang='lat' dir='ltr'><strong>Qua:</strong></span> <span class='ocrx_word' id='word_1_360' title='bbox 2291 2185 2521 2248; x_wconf 87' lang='lat' dir='ltr'><strong>majores</strong></span> <span class='ocrx_word' id='word_1_361' title='bbox 2572 2184 2737 2237; x_wconf 77' lang='lat' dir='ltr'><strong>nostri</strong></span> <span class='ocrx_word' id='word_1_362' title='bbox 2768 2183 2945 2237; x_wconf 89' lang='lat' dir='ltr'><strong>divina</strong></span> <span class='ocrx_word' id='word_1_363' title='bbox 2994 2184 3341 2254; x_wconf 82' lang='lat' dir='ltr'><strong>inSpiratione</strong></span> <span class='ocrx_word' id='word_1_364' title='bbox 3379 2195 3687 2255; x_wconf 26' lang='lat' dir='ltr'><strong>cernentes,</strong></span> 
     </span>
    </p>
   </div>
   <div class='ocr_carea' id='block_1_54' title="bbox 2119 2274 3703 2348">
    <p class='ocr_par' dir='ltr' id='par_1_54' title="bbox 2119 2274 3703 2348">
     <span class='ocr_line' id='line_1_55' title="bbox 2119 2274 3703 2348; baseline 0.001 -19"><span class='ocrx_word' id='word_1_365' title='bbox 2119 2275 2419 2329; x_wconf 81' lang='lat' dir='ltr'><strong>necessarie</strong></span> <span class='ocrx_word' id='word_1_366' title='bbox 2451 2285 2838 2343; x_wconf 85' lang='lat' dir='ltr'><strong>praecaverunt,</strong></span> <span class='ocrx_word' id='word_1_367' title='bbox 2863 2274 2907 2307; x_wconf 67' lang='grc' dir='ltr'>ιδ</span> <span class='ocrx_word' id='word_1_368' title='bbox 2929 2284 3118 2345; x_wconf 79' lang='lat' dir='ltr'><strong>utqua:</strong></span> <span class='ocrx_word' id='word_1_369' title='bbox 3139 2286 3322 2332; x_wconf 89' lang='lat' dir='ltr'><strong>contra</strong></span> <span class='ocrx_word' id='word_1_370' title='bbox 3350 2293 3703 2348; x_wconf 76' lang='lat' dir='ltr'><strong>unamquam-</strong></span> 
     </span>
    </p>
   </div>
   <div class='ocr_carea' id='block_1_55' title="bbox 2117 2365 3700 2439">
    <p class='ocr_par' dir='ltr' id='par_1_55' title="bbox 2117 2365 3700 2439">
     <span class='ocr_line' id='line_1_56' title="bbox 2117 2365 3700 2439; baseline 0.004 -21"><span class='ocrx_word' id='word_1_371' title='bbox 2117 2380 2222 2435; x_wconf 89' lang='lat' dir='ltr'><strong>que</strong></span> <span class='ocrx_word' id='word_1_372' title='bbox 2262 2365 2507 2420; x_wconf 65' lang='lat' dir='ltr'><strong>hreresim</strong></span> <span class='ocrx_word' id='word_1_373' title='bbox 2551 2374 2734 2420; x_wconf 89' lang='lat' dir='ltr'><strong>coacta</strong></span> <span class='ocrx_word' id='word_1_374' title='bbox 2780 2366 2883 2437; x_wconf 81' lang='grc' dir='ltr'><strong>[ιιι.</strong></span> <span class='ocrx_word' id='word_1_375' title='bbox 2916 2367 3063 2419; x_wconf 83' lang='lat' dir='ltr'><strong>addit</strong></span> <span class='ocrx_word' id='word_1_376' title='bbox 3102 2366 3297 2438; x_wconf 90' lang='lat' dir='ltr'><strong>semel]</strong></span> <span class='ocrx_word' id='word_1_377' title='bbox 3341 2370 3577 2439; x_wconf 87' lang='lat' dir='ltr'><strong>synodus</strong></span> <span class='ocrx_word' id='word_1_378' title='bbox 3604 2386 3700 2439; x_wconf 91' lang='lat' dir='ltr'><strong><em>pro</em></strong></span> 
     </span>
    </p>
   </div>
   <div class='ocr_carea' id='block_1_56' title="bbox 2119 2455 3699 2530">
    <p class='ocr_par' dir='ltr' id='par_1_56' title="bbox 2119 2455 3699 2530">
     <span class='ocr_line' id='line_1_57' title="bbox 2119 2455 3699 2530; baseline 0.005 -22"><span class='ocrx_word' id='word_1_379' title='bbox 2119 2455 2243 2519; x_wconf 76' lang='lat' dir='ltr'><strong>title,</strong></span> <span class='ocrx_word' id='word_1_380' title='bbox 2275 2455 2687 2521; x_wconf 70' lang='lat' dir='ltr'><strong>communione,</strong></span> <span class='ocrx_word' id='word_1_381' title='bbox 2730 2466 2783 2511; x_wconf 92' lang='lat' dir='ltr'><strong>et</strong></span> <span class='ocrx_word' id='word_1_382' title='bbox 2825 2456 3049 2512; x_wconf 89' lang='lat' dir='ltr'><strong>veritate</strong></span> <span class='ocrx_word' id='word_1_383' title='bbox 3086 2459 3346 2512; x_wconf 85' lang='lat' dir='ltr'><strong>catholica</strong></span> <span class='ocrx_word' id='word_1_384' title='bbox 3386 2468 3544 2529; x_wconf 89' lang='lat' dir='ltr'><strong>atque</strong></span> <span class='ocrx_word' id='word_1_385' title='bbox 3571 2477 3699 2530; x_wconf 85' lang='lat' dir='ltr'><strong>apo-</strong></span> 
     </span>
    </p>
   </div>
   <div class='ocr_carea' id='block_1_57' title="bbox 2115 2547 3701 2619">
    <p class='ocr_par' dir='ltr' id='par_1_57' title="bbox 2115 2547 3701 2619">
     <span class='ocr_line' id='line_1_58' title="bbox 2115 2547 3701 2619; baseline 0.004 -18"><span class='ocrx_word' id='word_1_386' title='bbox 2115 2547 2301 2601; x_wconf 85' lang='lat' dir='ltr'><strong>stolica</strong></span> <span class='ocrx_word' id='word_1_387' title='bbox 2333 2548 2748 2617; x_wconf 80' lang='lat' dir='ltr'><strong>promulgasset,</strong></span> <span class='ocrx_word' id='word_1_388' title='bbox 2795 2564 2904 2602; x_wconf 90' lang='lat' dir='ltr'><strong>non</strong></span> <span class='ocrx_word' id='word_1_389' title='bbox 2946 2550 3184 2604; x_wconf 88' lang='lat' dir='ltr'><strong>sinerent</strong></span> <span class='ocrx_word' id='word_1_390' title='bbox 3224 2561 3342 2619; x_wconf 90' lang='lat' dir='ltr'><strong>post</strong></span> <span class='ocrx_word' id='word_1_391' title='bbox 3389 2550 3504 2606; x_wconf 68' lang='lat' dir='ltr'><strong>haec</strong></span> <span class='ocrx_word' id='word_1_392' title='bbox 3546 2553 3701 2608; x_wconf 86' lang='lat' dir='ltr'><strong>novis</strong></span> 
     </span>
    </p>
   </div>
   <div class='ocr_carea' id='block_1_58' title="bbox 2116 2637 3697 2712">
    <p class='ocr_par' dir='ltr' id='par_1_58' title="bbox 2116 2637 3697 2712">
     <span class='ocr_line' id='line_1_59' title="bbox 2116 2637 3697 2712; baseline 0.004 -19"><span class='ocrx_word' id='word_1_393' title='bbox 2116 2637 2586 2693; x_wconf 88' lang='lat' dir='ltr'><strong>retractationibus</strong></span> <span class='ocrx_word' id='word_1_394' title='bbox 2634 2639 2892 2705; x_wconf 89' lang='lat' dir='ltr'><strong>mutilari,</strong></span> <span class='ocrx_word' id='word_1_395' title='bbox 2926 2655 2993 2694; x_wconf 88' lang='lat' dir='ltr'><strong>ne</strong></span> <span class='ocrx_word' id='word_1_396' title='bbox 3026 2643 3200 2707; x_wconf 62' lang='lat' dir='ltr'><strong>gravis</strong></span> <span class='ocrx_word' id='word_1_397' title='bbox 3246 2644 3461 2697; x_wconf 88' lang='lat' dir='ltr'><strong>occasio</strong></span> <span class='ocrx_word' id='word_1_398' title='bbox 3491 2644 3697 2712; x_wconf 83' lang='lat' dir='ltr'><strong>praebe-</strong></span> 
     </span>
    </p>
   </div>
   <div class='ocr_carea' id='block_1_59' title="bbox 2118 2728 3701 2803">
    <p class='ocr_par' dir='ltr' id='par_1_59' title="bbox 2118 2728 3701 2803">
     <span class='ocr_line' id='line_1_60' title="bbox 2118 2728 3701 2803; baseline 0.006 -21"><span class='ocrx_word' id='word_1_399' title='bbox 2118 2738 2269 2782; x_wconf 92' lang='lat' dir='ltr'><strong>retur</strong></span> <span class='ocrx_word' id='word_1_400' title='bbox 2316 2743 2435 2797; x_wconf 64' lang='lat' dir='ltr'><strong>qua!</strong></span> <span class='ocrx_word' id='word_1_401' title='bbox 2480 2728 2868 2785; x_wconf 88' lang='lat' dir='ltr'><strong>medicinaliter</strong></span> <span class='ocrx_word' id='word_1_402' title='bbox 2913 2730 3122 2786; x_wconf 78' lang='lat' dir='ltr'><strong>fuerant</strong></span> <span class='ocrx_word' id='word_1_403' title='bbox 3174 2742 3369 2789; x_wconf 86' lang='lat' dir='ltr'><strong>statuta</strong></span> <span class='ocrx_word' id='word_1_404' title='bbox 3418 2735 3701 2803; x_wconf 87' lang='lat' dir='ltr'><strong>pulsandi:</strong></span> 
     </span>
    </p>
   </div>
   <div class='ocr_carea' id='block_1_60' title="bbox 2117 2819 3701 2893">
    <p class='ocr_par' dir='ltr' id='par_1_60' title="bbox 2117 2819 3701 2893">
     <span class='ocr_line' id='line_1_61' title="bbox 2117 2819 3701 2893; baseline 0.006 -20"><span class='ocrx_word' id='word_1_405' title='bbox 2117 2819 2209 2874; x_wconf 85' lang='lat' dir='ltr'><strong>sed</strong></span> <span class='ocrx_word' id='word_1_406' title='bbox 2256 2827 2476 2875; x_wconf 84' lang='lat' dir='ltr'><strong>auctore</strong></span> <span class='ocrx_word' id='word_1_407' title='bbox 2523 2819 2807 2889; x_wconf 89' lang='lat' dir='ltr'><strong>cujuslibet</strong></span> <span class='ocrx_word' id='word_1_408' title='bbox 2858 2823 3099 2889; x_wconf 70' lang='lat' dir='ltr'><strong>insanire,</strong></span> <span class='ocrx_word' id='word_1_409' title='bbox 3146 2838 3209 2877; x_wconf 91' lang='lat' dir='ltr'><strong>ac</strong></span> <span class='ocrx_word' id='word_1_410' title='bbox 3265 2826 3465 2893; x_wconf 83' lang='lat' dir='ltr'><strong>pariter</strong></span> <span class='ocrx_word' id='word_1_411' title='bbox 3514 2841 3701 2883; x_wconf 89' lang='lat' dir='ltr'><strong><em>errore</em></strong></span> 
     </span>
    </p>
   </div>
   <div class='ocr_carea' id='block_1_61' title="bbox 2117 2909 3699 2984">
    <p class='ocr_par' dir='ltr' id='par_1_61' title="bbox 2117 2909 3699 2984">
     <span class='ocr_line' id='line_1_62' title="bbox 2117 2909 3699 2984; baseline 0.002 -21"><span class='ocrx_word' id='word_1_412' title='bbox 2117 2909 2391 2974; x_wconf 88' lang='lat' dir='ltr'><strong>damnato,</strong></span> <span class='ocrx_word' id='word_1_413' title='bbox 2423 2910 2669 2965; x_wconf 83' lang='lat' dir='ltr'><strong>sullicere</strong></span> <span class='ocrx_word' id='word_1_414' title='bbox 2695 2910 3027 2979; x_wconf 89' lang='lat' dir='ltr'><strong>judicarunt,</strong></span> <span class='ocrx_word' id='word_1_415' title='bbox 3057 2923 3116 2966; x_wconf 91' lang='lat' dir='ltr'><strong>ut</strong></span> <span class='ocrx_word' id='word_1_416' title='bbox 3142 2914 3384 2984; x_wconf 84' lang='lat' dir='ltr'><strong>quisquis</strong></span> <span class='ocrx_word' id='word_1_417' title='bbox 3410 2915 3699 2984; x_wconf 82' lang='lat' dir='ltr'><strong>aliquando</strong></span> 
     </span>
    </p>
   </div>
   <div class='ocr_carea' id='block_1_62' title="bbox 2119 2999 3701 3075">
    <p class='ocr_par' dir='ltr' id='par_1_62' title="bbox 2119 2999 3701 3075">
     <span class='ocr_line' id='line_1_63' title="bbox 2119 2999 3701 3075; baseline 0.007 -23"><span class='ocrx_word' id='word_1_418' title='bbox 2119 2999 2278 3068; x_wconf 86' lang='lat' dir='ltr'><strong>hujus</strong></span> <span class='ocrx_word' id='word_1_419' title='bbox 2324 3001 2528 3054; x_wconf 73' lang='lat' dir='ltr'><strong>erroris</strong></span> <span class='ocrx_word' id='word_1_420' title='bbox 2589 3002 3013 3056; x_wconf 76' lang='lat' dir='ltr'><strong>communicatur</strong></span> <span class='ocrx_word' id='word_1_421' title='bbox 3062 3004 3358 3071; x_wconf 78' lang='lat' dir='ltr'><strong>existeret,</strong></span> <span class='ocrx_word' id='word_1_422' title='bbox 3420 3006 3701 3075; x_wconf 83' lang='lat' dir='ltr'><strong>principali</strong></span> 
     </span>
    </p>
   </div>
   <div class='ocr_carea' id='block_1_63' title="bbox 2116 3089 3700 3163">
    <p class='ocr_par' dir='ltr' id='par_1_63' title="bbox 2116 3089 3700 3163">
     <span class='ocr_line' id='line_1_64' title="bbox 2116 3089 3700 3163; baseline 0.003 -18"><span class='ocrx_word' id='word_1_423' title='bbox 2116 3089 2379 3145; x_wconf 87' lang='lat' dir='ltr'><strong>sententia</strong></span> <span class='ocrx_word' id='word_1_424' title='bbox 2404 3089 2763 3143; x_wconf 87' lang='lat' dir='ltr'><strong>damnationis</strong></span> <span class='ocrx_word' id='word_1_425' title='bbox 2785 3090 2903 3159; x_wconf 90' lang='lat' dir='ltr'><strong>ejus</strong></span> <span class='ocrx_word' id='word_1_426' title='bbox 2922 3102 3064 3146; x_wconf 89' lang='lat' dir='ltr'><strong>esset</strong></span> <span class='ocrx_word' id='word_1_427' title='bbox 3094 3093 3378 3147; x_wconf 77' lang='lat' dir='ltr'><strong>obstrictus</strong></span> <span class='ocrx_word' id='word_1_428' title='bbox 3407 3110 3422 3147; x_wconf 90' lang='lat'><strong>:</strong></span> <span class='ocrx_word' id='word_1_429' title='bbox 3449 3095 3700 3163; x_wconf 84' lang='lat' dir='ltr'><strong>quoniam</strong></span> 
     </span>
    </p>
   </div>
   <div class='ocr_carea' id='block_1_64' title="bbox 430 3180 2016 3280">
    <p class='ocr_par' dir='ltr' id='par_1_64' title="bbox 430 3198 2016 3280">
     <span class='ocr_line' id='line_1_65' title="bbox 430 3198 2016 3280; baseline 0.002 -28"><span class='ocrx_word' id='word_1_430' title='bbox 430 3202 683 3280; x_wconf 78' lang='lat' dir='ltr'><strong>jicientes</strong></span> <span class='ocrx_word' id='word_1_431' title='bbox 726 3199 993 3267; x_wconf 62' lang='lat' dir='ltr'><strong>praecipue</strong></span> <span class='ocrx_word' id='word_1_432' title='bbox 1022 3198 1324 3268; x_wconf 70' lang='lat' dir='ltr'><strong>pontificem</strong></span> <span class='ocrx_word' id='word_1_433' title='bbox 1374 3199 1534 3267; x_wconf 72' lang='lat' dir='ltr'><strong>regite</strong></span> <span class='ocrx_word' id='word_1_434' title='bbox 1582 3199 1836 3253; x_wconf 84' lang='lat' dir='ltr'><strong>civitatis.</strong></span> <span class='ocrx_word' id='word_1_435' title='bbox 1876 3200 2016 3267; x_wconf 88' lang='lat' dir='ltr'><strong>Qua-</strong></span> 
     </span>
    </p>
   </div>
   <div class='ocr_carea' id='block_1_65' title="bbox 2120 3180 3703 3280">
    <p class='ocr_par' dir='ltr' id='par_1_65' title="bbox 2120 3184 3703 3255">
     <span class='ocr_line' id='line_1_66' title="bbox 2120 3184 3703 3255; baseline 0.004 -17"><span class='ocrx_word' id='word_1_436' title='bbox 2120 3186 2397 3240; x_wconf 86' lang='lat' dir='ltr'><strong>manil‘este</strong></span> <span class='ocrx_word' id='word_1_437' title='bbox 2443 3184 2670 3254; x_wconf 88' lang='lat' dir='ltr'><strong>qttilibet</strong></span> <span class='ocrx_word' id='word_1_438' title='bbox 2713 3186 2795 3240; x_wconf 86' lang='lat' dir='ltr'><strong>vel</strong></span> <span class='ocrx_word' id='word_1_439' title='bbox 2844 3186 3175 3255; x_wconf 79' lang='lat' dir='ltr'><strong>professione</strong></span> <span class='ocrx_word' id='word_1_440' title='bbox 3216 3202 3310 3242; x_wconf 84' lang='lat' dir='ltr'><strong>sua</strong></span> <span class='ocrx_word' id='word_1_441' title='bbox 3336 3189 3419 3243; x_wconf 83' lang='lat' dir='ltr'><strong>vel</strong></span> <span class='ocrx_word' id='word_1_442' title='bbox 3463 3204 3703 3245; x_wconf 89' lang='lat' dir='ltr'><strong>commn-</strong></span> 
     </span>
    </p>
   </div>
   <div class='ocr_carea' id='block_1_66' title="bbox 434 3290 2011 3361">
    <p class='ocr_par' dir='ltr' id='par_1_66' title="bbox 434 3290 2011 3361">
     <span class='ocr_line' id='line_1_67' title="bbox 434 3290 2011 3361; baseline 0.007 -23"><span class='ocrx_word' id='word_1_443' title='bbox 434 3300 652 3361; x_wconf 77' lang='lat' dir='ltr'><strong>propter</strong></span> <span class='ocrx_word' id='word_1_444' title='bbox 700 3290 979 3343; x_wconf 87' lang='lat' dir='ltr'><strong>stultitiam</strong></span> <span class='ocrx_word' id='word_1_445' title='bbox 1011 3299 1326 3355; x_wconf 77' lang='lat' dir='ltr'><strong>reSpuentes</strong></span> <span class='ocrx_word' id='word_1_446' title='bbox 1370 3291 1604 3345; x_wconf 91' lang='lat' dir='ltr'><strong>inanium</strong></span> <span class='ocrx_word' id='word_1_447' title='bbox 1652 3292 2011 3360; x_wconf 88' lang='lat' dir='ltr'><strong>querelarum.</strong></span> 
     </span>
    </p>
   </div>
   <div class='ocr_carea' id='block_1_67' title="bbox 431 3381 2015 3454">
    <p class='ocr_par' dir='ltr' id='par_1_67' title="bbox 431 3381 2015 3454">
     <span class='ocr_line' id='line_1_68' title="bbox 431 3381 2015 3454; baseline 0.003 -19"><span class='ocrx_word' id='word_1_448' title='bbox 431 3393 745 3449; x_wconf 84' lang='lat' dir='ltr'><strong>percurrere</strong></span> <span class='ocrx_word' id='word_1_449' title='bbox 798 3394 891 3433; x_wconf 90' lang='lat' dir='ltr'><strong>vos</strong></span> <span class='ocrx_word' id='word_1_450' title='bbox 946 3388 1157 3447; x_wconf 88' lang='lat' dir='ltr'><strong>oportet</strong></span> <span class='ocrx_word' id='word_1_451' title='bbox 1198 3382 1265 3433; x_wconf 88' lang='lat' dir='ltr'><strong>ab</strong></span> <span class='ocrx_word' id='word_1_452' title='bbox 1313 3381 1443 3450; x_wconf 89' lang='lat' dir='ltr'><strong>ipsis</strong></span> <span class='ocrx_word' id='word_1_453' title='bbox 1504 3382 1674 3437; x_wconf 88' lang='lat' dir='ltr'><strong>beatis</strong></span> <span class='ocrx_word' id='word_1_454' title='bbox 1739 3386 2015 3454; x_wconf 76' lang='lat' dir='ltr'><strong>apostolis,</strong></span> 
     </span>
    </p>
   </div>
   <div class='ocr_carea' id='block_1_68' title="bbox 432 3471 2021 3539">
    <p class='ocr_par' dir='ltr' id='par_1_68' title="bbox 432 3471 2021 3539">
     <span class='ocr_line' id='line_1_69' title="bbox 432 3471 2021 3539; baseline 0.003 -13"><span class='ocrx_word' id='word_1_455' title='bbox 432 3480 488 3526; x_wconf 88' lang='lat' dir='ltr'><strong>ct</strong></span> <span class='ocrx_word' id='word_1_456' title='bbox 529 3471 877 3526; x_wconf 78' lang='lat' dir='ltr'><strong>considerare</strong></span> <span class='ocrx_word' id='word_1_457' title='bbox 908 3471 1195 3539; x_wconf 76' lang='lat' dir='ltr'><strong>prudenter</strong></span> <span class='ocrx_word' id='word_1_458' title='bbox 1221 3471 1472 3539; x_wconf 89' lang='lat' dir='ltr'><strong>quoniam</strong></span> <span class='ocrx_word' id='word_1_459' title='bbox 1511 3472 1694 3526; x_wconf 90' lang='lat' dir='ltr'><strong>Patres</strong></span> <span class='ocrx_word' id='word_1_460' title='bbox 1723 3476 1890 3528; x_wconf 89' lang='lat' dir='ltr'><strong>nostri</strong></span> <span class='ocrx_word' id='word_1_461' title='bbox 1928 3491 2021 3530; x_wconf 50' lang='lat' dir='ltr'><strong>can</strong></span> 
     </span>
    </p>
   </div>
   <div class='ocr_carea' id='block_1_69' title="bbox 428 3562 2018 3636">
    <p class='ocr_par' dir='ltr' id='par_1_69' title="bbox 428 3562 2018 3636">
     <span class='ocr_line' id='line_1_70' title="bbox 428 3562 2018 3636; baseline 0.005 -19"><span class='ocrx_word' id='word_1_462' title='bbox 428 3563 614 3618; x_wconf 90' lang='lat' dir='ltr'><strong>tholici</strong></span> <span class='ocrx_word' id='word_1_463' title='bbox 666 3562 775 3636; x_wconf 66' lang='lat' dir='ltr'><strong>lat.</strong></span> <span class='ocrx_word' id='word_1_464' title='bbox 818 3563 963 3617; x_wconf 85' lang='lat' dir='ltr'><strong>addit</strong></span> <span class='ocrx_word' id='word_1_465' title='bbox 1011 3562 1292 3634; x_wconf 73' lang='lat' dir='ltr'><strong>videlicet]</strong></span> <span class='ocrx_word' id='word_1_466' title='bbox 1340 3564 1587 3633; x_wconf 85' lang='lat' dir='ltr'><strong>doctique</strong></span> <span class='ocrx_word' id='word_1_467' title='bbox 1640 3568 1914 3634; x_wconf 80' lang='lat' dir='ltr'><strong>pontifices</strong></span> <span class='ocrx_word' id='word_1_468' title='bbox 1961 3570 2018 3625; x_wconf 92' lang='lat' dir='ltr'><strong>in</strong></span> 
     </span>
    </p>
   </div>
   <div class='ocr_carea' id='block_1_70' title="bbox 435 3652 2017 3729">
    <p class='ocr_par' dir='ltr' id='par_1_70' title="bbox 435 3652 2017 3729">
     <span class='ocr_line' id='line_1_71' title="bbox 435 3652 2017 3729; baseline 0.006 -23"><span class='ocrx_word' id='word_1_469' title='bbox 435 3668 749 3722; x_wconf 82' lang='lat' dir='ltr'><strong>unaquaque</strong></span> <span class='ocrx_word' id='word_1_470' title='bbox 780 3652 970 3707; x_wconf 70' lang='lat' dir='ltr'><strong>haaresi</strong></span> <span class='ocrx_word' id='word_1_471' title='bbox 1002 3654 1241 3722; x_wconf 87' lang='lat' dir='ltr'><strong>quolibet</strong></span> <span class='ocrx_word' id='word_1_472' title='bbox 1277 3662 1518 3723; x_wconf 87' lang='lat' dir='ltr'><strong>tempore</strong></span> <span class='ocrx_word' id='word_1_473' title='bbox 1550 3657 1829 3724; x_wconf 90' lang='lat' dir='ltr'><strong>suscitata,</strong></span> <span class='ocrx_word' id='word_1_474' title='bbox 1863 3661 2017 3729; x_wconf 78' lang='lat' dir='ltr'><strong>quid-</strong></span> 
     </span>
    </p>
   </div>
   <div class='ocr_carea' id='block_1_71' title="bbox 433 3746 2014 3822">
    <p class='ocr_par' dir='ltr' id='par_1_71' title="bbox 433 3746 2014 3822">
     <span class='ocr_line' id='line_1_72' title="bbox 433 3746 2014 3822; baseline 0.007 -24"><span class='ocrx_word' id='word_1_475' title='bbox 433 3746 558 3815; x_wconf 85' lang='lat' dir='ltr'><strong>quid</strong></span> <span class='ocrx_word' id='word_1_476' title='bbox 588 3746 606 3777; x_wconf 81' lang='grc'><strong>⁷</strong></span> <span class='ocrx_word' id='word_1_477' title='bbox 643 3760 743 3816; x_wconf 90' lang='lat' dir='ltr'><strong>pro</strong></span> <span class='ocrx_word' id='word_1_478' title='bbox 771 3747 1018 3811; x_wconf 76' lang='lat' dir='ltr'><strong>Veritate,</strong></span> <span class='ocrx_word' id='word_1_479' title='bbox 1050 3761 1145 3813; x_wconf 82' lang='lat' dir='ltr'><strong>pro</strong></span> <span class='ocrx_word' id='word_1_480' title='bbox 1166 3748 1542 3804; x_wconf 90' lang='lat' dir='ltr'><strong>communione</strong></span> <span class='ocrx_word' id='word_1_481' title='bbox 1567 3751 1829 3806; x_wconf 76' lang='lat' dir='ltr'><strong>Catholica</strong></span> <span class='ocrx_word' id='word_1_482' title='bbox 1854 3765 2014 3822; x_wconf 87' lang='lat' dir='ltr'><strong>atque</strong></span> 
     </span>
    </p>
   </div>
   <div class='ocr_carea' id='block_1_72' title="bbox 507 3886 2020 3958">
    <p class='ocr_par' dir='ltr' id='par_1_72' title="bbox 507 3886 2020 3958">
     <span class='ocr_line' id='line_1_73' title="bbox 507 3886 2020 3958; baseline 0.004 -17"><span class='ocrx_word' id='word_1_483' title='bbox 507 3896 532 3924; x_wconf 76' lang='grc' dir='ltr'>ι</span> <span class='ocrx_word' id='word_1_484' title='bbox 564 3886 714 3941; x_wconf 77' lang='lat' dir='ltr'><strong>lianc</strong></span> <span class='ocrx_word' id='word_1_485' title='bbox 744 3887 1023 3957; x_wconf 85' lang='lat' dir='ltr'><strong>epistolam</strong></span> <span class='ocrx_word' id='word_1_486' title='bbox 1054 3888 1366 3942; x_wconf 84' lang='lat' dir='ltr'><strong>circularem</strong></span> <span class='ocrx_word' id='word_1_487' title='bbox 1407 3902 1547 3956; x_wconf 83' lang='lat' dir='ltr'><strong>esse,</strong></span> <span class='ocrx_word' id='word_1_488' title='bbox 1598 3904 1823 3958; x_wconf 82' lang='lat' dir='ltr'><strong><em>eamque</em></strong></span> <span class='ocrx_word' id='word_1_489' title='bbox 1847 3893 2020 3947; x_wconf 93' lang='lat' dir='ltr'><strong>omni-</strong></span> 
     </span>
    </p>
   </div>
   <div class='ocr_carea' id='block_1_73' title="bbox 438 3958 2021 4031">
    <p class='ocr_par' dir='ltr' id='par_1_73' title="bbox 438 3958 2021 4031">
     <span class='ocr_line' id='line_1_74' title="bbox 438 3958 2021 4031; baseline 0.004 -20"><span class='ocrx_word' id='word_1_490' title='bbox 438 3958 538 4031; x_wconf 81' lang='lat' dir='ltr'><strong>bus</strong></span> <span class='ocrx_word' id='word_1_491' title='bbox 556 3958 891 4031; x_wconf 67' lang='lat' dir='ltr'><strong>orthodoxis</strong></span> <span class='ocrx_word' id='word_1_492' title='bbox 931 3958 1193 4011; x_wconf 68' lang='lat' dir='ltr'><strong>haereticis</strong></span> <span class='ocrx_word' id='word_1_493' title='bbox 1246 3968 1304 4031; x_wconf 82' lang='lat' dir='ltr'><strong>et</strong></span> <span class='ocrx_word' id='word_1_494' title='bbox 1344 3959 1706 4031; x_wconf 75' lang='lat' dir='ltr'><strong>schismaticis</strong></span> <span class='ocrx_word' id='word_1_495' title='bbox 1756 3963 2021 4031; x_wconf 71' lang='lat' dir='ltr'><strong>episcopis</strong></span> 
     </span>
    </p>
   </div>
   <div class='ocr_carea' id='block_1_74' title="bbox 438 4028 2023 4093">
    <p class='ocr_par' dir='ltr' id='par_1_74' title="bbox 438 4028 2023 4093">
     <span class='ocr_line' id='line_1_75' title="bbox 438 4028 2023 4093; baseline 0.006 -14"><span class='ocrx_word' id='word_1_496' title='bbox 438 4028 704 4081; x_wconf 82' lang='lat' dir='ltr'><strong>redditam</strong></span> <span class='ocrx_word' id='word_1_497' title='bbox 753 4029 1004 4089; x_wconf 89' lang='lat' dir='ltr'><strong>voluisse,</strong></span> <span class='ocrx_word' id='word_1_498' title='bbox 1056 4037 1201 4093; x_wconf 84' lang='lat' dir='ltr'><strong>patet</strong></span> <span class='ocrx_word' id='word_1_499' title='bbox 1247 4028 1301 4081; x_wconf 90' lang='lat' dir='ltr'><strong>in</strong></span> <span class='ocrx_word' id='word_1_500' title='bbox 1333 4029 1438 4083; x_wconf 82' lang='lat' dir='ltr'><strong>line</strong></span> <span class='ocrx_word' id='word_1_501' title='bbox 1489 4030 1570 4083; x_wconf 89' lang='lat' dir='ltr'><strong>his</strong></span> <span class='ocrx_word' id='word_1_502' title='bbox 1616 4028 1835 4087; x_wconf 83' lang='lat' dir='ltr'><strong>verbis:</strong></span> <span class='ocrx_word' id='word_1_503' title='bbox 1871 4028 2023 4088; x_wconf 65' lang='lat' dir='ltr'><strong><em>Recte</em></strong></span> 
     </span>
    </p>
   </div>
   <div class='ocr_carea' id='block_1_75' title="bbox 440 4096 2018 4173">
    <p class='ocr_par' dir='ltr' id='par_1_75' title="bbox 440 4096 2018 4173">
     <span class='ocr_line' id='line_1_76' title="bbox 440 4096 2018 4173; baseline 0.004 -24"><span class='ocrx_word' id='word_1_504' title='bbox 440 4107 607 4173; x_wconf 76' lang='lat' dir='ltr'><strong><em>autem</em></strong></span> <span class='ocrx_word' id='word_1_505' title='bbox 631 4098 975 4173; x_wconf 58' lang='lat' dir='ltr'><strong><em>facietpestra</em></strong></span> <span class='ocrx_word' id='word_1_506' title='bbox 1005 4096 1237 4173; x_wconf 72' lang='lat' dir='ltr'><strong><em>dilectio,</em></strong></span> <span class='ocrx_word' id='word_1_507' title='bbox 1261 4108 1315 4151; x_wconf 83' lang='lat' dir='ltr'><strong><em>nt</em></strong></span> <span class='ocrx_word' id='word_1_508' title='bbox 1344 4100 1441 4173; x_wconf 76' lang='lat' dir='ltr'><strong><em>ista</em></strong></span> <span class='ocrx_word' id='word_1_509' title='bbox 1469 4115 1583 4173; x_wconf 77' lang='lat' dir='ltr'><strong><em>qua:</em></strong></span> <span class='ocrx_word' id='word_1_510' title='bbox 1611 4102 1895 4173; x_wconf 81' lang='lat' dir='ltr'><strong>scribimus,</strong></span> <span class='ocrx_word' id='word_1_511' title='bbox 1921 4122 2018 4173; x_wconf 87' lang='lat' dir='ltr'><strong><em>pa-</em></strong></span> 
     </span>
    </p>
   </div>
   <div class='ocr_carea' id='block_1_76' title="bbox 437 4169 2015 4237">
    <p class='ocr_par' dir='ltr' id='par_1_76' title="bbox 437 4169 2015 4237">
     <span class='ocr_line' id='line_1_77' title="bbox 437 4169 2015 4237; baseline 0.004 -18"><span class='ocrx_word' id='word_1_512' title='bbox 437 4169 563 4221; x_wconf 86' lang='lat' dir='ltr'><strong><em>riter</em></strong></span> <span class='ocrx_word' id='word_1_513' title='bbox 610 4169 876 4220; x_wconf 81' lang='lat' dir='ltr'><strong><em>catholicis</em></strong></span> <span class='ocrx_word' id='word_1_514' title='bbox 920 4177 967 4221; x_wconf 91' lang='lat' dir='ltr'><strong><em>et</em></strong></span> <span class='ocrx_word' id='word_1_515' title='bbox 1014 4169 1271 4221; x_wconf 81' lang='lat' dir='ltr'><strong><em>contraria</em></strong></span> <span class='ocrx_word' id='word_1_516' title='bbox 1308 4170 1620 4236; x_wconf 85' lang='lat' dir='ltr'><strong><em>sapientibus</em></strong></span> <span class='ocrx_word' id='word_1_517' title='bbox 1672 4169 2015 4237; x_wconf 87' lang='lat' dir='ltr'><strong><em>innotescant,</em></strong></span> 
     </span>
    </p>
   </div>
   <div class='ocr_carea' id='block_1_77' title="bbox 439 4237 2017 4311">
    <p class='ocr_par' dir='ltr' id='par_1_77' title="bbox 439 4237 2017 4311">
     <span class='ocr_line' id='line_1_78' title="bbox 439 4237 2017 4311; baseline 0.004 -22"><span class='ocrx_word' id='word_1_518' title='bbox 439 4250 549 4311; x_wconf 69' lang='lat' dir='ltr'><strong>etc.</strong></span> <span class='ocrx_word' id='word_1_519' title='bbox 591 4237 815 4311; x_wconf 81' lang='lat' dir='ltr'><strong>Causam</strong></span> <span class='ocrx_word' id='word_1_520' title='bbox 846 4239 1142 4311; x_wconf 66' lang='lat' dir='ltr'><strong>scribenda!</strong></span> <span class='ocrx_word' id='word_1_521' title='bbox 1163 4238 1402 4306; x_wconf 74' lang='lat' dir='ltr'><strong>epistolae</strong></span> <span class='ocrx_word' id='word_1_522' title='bbox 1433 4240 1659 4311; x_wconf 70' lang='lat' dir='ltr'><strong>prmbuit</strong></span> <span class='ocrx_word' id='word_1_523' title='bbox 1692 4242 2017 4311; x_wconf 83' lang='lat' dir='ltr'><strong>Euphemios</strong></span> 
     </span>
    </p>
   </div>
   <div class='ocr_carea' id='block_1_78' title="bbox 441 4308 2021 4381">
    <p class='ocr_par' dir='ltr' id='par_1_78' title="bbox 441 4308 2021 4381">
     <span class='ocr_line' id='line_1_79' title="bbox 441 4308 2021 4381; baseline 0.003 -19"><span class='ocrx_word' id='word_1_524' title='bbox 441 4308 1068 4375; x_wconf 83' lang='lat' dir='ltr'><strong>Constantinopolitamts</strong></span> <span class='ocrx_word' id='word_1_525' title='bbox 1092 4311 1371 4377; x_wconf 82' lang='lat' dir='ltr'><strong>episcopos</strong></span> <span class='ocrx_word' id='word_1_526' title='bbox 1396 4308 1788 4381; x_wconf 78' lang='lat' dir='ltr'><strong>schismaticus,</strong></span> <span class='ocrx_word' id='word_1_527' title='bbox 1813 4314 1902 4381; x_wconf 86' lang='lat' dir='ltr'><strong>qui</strong></span> <span class='ocrx_word' id='word_1_528' title='bbox 1927 4315 2021 4366; x_wconf 86' lang='lat' dir='ltr'><strong>dc-</strong></span> 
     </span>
    </p>
   </div>
   <div class='ocr_carea' id='block_1_79' title="bbox 443 4380 2015 4447">
    <p class='ocr_par' dir='ltr' id='par_1_79' title="bbox 443 4380 2015 4447">
     <span class='ocr_line' id='line_1_80' title="bbox 443 4380 2015 4447; baseline 0.003 -16"><span class='ocrx_word' id='word_1_529' title='bbox 443 4380 607 4431; x_wconf 87' lang='lat' dir='ltr'><strong>tuncti</strong></span> <span class='ocrx_word' id='word_1_530' title='bbox 640 4380 817 4433; x_wconf 84' lang='lat' dir='ltr'><strong>Acacii</strong></span> <span class='ocrx_word' id='word_1_531' title='bbox 840 4392 1056 4431; x_wconf 90' lang='lat' dir='ltr'><strong>causam</strong></span> <span class='ocrx_word' id='word_1_532' title='bbox 1087 4383 1316 4447; x_wconf 85' lang='lat' dir='ltr'><strong>iniquam</strong></span> <span class='ocrx_word' id='word_1_533' title='bbox 1360 4389 1413 4431; x_wconf 89' lang='lat' dir='ltr'><strong>et</strong></span> <span class='ocrx_word' id='word_1_534' title='bbox 1443 4382 1655 4446; x_wconf 89' lang='lat' dir='ltr'><strong>impiam</strong></span> <span class='ocrx_word' id='word_1_535' title='bbox 1682 4380 2015 4436; x_wconf 30' lang='lat' dir='ltr'><strong>falsis’tcxti-</strong></span> 
     </span>
    </p>
   </div>
   <div class='ocr_carea' id='block_1_80' title="bbox 446 4448 2018 4521">
    <p class='ocr_par' dir='ltr' id='par_1_80' title="bbox 446 4448 2018 4521">
     <span class='ocr_line' id='line_1_81' title="bbox 446 4448 2018 4521; baseline 0.005 -21"><span class='ocrx_word' id='word_1_536' title='bbox 446 4448 808 4521; x_wconf 10' lang='lat' dir='ltr'><strong>bnsfornans,</strong></span> <span class='ocrx_word' id='word_1_537' title='bbox 853 4460 1075 4521; x_wconf 77' lang='lat' dir='ltr'><strong>conatus</strong></span> <span class='ocrx_word' id='word_1_538' title='bbox 1121 4459 1203 4502; x_wconf 88' lang='lat' dir='ltr'><strong>et</strong></span> <span class='ocrx_word' id='word_1_539' title='bbox 1250 4449 1547 4503; x_wconf 72' lang='lat' dir='ltr'><strong>Orientales</strong></span> <span class='ocrx_word' id='word_1_540' title='bbox 1593 4452 1941 4521; x_wconf 77' lang='lat' dir='ltr'><strong>coepiscopos</strong></span> <span class='ocrx_word' id='word_1_541' title='bbox 1990 4469 2018 4507; x_wconf 89' lang='lat' dir='ltr'><strong>a</strong></span> 
     </span>
    </p>
   </div>
   <div class='ocr_carea' id='block_1_81' title="bbox 447 4517 2020 4591">
    <p class='ocr_par' dir='ltr' id='par_1_81' title="bbox 447 4517 2020 4591">
     <span class='ocr_line' id='line_1_82' title="bbox 447 4517 2020 4591; baseline 0.004 -21"><span class='ocrx_word' id='word_1_542' title='bbox 447 4517 1030 4591; x_wconf 34' lang='lat' dir='ltr'><strong>conjunctionehsedis</strong></span> <span class='ocrx_word' id='word_1_543' title='bbox 1091 4520 1396 4591; x_wconf 69' lang='lat' dir='ltr'><strong>apostolicae</strong></span> <span class='ocrx_word' id='word_1_544' title='bbox 1449 4517 1705 4576; x_wconf 74' lang='lat' dir='ltr'><strong>avellere.</strong></span> <span class='ocrx_word' id='word_1_545' title='bbox 1768 4517 2020 4591; x_wconf 54' lang='lat' dir='ltr'><strong>Ut&#39;ergo</strong></span> 
     </span>
    </p>
   </div>
   <div class='ocr_carea' id='block_1_82' title="bbox 448 4588 2015 4662">
    <p class='ocr_par' dir='ltr' id='par_1_82' title="bbox 448 4588 2015 4662">
     <span class='ocr_line' id='line_1_83' title="bbox 448 4588 2015 4662; baseline 0.004 -25"><span class='ocrx_word' id='word_1_546' title='bbox 448 4603 658 4662; x_wconf 76' lang='lat' dir='ltr'><strong>summe</strong></span> <span class='ocrx_word' id='word_1_547' title='bbox 700 4588 1025 4662; x_wconf 79' lang='lat' dir='ltr'><strong>periclitanti</strong></span> <span class='ocrx_word' id='word_1_548' title='bbox 1060 4590 1335 4662; x_wconf 77' lang='lat' dir='ltr'><strong>Urientali</strong></span> <span class='ocrx_word' id='word_1_549' title='bbox 1362 4591 1613 4645; x_wconf 54' lang='grc' dir='ltr'><strong>ιιὶοιοιρδὶλε</strong></span> <span class='ocrx_word' id='word_1_550' title='bbox 1655 4588 2015 4662; x_wconf 64' lang='lat' dir='ltr'><strong>succurreret,</strong></span> 
     </span>
    </p>
   </div>
   <div class='ocr_carea' id='block_1_83' title="bbox 444 4658 2017 4730">
    <p class='ocr_par' dir='ltr' id='par_1_83' title="bbox 444 4658 2017 4730">
     <span class='ocr_line' id='line_1_84' title="bbox 444 4658 2017 4730; baseline 0.006 -21"><span class='ocrx_word' id='word_1_551' title='bbox 444 4659 875 4730; x_wconf 83' lang='lat' dir='ltr'><strong>hancprolixam</strong></span> <span class='ocrx_word' id='word_1_552' title='bbox 908 4658 1063 4713; x_wconf 87' lang='lat' dir='ltr'><strong>valde</strong></span> <span class='ocrx_word' id='word_1_553' title='bbox 1099 4669 1257 4726; x_wconf 85' lang='lat' dir='ltr'><strong>atque</strong></span> <span class='ocrx_word' id='word_1_554' title='bbox 1285 4660 1538 4730; x_wconf 73' lang='lat' dir='ltr'><strong>disertam</strong></span> <span class='ocrx_word' id='word_1_555' title='bbox 1567 4663 1880 4730; x_wconf 79' lang='lat' dir='ltr'><strong>epistolam,</strong></span> <span class='ocrx_word' id='word_1_556' title='bbox 1913 4658 2017 4724; x_wconf 80' lang='lat' dir='ltr'><strong>qua</strong></span> 
     </span>
    </p>
   </div>
   <div class='ocr_carea' id='block_1_84' title="bbox 443 4728 2016 4798">
    <p class='ocr_par' dir='ltr' id='par_1_84' title="bbox 443 4728 2016 4798">
     <span class='ocr_line' id='line_1_85' title="bbox 443 4728 2016 4798; baseline 0.004 -19"><span class='ocrx_word' id='word_1_557' title='bbox 443 4729 703 4782; x_wconf 71' lang='lat' dir='ltr'><strong>Acacium</strong></span> <span class='ocrx_word' id='word_1_558' title='bbox 748 4728 1253 4798; x_wconf 15' lang='lat' dir='ltr'><strong>sedisiapostoltca:</strong></span> <span class='ocrx_word' id='word_1_559' title='bbox 1304 4729 1503 4796; x_wconf 77' lang='lat' dir='ltr'><strong>judicio</strong></span> <span class='ocrx_word' id='word_1_560' title='bbox 1542 4728 1662 4798; x_wconf 85' lang='lat' dir='ltr'><strong>jure</strong></span> <span class='ocrx_word' id='word_1_561' title='bbox 1710 4728 2016 4786; x_wconf 79' lang='lat' dir='ltr'><strong>damnatum</strong></span> 
     </span>
    </p>
   </div>
   <div class='ocr_carea' id='block_1_85' title="bbox 441 4797 2017 4869">
    <p class='ocr_par' dir='ltr' id='par_1_85' title="bbox 441 4797 2017 4869">
     <span class='ocr_line' id='line_1_86' title="bbox 441 4797 2017 4869; baseline 0.006 -20"><span class='ocrx_word' id='word_1_562' title='bbox 441 4812 565 4851; x_wconf 85' lang='lat' dir='ltr'><strong><em>esse</em></strong></span> <span class='ocrx_word' id='word_1_563' title='bbox 585 4799 839 4866; x_wconf 86' lang='lat' dir='ltr'><strong>ostendit,</strong></span> <span class='ocrx_word' id='word_1_564' title='bbox 865 4797 930 4852; x_wconf 89' lang='lat' dir='ltr'><strong>ad</strong></span> <span class='ocrx_word' id='word_1_565' title='bbox 950 4798 1221 4853; x_wconf 73' lang='lat' dir='ltr'><strong>Dardaniae</strong></span> <span class='ocrx_word' id='word_1_566' title='bbox 1245 4802 1525 4869; x_wconf 87' lang='lat' dir='ltr'><strong>episcopos</strong></span> <span class='ocrx_word' id='word_1_567' title='bbox 1547 4797 1860 4858; x_wconf 84' lang='lat' dir='ltr'><strong>transmisit.</strong></span> <span class='ocrx_word' id='word_1_568' title='bbox 1887 4807 2017 4859; x_wconf 58' lang='grc' dir='ltr'><strong>θεν.</strong></span> 
     </span>
    </p>
   </div>
   <div class='ocr_carea' id='block_1_86' title="bbox 444 4869 647 4924">
    <p class='ocr_par' dir='ltr' id='par_1_86' title="bbox 444 4869 647 4924">
     <span class='ocr_line' id='line_1_87' title="bbox 444 4869 647 4924; baseline 0.015 -3"><span class='ocrx_word' id='word_1_569' title='bbox 444 4869 647 4924; x_wconf 63' lang='grc' dir='ltr'><strong>Βικιυς.</strong></span> 
     </span>
    </p>
   </div>
   <div class='ocr_carea' id='block_1_87' title="bbox 516 4983 2021 5053">
    <p class='ocr_par' dir='ltr' id='par_1_87' title="bbox 516 4983 2021 5053">
     <span class='ocr_line' id='line_1_88' title="bbox 516 4983 2021 5053; baseline 0.004 -16"><span class='ocrx_word' id='word_1_570' title='bbox 516 4985 531 5015; x_wconf 83' lang='grc'><em>³</em></span> <span class='ocrx_word' id='word_1_571' title='bbox 559 4984 638 5038; x_wconf 87' lang='lat' dir='ltr'><strong>De</strong></span> <span class='ocrx_word' id='word_1_572' title='bbox 660 4985 760 5037; x_wconf 87' lang='lat' dir='ltr'><strong>hac</strong></span> <span class='ocrx_word' id='word_1_573' title='bbox 777 4983 1000 5053; x_wconf 88' lang='lat' dir='ltr'><strong>epistola</strong></span> <span class='ocrx_word' id='word_1_574' title='bbox 1022 4984 1241 5039; x_wconf 88' lang='lat' dir='ltr'><strong>consule</strong></span> <span class='ocrx_word' id='word_1_575' title='bbox 1260 4984 1327 5039; x_wconf 91' lang='lat' dir='ltr'><strong>cl.</strong></span> <span class='ocrx_word' id='word_1_576' title='bbox 1354 4985 1616 5039; x_wconf 81' lang='lat' dir='ltr'><strong>Mallcium</strong></span> <span class='ocrx_word' id='word_1_577' title='bbox 1637 4986 1685 5039; x_wconf 94' lang='lat' dir='ltr'><strong>in</strong></span> <span class='ocrx_word' id='word_1_578' title='bbox 1710 4986 2021 5052; x_wconf 54' lang='lat' dir='ltr'><strong>praefatione</strong></span> 
     </span>
    </p>
   </div>
   <div class='ocr_carea' id='block_1_88' title="bbox 450 5053 2019 5123">
    <p class='ocr_par' dir='ltr' id='par_1_88' title="bbox 450 5053 2019 5123">
     <span class='ocr_line' id='line_1_89' title="bbox 450 5053 2019 5123; baseline 0.003 -17"><span class='ocrx_word' id='word_1_579' title='bbox 450 5053 514 5107; x_wconf 86' lang='lat' dir='ltr'><strong>ad</strong></span> <span class='ocrx_word' id='word_1_580' title='bbox 545 5054 973 5123; x_wconf 87' lang='lat' dir='ltr'><strong>supplementum</strong></span> <span class='ocrx_word' id='word_1_581' title='bbox 1003 5055 1318 5109; x_wconf 81' lang='lat' dir='ltr'><strong>Acacianutn</strong></span> <span class='ocrx_word' id='word_1_582' title='bbox 1360 5054 1588 5123; x_wconf 84' lang='lat' dir='ltr'><strong>(Putrol.</strong></span> <span class='ocrx_word' id='word_1_583' title='bbox 1640 5066 1762 5109; x_wconf 89' lang='lat' dir='ltr'><strong><em>tom.</em></strong></span> <span class='ocrx_word' id='word_1_584' title='bbox 1797 5055 2019 5121; x_wconf 87' lang='lat' dir='ltr'><strong>LVIII,</strong></span> 
     </span>
    </p>
   </div>
   <div class='ocr_carea' id='block_1_89' title="bbox 445 5122 2020 5193">
    <p class='ocr_par' dir='ltr' id='par_1_89' title="bbox 445 5122 2020 5193">
     <span class='ocr_line' id='line_1_90' title="bbox 445 5122 2020 5193; baseline 0.002 -14"><span class='ocrx_word' id='word_1_585' title='bbox 445 5126 544 5179; x_wconf 82' lang='lat' dir='ltr'><strong><em>col.</em></strong></span> <span class='ocrx_word' id='word_1_586' title='bbox 578 5124 734 5191; x_wconf 74' lang='lat'><strong>937).</strong></span> <span class='ocrx_word' id='word_1_587' title='bbox 767 5122 971 5178; x_wconf 89' lang='lat' dir='ltr'><strong>Collata</strong></span> <span class='ocrx_word' id='word_1_588' title='bbox 1004 5124 1100 5177; x_wconf 82' lang='lat' dir='ltr'><strong>fuit</strong></span> <span class='ocrx_word' id='word_1_589' title='bbox 1133 5139 1250 5177; x_wconf 89' lang='lat' dir='ltr'><strong>cum</strong></span> <span class='ocrx_word' id='word_1_590' title='bbox 1295 5122 1596 5193; x_wconf 84' lang='lat' dir='ltr'><strong>pervetusto</strong></span> <span class='ocrx_word' id='word_1_591' title='bbox 1641 5127 1824 5180; x_wconf 89' lang='lat' dir='ltr'><strong>codice</strong></span> <span class='ocrx_word' id='word_1_592' title='bbox 1855 5127 2020 5182; x_wconf 80' lang='lat' dir='ltr'><strong><em>Vero-</em></strong></span> 
     </span>
    </p>
   </div>
   <div class='ocr_carea' id='block_1_90' title="bbox 444 5194 2020 5259">
    <p class='ocr_par' dir='ltr' id='par_1_90' title="bbox 444 5194 2020 5259">
     <span class='ocr_line' id='line_1_91' title="bbox 444 5194 2020 5259; baseline 0.002 -11"><span class='ocrx_word' id='word_1_593' title='bbox 444 5198 631 5248; x_wconf 83' lang='lat' dir='ltr'><strong>nensis</strong></span> <span class='ocrx_word' id='word_1_594' title='bbox 663 5195 899 5259; x_wconf 84' lang='lat' dir='ltr'><strong>capituli,</strong></span> <span class='ocrx_word' id='word_1_595' title='bbox 933 5194 1097 5257; x_wconf 89' lang='lat' dir='ltr'><strong>mille,</strong></span> <span class='ocrx_word' id='word_1_596' title='bbox 1126 5202 1182 5246; x_wconf 90' lang='lat' dir='ltr'><strong>ut</strong></span> <span class='ocrx_word' id='word_1_597' title='bbox 1206 5198 1460 5254; x_wconf 80' lang='lat' dir='ltr'><strong>creditor.</strong></span> <span class='ocrx_word' id='word_1_598' title='bbox 1491 5211 1750 5250; x_wconf 88' lang='lat' dir='ltr'><strong>annorum</strong></span> <span class='ocrx_word' id='word_1_599' title='bbox 1783 5212 1810 5248; x_wconf 86' lang='lat' dir='ltr'><strong>a</strong></span> <span class='ocrx_word' id='word_1_600' title='bbox 1845 5197 2020 5251; x_wconf 83' lang='lat' dir='ltr'><strong>Fran-</strong></span> 
     </span>
    </p>
   </div>
   <div class='ocr_carea' id='block_1_91' title="bbox 442 5264 2021 5334">
    <p class='ocr_par' dir='ltr' id='par_1_91' title="bbox 442 5264 2021 5334">
     <span class='ocr_line' id='line_1_92' title="bbox 442 5264 2021 5334; baseline 0.003 -17"><span class='ocrx_word' id='word_1_601' title='bbox 442 5264 593 5317; x_wconf 86' lang='lat' dir='ltr'><strong>cisco</strong></span> <span class='ocrx_word' id='word_1_602' title='bbox 623 5264 914 5317; x_wconf 82' lang='lat' dir='ltr'><strong>Blanchino</strong></span> <span class='ocrx_word' id='word_1_603' title='bbox 944 5264 1180 5329; x_wconf 83' lang='lat' dir='ltr'><strong>ejusdem</strong></span> <span class='ocrx_word' id='word_1_604' title='bbox 1210 5266 1423 5334; x_wconf 85' lang='lat' dir='ltr'><strong>capituli</strong></span> <span class='ocrx_word' id='word_1_605' title='bbox 1454 5267 1730 5330; x_wconf 88' lang='lat' dir='ltr'><strong>canonico,</strong></span> <span class='ocrx_word' id='word_1_606' title='bbox 1756 5278 1807 5321; x_wconf 90' lang='lat' dir='ltr'><strong>et</strong></span> <span class='ocrx_word' id='word_1_607' title='bbox 1833 5268 2021 5321; x_wconf 76' lang='lat' dir='ltr'><strong>biblio-</strong></span> 
     </span>
    </p>
   </div>
   <div class='ocr_carea' id='block_1_92' title="bbox 447 5334 2016 5403">
    <p class='ocr_par' dir='ltr' id='par_1_92' title="bbox 447 5334 2016 5403">
     <span class='ocr_line' id='line_1_93' title="bbox 447 5334 2016 5403; baseline 0.002 -16"><span class='ocrx_word' id='word_1_608' title='bbox 447 5336 620 5403; x_wconf 69' lang='lat' dir='ltr'><strong>thecae</strong></span> <span class='ocrx_word' id='word_1_609' title='bbox 635 5336 882 5396; x_wconf 81' lang='lat' dir='ltr'><strong>eaStode;</strong></span> <span class='ocrx_word' id='word_1_610' title='bbox 902 5344 955 5388; x_wconf 90' lang='lat' dir='ltr'><strong>et</strong></span> <span class='ocrx_word' id='word_1_611' title='bbox 976 5335 1026 5387; x_wconf 93' lang='lat' dir='ltr'><strong>in</strong></span> <span class='ocrx_word' id='word_1_612' title='bbox 1051 5349 1114 5387; x_wconf 90' lang='lat' dir='ltr'><strong>eo</strong></span> <span class='ocrx_word' id='word_1_613' title='bbox 1138 5334 1237 5390; x_wconf 87' lang='lat' dir='ltr'><strong>hoc</strong></span> <span class='ocrx_word' id='word_1_614' title='bbox 1260 5336 1594 5403; x_wconf 72' lang='lat' dir='ltr'><strong>estcpistola:</strong></span> <span class='ocrx_word' id='word_1_615' title='bbox 1614 5349 1980 5403; x_wconf 78' lang='lat' dir='ltr'><strong>argumentum</strong></span> <span class='ocrx_word' id='word_1_616' title='bbox 2004 5355 2016 5390; x_wconf 94' lang='lat'>:</span> 
     </span>
    </p>
   </div>
   <div class='ocr_carea' id='block_1_93' title="bbox 449 5402 2024 5477">
    <p class='ocr_par' dir='ltr' id='par_1_93' title="bbox 449 5402 2024 5477">
     <span class='ocr_line' id='line_1_94' title="bbox 449 5402 2024 5477; baseline 0.003 -20"><span class='ocrx_word' id='word_1_617' title='bbox 449 5402 645 5471; x_wconf 84' lang='lat' dir='ltr'><strong><em>Incipit</em></strong></span> <span class='ocrx_word' id='word_1_618' title='bbox 679 5406 890 5477; x_wconf 78' lang='lat' dir='ltr'><strong><em>rationis</em></strong></span> <span class='ocrx_word' id='word_1_619' title='bbox 933 5404 1205 5477; x_wconf 77' lang='lat' dir='ltr'><strong><em>reddenda:</em></strong></span> <span class='ocrx_word' id='word_1_620' title='bbox 1232 5402 1474 5459; x_wconf 80' lang='lat' dir='ltr'><strong><em>Acacium</em></strong></span> <span class='ocrx_word' id='word_1_621' title='bbox 1518 5424 1548 5459; x_wconf 91' lang='lat' dir='ltr'><strong>a</strong></span> <span class='ocrx_word' id='word_1_622' title='bbox 1590 5402 1707 5460; x_wconf 83' lang='lat' dir='ltr'><strong><em>sede</em></strong></span> <span class='ocrx_word' id='word_1_623' title='bbox 1745 5409 2024 5477; x_wconf 81' lang='lat' dir='ltr'><strong><em>apostolica</em></strong></span> 
     </span>
    </p>
   </div>
   <div class='ocr_carea' id='block_1_94' title="bbox 448 5475 2024 5543">
    <p class='ocr_par' dir='ltr' id='par_1_94' title="bbox 448 5475 2024 5543">
     <span class='ocr_line' id='line_1_95' title="bbox 448 5475 2024 5543; baseline 0.004 -16"><span class='ocrx_word' id='word_1_624' title='bbox 448 5483 786 5541; x_wconf 85' lang='lat' dir='ltr'><strong><em>competenter</em></strong></span> <span class='ocrx_word' id='word_1_625' title='bbox 824 5475 981 5543; x_wconf 82' lang='lat' dir='ltr'><strong><em>fuisse</em></strong></span> <span class='ocrx_word' id='word_1_626' title='bbox 1009 5476 1342 5541; x_wconf 85' lang='lat' dir='ltr'><strong><em>damnatum;</em></strong></span> <span class='ocrx_word' id='word_1_627' title='bbox 1374 5477 1557 5530; x_wconf 87' lang='lat' dir='ltr'><strong>titulus</strong></span> <span class='ocrx_word' id='word_1_628' title='bbox 1584 5493 1712 5531; x_wconf 87' lang='lat' dir='ltr'><strong>vero</strong></span> <span class='ocrx_word' id='word_1_629' title='bbox 1737 5494 1750 5530; x_wconf 89' lang='lat'>:</span> <span class='ocrx_word' id='word_1_630' title='bbox 1779 5475 2024 5533; x_wconf 79' lang='lat' dir='ltr'><strong><em>Dilectis—</em></strong></span> 
     </span>
    </p>
   </div>
   <div class='ocr_carea' id='block_1_95' title="bbox 445 5545 2023 5617">
    <p class='ocr_par' dir='ltr' id='par_1_95' title="bbox 445 5545 2023 5617">
     <span class='ocr_line' id='line_1_96' title="bbox 445 5545 2023 5617; baseline 0.003 -20"><span class='ocrx_word' id='word_1_631' title='bbox 445 5545 609 5617; x_wconf 84' lang='lat' dir='ltr'><strong><em>simis</em></strong></span> <span class='ocrx_word' id='word_1_632' title='bbox 620 5545 865 5617; x_wconf 74' lang='lat' dir='ltr'><strong><em>fratribus</em></strong></span> <span class='ocrx_word' id='word_1_633' title='bbox 894 5546 1133 5599; x_wconf 77' lang='lat' dir='ltr'><strong><em>universis</em></strong></span> <span class='ocrx_word' id='word_1_634' title='bbox 1161 5548 1405 5616; x_wconf 81' lang='lat' dir='ltr'><strong><em>episcopis</em></strong></span> <span class='ocrx_word' id='word_1_635' title='bbox 1436 5564 1525 5617; x_wconf 84' lang='lat' dir='ltr'><strong>per</strong></span> <span class='ocrx_word' id='word_1_636' title='bbox 1556 5547 1869 5602; x_wconf 86' lang='lat' dir='ltr'><strong><em>Dardaniam</em></strong></span> <span class='ocrx_word' id='word_1_637' title='bbox 1903 5565 2023 5602; x_wconf 90' lang='lat' dir='ltr'><strong><em>con-</em></strong></span> 
     </span>
    </p>
   </div>
   <div class='ocr_carea' id='block_1_96' title="bbox 447 5615 929 5669">
    <p class='ocr_par' dir='ltr' id='par_1_96' title="bbox 447 5615 929 5669">
     <span class='ocr_line' id='line_1_97' title="bbox 447 5615 929 5669; baseline 0.004 -2"><span class='ocrx_word' id='word_1_638' title='bbox 447 5616 640 5668; x_wconf 82' lang='lat' dir='ltr'><strong><em>stimtis</em></strong></span> <span class='ocrx_word' id='word_1_639' title='bbox 672 5615 929 5669; x_wconf 82' lang='lat' dir='ltr'><strong><em>Gelasins.</em></strong></span> 
     </span>
    </p>
   </div>
   <div class='ocr_carea' id='block_1_97' title="bbox 524 5684 2022 5761">
    <p class='ocr_par' dir='ltr' id='par_1_97' title="bbox 524 5684 2022 5761">
     <span class='ocr_line' id='line_1_98' title="bbox 524 5684 2022 5761; baseline 0.005 -23"><span class='ocrx_word' id='word_1_640' title='bbox 524 5687 545 5715; x_wconf 86' lang='grc'>¹</span> <span class='ocrx_word' id='word_1_641' title='bbox 576 5684 755 5761; x_wconf 49' lang='lat' dir='ltr'><strong>filias,</strong></span> <span class='ocrx_word' id='word_1_642' title='bbox 790 5685 1430 5761; x_wconf 19' lang='lat' dir='ltr'><strong><em>dilectissimis‘frgtribus</em></strong></span> <span class='ocrx_word' id='word_1_643' title='bbox 1480 5690 1723 5745; x_wconf 83' lang='lat' dir='ltr'><strong><em>universis</em></strong></span> <span class='ocrx_word' id='word_1_644' title='bbox 1772 5691 2022 5761; x_wconf 69' lang='lat' dir='ltr'><strong><em>episcopis</em></strong></span> 
     </span>
    </p>
   </div>
   <div class='ocr_carea' id='block_1_98' title="bbox 453 5754 1474 5835">
    <p class='ocr_par' dir='ltr' id='par_1_98' title="bbox 453 5754 1474 5835">
     <span class='ocr_line' id='line_1_99' title="bbox 453 5754 1474 5835; baseline 0.005 -27"><span class='ocrx_word' id='word_1_645' title='bbox 453 5768 547 5819; x_wconf 76' lang='lat' dir='ltr'><strong>per</strong></span> <span class='ocrx_word' id='word_1_646' title='bbox 570 5754 887 5835; x_wconf 75' lang='lat' dir='ltr'><strong><em>Dardaniam</em></strong></span> <span class='ocrx_word' id='word_1_647' title='bbox 917 5758 1195 5810; x_wconf 81' lang='lat' dir='ltr'><strong><em>constitutis</em></strong></span> <span class='ocrx_word' id='word_1_648' title='bbox 1220 5756 1474 5813; x_wconf 82' lang='lat' dir='ltr'><strong><em>Gclosius.</em></strong></span> 
     </span>
    </p>
   </div>
   <div class='ocr_carea' id='block_1_99' title="bbox 2117 3277 3702 3350">
    <p class='ocr_par' dir='ltr' id='par_1_99' title="bbox 2117 3277 3702 3350">
     <span class='ocr_line' id='line_1_100' title="bbox 2117 3277 3702 3350; baseline 0.004 -19"><span class='ocrx_word' id='word_1_649' title='bbox 2117 3277 2282 3331; x_wconf 79' lang='lat' dir='ltr'><strong>niont-</strong></span> <span class='ocrx_word' id='word_1_650' title='bbox 2328 3287 2509 3347; x_wconf 90' lang='lat' dir='ltr'><strong>posset</strong></span> <span class='ocrx_word' id='word_1_651' title='bbox 2557 3278 2795 3346; x_wconf 84' lang='lat' dir='ltr'><strong>agnosci.</strong></span> <span class='ocrx_word' id='word_1_652' title='bbox 2848 3278 2915 3333; x_wconf 88' lang='lat' dir='ltr'><strong><em>Et</em></strong></span> <span class='ocrx_word' id='word_1_653' title='bbox 2968 3289 3027 3333; x_wconf 90' lang='lat' dir='ltr'><strong>ut</strong></span> <span class='ocrx_word' id='word_1_654' title='bbox 3070 3278 3182 3350; x_wconf 73' lang='grc' dir='ltr'><strong>[αι.</strong></span> <span class='ocrx_word' id='word_1_655' title='bbox 3239 3281 3383 3335; x_wconf 86' lang='lat' dir='ltr'><strong>addit</strong></span> <span class='ocrx_word' id='word_1_656' title='bbox 3427 3283 3702 3338; x_wconf 87' lang='lat' dir='ltr'><strong>brevitatis</strong></span> 
     </span>
    </p>
   </div>
   <div class='ocr_carea' id='block_1_100' title="bbox 2120 3367 3703 3442">
    <p class='ocr_par' dir='ltr' id='par_1_100' title="bbox 2120 3367 3703 3442">
     <span class='ocr_line' id='line_1_101' title="bbox 2120 3367 3703 3442; baseline 0.008 -23"><span class='ocrx_word' id='word_1_657' title='bbox 2120 3367 2321 3431; x_wconf 81' lang='lat' dir='ltr'><strong>eausal</strong></span> <span class='ocrx_word' id='word_1_658' title='bbox 2370 3369 2550 3437; x_wconf 88' lang='lat' dir='ltr'><strong>priora</strong></span> <span class='ocrx_word' id='word_1_659' title='bbox 2600 3379 2910 3435; x_wconf 77' lang='lat' dir='ltr'><strong>taceamus,</strong></span> <span class='ocrx_word' id='word_1_660' title='bbox 2971 3385 3093 3440; x_wconf 70' lang='lat' dir='ltr'><strong>qua:</strong></span> <span class='ocrx_word' id='word_1_661' title='bbox 3138 3371 3367 3441; x_wconf 77' lang='lat' dir='ltr'><strong>diligens</strong></span> <span class='ocrx_word' id='word_1_662' title='bbox 3417 3374 3703 3442; x_wconf 79' lang='lat' dir='ltr'><strong>inquisitor</strong></span> 
     </span>
    </p>
   </div>
   <div class='ocr_carea' id='block_1_101' title="bbox 2119 3456 3700 3537">
    <p class='ocr_par' dir='ltr' id='par_1_101' title="bbox 2119 3456 3700 3537">
     <span class='ocr_line' id='line_1_102' title="bbox 2119 3456 3700 3537; baseline 0.007 -27"><span class='ocrx_word' id='word_1_663' title='bbox 2119 3456 2279 3511; x_wconf 68' lang='lat' dir='ltr'><strong>facile</strong></span> <span class='ocrx_word' id='word_1_664' title='bbox 2305 3458 2497 3525; x_wconf 89' lang='lat' dir='ltr'><strong>poterit</strong></span> <span class='ocrx_word' id='word_1_665' title='bbox 2521 3459 2806 3528; x_wconf 83' lang='lat' dir='ltr'><strong>vestigare,</strong></span> <span class='ocrx_word' id='word_1_666' title='bbox 2828 3460 3117 3516; x_wconf 87' lang='lat' dir='ltr'><strong>Sabellium</strong></span> <span class='ocrx_word' id='word_1_667' title='bbox 3141 3462 3413 3518; x_wconf 85' lang='lat' dir='ltr'><strong>damnavit</strong></span> <span class='ocrx_word' id='word_1_668' title='bbox 3431 3468 3700 3537; x_wconf 85' lang='lat' dir='ltr'><strong>synodus;</strong></span> 
     </span>
    </p>
   </div>
   <div class='ocr_carea' id='block_1_102' title="bbox 2117 3559 3703 3633">
    <p class='ocr_par' dir='ltr' id='par_1_102' title="bbox 2117 3559 3703 3633">
     <span class='ocr_line' id='line_1_103' title="bbox 2117 3559 3703 3633; baseline 0.009 -25"><span class='ocrx_word' id='word_1_669' title='bbox 2117 3570 2245 3619; x_wconf 84' lang='lat' dir='ltr'><strong>nec,</strong></span> <span class='ocrx_word' id='word_1_670' title='bbox 2276 3565 2332 3610; x_wconf 89' lang='lat' dir='ltr'><strong>ut</strong></span> <span class='ocrx_word' id='word_1_671' title='bbox 2362 3566 2655 3611; x_wconf 87' lang='lat' dir='ltr'><strong>sectatores</strong></span> <span class='ocrx_word' id='word_1_672' title='bbox 2683 3559 2797 3627; x_wconf 84' lang='lat' dir='ltr'><strong>ejus</strong></span> <span class='ocrx_word' id='word_1_673' title='bbox 2830 3568 3013 3628; x_wconf 86' lang='lat' dir='ltr'><strong>postea</strong></span> <span class='ocrx_word' id='word_1_674' title='bbox 3046 3560 3451 3633; x_wconf 87' lang='lat' dir='ltr'><strong>damnarentur,</strong></span> <span class='ocrx_word' id='word_1_675' title='bbox 3481 3581 3703 3624; x_wconf 81' lang='lat' dir='ltr'><strong>necesse</strong></span> 
     </span>
    </p>
   </div>
   <div class='ocr_carea' id='block_1_103' title="bbox 2122 3656 3703 3739">
    <p class='ocr_par' dir='ltr' id='par_1_103' title="bbox 2122 3656 3703 3739">
     <span class='ocr_line' id='line_1_104' title="bbox 2122 3656 3703 3739; baseline 0.01 -29"><span class='ocrx_word' id='word_1_676' title='bbox 2122 3656 2223 3711; x_wconf 79' lang='lat' dir='ltr'><strong>fuit</strong></span> <span class='ocrx_word' id='word_1_677' title='bbox 2273 3658 2508 3726; x_wconf 81' lang='lat' dir='ltr'><strong>singulas</strong></span> <span class='ocrx_word' id='word_1_678' title='bbox 2534 3660 2731 3713; x_wconf 90' lang='lat' dir='ltr'><strong>viritim</strong></span> <span class='ocrx_word' id='word_1_679' title='bbox 2780 3662 3013 3731; x_wconf 85' lang='lat' dir='ltr'><strong>synodos</strong></span> <span class='ocrx_word' id='word_1_680' title='bbox 3045 3664 3325 3733; x_wconf 89' lang='lat' dir='ltr'><strong>celebrari,</strong></span> <span class='ocrx_word' id='word_1_681' title='bbox 3356 3668 3449 3723; x_wconf 89' lang='lat' dir='ltr'><strong>sed</strong></span> <span class='ocrx_word' id='word_1_682' title='bbox 3497 3686 3594 3739; x_wconf 91' lang='lat' dir='ltr'><strong>pro</strong></span> <span class='ocrx_word' id='word_1_683' title='bbox 3626 3683 3703 3725; x_wconf 86' lang='lat' dir='ltr'><strong>tc-</strong></span> 
     </span>
    </p>
   </div>
   <div class='ocr_carea' id='block_1_104' title="bbox 2120 3762 3702 3839">
    <p class='ocr_par' dir='ltr' id='par_1_104' title="bbox 2120 3762 3702 3839">
     <span class='ocr_line' id='line_1_105' title="bbox 2120 3762 3702 3839; baseline 0.009 -25"><span class='ocrx_word' id='word_1_684' title='bbox 2120 3774 2251 3814; x_wconf 90' lang='lat' dir='ltr'><strong>nore</strong></span> <span class='ocrx_word' id='word_1_685' title='bbox 2279 3762 2676 3817; x_wconf 84' lang='lat' dir='ltr'><strong>constitutionis</strong></span> <span class='ocrx_word' id='word_1_686' title='bbox 2703 3764 2936 3833; x_wconf 74' lang='lat' dir='ltr'><strong>antiqua:</strong></span> <span class='ocrx_word' id='word_1_687' title='bbox 2961 3774 3182 3820; x_wconf 91' lang='lat' dir='ltr'><strong>cunctos</strong></span> <span class='ocrx_word' id='word_1_688' title='bbox 3208 3766 3296 3836; x_wconf 83' lang='lat' dir='ltr'><strong>qui</strong></span> <span class='ocrx_word' id='word_1_689' title='bbox 3318 3768 3402 3823; x_wconf 88' lang='lat' dir='ltr'><strong>vel</strong></span> <span class='ocrx_word' id='word_1_690' title='bbox 3430 3772 3702 3839; x_wconf 88' lang='lat' dir='ltr'><strong>pravitatis</strong></span> 
     </span>
    </p>
   </div>
   <div class='ocr_carea' id='block_1_105' title="bbox 2199 3897 3701 3974">
    <p class='ocr_par' dir='ltr' id='par_1_105' title="bbox 2199 3897 3701 3974">
     <span class='ocr_line' id='line_1_106' title="bbox 2199 3897 3701 3974; baseline 0.012 -24"><span class='ocrx_word' id='word_1_691' title='bbox 2199 3897 2225 3936; x_wconf 78' lang='lat' dir='ltr'><strong>b</strong></span> <span class='ocrx_word' id='word_1_692' title='bbox 2255 3899 2579 3974; x_wconf 75' lang='lat' dir='ltr'><strong>Euphemius</strong></span> <span class='ocrx_word' id='word_1_693' title='bbox 2606 3900 2671 3974; x_wconf 75' lang='lat' dir='ltr'><strong>ad</strong></span> <span class='ocrx_word' id='word_1_694' title='bbox 2691 3903 3101 3974; x_wconf 81' lang='lat' dir='ltr'><strong>excusationem</strong></span> <span class='ocrx_word' id='word_1_695' title='bbox 3144 3906 3322 3974; x_wconf 67' lang='lat' dir='ltr'><strong>Acacii</strong></span> <span class='ocrx_word' id='word_1_696' title='bbox 3351 3906 3583 3974; x_wconf 83' lang='lat' dir='ltr'><strong>dicebat,</strong></span> <span class='ocrx_word' id='word_1_697' title='bbox 3618 3910 3701 3968; x_wconf 81' lang='lat' dir='ltr'><strong>in-</strong></span> 
     </span>
    </p>
   </div>
   <div class='ocr_carea' id='block_1_106' title="bbox 2126 3970 3701 4041">
    <p class='ocr_par' dir='ltr' id='par_1_106' title="bbox 2126 3970 3701 4041">
     <span class='ocr_line' id='line_1_107' title="bbox 2126 3970 3701 4041; baseline 0.009 -22"><span class='ocrx_word' id='word_1_698' title='bbox 2126 3982 2243 4021; x_wconf 80' lang='lat' dir='ltr'><strong>sunt</strong></span> <span class='ocrx_word' id='word_1_699' title='bbox 2269 3970 2513 4040; x_wconf 85' lang='lat' dir='ltr'><strong>synodali</strong></span> <span class='ocrx_word' id='word_1_700' title='bbox 2539 3971 2738 4037; x_wconf 91' lang='lat' dir='ltr'><strong>judicio</strong></span> <span class='ocrx_word' id='word_1_701' title='bbox 2765 3987 2868 4025; x_wconf 89' lang='lat' dir='ltr'><strong>non</strong></span> <span class='ocrx_word' id='word_1_702' title='bbox 2896 3973 3057 4028; x_wconf 82' lang='lat' dir='ltr'><strong>luisse</strong></span> <span class='ocrx_word' id='word_1_703' title='bbox 3084 3971 3513 4041; x_wconf 75' lang='lat' dir='ltr'><strong>condemnatum,</strong></span> <span class='ocrx_word' id='word_1_704' title='bbox 3537 3970 3701 4032; x_wconf 84' lang='lat' dir='ltr'><strong>adeo-</strong></span> 
     </span>
    </p>
   </div>
   <div class='ocr_carea' id='block_1_107' title="bbox 2127 4042 3699 4115">
    <p class='ocr_par' dir='ltr' id='par_1_107' title="bbox 2127 4042 3699 4115">
     <span class='ocr_line' id='line_1_108' title="bbox 2127 4042 3699 4115; baseline 0.008 -26"><span class='ocrx_word' id='word_1_705' title='bbox 2127 4054 2228 4102; x_wconf 84' lang='lat' dir='ltr'><strong>que</strong></span> <span class='ocrx_word' id='word_1_706' title='bbox 2253 4054 2456 4115; x_wconf 71' lang='lat' dir='ltr'><strong>nomen</strong></span> <span class='ocrx_word' id='word_1_707' title='bbox 2487 4042 2694 4115; x_wconf 76' lang='lat' dir='ltr'><strong>ejuse</strong></span> <span class='ocrx_word' id='word_1_708' title='bbox 2712 4043 2879 4115; x_wconf 85' lang='lat' dir='ltr'><strong>sacris</strong></span> <span class='ocrx_word' id='word_1_709' title='bbox 2910 4045 3104 4115; x_wconf 86' lang='lat' dir='ltr'><strong>tabulis</strong></span> <span class='ocrx_word' id='word_1_710' title='bbox 3134 4061 3463 4113; x_wconf 85' lang='lat' dir='ltr'><strong>nequaquam</strong></span> <span class='ocrx_word' id='word_1_711' title='bbox 3494 4063 3699 4115; x_wconf 81' lang='lat' dir='ltr'><strong>expun-</strong></span> 
     </span>
    </p>
   </div>
   <div class='ocr_carea' id='block_1_108' title="bbox 2126 4108 3699 4176">
    <p class='ocr_par' dir='ltr' id='par_1_108' title="bbox 2126 4108 3699 4176">
     <span class='ocr_line' id='line_1_109' title="bbox 2126 4108 3699 4176; baseline 0.008 -16"><span class='ocrx_word' id='word_1_712' title='bbox 2126 4108 2379 4176; x_wconf 82' lang='lat' dir='ltr'><strong>gendum.</strong></span> <span class='ocrx_word' id='word_1_713' title='bbox 2412 4108 2561 4174; x_wconf 85' lang='lat' dir='ltr'><strong>Quod</strong></span> <span class='ocrx_word' id='word_1_714' title='bbox 2589 4112 2631 4164; x_wconf 86' lang='lat' dir='ltr'><strong>si</strong></span> <span class='ocrx_word' id='word_1_715' title='bbox 2662 4110 2731 4164; x_wconf 90' lang='lat' dir='ltr'><strong>de</strong></span> <span class='ocrx_word' id='word_1_716' title='bbox 2762 4113 3046 4166; x_wconf 91' lang='lat' dir='ltr'><strong>universali</strong></span> <span class='ocrx_word' id='word_1_717' title='bbox 3075 4123 3128 4167; x_wconf 88' lang='lat' dir='ltr'><strong>et</strong></span> <span class='ocrx_word' id='word_1_718' title='bbox 3163 4108 3497 4169; x_wconf 73' lang='lat' dir='ltr'><strong>meumcnico</strong></span> <span class='ocrx_word' id='word_1_719' title='bbox 3519 4108 3699 4172; x_wconf 80' lang='lat' dir='ltr'><strong>conci-</strong></span> 
     </span>
    </p>
   </div>
   <div class='ocr_carea' id='block_1_109' title="bbox 2129 4178 3702 4257">
    <p class='ocr_par' dir='ltr' id='par_1_109' title="bbox 2129 4178 3702 4257">
     <span class='ocr_line' id='line_1_110' title="bbox 2129 4178 3702 4257; baseline 0.009 -27"><span class='ocrx_word' id='word_1_720' title='bbox 2129 4178 2199 4230; x_wconf 88' lang='lat' dir='ltr'><strong>lio</strong></span> <span class='ocrx_word' id='word_1_721' title='bbox 2230 4178 2543 4257; x_wconf 58' lang='lat' dir='ltr'><strong>intelligat,</strong></span> <span class='ocrx_word' id='word_1_722' title='bbox 2565 4195 2748 4257; x_wconf 79' lang='lat' dir='ltr'><strong>verum</strong></span> <span class='ocrx_word' id='word_1_723' title='bbox 2781 4190 2890 4243; x_wconf 83' lang='lat' dir='ltr'><strong>est;</strong></span> <span class='ocrx_word' id='word_1_724' title='bbox 2941 4182 2987 4234; x_wconf 90' lang='lat' dir='ltr'><strong>si</strong></span> <span class='ocrx_word' id='word_1_725' title='bbox 3013 4183 3081 4236; x_wconf 87' lang='lat' dir='ltr'><strong>de</strong></span> <span class='ocrx_word' id='word_1_726' title='bbox 3126 4188 3436 4248; x_wconf 87' lang='lat' dir='ltr'><strong>provinciali</strong></span> <span class='ocrx_word' id='word_1_727' title='bbox 3494 4190 3702 4257; x_wconf 82' lang='lat' dir='ltr'><strong>synodo</strong></span> 
     </span>
    </p>
   </div>
   <div class='ocr_carea' id='block_1_110' title="bbox 2127 4248 3700 4324">
    <p class='ocr_par' dir='ltr' id='par_1_110' title="bbox 2127 4248 3700 4324">
     <span class='ocr_line' id='line_1_111' title="bbox 2127 4248 3700 4324; baseline 0.008 -25"><span class='ocrx_word' id='word_1_728' title='bbox 2127 4248 2443 4324; x_wconf 70' lang='lat' dir='ltr'><strong>accipiatur,</strong></span> <span class='ocrx_word' id='word_1_729' title='bbox 2477 4249 2818 4324; x_wconf 81' lang='lat' dir='ltr'><strong>falsissimum</strong></span> <span class='ocrx_word' id='word_1_730' title='bbox 2860 4265 2979 4324; x_wconf 81' lang='lat' dir='ltr'><strong>esse</strong></span> <span class='ocrx_word' id='word_1_731' title='bbox 3009 4263 3217 4324; x_wconf 82' lang='lat' dir='ltr'><strong>constat</strong></span> <span class='ocrx_word' id='word_1_732' title='bbox 3245 4270 3310 4310; x_wconf 79' lang='lat' dir='ltr'><strong>ex</strong></span> <span class='ocrx_word' id='word_1_733' title='bbox 3357 4257 3421 4309; x_wconf 90' lang='lat' dir='ltr'><strong>iis</strong></span> <span class='ocrx_word' id='word_1_734' title='bbox 3451 4248 3568 4324; x_wconf 69' lang='lat' dir='ltr'><strong>qua:</strong></span> <span class='ocrx_word' id='word_1_735' title='bbox 3606 4274 3700 4312; x_wconf 85' lang='lat' dir='ltr'><strong>su-</strong></span> 
     </span>
    </p>
   </div>
   <div class='ocr_carea' id='block_1_111' title="bbox 2128 4318 3698 4388">
    <p class='ocr_par' dir='ltr' id='par_1_111' title="bbox 2128 4318 3698 4388">
     <span class='ocr_line' id='line_1_112' title="bbox 2128 4318 3698 4388; baseline 0.01 -22"><span class='ocrx_word' id='word_1_736' title='bbox 2128 4334 2216 4381; x_wconf 84' lang='lat' dir='ltr'><strong>pra</strong></span> <span class='ocrx_word' id='word_1_737' title='bbox 2249 4320 2550 4372; x_wconf 88' lang='lat' dir='ltr'><strong>notavimus</strong></span> <span class='ocrx_word' id='word_1_738' title='bbox 2580 4318 2629 4371; x_wconf 91' lang='lat' dir='ltr'><strong>in</strong></span> <span class='ocrx_word' id='word_1_739' title='bbox 2659 4320 2799 4370; x_wconf 87' lang='lat' dir='ltr'><strong>notis</strong></span> <span class='ocrx_word' id='word_1_740' title='bbox 2848 4320 3215 4388; x_wconf 88' lang='lat' dir='ltr'><strong>epistolarum,</strong></span> <span class='ocrx_word' id='word_1_741' title='bbox 3267 4334 3320 4379; x_wconf 92' lang='lat' dir='ltr'><strong>et</strong></span> <span class='ocrx_word' id='word_1_742' title='bbox 3351 4318 3698 4382; x_wconf 84' lang='lat' dir='ltr'><strong>conciliorum</strong></span> 
     </span>
    </p>
   </div>
   <div class='ocr_carea' id='block_1_112' title="bbox 2128 4388 3702 4453">
    <p class='ocr_par' dir='ltr' id='par_1_112' title="bbox 2128 4388 3702 4453">
     <span class='ocr_line' id='line_1_113' title="bbox 2128 4388 3702 4453; baseline 0.01 -15"><span class='ocrx_word' id='word_1_743' title='bbox 2128 4388 2491 4442; x_wconf 78' lang='lat' dir='ltr'><strong>ltomanorum</strong></span> <span class='ocrx_word' id='word_1_744' title='bbox 2522 4389 2622 4442; x_wconf 88' lang='lat' dir='ltr'><strong>sub</strong></span> <span class='ocrx_word' id='word_1_745' title='bbox 2651 4388 2827 4443; x_wconf 84' lang='lat' dir='ltr'><strong>Felice</strong></span> <span class='ocrx_word' id='word_1_746' title='bbox 2858 4390 2923 4445; x_wconf 94' lang='lat' dir='ltr'><strong>Ill</strong></span> <span class='ocrx_word' id='word_1_747' title='bbox 2960 4391 3284 4448; x_wconf 77' lang='lat' dir='ltr'><strong>habitorum.</strong></span> <span class='ocrx_word' id='word_1_748' title='bbox 3319 4395 3615 4451; x_wconf 87' lang='lat' dir='ltr'><strong>Universali</strong></span> <span class='ocrx_word' id='word_1_749' title='bbox 3646 4410 3702 4453; x_wconf 88' lang='lat' dir='ltr'><strong><em>et</em></strong></span> 
     </span>
    </p>
   </div>
   <div class='ocr_carea' id='block_1_113' title="bbox 2124 4458 3698 4531">
    <p class='ocr_par' dir='ltr' id='par_1_113' title="bbox 2124 4458 3698 4531">
     <span class='ocr_line' id='line_1_114' title="bbox 2124 4458 3698 4531; baseline 0.009 -26"><span class='ocrx_word' id='word_1_750' title='bbox 2124 4458 2462 4531; x_wconf 65' lang='lat' dir='ltr'><strong>mountenico</strong></span> <span class='ocrx_word' id='word_1_751' title='bbox 2488 4459 2715 4531; x_wconf 77' lang='lat' dir='ltr'><strong>concilio</strong></span> <span class='ocrx_word' id='word_1_752' title='bbox 2747 4476 2920 4531; x_wconf 76' lang='lat' dir='ltr'><strong>neque</strong></span> <span class='ocrx_word' id='word_1_753' title='bbox 2957 4466 3123 4531; x_wconf 87' lang='lat' dir='ltr'><strong>potuit</strong></span> <span class='ocrx_word' id='word_1_754' title='bbox 3153 4480 3324 4527; x_wconf 83' lang='lat' dir='ltr'><strong>neque</strong></span> <span class='ocrx_word' id='word_1_755' title='bbox 3355 4468 3537 4521; x_wconf 87' lang='lat' dir='ltr'><strong>debuit</strong></span> <span class='ocrx_word' id='word_1_756' title='bbox 3566 4468 3698 4522; x_wconf 82' lang='lat' dir='ltr'><strong>Aca-</strong></span> 
     </span>
    </p>
   </div>
   <div class='ocr_carea' id='block_1_114' title="bbox 2124 4528 3700 4604">
    <p class='ocr_par' dir='ltr' id='par_1_114' title="bbox 2124 4528 3700 4604">
     <span class='ocr_line' id='line_1_115' title="bbox 2124 4528 3700 4604; baseline 0.008 -23"><span class='ocrx_word' id='word_1_757' title='bbox 2124 4530 2240 4581; x_wconf 91' lang='lat' dir='ltr'><strong>cins</strong></span> <span class='ocrx_word' id='word_1_758' title='bbox 2271 4528 2537 4604; x_wconf 84' lang='lat' dir='ltr'><strong>damnari.</strong></span> <span class='ocrx_word' id='word_1_759' title='bbox 2565 4530 2865 4604; x_wconf 63' lang='lat' dir='ltr'><strong>Orientales</strong></span> <span class='ocrx_word' id='word_1_760' title='bbox 2896 4528 3132 4604; x_wconf 85' lang='lat' dir='ltr'><strong>episcopi</strong></span> <span class='ocrx_word' id='word_1_761' title='bbox 3165 4550 3351 4590; x_wconf 79' lang='lat' dir='ltr'><strong>omnes</strong></span> <span class='ocrx_word' id='word_1_762' title='bbox 3381 4537 3492 4590; x_wconf 80' lang='lat' dir='ltr'><strong>fere</strong></span> <span class='ocrx_word' id='word_1_763' title='bbox 3518 4540 3700 4593; x_wconf 80' lang='lat' dir='ltr'><strong>Acacii</strong></span> 
     </span>
    </p>
   </div>
   <div class='ocr_carea' id='block_1_115' title="bbox 2126 4600 3702 4675">
    <p class='ocr_par' dir='ltr' id='par_1_115' title="bbox 2126 4600 3702 4675">
     <span class='ocr_line' id='line_1_116' title="bbox 2126 4600 3702 4675; baseline 0.006 -24"><span class='ocrx_word' id='word_1_764' title='bbox 2126 4601 2527 4675; x_wconf 72' lang='lat' dir='ltr'><strong>Communione</strong></span> <span class='ocrx_word' id='word_1_765' title='bbox 2560 4600 2748 4675; x_wconf 82' lang='lat' dir='ltr'><strong>polluti</strong></span> <span class='ocrx_word' id='word_1_766' title='bbox 2805 4600 3014 4655; x_wconf 76' lang='lat' dir='ltr'><strong>fuerant</strong></span> <span class='ocrx_word' id='word_1_767' title='bbox 3041 4600 3351 4675; x_wconf 26' lang='lat' dir='ltr'><strong>{adeoque</strong></span> <span class='ocrx_word' id='word_1_768' title='bbox 3404 4608 3702 4663; x_wconf 78' lang='lat' dir='ltr'><strong>universale</strong></span> 
     </span>
    </p>
   </div>
   <div class='ocr_carea' id='block_1_116' title="bbox 2131 4669 3703 4745">
    <p class='ocr_par' dir='ltr' id='par_1_116' title="bbox 2131 4669 3703 4745">
     <span class='ocr_line' id='line_1_117' title="bbox 2131 4669 3703 4745; baseline 0.006 -24"><span class='ocrx_word' id='word_1_769' title='bbox 2131 4669 2417 4745; x_wconf 67' lang='lat' dir='ltr'><strong>concilium</strong></span> <span class='ocrx_word' id='word_1_770' title='bbox 2439 4670 2625 4745; x_wconf 80' lang='lat' dir='ltr'><strong>haberi</strong></span> <span class='ocrx_word' id='word_1_771' title='bbox 2656 4685 2758 4745; x_wconf 78' lang='lat' dir='ltr'><strong>non</strong></span> <span class='ocrx_word' id='word_1_772' title='bbox 2787 4681 3023 4745; x_wconf 76' lang='lat' dir='ltr'><strong>poterat.</strong></span> <span class='ocrx_word' id='word_1_773' title='bbox 3056 4674 3120 4727; x_wconf 87' lang='lat' dir='ltr'><strong>Et</strong></span> <span class='ocrx_word' id='word_1_774' title='bbox 3147 4669 3280 4743; x_wconf 66' lang='lat' dir='ltr'><strong>quia</strong></span> <span class='ocrx_word' id='word_1_775' title='bbox 3299 4678 3463 4731; x_wconf 88' lang='lat' dir='ltr'><strong>solius</strong></span> <span class='ocrx_word' id='word_1_776' title='bbox 3488 4680 3703 4745; x_wconf 77' lang='lat' dir='ltr'><strong>pontili-</strong></span> 
     </span>
    </p>
   </div>
   <div class='ocr_carea' id='block_1_117' title="bbox 2124 4739 3699 4811">
    <p class='ocr_par' dir='ltr' id='par_1_117' title="bbox 2124 4739 3699 4811">
     <span class='ocr_line' id='line_1_118' title="bbox 2124 4739 3699 4811; baseline 0.007 -21"><span class='ocrx_word' id='word_1_777' title='bbox 2124 4739 2201 4811; x_wconf 71' lang='lat' dir='ltr'><strong>eis</strong></span> <span class='ocrx_word' id='word_1_778' title='bbox 2232 4739 2453 4794; x_wconf 74' lang='lat' dir='ltr'><strong>Romani</strong></span> <span class='ocrx_word' id='word_1_779' title='bbox 2485 4742 2746 4793; x_wconf 74' lang='lat' dir='ltr'><strong>sententia</strong></span> <span class='ocrx_word' id='word_1_780' title='bbox 2770 4742 3074 4798; x_wconf 90' lang='lat' dir='ltr'><strong>damnatum</strong></span> <span class='ocrx_word' id='word_1_781' title='bbox 3097 4739 3218 4799; x_wconf 83' lang='lat' dir='ltr'><strong>esse</strong></span> <span class='ocrx_word' id='word_1_782' title='bbox 3249 4739 3570 4811; x_wconf 76' lang='lat' dir='ltr'><strong>sufﬁciebat,</strong></span> <span class='ocrx_word' id='word_1_783' title='bbox 3604 4766 3699 4802; x_wconf 86' lang='lat' dir='ltr'><strong>eo-</strong></span> 
     </span>
    </p>
   </div>
   <div class='ocr_carea' id='block_1_118' title="bbox 2128 4809 3700 4933">
    <p class='ocr_par' dir='ltr' id='par_1_118' title="bbox 2128 4809 3700 4933">
     <span class='ocr_line' id='line_1_119' title="bbox 2128 4809 3700 4933; baseline 0.01 -75"><span class='ocrx_word' id='word_1_784' title='bbox 2128 4809 2248 4933; x_wconf 62' lang='lat' dir='ltr'><strong>gteiii</strong></span> <span class='ocrx_word' id='word_1_785' title='bbox 2275 4812 2560 4933; x_wconf 59' lang='grc' dir='ltr'><strong>ιὲιίνθνείιιί</strong></span> <span class='ocrx_word' id='word_1_786' title='bbox 2589 4821 2643 4865; x_wconf 87' lang='lat' dir='ltr'><strong><em>et</em></strong></span> <span class='ocrx_word' id='word_1_787' title='bbox 2665 4814 2995 4868; x_wconf 73' lang='lat' dir='ltr'><strong>oscumenico</strong></span> <span class='ocrx_word' id='word_1_788' title='bbox 3019 4816 3243 4870; x_wconf 84' lang='lat' dir='ltr'><strong>concilio</strong></span> <span class='ocrx_word' id='word_1_789' title='bbox 3269 4832 3403 4886; x_wconf 82' lang='lat' dir='ltr'><strong>Opus</strong></span> <span class='ocrx_word' id='word_1_790' title='bbox 3432 4834 3536 4872; x_wconf 91' lang='lat' dir='ltr'><strong><em>non</em></strong></span> <span class='ocrx_word' id='word_1_791' title='bbox 3560 4809 3700 4874; x_wconf 82' lang='lat' dir='ltr'><strong>erat.</strong></span> 
     </span>
     <span class='ocr_line' id='line_1_120' title="bbox 2172 4895 2487 4933; baseline 0.006 -2"><span class='ocrx_word' id='word_1_792' title='bbox 2172 4895 2254 4931; x_wconf 81' lang='lat' dir='ltr'><strong>ev.</strong></span> <span class='ocrx_word' id='word_1_793' title='bbox 2333 4897 2487 4933; x_wconf 76' lang='lat' dir='ltr'><strong>mtas.</strong></span> 
     </span>
    </p>
   </div>
   <div class='ocr_carea' id='block_1_119' title="bbox 2172 4895 2487 4933">
    <p class='ocr_par' dir='ltr' id='par_1_119' title="bbox 2172 4895 2487 4933">
     <span class='ocr_line' id='line_1_121' title="bbox 2172 4895 2487 4933; baseline 0.006 -2"><span class='ocrx_word' id='word_1_794' title='bbox 2172 4895 2254 4931; x_wconf 79' lang='grc' dir='ltr'><strong>εν.</strong></span> <span class='ocrx_word' id='word_1_795' title='bbox 2286 4895 2487 4933; x_wconf 69' lang='grc' dir='ltr'><strong>ΠΙΝΙΗΞ.</strong></span> 
     </span>
    </p>
   </div>
   <div class='ocr_carea' id='block_1_120' title="bbox 2198 4992 2899 5059">
    <p class='ocr_par' dir='ltr' id='par_1_120' title="bbox 2198 4992 2899 5059">
     <span class='ocr_line' id='line_1_122' title="bbox 2198 4992 2899 5059; baseline 0.003 -14"><span class='ocrx_word' id='word_1_796' title='bbox 2198 4993 2219 5022; x_wconf 86' lang='grc'>³</span> <span class='ocrx_word' id='word_1_797' title='bbox 2246 4992 2376 5046; x_wconf 83' lang='lat' dir='ltr'><strong>Cod.</strong></span> <span class='ocrx_word' id='word_1_798' title='bbox 2412 4993 2629 5059; x_wconf 83' lang='lat' dir='ltr'><strong>Veron.,</strong></span> <span class='ocrx_word' id='word_1_799' title='bbox 2659 5006 2706 5048; x_wconf 87' lang='lat' dir='ltr'><strong><em>et</em></strong></span> <span class='ocrx_word' id='word_1_800' title='bbox 2730 4994 2899 5047; x_wconf 82' lang='lat' dir='ltr'><strong><em>velati.</em></strong></span> 
     </span>
    </p>
   </div>
   <div class='ocr_carea' id='block_1_121' title="bbox 2197 5061 2918 5128">
    <p class='ocr_par' dir='ltr' id='par_1_121' title="bbox 2197 5061 2918 5128">
     <span class='ocr_line' id='line_1_123' title="bbox 2197 5061 2918 5128; baseline 0.006 -14"><span class='ocrx_word' id='word_1_801' title='bbox 2197 5061 2215 5091; x_wconf 84' lang='grc'><strong>⁸</strong></span> <span class='ocrx_word' id='word_1_802' title='bbox 2248 5063 2323 5115; x_wconf 91' lang='lat' dir='ltr'><strong>Id.</strong></span> <span class='ocrx_word' id='word_1_803' title='bbox 2354 5064 2498 5128; x_wconf 89' lang='lat' dir='ltr'><strong>cod.,</strong></span> <span class='ocrx_word' id='word_1_804' title='bbox 2532 5081 2620 5117; x_wconf 86' lang='lat' dir='ltr'><strong>nec</strong></span> <span class='ocrx_word' id='word_1_805' title='bbox 2639 5065 2918 5118; x_wconf 82' lang='lat' dir='ltr'><strong><em>inveniunt.</em></strong></span> 
     </span>
    </p>
   </div>
   <div class='ocr_carea' id='block_1_122' title="bbox 2199 5131 2869 5193">
    <p class='ocr_par' dir='ltr' id='par_1_122' title="bbox 2199 5131 2869 5193">
     <span class='ocr_line' id='line_1_124' title="bbox 2199 5131 2869 5193; baseline 0.004 -8"><span class='ocrx_word' id='word_1_806' title='bbox 2199 5131 2220 5161; x_wconf 83' lang='lat'><strong>&#39;</strong></span> <span class='ocrx_word' id='word_1_807' title='bbox 2248 5133 2323 5186; x_wconf 91' lang='lat' dir='ltr'><strong>Id.</strong></span> <span class='ocrx_word' id='word_1_808' title='bbox 2353 5134 2499 5193; x_wconf 83' lang='lat' dir='ltr'><strong>cod.,</strong></span> <span class='ocrx_word' id='word_1_809' title='bbox 2531 5144 2869 5188; x_wconf 87' lang='lat' dir='ltr'><strong><em>murmurant.</em></strong></span> 
     </span>
    </p>
   </div>
   <div class='ocr_carea' id='block_1_123' title="bbox 2199 5202 2822 5269">
    <p class='ocr_par' dir='ltr' id='par_1_123' title="bbox 2199 5202 2822 5269">
     <span class='ocr_line' id='line_1_125' title="bbox 2199 5202 2822 5269; baseline 0.006 -16"><span class='ocrx_word' id='word_1_810' title='bbox 2199 5202 2220 5231; x_wconf 78' lang='grc'>⁸</span> <span class='ocrx_word' id='word_1_811' title='bbox 2252 5203 2326 5257; x_wconf 90' lang='lat' dir='ltr'><strong>Id.</strong></span> <span class='ocrx_word' id='word_1_812' title='bbox 2359 5204 2505 5269; x_wconf 83' lang='lat' dir='ltr'><strong>eod.,</strong></span> <span class='ocrx_word' id='word_1_813' title='bbox 2538 5204 2822 5257; x_wconf 86' lang='lat' dir='ltr'><strong><em>obtendere.</em></strong></span> 
     </span>
    </p>
   </div>
   <div class='ocr_carea' id='block_1_124' title="bbox 2200 5273 3137 5344">
    <p class='ocr_par' dir='ltr' id='par_1_124' title="bbox 2200 5273 3137 5344">
     <span class='ocr_line' id='line_1_126' title="bbox 2200 5273 3137 5344; baseline 0.004 -19"><span class='ocrx_word' id='word_1_814' title='bbox 2200 5274 2219 5344; x_wconf 63' lang='grc'>7</span> <span class='ocrx_word' id='word_1_815' title='bbox 2251 5273 2322 5344; x_wconf 80' lang='lat' dir='ltr'><strong>Id.</strong></span> <span class='ocrx_word' id='word_1_816' title='bbox 2354 5273 2500 5339; x_wconf 89' lang='lat' dir='ltr'><strong>eod.,</strong></span> <span class='ocrx_word' id='word_1_817' title='bbox 2526 5290 2619 5342; x_wconf 86' lang='lat' dir='ltr'><strong>pro</strong></span> <span class='ocrx_word' id='word_1_818' title='bbox 2645 5276 2764 5344; x_wconf 76' lang='lat' dir='ltr'><strong><em>ﬁde.</em></strong></span> <span class='ocrx_word' id='word_1_819' title='bbox 2792 5289 2884 5341; x_wconf 84' lang='lat' dir='ltr'><strong><em>pro</em></strong></span> <span class='ocrx_word' id='word_1_820' title='bbox 2910 5284 3137 5329; x_wconf 78' lang='lat' dir='ltr'><strong><em>umtate.</em></strong></span> 
     </span>
    </p>
   </div>
   <div class='ocr_carea' id='block_1_125' title="bbox 2200 5343 3032 5407">
    <p class='ocr_par' dir='ltr' id='par_1_125' title="bbox 2200 5343 3032 5407">
     <span class='ocr_line' id='line_1_127' title="bbox 2200 5343 3032 5407; baseline 0.007 -13"><span class='ocrx_word' id='word_1_821' title='bbox 2200 5343 2221 5373; x_wconf 84' lang='grc'>⁸</span> <span class='ocrx_word' id='word_1_822' title='bbox 2248 5343 2322 5395; x_wconf 91' lang='lat' dir='ltr'><strong>Id.</strong></span> <span class='ocrx_word' id='word_1_823' title='bbox 2354 5344 2498 5407; x_wconf 90' lang='lat' dir='ltr'><strong>cod.,</strong></span> <span class='ocrx_word' id='word_1_824' title='bbox 2529 5360 2618 5397; x_wconf 87' lang='lat' dir='ltr'><strong>nec</strong></span> <span class='ocrx_word' id='word_1_825' title='bbox 2639 5345 2689 5397; x_wconf 87' lang='lat' dir='ltr'><strong>in</strong></span> <span class='ocrx_word' id='word_1_826' title='bbox 2718 5346 2813 5397; x_wconf 79' lang='lat' dir='ltr'><strong><em>hac</em></strong></span> <span class='ocrx_word' id='word_1_827' title='bbox 2834 5345 3032 5400; x_wconf 81' lang='lat' dir='ltr'><strong><em>cadent.</em></strong></span> 
     </span>
    </p>
   </div>
   <div class='ocr_carea' id='block_1_126' title="bbox 2199 5414 2856 5481">
    <p class='ocr_par' dir='ltr' id='par_1_126' title="bbox 2199 5414 2856 5481">
     <span class='ocr_line' id='line_1_128' title="bbox 2199 5414 2856 5481; baseline 0.003 -15"><span class='ocrx_word' id='word_1_828' title='bbox 2199 5414 2219 5444; x_wconf 81' lang='grc'>⁹</span> <span class='ocrx_word' id='word_1_829' title='bbox 2250 5414 2326 5466; x_wconf 91' lang='lat' dir='ltr'><strong>Id.</strong></span> <span class='ocrx_word' id='word_1_830' title='bbox 2351 5414 2497 5478; x_wconf 87' lang='lat' dir='ltr'><strong>cod.,</strong></span> <span class='ocrx_word' id='word_1_831' title='bbox 2522 5414 2856 5481; x_wconf 81' lang='lat' dir='ltr'><strong><em>pervidentes.</em></strong></span> 
     </span>
    </p>
   </div>
   <div class='ocr_carea' id='block_1_127' title="bbox 2202 5482 2801 5548">
    <p class='ocr_par' dir='ltr' id='par_1_127' title="bbox 2202 5482 2801 5548">
     <span class='ocr_line' id='line_1_129' title="bbox 2202 5482 2801 5548; baseline 0.003 -13"><span class='ocrx_word' id='word_1_832' title='bbox 2202 5483 2242 5513; x_wconf 78' lang='grc' dir='ltr'><strong>ὀ</strong></span> <span class='ocrx_word' id='word_1_833' title='bbox 2270 5482 2343 5537; x_wconf 89' lang='lat' dir='ltr'><strong>Id.</strong></span> <span class='ocrx_word' id='word_1_834' title='bbox 2378 5485 2521 5548; x_wconf 82' lang='lat' dir='ltr'><strong>eod.,</strong></span> <span class='ocrx_word' id='word_1_835' title='bbox 2550 5484 2801 5548; x_wconf 72' lang='lat' dir='ltr'><strong><em>qua&#39;libet.</em></strong></span> 
     </span>
    </p>
   </div>
   <div class='ocr_carea' id='block_1_128' title="bbox 2202 5552 2906 5609">
    <p class='ocr_par' dir='ltr' id='par_1_128' title="bbox 2202 5552 2906 5609">
     <span class='ocr_line' id='line_1_130' title="bbox 2202 5552 2906 5609; baseline 0.006 -4"><span class='ocrx_word' id='word_1_836' title='bbox 2202 5554 2239 5583; x_wconf 86' lang='grc'><strong>¹¹</strong></span> <span class='ocrx_word' id='word_1_837' title='bbox 2273 5554 2324 5606; x_wconf 93' lang='lat' dir='ltr'><strong>In</strong></span> <span class='ocrx_word' id='word_1_838' title='bbox 2356 5552 2477 5607; x_wconf 88' lang='lat' dir='ltr'><strong>eod.</strong></span> <span class='ocrx_word' id='word_1_839' title='bbox 2510 5554 2633 5609; x_wconf 90' lang='lat' dir='ltr'><strong>cod.</strong></span> <span class='ocrx_word' id='word_1_840' title='bbox 2665 5555 2817 5609; x_wconf 87' lang='lat' dir='ltr'><strong>deest</strong></span> <span class='ocrx_word' id='word_1_841' title='bbox 2842 5565 2906 5609; x_wconf 92' lang='lat' dir='ltr'><strong><em>et.</em></strong></span> 
     </span>
    </p>
   </div>
   <div class='ocr_carea' id='block_1_129' title="bbox 2202 5622 2667 5687">
    <p class='ocr_par' dir='ltr' id='par_1_129' title="bbox 2202 5622 2667 5687">
     <span class='ocr_line' id='line_1_131' title="bbox 2202 5622 2667 5687; baseline 0.011 -15"><span class='ocrx_word' id='word_1_842' title='bbox 2202 5624 2242 5652; x_wconf 82' lang='lat'>”</span> <span class='ocrx_word' id='word_1_843' title='bbox 2270 5622 2343 5677; x_wconf 89' lang='lat' dir='ltr'><strong>Id.</strong></span> <span class='ocrx_word' id='word_1_844' title='bbox 2366 5623 2510 5687; x_wconf 86' lang='lat' dir='ltr'><strong>cod.,</strong></span> <span class='ocrx_word' id='word_1_845' title='bbox 2533 5633 2578 5676; x_wconf 85' lang='lat' dir='ltr'><strong>et</strong></span> <span class='ocrx_word' id='word_1_846' title='bbox 2603 5625 2667 5677; x_wconf 89' lang='lat' dir='ltr'><strong><em>si.</em></strong></span> 
     </span>
    </p>
   </div>
   <div class='ocr_carea' id='block_1_130' title="bbox 2203 5693 2855 5758">
    <p class='ocr_par' dir='ltr' id='par_1_130' title="bbox 2203 5693 2855 5758">
     <span class='ocr_line' id='line_1_132' title="bbox 2203 5693 2855 5758; baseline 0.006 -13"><span class='ocrx_word' id='word_1_847' title='bbox 2203 5693 2245 5723; x_wconf 79' lang='grc'>³³</span> <span class='ocrx_word' id='word_1_848' title='bbox 2278 5694 2352 5745; x_wconf 90' lang='lat' dir='ltr'><strong>Id.</strong></span> <span class='ocrx_word' id='word_1_849' title='bbox 2384 5693 2529 5758; x_wconf 83' lang='lat' dir='ltr'><strong>cod.,</strong></span> <span class='ocrx_word' id='word_1_850' title='bbox 2558 5695 2855 5749; x_wconf 85' lang='lat' dir='ltr'><strong><em>intentione.</em></strong></span> 
     </span>
    </p>
   </div>
   <div class='ocr_carea' id='block_1_131' title="bbox 2206 5763 3598 5833">
    <p class='ocr_par' dir='ltr' id='par_1_131' title="bbox 2206 5763 3598 5833">
     <span class='ocr_line' id='line_1_133' title="bbox 2206 5763 3598 5833; baseline 0.002 -16"><span class='ocrx_word' id='word_1_851' title='bbox 2206 5763 2247 5793; x_wconf 74' lang='lat'>”</span> <span class='ocrx_word' id='word_1_852' title='bbox 2280 5763 2355 5817; x_wconf 91' lang='lat' dir='ltr'><strong>Id.</strong></span> <span class='ocrx_word' id='word_1_853' title='bbox 2382 5764 2526 5833; x_wconf 87' lang='lat' dir='ltr'><strong>cod.,</strong></span> <span class='ocrx_word' id='word_1_854' title='bbox 2559 5776 2609 5818; x_wconf 89' lang='lat' dir='ltr'><strong><em>ut</em></strong></span> <span class='ocrx_word' id='word_1_855' title='bbox 2638 5776 2902 5819; x_wconf 86' lang='lat' dir='ltr'><strong><em>contra....</em></strong></span> <span class='ocrx_word' id='word_1_856' title='bbox 2924 5764 3058 5833; x_wconf 82' lang='lat' dir='ltr'><strong><em>quod</em></strong></span> <span class='ocrx_word' id='word_1_857' title='bbox 3080 5772 3191 5815; x_wconf 87' lang='lat' dir='ltr'><strong><em>acta</em></strong></span> <span class='ocrx_word' id='word_1_858' title='bbox 3214 5768 3461 5831; x_wconf 81' lang='lat' dir='ltr'><strong><em>synodus,</em></strong></span> <span class='ocrx_word' id='word_1_859' title='bbox 3490 5778 3598 5826; x_wconf 79' lang='lat' dir='ltr'><strong><em>etc.</em></strong></span> 
     </span>
    </p>
   </div>
  </div>
