4098 6172
427 321 495 375 63
1773 309 2036 366 GELASII
2081 308 2280 364 PAP’IE
2322 309 2340 363 Ι
3627 316 3696 370 σι

427 439 568 490 illius
601 435 679 488 vel
711 431 1104 488 ctnntiinnion's
1146 431 1402 484 exstitere
1449 429 1758 496 participes,
1792 427 2008 480 univero
2035 427 2087 485 Α
2119 441 2184 480 ne
2209 441 2268 480 se
2318 441 2346 479 a
2390 441 2616 496 corpore
2659 427 2932 483 catholica:
2963 428 3179 482 unitatis
3216 429 3580 485 allscllldt'rel:
3624 436 3694 488 si.

425 528 552 579 salis
602 525 835 579 Ecclesia
889 524 1042 577 duxit
1087 536 1206 576 esse
1254 520 1587 574 refutandus.
1654 519 1743 575 Sic
1791 531 2007 589 promer

425 617 784 688 blasphemias
831 617 941 670 Arii
990 617 1157 668 forma
1208 611 1328 665 ﬁdei
1372 611 1872 678 eommunionisque
1919 624 2008 664 ca-

426 711 660 773 tholicae,
706 708 921 761 Nicaino
954 705 1154 772 prolata
1181 713 1471 766 conventu,
1520 701 1753 755 Arianos
1785 716 2006 767 omnes,

427 803 508 853 vel
541 799 788 868 quisquis
825 799 874 849 in
927 795 1064 847 hanc
1092 805 1315 862 pestem,
1367 792 1482 845 sive
1529 792 1544 822 ⁸
1577 806 1844 846 consensu
1894 794 2008 846 sive

427 890 805 944 connminiune
831 886 1106 946 deciderit,
1135 883 1248 935 sine
1273 881 1648 935 tetractatione
1677 883 1695 910 '
1720 881 2004 934 conclusit.

425 978 889 1039 Siclﬂunuminm,
942 973 1343 1035 lllacedonhu-u,
1389 972 1720 1035 Nestorium,
1767 972 2007 1040 synodus

375 1113 383 1120 .
427 1072 594 1126 semel
633 1080 777 1138 gesta
823 1067 1208 1128 tondi-nutans,
1246 1064 1464 1117 ulterius
1504 1063 1568 1118 ad
1611 1079 1744 1116 nova
1782 1063 2006 1118 concilia

428 1165 610 1216 venire
636 1178 740 1214 non
773 1159 932 1220 sivit;
975 1157 1067 1210 sed
1101 1156 1380 1209 universos
1410 1170 1727 1222 quocunque
1761 1155 1918 1208 modo
1955 1155 2007 1208 in

428 1254 450 1286 ³
480 1255 596 1308 hate
623 1252 893 1306 consortia
923 1248 1246 1310 recidentes,
1288 1246 1482 1298 tradito
1509 1246 1607 1298 sibi
1639 1245 1802 1299 limite
1841 1262 2007 1315 syno-

428 1345 556 1405 dali,
591 1343 834 1396 refutaiit
879 1338 1150 1402 Ecclesia;
1197 1353 1295 1390 nec
1327 1352 1555 1403 unquam
1608 1348 1754 1390 recte
1782 1338 2010 1392 cessisse

427 1436 768 1489 manifestum
814 1441 916 1496 est,
947 1430 1184 1500 qualibet
1211 1429 1526 1482 necessitate
1553 1439 1778 1497 cogente
1807 1429 1828 1460 ‘
1859 1430 2008 1484 novis

425 1529 664 1592 ausibus,
688 1541 804 1595 qua:
830 1522 1342 1577 fuerantsalubriter
1358 1520 1668 1585 constituta,
1695 1533 2006 1576 temerasse.

431 1625 533 1695 [αι.
566 1625 679 1676 Non
710 1631 888 1676 autem
935 1635 1032 1673 nos
1079 1620 1205 1674 latet
1231 1619 1516 1687 plurimos,
1549 1616 1690 1688 ete.]
1722 1617 2007 1683 Propterea

431 1722 745 1782 tempestate
808 1725 1020 1779 quoque
1079 1707 1483 1777 persecutionis
1529 1706 1739 1760 Arianae
1795 1705 2006 1772 plurimi

2116 517 2333 584 mulque
2349 518 2596 588 quoniam
2623 517 2761 572 inme
2783 517 3021 574 Joannes
3041 520 3288 573 secunda:
3311 520 3454 572 sedis
3471 521 3693 574 antistes

2107 611 2364 680 gravibus
2383 612 2618 680 pulsaret
2638 613 2882 681 objectis,
2907 612 2972 665 ad
2998 614 3178 680 prima:
3205 611 3347 665 sedis
3368 613 3690 666 audientiam

2109 703 2420 758 cohortatus
2451 714 2554 767 est,
2581 704 2663 758 vel
2711 705 2892 757 venire
2919 703 3116 758 debere
3150 703 3230 755 vel
3281 705 3512 757 mittere.
3545 703 3693 758 Licet

2111 795 2250 850 enim
2281 795 2517 863 synodus
2551 795 2792 849 iteranda
2824 811 2928 850 non
2951 805 3114 859 esset,
3147 804 3322 847 tamen
3351 806 3690 863 congrueret,

2111 899 2168 941 ut
2194 888 2474 956 cujuslibet
2502 887 2734 942 civitatis
2755 889 3036 956 episcopus
3062 887 3246 955 primae
3271 887 3411 940 sedis
3429 887 3690 955 judicium

2111 993 2216 1034 non
2247 982 2458 1044 vitaret,
2487 979 2551 1032 ad
2581 979 2722 1044 quod
2764 988 3091 1033 convenerat
3131 979 3380 1032 secuntlte
3416 978 3559 1032 sedis
3597 994 3693 1032 an—

2109 1073 2282 1138 tistes,
2337 1071 2424 1139 qui
2487 1071 2585 1124 nisi
2634 1085 2662 1124 a
2715 1071 2884 1140 prima
2928 1072 3057 1124 sede
3101 1086 3206 1124 non
3265 1081 3444 1137 posset
3489 1071 3690 1133 audiri,

2115 1163 2154 1194 “
2188 1163 2452 1228 prtecipue
2479 1164 2567 1231 qui
2607 1162 2962 1231 praejudicatis
3001 1161 3194 1214 animis
3234 1162 3376 1215 nulla
3413 1162 3622 1230 synodo
3661 1178 3690 1215 a

2112 1253 2313 1308 Graecis
2340 1253 2526 1306 fuisset
2543 1253 2816 1317 exclusus;
2841 1256 3001 1306 etiam
3032 1253 3169 1318 apud
3190 1268 3282 1307 eos
3304 1267 3514 1306 eausam
3539 1267 3690 1306 suam

2113 1357 2210 1397 nec
2239 1354 2418 1410 posset
2441 1344 2662 1397 omnino
2688 1343 2887 1409 dii-ere,
2937 1360 3034 1397 nec
3063 1343 3320 1397 deberet:
3351 1345 3472 1413 quia
3508 1345 3574 1396 ab
3613 1343 3690 1397 itt-

2114 1431 2393 1487 ferioribus
2416 1434 2680 1500 episcopis
2711 1434 2908 1502 potior,
2959 1434 3059 1487 nisi
3091 1448 3118 1485 a
3159 1433 3326 1502 prima
3375 1434 3501 1487 sede
3524 1435 3690 1502 (sicut

2111 1523 2312 1578 dictum
2361 1523 2473 1593 est)
2511 1525 2594 1578 vel
2645 1525 2838 1578 discuti
2872 1515 3170 1592 potuisset,
3219 1525 3298 1577 vel
3344 1525 3386 1578 si
3439 1527 3508 1579 ita
3559 1526 3694 1578 raiio

2115 1615 2436 1683 posmlassct
2483 1615 2652 1669 addici
2710 1618 2869 1670 etiam
2926 1616 3132 1669 cunctis
3180 1616 3539 1672 Orientalibus
3581 1617 3692 1684 epi-

2111 1706 2289 1772 sc0pis
2315 1721 2434 1759 cum
2466 1706 2582 1774 ipso
2607 1707 2800 1760 Acacio
2831 1706 2880 1760 iu
2913 1706 3054 1761 Petri
3082 1708 3515 1760 communionem
3549 1709 3689 1763 reci-

430 1804 675 1858 ratholici
703 1802 1011 1856 sacerdOtes
1039 1801 1106 1854 de
1133 1800 1359 1867 exsiliis,
1392 1815 1522 1868 pace
1547 1797 1748 1852 reddita
1777 1839 1792 1860 ,
1845 1796 2011 1864 respi-
2043 1783 2085 1842 Β
2116 1795 2364 1852 dentibus
2389 1812 2507 1851 cum
2541 1799 2789 1852 secundae
2814 1799 2954 1853 sedis
2984 1799 3264 1868 episcopus
3295 1800 3590 1854 catholicus
3620 1801 3688 1855 ab

431 1905 638 1959 rantes;
671 1894 772 1966 [αι.
820 1907 912 1961 per
940 1901 1116 1947 certas
1146 1892 1442 1960 provincias
1471 1891 1804 1959 congregatis
1830 1906 2009 1943 secum

433 1987 685 2042 fratribus
731 1985 988 2038 ecclesias
1026 1980 1412 2050 composuisse]
1444 1981 1523 2034 sic
1569 1995 1688 2033 cum
1733 1980 2012 2035 catholicis

431 2076 777 2131 nihilominus
806 2073 1054 2126 fratribus
1079 2073 1343 2126 Ecclesias
1369 2087 1720 2138 composuere
1747 2073 2011 2137 turbatas,

431 2179 486 2222 ut
515 2185 619 2220 non
647 2179 823 2220 tamen
869 2165 1009 2218 illius
1037 2163 1226 2234 synodi
1271 2161 1498 2215 Nicazna:
1525 2163 1778 2230 quidquid
1810 2163 1876 2215 de
1909 2164 2014 2216 fide

432 2268 484 2314 et
531 2257 902 2312 communione
932 2253 1195 2309 catholica
1244 2263 1298 2307 et
1343 2255 1362 2284 ⁵
1395 2254 1684 2318 apostolica
1735 2254 2014 2308 definierat

433 2352 795 2411 immutarent,
851 2362 948 2399 nec
998 2360 1132 2399 nova
1175 2359 1494 2412 quemquam
1529 2344 1829 2412 prolapsum
1857 2346 2010 2398 dam-

433 2440 645 2492 natione
671 2437 1060 2506 percellerent,
1095 2439 1188 2488 sed
1221 2435 1364 2489 illius
1391 2445 1573 2488 tenore
1600 2435 1835 2500 decreti,
1871 2435 1890 2465 ⁸
1913 2435 2011 2489 nisi

433 2531 803 2597 resipuissent,
834 2537 1117 2583 censerent
1147 2525 1249 2597 [αι.
1277 2526 1676 2598 judicarentur]
1708 2542 1830 2582 esse
1858 2526 2011 2581 dam-

435 2631 605 2676 natos.
645 2621 846 2687 Quibus
881 2621 1260 2675 convenienter
1306 2619 1406 2689 (ut
1440 2620 1637 2674 dictum
1667 2617 1790 2687 cst)
1817 2636 1883 2674 ex
1920 2637 2013 2690 pa-

436 2725 586 2768 terna
612 2714 896 2768 traditione
952 2713 1228 2782 perpensis
1254 2753 1269 2779 ,
1300 2712 1640 2779 confidimus,
1671 2714 1808 2782 quod
1842 2714 2016 2768 nullus

434 2805 539 2875 jam
571 2806 827 2859 veraciter
855 2805 1190 2858 Christianus
1233 2805 1440 2872 ignoret
1469 2804 1884 2874 uniuscujusque
1924 2821 2014 2872 sy-

435 2900 561 2954 nodi
590 2901 937 2954 constitutum
969 2899 1109 2967 quod
1144 2898 1456 2952 universalis
1488 2896 1741 2950 Ecclesia:
1771 2898 2017 2965 probavit

435 3007 720 3060 assensus,
753 2993 772 3024 ⁷
803 3008 908 3047 non
949 2993 1178 3060 aliquam
1212 2993 1379 3058 magis
1424 2992 1646 3060 exsequi
1678 2993 1858 3046 sedem
1909 3009 2016 3061 ιιι-τε

435 3083 647 3138 caeteris
673 3091 940 3151 oportere,
971 3098 1128 3152 quam
1159 3083 1406 3149 primam,
1435 3097 1554 3150 qtue
1581 3090 1636 3136 et
1665 3099 1896 3150 uuamqu
1917 3099 2014 3134 uu-

2113 1897 2352 1942 extcrna:
2391 1890 2784 1943 communionis
2837 1891 3141 1944 hominibus
3189 1902 3331 1946 esset
3390 1892 3691 1946 nullatenus

2109 1977 2452 2048 judicandns.
2493 1980 2595 2033 Sed
2636 1981 2862 2034 Aeacius
2905 1997 3008 2034 non
3048 1982 3222 2034 solum
3258 1982 3498 2050 despexit
3538 1973 3691 2036 satis-

2117 2071 2292 2123 facere
2324 2071 2623 2138 postulatis,
2654 2088 2840 2125 verum
2868 2072 3027 2125 etiam
3056 2071 3226 2141 ipsam
3258 2073 3576 2140 legationem
3609 2088 3692 2126 se-

2115 2161 2198 2216 dis
2250 2165 2557 2231 apustolic:e
2611 2165 3007 2230 blandimentis,
3039 2165 3291 2233 praemiis,
3343 2163 3696 2232 periuriisque

2115 2251 2414 2318 deceptam.
2441 2253 2630 2319 quibus
2669 2256 2716 2308 ei
2739 2241 2864 2307 cum
2901 2255 3224 2322 imperatore
3267 2255 3530 2324 promisit,
3562 2254 3695 2308 inte-

2116 2356 2262 2409 gram
2309 2342 2552 2410 praesulis
2597 2343 2870 2410 apostolici
2923 2358 3139 2398 causam
3181 2343 3248 2398 de
3292 2345 3541 2399 omnibus
3580 2361 3700 2402 esse

2116 2435 2436 2488 servandam
2488 2433 2630 2488 Petri
2671 2437 3047 2489 communione
3087 2437 3340 2503 pollutam
3377 2435 3553 2491 redire
3580 2452 3698 2506 per-

2119 2524 2274 2588 fecit,
2322 2526 2373 2579 in
2414 2535 2615 2579 tantum
2659 2526 2802 2580 sedis
2840 2527 3148 2594 apostolicae
3188 2527 3494 2592 despiciens
3545 2536 3697 2595 pote-

2118 2628 2338 2684 statem,
2387 2629 2442 2673 ut
2484 2635 2587 2672 non
2634 2620 2804 2673 solum
2843 2621 2958 2688 ejus
2996 2621 3295 2674 auctoritati
3328 2635 3432 2673 non
3458 2618 3697 2680 cederet.

2118 2713 2208 2766 sed
2234 2713 2392 2766 etiam
2421 2714 2595 2780 potius
2626 2713 2676 2766 in
2701 2713 3026 2766 consortium
3051 2712 3439 2767 communionis
3461 2721 3697 2767 externa:

2120 2819 2214 2870 per
2246 2803 2447 2871 legatos
2476 2818 2600 2856 suos
2639 2804 2901 2858 niteretur
2943 2804 3241 2866 abducere;
3285 2804 3540 2872 fieretque
3570 2818 3696 2872 apo-

2119 2895 2320 2948 stolica:
2347 2896 2459 2950 sedi
2489 2895 2776 2950 necessitas
2798 2910 2890 2949 eos
2910 2895 3054 2966 ipsos
3079 2912 3209 2964 quos
3224 2896 3492 2951 direxerat
3515 2912 3697 2952 sacer-

2123 2986 2278 3039 dotes
2340 2987 2540 3041 honore
2593 2989 2790 3056 pariter
2835 2996 2886 3040 et
2931 2988 3197 3042 communi
3223 3004 3304 3042 iue
3350 2987 3581 3056 privare,
3635 3006 3699 3044 ne

2124 3077 2215 3130 tali
2237 3079 2557 3146 contagione
2583 3078 2854 3131 videretur
2877 3078 3088 3143 infecta,
3117 3079 3354 3148 satisque
3380 3089 3700 3137 monstraret

439 3194 542 3246 que
586 3181 849 3249 synodum
899 3192 992 3229 sua
1042 3177 1358 3230 auctoritate
1401 3178 1704 3240 confirmat,
1751 3185 1807 3230 et,
1853 3177 2022 3230 conti-
2049 3150 2093 3210 ε
2129 3186 2233 3221 tton
2262 3185 2318 3223 se
2353 3169 2525 3223 Acacii
2565 3171 2869 3236 specialiter
2911 3170 3090 3224 odisse
3119 3186 3424 3240 personam.
3469 3172 3565 3227 sed
3610 3188 3699 3226 re-

438 3279 596 3324 nuata
638 3270 1004 3323 moderatione
1034 3269 1288 3329 custodit.
1319 3285 1412 3336 pro
1443 3283 1542 3322 suo
1573 3269 1776 3323 scilicet
1819 3268 2020 3335 princi-

439 3369 594 3429 patu,
629 3375 788 3430 quem
838 3363 1022 3414 beatus
1074 3361 1262 3414 Petrus
1307 3359 1584 3427 apostolus
1637 3359 1845 3412 Domini
1889 3375 2022 3414 voce

442 3460 785 3521 perceptum,
819 3451 1055 3505 Ecclesia
1091 3451 1436 3504 nihilominus
1479 3452 1836 3519 subsequente
1863 3461 1916 3504 et
1947 3463 2024 3504 te-

440 3544 556 3597 nuit
601 3556 812 3609 semper
855 3552 909 3596 et
956 3544 1168 3595 retinet.
1220 3541 1344 3594 Haec
1390 3543 1514 3594 dum
1565 3542 1814 3596 Acacium
1861 3542 2022 3596 certis

441 3634 785 3702 comperisset
829 3633 1036 3688 iudiciis
1076 3635 1098 3664 ⁸
1139 3649 1167 3686 a
1208 3635 1585 3688 communione
1625 3635 1885 3689 catholica
1927 3635 2023 3688 de-

441 3725 637 3788 viasse,
664 3725 864 3779 diutius
894 3727 990 3778 ista
1031 3740 1136 3778 non
1163 3725 1412 3790 credens,
1447 3727 1643 3793 quippe
1673 3742 1829 3791 quem
1860 3742 2019 3780 nove-

442 3823 524 3866 rat
565 3823 933 3867 exsecutorem
965 3828 1108 3882 strpe
1148 3815 1466 3867 neressarite
1497 3815 1866 3882 diSpositionis
1911 3831 2022 3870 sute

439 3915 626 3958 contra
649 3905 929 3958 haereticos
945 3905 1236 3966 exstitisse,
1263 3919 1355 3973 per
1380 3907 1664 3958 triennium
1695 3906 1806 3960 fere
1831 3907 2022 3962 litteris

441 3995 719 4050 destinatis
744 3995 990 4049 eumdem
1019 4009 1239 4049 monere
1271 4011 1378 4048 non
1411 3995 1635 4060 destitit,
1668 3997 1803 4050 sicut
1830 4012 1922 4063 per
1944 3997 2024 4050 di-

442 4103 625 4143 versos
642 4090 798 4143 missa
821 4091 842 4121 9
866 4088 1172 4157 frequenter
1203 4093 1400 4156 scripta
1422 4097 1702 4142 testantur.
1739 4090 1780 4120 ι’
1802 4121 1871 4128 -
1892 4090 2020 4156 Qui-

441 4178 540 4234 bus
565 4179 793 4235 illecum
835 4177 1144 4250 debito[al.
1193 4188 1438 4248 tanquam
1475 4179 1674 4251 debito]
1698 4179 1910 4235 silentio
1933 4181 2022 4235 diu

442 4285 549 4324 non
568 4272 895 4338 rcSpondere
909 4281 1252 4340 proponeret,
1271 4272 1588 4339 episcopalis
1602 4288 1812 4341 quoque
1823 4273 2020 4326 directa

444 4361 758 4429 lcgatioest,
783 4375 844 4413 ac
869 4363 997 4413 nihil
1017 4363 1230 4414 ominus
1255 4362 1441 4430 pagina
1461 4364 1724 4416 destinata
1747 4379 1864 4432 qua:
1891 4380 2022 4428 pra--

442 4462 681 4506 moueret
694 4466 814 4505 eum
830 4467 1046 4505 suorum
1065 4463 1189 4506 ante
1205 4453 1516 4507 meminisse
1528 4465 1820 4521 gestorum.
1838 4465 1890 4508 et
1902 4471 2022 4522 qua:

443 4542 687 4611 primitus
706 4559 799 4609 pro
820 4542 920 4594 fide
939 4543 1200 4595 catholica
1221 4543 1555 4608 desudasset-,
1574 4554 1827 4614 oportere
1845 4548 2019 4614 respi-

2125 3275 2316 3328 Spuere
2347 3261 2548 3315 ftedera
2580 3263 2906 3329 perditorum
2930 3279 2943 3314 :
2971 3278 3090 3332 qua:
3117 3264 3277 3318 etiam
3309 3265 3360 3318 in
3392 3265 3504 3319 suis
3530 3265 3700 3333 ponti-

2126 3355 2312 3408 ficibus
2342 3356 2601 3409 detestata
2632 3357 3017 3409 convenienter
3059 3355 3324 3424 horreret,
3359 3358 3701 3411 nihilominus

2125 3454 2300 3498 autem
2347 3446 2474 3499 littei
2492 3445 2537 3498 is
2569 3445 2679 3498 suis
2711 3446 2938 3499 Aeacius
2971 3447 3256 3511 indicarat;
3289 3457 3343 3502 et
3385 3447 3439 3501 iu
3471 3451 3705 3502 Alexan-

2125 3535 2268 3588 drini
2321 3535 2468 3590 Petri
2507 3551 2565 3591 se
2605 3541 3061 3603 communionem,
3085 3555 3240 3607 quem
3284 3540 3525 3609 expetita
3562 3539 3705 3593 sedis

2124 3635 2429 3703 apostolica:
2471 3637 2786 3691 auctoritate
2827 3649 3110 3692 exsecutor
3154 3640 3269 3708 ipse
3298 3654 3513 3709 quoque
3553 3639 3704 3693 datu-

2125 3743 2362 3800 naverat,
2396 3733 2510 3789 sine
2541 3734 2781 3800 ejusdem
2812 3736 3119 3805 apostolicae
3147 3737 3293 3791 sedis
3315 3737 3706 3793 consultatione
3751 3771 3762 3782 η

2128 3838 2524 3904 promptissime
2565 3837 2860 3901 recidisse,
2908 3847 2964 3892 et
3009 3840 3400 3895 accusationem
3447 3839 3706 3906 Joannis,

2125 3937 2415 4005 laudesque
2447 3937 2588 3991 Petri
2620 3938 2836 4007 proprio
2857 3953 3107 3994 sermone
3131 3940 3361 3996 deferre.
3391 3942 3466 3996 De
3493 3942 3703 4011 quibus,

2127 4037 2168 4091 si
2200 4037 2379 4103 utique
2425 4037 2726 4091 confidebat
2767 4039 2935 4107 magis
2963 4038 3058 4092 vel“
3094 4039 3276 4094 venire
3300 4080 3315 4102 ,
3362 4041 3447 4095 vel
3495 4043 3708 4096 mittere

2127 4139 2420 4205 debuisset,
2454 4146 2512 4191 ut
2541 4149 2595 4192 et
2625 4147 2944 4206 praesentem
2975 4138 3042 4192 de
3070 4139 3364 4193 mendaciis
3404 4155 3522 4208 qua:
3561 4140 3707 4196 dice-

2129 4230 2218 4285 bat
2263 4239 2444 4299 posset
2482 4229 2761 4284 confutare
2802 4229 3095 4292 Joannem,
3151 4240 3206 4285 et
3253 4232 3519 4300 praeconia
3568 4231 3708 4284 Petri

2128 4346 2247 4400 quae
2277 4332 2568 4398 digesscrat
2616 4330 3005 4384 rationabiliter
3051 4331 3348 4399 allegaret,
3407 4332 3548 4401 quod
3587 4348 3708 4384 Clllll

2131 4439 2350 4493 minime
2395 4438 2600 4503 fecerit,
2630 4437 2760 4492 satis
2802 4436 3084 4491 evidenter
3111 4437 3366 4502 ostendit,
3402 4452 3501 4490 nec
3547 4437 3708 4491 Joan-

2132 4553 2251 4591 nem
2297 4552 2356 4590 se
2401 4551 2559 4604 posse
2608 4536 2954 4602 convincere,
3001 4551 3098 4590 nec
3147 4535 3384 4604 legitime
3432 4545 3707 4604 receptum

443 4647 588 4687 cere.
616 4633 951 4699 Contestans,
979 4641 1034 4687 et
1072 4632 1393 4689 blandiendo
1424 4636 1621 4704 pariter
1646 4647 1699 4690 et
1741 4639 2014 4705 minando,
2052 4632 2098 4690 D
2126 4640 2341 4694 Petrum
2374 4637 2570 4692 habere
2602 4637 2850 4690 fiduciam
2882 4637 3229 4705 perdocendi,
3279 4638 3563 4707 solumque
3611 4638 3710 4692 sibi

517 4812 532 4840 ¹
558 4809 634 4863 Id.
665 4811 813 4874 eod.,
839 4827 1005 4864 sensu.

515 4883 533 4910 ’
570 4881 643 4934 Id.
675 4883 818 4942 cod.,
849 4881 1127 4936 concludit:

515 4950 535 4979 ³
569 4951 642 5002 Id.
670 4954 811 5012 cod.,
842 4953 893 5003 in
923 4954 1012 5001 Ima
1041 4951 1397 5019 Neap/tentias.

516 5020 536 5050 "
569 5021 642 5074 Id.
672 5023 816 5085 eod.,
845 5022 1053 5074 naviter.

515 5092 536 5120 "
564 5091 717 5144 Deest
745 5093 1031 5156 Apostolica
1063 5094 1113 5144 in
1144 5091 1331 5144 eodem
1361 5093 1482 5148 cod.

515 5160 537 5190 ⁸
569 5159 642 5212 ld.
695 5163 839 5219 Cod..
894 5161 989 5212 τυσξ
1034 5163 1358 5230 νεδὶρκὲεδει,
1406 5165 1642 5232 judicare
1692 5164 2014 5225 damnatum,

443 5241 680 5301 essetque
712 5245 1017 5301 consequens
1039 5272 1052 5290 .
1102 5241 1155 5284 ut
1205 5233 1300 5284 nisi
1337 5235 1649 5301 corrigeret,
1699 5235 2016 5288 damnationi

443 5300 622 5373 produt
648 5299 799 5352 dubio
828 5301 1102 5373 subjnccrct
1126 5319 1144 5367 ;
1172 5303 1381 5372 quibus,
1415 5299 1522 5359 etc.

519 5371 538 5403 ⁷
565 5369 642 5425 Id.
669 5374 814 5436 (‘0d.,
846 5372 1058 5424 nullam.

567 5447 640 5503 Itl.
665 5447 809 5510 cod.,
833 5465 863 5500 ιι
883 5449 1116 5500 veritate.

516 5520 536 5588 9
562 5519 633 5571 ld.
657 5519 802 5582 cod.,
830 5521 1173 5588 fatuitiuriter.

519 5587 560 5617 ¹⁰
593 5589 791 5644 Inclusa
831 5587 1137 5661 parenthesi
1181 5594 1424 5657 perduas
1459 5588 1623 5644 ferme
1670 5589 1887 5658 paginas
1917 5588 2018 5643 de-

447 5669 570 5709 Suut
609 5662 658 5711 in
687 5663 869 5716 Codice
897 5663 1216 5724 Vet‘oncnsi,
1255 5676 1548 5726 eorumque
1577 5663 1691 5712 locii
1738 5664 2014 5724 sequentia

447 5728 830 5789 subiiciuntur:
877 5737 1068 5798 Quibus
1099 5736 1182 5790 ille
1209 5735 1428 5800 primum
1457 5740 1696 5795 tauquam
1727 5731 1896 5782 dedito
1940 5734 2010 5782 ai-

2127 4817 2279 4868 lentio
2327 4815 2812 4887 niltitrespondere
2859 4831 3142 4884 praponens
3192 4818 3390 4887 tandem
3435 4818 3711 4887 aliquando

2128 4889 2292 4938 missis
2331 4885 2511 4938 litteris
2549 4885 2817 4955 proﬁtetur
2864 4903 2916 4938 se
2958 4888 3301 4939 Alexandrino
3347 4885 3527 4950 Petro,
3566 4907 3713 4956 quem

2127 4957 2347 5018 expetita
2372 4957 2665 5028 apostolica!
2691 4956 2824 5008 sedis
2857 4958 3159 5028 auctoritate
3184 4969 3442 5011 exsecutor
3464 4960 3568 5028 ipse
3589 4976 3711 5022 qna-

2129 5043 2225 5093 que
2253 5032 2538 5085 duinnarat,
2575 5026 2759 5094 ub}.un
2786 5027 2921 5079 sedis
2958 5029 3251 5092 apostolira:
3281 5030 3461 5080 notitia
3483 5026 3712 5081 continu-

2127 5099 2310 5160 nione,
2341 5100 2644 5163 permixtum
2672 5113 2690 5149 :
2721 5095 2850 5148 beati
2880 5109 3047 5150 autem
3079 5096 3219 5149 Petri
3243 5101 3405 5162 aedes,
3438 5113 3550 5161 qua:
3586 5100 3708 5151 Ale-

2124 5168 2328 5218 drinum
2359 5168 2564 5220 Petrum
2593 5170 2946 5219 tantummodo
2975 5171 3264 5228 damnasse,
3298 5185 3398 5221 non
3425 5170 3577 5220 etiam
3605 5171 3706 5220 sofv

2125 5239 2255 5290 uisse
2286 5247 2507 5300 noverat,
2539 5254 2641 5289 non
2673 5239 2893 5304 recepit;
2924 5247 3072 5303 atque
3108 5239 3220 5289 ideo
3251 5255 3311 5292 ne
3343 5254 3431 5304 per
3467 5238 3708 5291 Ararim"

2123 5311 2176 5360 in
2233 5307 2372 5360 Petri
2418 5308 2722 5360 consortium
2768 5310 3054 5368 ducereti-r,
3102 5308 3267 5370 ipsum
3311 5325 3506 5376 quoque
3543 5327 3572 5359 a
3615 5326 3710 5361 sua

2123 5379 2476 5430 conmmnione
2513 5378 2757 5429 sulmiovit
2787 5388 2832 5428 et
2876 5378 3192 5429 multimodis
3223 5390 3647 5445 transgressam-ni
3677 5397 3711 5431 a

2124 5466 2218 5501 sua
2245 5451 2479 5500 societate
2509 5448 2626 5516 fecit
2661 5447 2904 5498 alienum.
2937 5447 3032 5499 llic
3058 5447 3102 5500 si
3133 5450 3473 5512 uaticinatio,
3505 5459 3607 5506 etc.
3639 5476 3709 5488 --

2122 5519 2229 5572 Nos
2260 5519 2557 5584 parenthesi
2578 5519 2890 5584 signunt—,
2915 5527 2972 5570 ut
2998 5517 3165 5586 magis
3195 5522 3555 5588 perSpicuutn,
3575 5521 3706 5574 sub-

2123 5590 2415 5643 SIitiiitttus.
2451 5589 2599 5640 Etit'r.

2199 5662 2237 5691 ”
2271 5661 2430 5713 Forte
2461 5675 2576 5712 cum
2605 5658 2874 5728 prtrcipue.
2905 5656 3169 5713 llanomn.
