4098 6172
350 282 425 337 65
1555 277 1907 333 EPASTOLIE
1952 278 2037 331 ET
2080 277 2419 333 DECRETA.
3554 287 3619 347 tit;

351 392 667 448 monstravit
715 392 892 447 inesse
922 392 1254 461 proposition
1304 392 1573 445 lacerandi
1614 394 1924 454 catholicos,
1960 400 2008 456 Α
2034 396 2291 466 judicium
2322 398 2649 467 apostolatus
2679 399 2869 450 adesse
2895 398 3212 463 contempsit
3239 415 3252 461 ;
3285 413 3383 452 nec
3414 414 3619 463 poterat

350 486 738 553 haareticosque
770 484 1041 549 laudandi,
1085 499 1312 551 seseque
1356 500 1540 537 eortnu
1577 486 1768 551 potius,
1801 500 1936 552 quos

349 577 617 641 laudabat,
664 575 851 630 docuit
892 591 1011 629 esse
1060 575 1393 644 participem,
1436 592 1594 644 quam
1643 578 1936 627 catholico-

348 685 493 733 rum,
523 683 654 738 quos
678 668 948 721 nitebatur
974 668 1309 729 deeolorare,
1341 678 1644 722 consortem
1675 686 1687 720 :
1716 669 1940 736 tulitque

347 762 420 815 de
445 776 503 815 se
535 760 648 829 ipse
673 759 958 828 judicium,
990 775 1111 813 cum
1154 759 1392 812 damnati
1426 759 1656 813 hominis
1695 775 1937 813 cominu-

349 852 516 906 nione
540 850 798 919 pollutus,
819 850 1179 903 damnationis
1205 851 1320 917 ejus
1343 848 1514 903 fat-tus
1536 860 1617 903 est
1649 850 1935 918 particeps.

350 942 429 996 Ita
461 953 509 996 et
544 942 698 994 sedes
728 941 1017 1009 apostolica
1044 941 1185 1010 quod
1232 942 1296 994 ad
1330 942 1683 996 necessariam
1717 942 1941 1011 diligen-

354 1038 483 1089 tiam
514 1050 635 1103 resp
657 1042 805 1087 ceret
836 1034 906 1086 nil
946 1034 1144 1096 omisit,
1175 1042 1226 1086 et
1257 1032 1485 1087 Aeacius
1517 1034 1807 1088 secundum
1832 1033 1940 1087 for-

352 1144 500 1181 mam
529 1126 717 1197 synodi
741 1125 1217 1187 Chalcedonensis,
1250 1140 1351 1193 qua
1382 1139 1535 1178 error
1574 1126 1660 1179 cui
1702 1141 1941 1179 commu-

352 1220 553 1272 nicavit
576 1217 743 1270 elisus
768 1226 871 1281 est,
900 1217 1036 1269 sicut
1065 1216 1131 1269 de
1162 1214 1414 1270 literetico
1438 1215 1654 1272 homine
1683 1219 1939 1283 scriptum

350 1321 473 1374 est,
522 1326 623 1365 suo
667 1310 870 1378 judicio
916 1310 1303 1363 condemnatus
1350 1310 1633 1377 apparuit,
1695 1309 1942 1380 justeque

349 1403 508 1457 sedes
528 1402 844 1471 apostolica,
869 1416 986 1469 qua:
1012 1401 1192 1468 utique
1208 1414 1267 1455 se
1289 1400 1703 1455 Alexandrinum
1724 1403 1940 1455 Petrum

348 1497 663 1559 damnasse,
694 1510 798 1548 non
827 1495 986 1549 etiam
1010 1492 1233 1548 solvisse
1266 1505 1550 1559 memorat,
1581 1509 1647 1549 ne
1675 1511 1768 1563 per
1807 1496 1941 1549 Aca-

350 1591 421 1640 cii
454 1586 737 1655 pristinam
763 1586 1194 1640 communionem
1224 1585 1365 1639 Petri
1388 1601 1600 1654 quoque
1628 1586 1939 1655 Collegium,

349 1679 435 1733 cui
466 1678 699 1732 Aeacius
730 1676 1240 1738 communicaverat,
1275 1676 1557 1741 incideret,
1594 1677 1764 1744 ipsum
1794 1692 1942 1729 coms

2044 492 2180 543 ultra
2220 489 2439 554 diflerri,
2492 504 2579 552 ne,
2636 489 2773 540 sicut
2823 489 3022 541 dictum
3070 498 3170 552 est,
3219 491 3432 557 antiqua
3484 492 3621 544 illius

2040 580 2416 635 communione
2443 581 2690 642 durante,
2725 593 2844 633 cum
2875 592 2993 632 sese
3015 579 3123 647 jam
3156 579 3411 633 socia-sci
3438 591 3616 634 exter-
3662 570 3669 601 ί

2042 687 2146 735 πω,
2192 672 2346 724 sedes
2393 686 2604 739 quoque
2644 668 2935 739 apostolica
2987 685 3079 737 per
3128 685 3247 723 eum
3292 672 3623 738 pollueretur

2040 763 2302 831 contagiis
2326 763 2670 831 perfidorum,
2707 759 3032 827 dignumque
3062 770 3206 813 esset
3239 761 3322 814 vel
3375 762 3622 829 prurvari-

2039 863 2297 919 catorem,
2329 854 2411 907 vel
2434 860 2851 919 contemptorem
2879 851 3063 921 judicii
3094 854 3468 921 competentis,
3500 869 3621 908 ma-

2042 944 2387 999 nifestissime
2418 944 2623 996 scilicet
2673 944 2740 995 de
2784 957 2883 995 suo
2926 942 3137 1009 negotio
3166 943 3563 1009 desperantem,
3597 958 3625 997 a

2042 1036 2306 1091 catholica
2337 1043 2494 1103 atque
2524 1035 2814 1103 apostolica
2847 1032 3147 1102 integritate
3169 1042 3221 1087 et
3253 1034 3627 1088 communione

2044 1128 2267 1183 secludi.
2283 1158 2350 1165 —
2366 1127 2461 1180 llic
2482 1132 2522 1178 si
2545 1126 2867 1179 examinatio
2883 1126 3162 1193 qrtarritur,
3182 1125 3499 1193 jamjudicio
3521 1139 3627 1181 non

2043 1230 2157 1274 erat
2187 1234 2353 1288 epos;
2380 1220 2399 1248 ³
2428 1226 2775 1285 posteaquam
2799 1227 2849 1269 et
2875 1216 3065 1270 litteris
3086 1215 3196 1269 suis
3218 1216 3331 1284 ipse
3352 1214 3627 1269 confessus

2045 1321 2148 1375 est,
2180 1321 2233 1364 et
2278 1310 2343 1362 ad
2389 1308 2964 1377 legitimumjudicium
3001 1317 3220 1361 vocatus
3265 1306 3413 1359 adire
3462 1308 3615 1373 perti-

2044 1402 2197 1466 muit,
2225 1406 2267 1455 si
2295 1400 2627 1453 auctoritatis
2657 1400 2860 1468 pondus
2893 1400 3201 1467 inquiritur,
3230 1397 3600 1451 Clialt-edoncn

2044 1495 2118 1547 sis
2147 1494 2335 1563 synodi
2371 1492 2391 1523 ³
2418 1503 2567 1546 tenor
2596 1507 2715 1545 cum
2762 1492 3051 1561 apostolica
3089 1490 3217 1544 sede
3262 1490 3624 1553 consentiens,

2045 1594 2099 1640 et
2143 1586 2283 1638 illius
2325 1583 2651 1638 deﬁnitionis
2693 1584 2965 1637 exsecutio
2994 1582 3258 1651 reperitur
3291 1582 3630 1635 condemnati

2048 1677 2162 1731 illic
2193 1677 2397 1731 erroris
2427 1677 2854 1730 communicator
2883 1674 3106 1728 effectus
3131 1690 3144 1725 :
3177 1672 3410 1741 prteﬁxa:
3440 1671 3632 1726 nihilo-

352 1778 602 1833 tetenter
629 1769 881 1822 Acacium
912 1784 937 1819 a
966 1783 1059 1822 sua
1091 1768 1468 1821 communione
1494 1768 1777 1821 submovit.
1804 1769 1943 1834 Qna-
1976 1788 2018 1846 Β
2050 1771 2223 1823 minus
2256 1768 2449 1823 ibidem
2482 1767 2746 1836 particeps
2786 1765 3143 1819 damnationis
3170 1764 3190 1794 ⁸
3213 1766 3476 1831 apparuit,
3506 1778 3635 1832 quo-

356 1872 579 1929 propter
609 1854 790 1914 utrum
820 1862 988 1914 errori
1023 1860 1103 1913 vel
1135 1860 1557 1928 prtevarirationi
1581 1865 1945 1915 communica-

357 1954 497 2008 verit
542 1951 814 2017 Aeacius,
882 1952 1007 2020 quid
1068 1966 1199 2018 Opus
1246 1960 1363 2005 erat
1415 1968 1550 2007 nova
1614 1953 1945 2007 discussione

356 2045 725 2113 cognoscere?
752 2058 875 2097 cum
900 2044 1006 2111 jam
1042 2044 1228 2097 litteris
1258 2046 1370 2097 suis
1410 2054 1553 2098 esset
1584 2045 1698 2113 ipse
1736 2044 1947 2100 confes—

358 2150 473 2197 sus,
501 2149 580 2197 ac,
623 2133 767 2187 sicut
795 2133 1052 2203 scriptum
1084 2144 1185 2198 est,
1222 2133 1325 2187 Ore
1363 2143 1450 2187 tuo
1478 2134 1861 2203 justiﬁcaberis,
1898 2144 1947 2188 et

354 2247 442 2282 ore
468 2240 555 2282 tuo
582 2227 997 2281 condemnaberis
1029 2227 1240 2297 (Matth.
1269 2228 1388 2299 xu),
1415 2232 1699 2283 verborum
1725 2243 1944 2282 suorum

355 2321 584 2375 vinculis
626 2330 680 2374 et
731 2334 854 2375 reus
898 2331 1169 2376 teneretur
1214 2331 1268 2375 et
1308 2321 1427 2389 jure
1460 2321 1793 2389 plectendos.
1838 2320 1949 2375 Cur

355 2414 472 2481 ipse
501 2414 554 2467 in
588 2428 724 2468 nova
746 2426 928 2478 causa,
951 2427 1107 2481 quam
1136 2413 1372 2482 synodus
1402 2413 1541 2467 nulla
1572 2421 1942 2481 praecesserat,

355 2505 646 2570 Joannem,
679 2518 837 2573 quem
869 2503 982 2558 suis
1025 2503 1214 2558 litteris
1244 2504 1557 2573 impetebat,
1600 2504 1947 2574 qualemcun-

354 2612 463 2664 que
492 2596 749 2649 secundae
776 2594 920 2651 sedis
947 2595 1276 2663 episcopum,
1307 2597 1358 2649 in
1390 2598 1576 2665 prima;
1619 2597 1765 2650 sedis
1807 2596 1949 2650 beati

358 2688 501 2743 l’etri
533 2686 760 2754 apostoli
787 2685 991 2755 judicio
1033 2686 1309 2742 confutare
1348 2688 1627 2754 despexit;
1657 2693 1711 2740 et
1742 2696 1792 2739 ut
1825 2701 1951 2740 cau—

357 2796 472 2834 sam
498 2780 726 2845 diceret,
755 2792 852 2832 seu
881 2793 975 2847 per
1001 2793 1083 2845 se,
1127 2793 1223 2832 seu
1271 2794 1366 2847 per
1410 2779 1595 2842 alium,
1630 2780 1709 2832 vel
1742 2779 1947 2841 venire,

359 2873 442 2926 vel
472 2872 748 2926 destinare
774 2870 1101 2939 contempsit
1142 2887 1157 2921 τ
1194 2870 1469 2939 indignum
1501 2869 1704 2925 habens
1736 2869 1951 2939 cujusli-

359 2965 453 3018 liet
478 2962 710 3018 civitatis
731 2962 954 3017 antistes
976 2961 1041 3014 ad
1072 2962 1258 3030 prima;
1284 2962 1429 3016 sedis
1458 2962 1642 3015 venire
1666 2961 1947 3031 judicium,

360 3055 430 3108 ad
457 3054 600 3123 quod
641 3052 892 3109 secundae
913 3053 1056 3106 sedis
1086 3061 1333 3107 cerneret
1362 3054 1572 3107 venisse
1619 3050 1947 3122 pontiﬁcem,

2054 1861 2191 1914 niam
2221 1860 2359 1913 idem
2392 1860 2504 1927 ipse
2540 1874 2692 1911 error
2722 1860 2808 1926 qui
2841 1858 3009 1911 semel
3039 1865 3119 1909 est
3146 1871 3266 1909 cuni
3294 1871 3388 1909 suo
3417 1868 3634 1907 auctore

2050 1953 2352 2013 damnatus,
2382 1952 2429 2003 in
2461 1949 2717 2017 participe
2743 1949 2984 2018 quolibet
3032 1962 3206 2015 pravae
3245 1947 3634 2000 communionis

2049 2024 2260 2110 effecto,
2294 2057 2345 2099 ct
2373 2045 2796 2098 exsecrationem
2828 2042 2909 2096 sui
2942 2051 3117 2109 gestat
3161 2050 3215 2095 et
3262 2055 3492 2107 ptenam.
3524 2040 3635 2091 lloe

2051 2150 2238 2192 tenore
2258 2140 2419 2189 etiam
2448 2136 2762 2190 Timotheus
2783 2133 3022 2196 fElurus,
3055 2141 3215 2201 atque
3262 2134 3375 2198 ipse
3406 2132 3636 2184 Alexan-

2049 2232 2237 2285 drinus
2280 2230 2493 2293 Petrus,
2542 2229 2629 2296 qui
2664 2228 2954 2280 secundum
2987 2235 3131 2278 certe
3172 2225 3351 2277 sedem
3384 2239 3626 2293 quoquo-

2057 2322 2218 2377 modo
2248 2321 2487 2375 tenuisse
2517 2316 2853 2380 videbantur,
2888 2331 2991 2370 non
3036 2316 3256 2383 repetita
3286 2314 3510 2385 synodo,
3543 2313 3636 2367 sed

2055 2413 2378 2467 auctoritate
2401 2408 2769 2464 tantummodo
2786 2409 2930 2462 sedis
2952 2409 3279 2476 apostolicae,
3295 2407 3410 2475 ipso
3430 2421 3635 2476 quoque

2052 2504 2251 2559 Acacio
2300 2503 2602 2573 poswlante
2647 2499 2731 2553 vel
2780 2508 3108 2569 cxsequente
3166 2498 3463 2566 “probatur
3518 2513 3619 2552 csso

2053 2599 2367 2662 damnatus;
2399 2610 2540 2651 nunc
2569 2604 2747 2649 autem
2777 2593 2879 2663 ipsi
2908 2594 3136 2647 doceant
3164 2591 3400 2661 legitime
3424 2592 3616 2645 Petrun

2054 2694 2216 2747 fuisse
2249 2700 2548 2761 purgatum,
2571 2698 2627 2743 et
2654 2688 2721 2742 ab
2743 2688 2889 2743 omni
2920 2687 3291 2741 haereticorum
3320 2685 3623 2753 contagiont

2050 2786 2151 2839 rite
2176 2784 2463 2839 discretum
2495 2796 2615 2836 cum
2643 2783 2689 2836 ei
2718 2780 3134 2835 communicavit
3162 2779 3409 2842 Aeacius,
3441 2780 3483 2831 si
3516 2776 3633 2844 ejus

2051 2877 2558 2929 communicatorem
2607 2880 2791 2942 putant
2822 2870 3074 2926 Acacium
3105 2869 3441 2939 aliquatenus
3471 2883 3632 2921 excu-

2052 2967 2297 3029 sandum,
2331 2972 2423 3018 aut
2466 2966 2533 3029 si,
2565 2964 2705 3034 quod
2754 2945 3029 3033 magis'est
3067 2977 3275 3027 verum,
3308 2960 3634 3015 convenien—

2055 3070 2135 3114 tcr
2164 3069 2323 3129 atque
2373 3058 2607 3127 legitime
2638 3058 2852 3113 Petrum
2876 3057 2895 3087 ⁶
2920 3056 3145 3125 probare
3192 3071 3297 3109 nou
3353 3062 3638 3123 potuerunt

362 3146 502 3213 quod
530 3143 813 3199 Anatolius
838 3142 1439 3213 Constantinopolitanze
1483 3144 1630 3198 urbis
1666 3147 1950 3213 episcopus
1978 3162 2022 3223 ρ
2056 3153 2324 3214 impiatum
2347 3151 2365 3180 "
2396 3150 2634 3217 (propter
2663 3148 2804 3217 quod
2848 3149 3008 3201 etiam
3039 3147 3103 3200 ad
3141 3147 3448 3213 apostolicre
3494 3146 3638 3199 sedis

365 3238 546 3292 missis
576 3234 937 3304 legationibus
970 3249 1064 3304 pro
1090 3249 1185 3289 sua
1209 3250 1435 3305 persona
1464 3236 1657 3290 fecisse
1685 3247 1950 3290 monstra-

364 3330 487 3383 tur?
517 3328 659 3382 Ecce
684 3328 845 3382 etiam
874 3327 925 3381 in
950 3327 1048 3381 hac
1079 3336 1228 3396 parte
1254 3343 1436 3383 voceru
1469 3343 1574 3382 non
1609 3329 1803 3384 habent
1824 3344 1951 3383 eon-

367 3406 653 3490 qucrentes
683 3436 696 3471 :
730 3434 877 3489 ecce,
920 3420 1157 3488 inquam,
1202 3419 1266 3473 ad
1299 3421 1591 3490 legitimum
1620 3432 1705 3475 est
1734 3431 1952 3476 vocatus

367 3528 619 3577 examen,
648 3510 737 3565 ubi
772 3511 853 3564 vel
881 3525 1007 3564 suas
1034 3520 1209 3577 partes
1230 3513 1386 3581 justis
1415 3513 1819 3581 allegationibus
1845 3515 1954 3568 de-

368 3607 629 3667 fensaret,
670 3605 715 3657 si
755 3603 844 3658 ille
888 3604 1196 3671 apostolica:
1244 3604 1387 3657 sedis
1417 3606 1609 3674 refugit
1642 3620 1865 3659 examen
1900 3607 1951 3659 in

372 3698 591 3753 Joannis
608 3696 858 3750 catholici
885 3692 1150 3763 pontiﬁcis
1175 3695 1388 3764 negatio
1409 3696 1743 3765 vestigando,
1767 3713 1953 3766 quem.

374 3790 660 3843 admodum
702 3787 858 3841 sedes
901 3786 1191 3854 apostolica
1233 3788 1300 3840 de
1343 3786 1647 3855 receptione
1678 3788 1815 3841 l’etri
1849 3788 1955 3841 lite-

375 3883 525 3937 retiei
552 3896 650 3935 sua
680 3880 1000 3934 auctoritate
1032 3880 1269 3943 resoluti,
1303 3881 1480 3934 Acacii
1512 3880 1683 3935 fuerat
1708 3891 1954 3936 secutura

374 3972 664 4043 judicium?
696 3974 775 4025 An
805 3973 986 4024 sedem
1017 3972 1364 4038 apostolicam
1396 3972 1726 4041 congruebat
1776 3987 1957 4041 parte-

375 4070 472 4120 cite
499 4064 860 4119 Heracliensis
888 4062 1167 4128 Ecclesiae,
1199 4063 1249 4116 id
1278 4072 1359 4117 est
1385 4063 1957 4133 Constantinopolitaui

376 4156 665 4227 pontificis,
692 4155 773 4209 vel
802 4154 1163 4223 quorumlibet
1190 4155 1440 4219 aliorum,
1472 4157 1559 4223 qui
1591 4168 1710 4208 cum
1744 4156 1955 4222 eodem,

377 4252 456 4303 vel
493 4257 711 4316 propter
735 4260 855 4301 eum
886 4245 1094 4298 fuerant
1120 4246 1499 4314 congregandi,
1540 4247 1795 4314 judicium
1825 4262 1960 4316 prte-

380 4340 598 4395 stolari?
631 4341 765 4394 Cum
808 4338 1152 4407 aptatolieam
1196 4337 1436 4405 ejusdem
1474 4339 1660 4407 prima:
1700 4341 1842 4393 sedis
1868 4355 1961 4392 au-

383 4433 638 4485 dientiam
682 4427 1308 4497 Constantinopolitanus
1332 4429 1614 4499 episcopus
1643 4430 1954 4498 declinaret,

2049 3242 2303 3311 judicium
2336 3242 2561 3299 Aeacius
2588 3243 2667 3295 vel
2702 3242 2885 3295 venire
2914 3241 2995 3294 vel
3043 3241 3312 3294 destinare
3340 3256 3443 3292 non
3475 3254 3636 3293 ausus

2053 3336 2201 3405 est);
2235 3345 2401 3390 restat
2445 3345 2501 3388 ut
2542 3334 2593 3389 in
2641 3335 2753 3404 ejus
2781 3335 3265 3388 communicatione
3308 3332 3412 3403 [AL
3439 3343 3494 3384 ut
3522 3331 3639 3400 (jus

2053 3426 2435 3497 inexpiatione]
2467 3426 2643 3490 fuerit,
2667 3436 2721 3480 et
2750 3425 2838 3494 qui
2868 3426 2914 3479 ei
2940 3425 3353 3479 communicavit
3384 3424 3630 3481 infectus.

2053 3522 2075 3552 ⁸
2096 3518 2209 3573 Νοη
2243 3522 2528 3574 reticemus
2556 3518 2662 3590 [ΑΙ.
2684 3518 2790 3572 Nec
2816 3517 2973 3587 plane
3001 3516 3262 3589 tacemus]
3292 3527 3467 3571 autem
3491 3517 3631 3588 quod

2054 3621 2244 3666 cuneta
2289 3627 2382 3681 per
2416 3612 2674 3665 mundum
2716 3611 2864 3663 novit
2894 3610 3166 3674 Erclesia;
3213 3610 3462 3679 quoniam
3507 3626 3637 3677 quo-

2056 3702 2305 3755 rumlibet
2353 3701 2634 3755 sententiis
2678 3701 2832 3768 ligata
2880 3700 3189 3768 pontificum
3219 3740 3234 3764 ,
3295 3701 3450 3753 sedes
3497 3699 3637 3752 beati

2058 3793 2197 3848 Petri
2230 3794 2459 3861 apostoli
2486 3794 2574 3861 jus
2598 3794 2788 3847 habeat
2817 3792 3140 3855 resolvendi,
3160 3792 3500 3858 utpotequod
3528 3792 3634 3863 [Αἰ.

2057 3883 2196 3954 quae]
2224 3885 2289 3939 de
2318 3886 2460 3939 omni
2501 3884 2742 3939 Ecclesia
2794 3883 2872 3937 fas
2914 3884 3104 3938 habeat
3139 3882 3433 3951 judicandi,
3467 3898 3640 3953 neque

2056 3980 2302 4046 cuiquam
2332 3977 2399 4030 de
2429 3976 2544 4044 ejus
2573 3976 2727 4029 liceat
2752 3975 3237 4043 judicarejudicio,
3270 3975 3528 4043 siquidem
3571 3974 3637 4027 ad

2060 4067 2204 4120 illam
2232 4066 2299 4120 de
2326 4067 2565 4133 qualibet
2592 4068 2770 4118 mundi
2804 4077 2952 4131 parte
2978 4079 3212 4118 canones
3258 4064 3514 4133 appellari
3547 4081 3639 4117 vo—

2058 4158 2274 4219 luerint,
2305 4158 2371 4209 ab
2404 4157 2488 4208 illa
2520 4164 2697 4208 autem
2741 4169 2902 4208 nemo
2930 4156 3001 4207 sit
3030 4153 3295 4223 appellare
3324 4155 3639 4222 permissus.

2058 4252 2396 4318 Quapropter
2426 4263 2544 4299 cum
2581 4248 2711 4300 satis
2742 4256 2952 4300 constet
3002 4246 3253 4299 Acacium
3306 4246 3509 4299 nullum
3550 4248 3642 4299 ha-

2060 4342 2240 4397 buisse
2280 4339 2632 4410 pontiﬁcium,
2682 4340 2945 4394 sententia
2991 4338 3098 4411 [ΑΙ.
3146 4340 3467 4394 sententiam
3501 4342 3645 4396 sedis

2059 4432 2365 4505 apostolicze
2411 4433 2548 4498 sine,
2596 4430 2728 4501 etc.]
2777 4429 2923 4484 sedis
2970 4433 3274 4498 apostolico
3314 4430 3643 4495 damnatum,

382 4526 470 4593 qui
500 4526 679 4594 utique
707 4523 915 4578 etiamsi
942 4522 1336 4590 metropolitani
1377 4531 1522 4576 esset
1542 4523 1663 4591 jure
1692 4524 1958 4589 sutl‘ultus,
1985 4522 2037 4582 1)
2064 4527 2179 4580 sine
2206 4525 2314 4577 ulla
2356 4522 2473 4591 ejus
2522 4522 2745 4576 natione
2763 4520 3033 4587 solvendi;
3082 4520 3263 4576 dicant
3315 4533 3463 4576 certe
3490 4526 3510 4555 ⁹
3542 4538 3645 4591 qua

377 4618 536 4671 etiam
566 4615 709 4670 inter
737 4615 892 4668 sedes
915 4613 1133 4667 haberet
1160 4613 1335 4666 locum
1361 4628 1375 4679 ;
1408 4614 1593 4681 prima:
1619 4624 1793 4669 tamen
1817 4617 1960 4671 sedis

376 4709 737 4779 cognitionem
771 4708 850 4759 t'as
895 4721 998 4758 non
1039 4704 1221 4757 habuit
1250 4704 1538 4770 refutandi,
1569 4705 1633 4758 ad
1684 4722 1842 4775 quam
1876 4723 1959 4763 se-

375 4805 611 4858 cundum
644 4813 898 4863 canones,
923 4799 1224 4867 appellante
1255 4798 1504 4852 secunda:
1533 4801 1679 4854 sedis
1699 4803 1955 4870 antistite,

375 4896 670 4950 vocabatur
714 4893 781 4946 ad
825 4895 841 4923 ί
874 4905 1176 4946 nosuorum
1224 4906 1462 4946 causam.
1510 4892 1620 4946 Hoc
1671 4897 1785 4961 ipso
1831 4896 1961 4950 satis

375 4988 615 5043 ostendit
643 5001 791 5040 reum
824 5001 881 5039 se
909 4999 1029 5039 esse
1059 4986 1386 5051 confessutn,
1417 4987 1503 5055 qui
1550 4987 1614 5040 ad
1663 4988 1957 5056 legitimum

452 5100 468 5129 ¹
511 5098 681 5153 Locus
704 5096 965 5151 obsrurus
986 5106 1077 5147 aut
1099 5096 1410 5149 mendosus.
1439 5096 1704 5152 HARDUIN.

452 5172 474 5201 ⁸
511 5170 648 5223 Cod.
677 5168 901 5230 Vcron.,
932 5178 1196 5234 postquam
1225 5165 1407 5219 litteris
1437 5176 1534 5220 tuis
1561 5170 1667 5238 ipse
1699 5170 1956 5239 confessus

378 5256 476 5304 est,
506 5242 549 5293 ri
570 5240 909 5301 auctoritatis,
941 5246 1047 5291 etc.

451 5313 471 5343 ³
511 5311 587 5365 Id.
610 5312 756 5372 cod.,
786 5317 954 5382 tenore
976 5307 1115 5360 illius
1141 5306 1452 5375 deﬁnitionis
1485 5311 1735 5364 exsecutio
1770 5313 1961 5382 reperi-

377 5393 463 5438 tur
482 5397 584 5452 quo
608 5379 987 5452 damnati,_etc.

452 5452 472 5481 ⁸
495 5449 588 5504 ‘Id.
615 5452 758 5509 cod.,
794 5449 1047 5501 existeret.

454 5524 475 5553 ⁸
513 5521 567 5574 ln
589 5520 711 5575 cod.
738 5519 973 5572 .lustelti:
1006 5535 1023 5566 ‹
1051 5517 1346 5571 Proliantur
1375 5530 1494 5571 esse
1514 5516 1768 5573 damnati.
1799 5521 1952 5587 Quod

372 5596 426 5649 si
471 5607 644 5647 utrutu
694 5589 864 5644 errori
915 5589 996 5640 vel
1046 5587 1465 5654 prtevaricationi
1532 5594 1947 5646 communicavit

379 5665 605 5718 Aeacius
630 5662 845 5715 forsitan
869 5658 1076 5711 dicatur
1099 5659 1398 5723 oportuisse
1425 5668 1693 5726 constare,
1719 5663 1949 5717 breviter

371 5736 684 5801 praebemus
717 5732 792 5803 ad
834 5731 933 5784 ista
975 5744 1311 5799 responsum.
1360 5731 1465 5783 Aut
1519 5733 1661 5785 enim
1709 5734 1806 5804 ipsi
1847 5734 1946 5787 do-

2065 4617 2271 4690 synodo
2299 4618 2401 4671 hoc
2431 4617 2519 4670 ille
2549 4616 2967 4685 prmsompserit,
2993 4614 3133 4682 quod
3181 4630 3278 4668 nec
3306 4615 3384 4669 sic
3430 4616 3644 4683 quidem

2067 4712 2267 4779 absque
2314 4708 2605 4777 apostolica
2652 4707 2779 4760 sede
2824 4705 2901 4758 l‘as
2941 4704 3161 4758 haberet
3204 4704 3450 4758 efﬁcere?
3495 4705 3648 4771 cujus

2068 4803 2213 4857 sedis
2240 4799 2561 4869 episcopus?
2606 4797 2758 4866 cujus
2788 4796 3213 4865 metropolitana:
3253 4795 3484 4850 civitatis
3514 4800 3650 4850 anti-

2068 4896 2216 4950 stes?
2246 4894 2432 4947 Nonne
2479 4892 2726 4960 partecia:
2768 4876 3119 4944 lleraeliensis
3160 4891 3452 4945 Eccle~i:e?
3491 4891 3547 4946 Si
3576 4891 3650 4946 illi

2070 4998 2216 5043 certe
2245 4984 2394 5041 licuit
2422 4987 2539 5039 sine
2569 4983 2775 5054 synodo
2802 4981 3123 5037 sententiam
3152 4984 3461 5052 apostolica:
3505 4984 3650 5037 sedis

2063 5109 2259 5164 ceam,
2304 5108 2410 5153 etc.
2464 5097 2680 5152 Petrum
2745 5097 2981 5167 legitime
3034 5097 3402 5167 veraeiterque
3450 5113 3645 5168 purga-

2063 5182 2171 5227 tum
2213 5179 2318 5224 etc.
2353 5188 2371 5220 ι
2403 5169 2663 5221 Lanaeus.

2134 5242 2155 5272 ⁶
2194 5241 2267 5293 Id.
2292 5240 2441 5301 cod.,
2472 5254 2572 5291 non
2602 5237 2918 5306 probaverim
2947 5238 3225 5307 expiatum.

2136 5313 2157 5342 "
2196 5311 2414 5364 Ansulis
2444 5309 2644 5363 inclusa
2677 5326 2780 5361 non
2806 5306 3018 5361 exstant
3042 5326 3091 5362 in
3123 5309 3255 5361 tiod.
3288 5306 3487 5362 Veron.

2136 5382 2158 5413 ⁸
2197 5381 2447 5434 Nicotaus
2474 5394 2606 5447 papa
2647 5379 2786 5432 hunc
2815 5378 2988 5432 locum
3020 5380 3149 5433 citat
3178 5381 3227 5432 in
3255 5379 3410 5445 epist.
3436 5377 3499 5429 ad
3526 5377 3643 5445 epi-

2064 5466 2257 5520 scopos
2286 5451 2472 5504 Gallia:
2516 5464 2577 5520 et
2627 5448 2848 5520 epistola
2888 5448 3087 5503 Gelasii
3131 5452 3195 5501 ad
3227 5450 3505 5520 episcopos
3546 5463 3641 5515 per

2070 5516 2383 5576 Dardaniam
2412 5519 2728 5573 constitutos
2755 5536 2767 5569 :
2796 5518 2906 5572 Nec
2936 5522 3087 5588 plane
3117 5530 3357 5571 tacemus.
3386 5516 3640 5588 llinctna-

2057 5608 2148 5648 rus
2174 5592 2414 5645 Laudun.
2444 5604 2506 5643 ex
2538 5592 2697 5656 epist.
2724 5590 2789 5642 ad
2814 5586 3152 5643 AnaSt.isium
3184 5588 3502 5658 principem.
3529 5586 3642 5640 Nec

2056 5665 2498 5734 planeitacearnus.
2528 5659 2791 5713 Mannum.

2126 5737 2145 5767 ⁹
2185 5733 2316 5787 Cod.
2353 5731 2572 5796 Verum,
2605 5747 2707 5799 qua
2731 5738 2864 5782 certe
2892 5728 3087 5797 synodo
