4098 6172
431 283 500 336 ογ
1778 269 2046 325 cauas“
2086 266 2287 324 PAPAS
2327 268 2345 322 t
3629 279 3697 332 (:3

426 397 765 461 abrumpere,
815 388 955 441 nulla
1003 386 1120 455 ejus
1149 383 1539 438 consultatione
1580 384 1842 452 qmesita,
1875 382 2017 435 itane
2045 388 2086 443 Α
2126 378 2249 444 tari,
2291 392 2477 433 rursus
2522 378 2635 433 lucc
2682 380 2782 435 ed
2822 396 2870 433 ιη
2922 396 3040 448 qua-
3062 396 3219 448 supra
3252 382 3699 452 deprompsimus,

427 502 556 539 vero
599 500 701 537 non
752 480 898 535 licuit
935 480 1119 548 prima:
1164 476 1279 531 sedi
1327 472 1789 529 Chalcedonensis
1821 472 2014 543 synodi

424 578 733 640 constituta,
762 574 901 629 sicut
928 571 1126 635 decuit,
1152 566 1489 637 exsequenti,
1539 564 1841 633 hujusmodi
1872 579 2014 633 prae-

426 668 775 721 varicatorem
805 677 898 717 sua
928 659 1245 715 auctoritate
1296 658 1617 713 detrudere?
1648 656 1754 711 Sed
1799 670 1898 710 nec
1926 654 2011 709 illa

425 757 794 827 prasterimus,
834 751 975 822 quod
1012 752 1027 781 ¹
1061 748 1351 818 apostolica
1391 748 1548 803 sedes
1594 745 1926 815 frequenter,
1956 752 2014 799 ut

423 849 623 903 dictum
654 855 755 910 est,
785 858 935 898 more
980 842 1265 909 majorum,
1298 840 1458 894 etiam
1490 838 1606 893 sine
1657 838 1762 892 ulla
1804 836 2011 909 synodo

426 938 780 1008 pmcedente,
812 944 867 992 et
893 934 1211 991 absolvendi
1238 949 1373 1002 quos
1397 932 1635 1003 synodus
1663 932 1843 1001 inique
1864 931 2011 985 dam.

427 1039 670 1094 naverat,
696 1038 750 1082 et
792 1025 1082 1080 damnandi
1138 1024 1279 1077 nulla
1324 1024 1588 1078 existente
1632 1020 1839 1090 synodo
1879 1036 2012 1090 quos

426 1123 702 1191 oportuit,
748 1119 995 1174 habuerit
1035 1117 1343 1171 facultatem
1378 1133 1391 1169 :
1435 1117 1455 1146 ⁸
1496 1125 1693 1169 sancta:
1740 1120 2012 1169 memoria:

425 1215 623 1283 quippe
670 1211 1020 1267 Athanasium
1069 1208 1309 1279 synodus
1355 1206 1646 1261 Orientalis
1709 1204 2008 1270 addixerat,

424 1322 583 1375 quem
607 1315 784 1358 tamen
812 1313 1091 1371 exceptum
1126 1299 1287 1355 sedes
1307 1299 1621 1368 apostolica,
1646 1298 1768 1366 quia
1789 1298 2011 1351 damna-

426 1399 555 1453 tioni
587 1397 894 1451 Griecorutn
928 1409 1031 1447 non
1065 1391 1362 1453 consensit,
1393 1390 1641 1443 absolvit.
1669 1388 1881 1442 Sancta:
1905 1403 2013 1442 me-

429 1490 613 1545 tnorite
667 1485 1008 1540 nihilominus
1044 1484 1305 1538 Joannem
1354 1481 2008 1549 Constantinopolitanum

426 1579 663 1649 synodus
692 1578 850 1632 etiam
879 1575 1264 1629 catholicorum
1294 1573 1578 1641 praesulum
1608 1582 1755 1625 certe
1787 1572 2009 1625 damna-

427 1678 531 1734 rat,
564 1683 723 1737 quem
755 1665 917 1720 simili
960 1665 1118 1718 modo
1160 1663 1319 1718 sedes
1359 1662 1648 1731 aposmlica
1683 1662 1842 1717 etiam
1869 1664 2002 1725 sola,

2118 469 2328 537 planius
2376 469 2599 537 repetita
2653 469 3069 536 perpendantur,
3121 470 3172 524 id
3200 481 3303 535 est,
3351 473 3471 540 quia
3514 486 3699 527 contra

2116 558 2296 624 ﬁdem,
2320 569 2508 614 contra
2529 559 2805 614 veritatem
2829 560 3366 631 communionemque
3382 563 3699 617 catholicam

2115 668 2346 724 vereque
2372 653 2752 719 Christianam,
2786 668 2892 709 non
2936 663 3080 709 recte
3122 665 3268 723 gesta
3299 655 3536 725 synodus
3567 656 3702 724 legi—

2115 745 2240 800 titna
2269 745 2477 817 synodo
2505 761 2603 815 pro
2652 746 2776 813 ﬁde,
2805 749 3054 814 veritate,
3092 752 3572 819 communioneque
3611 764 3702 802 ea-

2112 838 2334 906 tholica,
2364 854 2598 908 vereque
2643 839 2964 905 ChriSIiaua,
3013 838 3188 894 modis
3224 840 3480 895 omnibus
3522 842 3698 896 seclu-

2108 933 2285 988 denda
2311 943 2413 998 est,
2444 942 2500 987 et
2536 932 2734 1001 injusta
2777 932 3015 1004 synodus
3039 933 3182 1001 justa
3228 934 3437 1003 synodo
3474 934 3695 988 submo-

2112 1023 2304 1077 venda.
2335 1022 2436 1077 Pro
2467 1023 2570 1077 ﬁde
2592 1035 2799 1087 autem,
2841 1033 2895 1078 ct
2940 1024 3187 1088 veritate,
3220 1034 3273 1079 et
3320 1027 3697 1080 communione

2110 1117 2396 1175 catholica.
2431 1116 2566 1169 bona
2599 1117 2859 1186 synodus,
2885 1131 3115 1186 vereque
3160 1116 3486 1182 Christiana,
3527 1119 3693 1172 semel

2109 1215 2251 1271 acta,
2282 1206 2421 1259 nulla
2454 1221 2553 1260 nec
2582 1214 2761 1274 potest
2807 1222 2906 1261 nec
2946 1207 3105 1261 debet
3146 1222 3297 1260 nova:
3318 1208 3507 1277 synodi
3540 1208 3695 1261 itera-

2111 1299 2255 1352 tione
2281 1297 2533 1359 convelli,
2565 1298 2660 1353 sed
2693 1298 2983 1353 secundum
3015 1299 3151 1354 bene
3198 1298 3399 1368 gestaiu
3430 1299 3690 1370 synodum

2113 1399 2364 1459 recteque
2394 1389 2684 1456 prxeﬁxam,
2718 1391 2761 1443 si
2784 1390 2905 1459 quis
2947 1390 3016 1443 ab
3057 1391 3174 1459 ejus
3206 1391 3416 1445 tramite
3442 1391 3689 1456 deviarit,

2108 1491 2502 1549 consequenter
2531 1497 2592 1536 ac
2624 1482 2953 1537 sufﬁcienter
2978 1484 3095 1550 ejus
3122 1485 3431 1537 definitione
3462 1485 3693 1552 plecten-

2110 1573 2233 1636 dus,
2265 1575 2565 1643 meritoque
2610 1574 2748 1629 illius
2793 1576 3032 1644 subiacet
3062 1576 3390 1639 constitutis,
3434 1591 3533 1630 nec
3558 1592 3691 1647 opus

2112 1672 2192 1716 est
2225 1679 2319 1732 per
2344 1666 2580 1733 singulos
2602 1679 2844 1733 quosque
2870 1664 3168 1733 deviantes,
3193 1664 3416 1736 jureque
3450 1667 3689 1734 plecten-

430 1762 550 1831 quia
586 1777 691 1815 noa
723 1760 1015 1819 consensit,
1037 1758 1263 1812 absolvit
1289 1774 1302 1823 ;
1329 1758 1562 1825 itemque
1582 1766 1779 1811 sanctte
1806 1772 2004 1812 metuo-
2039 1749 2087 1807 B
2113 1756 2239 1821 dos,
2276 1771 2439 1809 novas
2469 1770 2653 1809 rursus
2681 1754 2915 1826 synodos
2954 1756 3247 1820 introduci;
3280 1771 3400 1811 cum
3446 1772 3511 1812 ex
3551 1758 3689 1813 illius

428 1855 522 1908 ria:
570 1853 879 1907 Flavianum
928 1852 1237 1921 pontificum
1282 1849 1375 1921 [αι.
1421 1850 1630 1903 additur
1676 1849 2005 1921 Graecorum]

427 1945 839 2013 congregatione
865 1941 1196 2004 damnatum,
1231 1942 1343 2009 pari
1377 1948 1581 2004 tenore,
1610 1940 1860 2008 quoniam
1890 1942 2007 1993 sola

427 2035 584 2090 sedes
612 2034 902 2103 apostolica
952 2047 1057 2085 non
1100 2032 1392 2094 consensit,
1434 2031 1683 2097 absolvit,
1728 2031 2008 2099 potiusque

428 2128 516 2195 qui
550 2126 658 2179 illic
687 2132 933 2192 receptus
964 2121 1140 2175 fuerat
1169 2119 1265 2193 [aL
1302 2121 1424 2189 quia
1456 2121 1560 2173 illic
1607 2130 1855 2189 receptus
1900 2136 2006 2174 non

430 2214 643 2285 fuerat],
670 2215 981 2268 Dioscorum
1009 2214 1259 2266 secunda:
1300 2211 1442 2265 sedis
1483 2212 1763 2279 prmsulem
1794 2226 1887 2264 sua
1917 2225 2009 2265 au-

428 2309 674 2362 ctoritate
701 2304 993 2369 damnavit,
1025 2312 1083 2357 et
1107 2304 1321 2370 impium
1352 2303 1615 2371 synodum
1650 2318 1752 2355 non
1783 2317 2010 2357 causen-

430 2397 612 2452 tiendo
634 2397 653 2426 ³
674 2393 960 2459 submovit,
995 2408 1056 2447 ac
1087 2407 1184 2462 pro
1218 2392 1462 2455 veritate,
1504 2401 1561 2446 ut
1590 2392 1825 2462 synodus
1851 2390 2012 2445 Chal-

431 2487 749 2541 cedonensis
767 2486 944 2547 ﬁeret,
964 2484 1073 2537 sola
1102 2481 1375 2537 decrevit‘
1393 2482 1529 2535 —in
1550 2499 1651 2550 qua
1676 2482 2011 2551 pontiﬁcibus

434 2579 750 2644 innumeris,
794 2576 883 2645 qui
930 2575 1208 2629 latrocinio
1237 2583 1550 2628 corruerant
1599 2573 1891 2642 Ephesino,
1923 2589 2013 2627 ve-

433 2671 575 2723 niant
604 2668 966 2737 poscentibus,
996 2666 1106 2718 sola
1138 2676 1424 2730 COHOL'SSII,
1471 2668 1525 2718 et
1564 2664 1613 2717 in
1660 2677 1754 2717 sua
1793 2662 2011 2733 perﬁdia

434 2767 829 2831 permanentes,
863 2756 1206 2812 nihilominus
1235 2770 1330 2811 sua
1353 2756 1671 2810 auctoritate
1694 2757 2010 2824 prostravit:

434 2868 590 2921 quam
616 2847 964 2919 congregatio
1008 2862 1125 2918 qua:
1174 2846 1282 2901 illic
1315 2860 1410 2914 pro
1453 2847 1677 2901 veritate
1714 2848 2012 2915 reparanda

435 2943 659 2997 collecta
688 2940 880 3005 fuerat,
910 2946 994 3009 est
1034 2948 1257 3003 secuta;
1291 2939 1542 3008 quoniam
1590 2938 1725 2992 sicut
1774 2939 1824 2992 id
1873 2936 2014 3007 quod

437 3034 606 3104 prima
631 3032 788 3086 sedes
818 3046 922 3086 non
957 3032 1290 3098 probaverat,
1320 3038 1567 3082 constare
1590 3044 1693 3082 non
1718 3029 1906 3097 potuit,
1937 3029 2015 3083 sic

2114 1847 2350 1911 tramite,
2384 1862 2501 1915 quae
2528 1856 2662 1899 auct.
2689 1862 2800 1899 rem
2825 1860 2946 1900 cum
2991 1861 3177 1900 errore
3218 1847 3510 1912 damnavit,
3548 1849 3693 1917 quis-

2110 1938 2231 2005 quis
2260 1937 2499 2006 quolibet
2528 1936 2707 2003 modo,
2741 1937 2979 2006 quolibet
3010 1937 3160 1991 titulo
3184 1939 3426 2007 complex
3453 1939 3690 2008 ejusdem

2110 2027 2269 2080 fuerit
2302 2030 2472 2080 lactus
2497 2028 2723 2092 erroris,
2754 2036 2811 2080 ut
2835 2027 2952 2096 ejus
2983 2043 3041 2081 se
3069 2030 3386 2096 contagione
3425 2031 3690 2099 polluerit,

2110 2126 2477 2186 competenter
2500 2127 2555 2173 et
2582 2119 2852 2187 particeps
2894 2118 3134 2187 ejusdem
3184 2120 3539 2175 damnationis
3579 2122 3693 2175 exi-

2111 2219 2234 2269 Slal,
2259 2210 2477 2277 ejusque
2506 2223 2664 2277 pinna
2694 2210 2943 2277 puniatur
2970 2209 3277 2275 obstrictus,
3310 2213 3467 2279 cujus
3495 2211 3684 2265 maluit

2112 2297 2247 2352 inire
2271 2299 2614 2353 consortium.
2642 2299 2836 2366 Qum-ro
2856 2314 2982 2369 ergo
3003 2300 3071 2354 ab
3095 2299 3178 2353 his
3208 2300 3333 2370 quid
3357 2300 3424 2355 de
3446 2300 3688 2372 Eutyche

2112 2388 2348 2443 sentiant
2372 2407 2382 2440 :
2410 2389 2643 2444 fuissene
2666 2389 2995 2455 luereticum,
3014 2404 3079 2443 an
3103 2398 3349 2445 asserunt
3371 2404 3475 2444 non
3498 2389 3693 2445 fuisse?

2112 2478 2169 2533 Si
2211 2495 2315 2533 non
2366 2479 2531 2535 fuisse
2576 2480 2928 2547 contendunt,
2976 2481 3103 2551 quid
3151 2481 3465 2551 ambagibus
3505 2488 3688 2550 agunt,

2112 2571 2236 2639 quid
2260 2570 2659 2625 circuitionibus
2680 2572 3065 2642 prmstigiisqtte
3085 2587 3144 2627 se
3167 2572 3489 2642 contegunt?
3513 2572 3692 2626 Palam

2114 2675 2174 2713 se
2206 2661 2564 2732 Entychianos
2592 2677 2711 2717 esse
2740 2666 3101 2732 pronuntient,
3125 2677 3182 2719 ut
3210 2663 3263 2719 in
3291 2664 3407 2733 ejus
3435 2663 3696 2732 sacrilego

2116 2751 2295 2806 furore
2324 2769 2367 2806 ei
2392 2753 2553 2807 nvicti
2598 2754 2835 2811 Veritatis
2877 2756 3102 2811 molibus
3129 2757 3443 2822 obruantur,
3479 2766 3694 2825 aperte-

2115 2858 2219 2912 que
2247 2854 2592 2912 cognoscant,
2644 2860 2748 2898 non
2796 2847 2969 2899 solum
3002 2846 3117 2900 haec
3159 2848 3271 2914 ipsa
3320 2846 3485 2914 pestis
3534 2845 3699 2915 Euty-

2116 2934 2306 2988 chiana
2355 2947 2611 3005 quantum
2656 2936 2961 2993 Christiano
3012 2937 3247 3008 dogmati
3299 2937 3553 3008 probetur
3596 2937 3696 2992 ini-

2119 3028 2283 3092 mita;
2311 3028 2404 3082 sed
2437 3037 2661 3094 quantas
2685 3028 2816 3083 alias
2839 3029 3090 3095 ha‘reses,
3114 3043 3311 3099 easque
3331 3029 3693 3099 gravissimas,

437 3127 580 3197 quod
606 3127 693 3181 illa
722 3127 932 3181 censuit
953 3123 1315 3186 iudicandum,
1346 3122 1585 3177 Ecclesia
1616 3130 1721 3175 tota
1750 3123 2014 3191 suscepit;
2046 3113 2090 3175 C
2123 3120 2174 3174 in
2205 3136 2297 3174 sua
2325 3129 2583 3191 pravitate
2610 3122 2901 3189 contineat,
2934 3130 2992 3177 ut
3035 3123 3086 3177 in
3135 3123 3327 3192 quibus
3355 3123 3521 3178 foveis
3548 3123 3697 3176 volu-

439 3220 529 3274 ubi
559 3218 718 3274 etiam
763 3227 1156 3286 consequenter
1184 3215 1503 3278 ostenditur,
1544 3215 1666 3283 quia
1702 3214 1841 3268 male
1869 3222 2016 3282 gesta

440 3310 697 3383 synodus,
745 3308 797 3362 id
849 3317 952 3372 est,
1003 3316 1187 3359 contra
1226 3304 1529 3373 Scripturas
1558 3314 1789 3370 sanctas,
1832 3312 2017 3357 contra

441 3403 738 3454 doctrinam
785 3397 1040 3461 Patrum,
1088 3405 1276 3450 contra
1332 3394 1723 3449 ecclesiasticas
1769 3393 2016 3463 regulas,

442 3506 600 3562 quam
630 3498 736 3544 tota
764 3490 959 3542 merito
990 3487 1229 3542 Ecclesia
1258 3501 1361 3541 non
1391 3490 1616 3556 recepit,
1648 3496 1699 3541 et
1752 3487 2019 3556 praecipue

444 3582 600 3638 sedes
626 3580 919 3649 apostolica
946 3595 1051 3633 non
1079 3579 1340 3648 probavit,
1366 3593 1458 3648 per
1482 3580 1614 3633 bene
1637 3588 1839 3649 gestam
1862 3592 2021 3648 syno-

443 3678 594 3740 dum,
627 3675 677 3729 id
707 3684 809 3738 est,
840 3672 1129 3728 secundum
1157 3672 1481 3741 Scripturas,
1520 3671 1812 3726 secundum
1841 3670 2020 3724 tradi—

447 3769 645 3823 tionem
672 3766 907 3829 Patrum,
930 3763 1221 3818 secundum
1253 3761 1641 3816 ecclesiasticas
1671 3761 1901 3831 regulas,
1927 3774 2021 3827 pro

446 3859 551 3913 ﬁde
573 3857 833 3912 catholica
860 3864 916 3909 et
964 3854 1337 3908 communione
1368 3852 1649 3921 prolatam,
1681 3868 1840 3922 quam
1886 3868 2020 3905 cutt-

446 3961 533 4007 cta
565 3950 765 4018 recepit
798 3948 1053 4011 Ecclesia,
1083 3962 1240 4014 quam
1283 3944 1511 3998 maxime
1551 3945 1705 3997 sedes
1730 3944 2023 4013 apostolica

446 4039 835 4112 comprobavit,
860 4046 916 4092 et
946 4037 1189 4091 debuerit
1216 4045 1269 4089 et
1298 4035 1528 4103 potuerit
1553 4034 1856 4099 immutari;
1890 4035 2023 4090 bene

446 4146 576 4188 vero
618 4140 821 4201 gestam
870 4128 1131 4200 synodum
1172 4126 1322 4194 juxta
1372 4124 1735 4193 supradictum
1785 4126 2020 4190 modum,

448 4240 582 4281 nova
628 4222 837 4294 synodo
886 4220 1190 4275 nullatenus
1238 4217 1643 4271 immutandum.
1708 4217 1935 4271 Proinde
1979 4218 2023 4272 si

448 4315 728 4386 Eutychen
779 4312 1014 4366 fatentur
1065 4311 1369 4363 lueteticum
1397 4352 1411 4377 ,
1459 4308 1596 4361 male
1642 4320 1843 4378 gestam
1886 4308 2024 4377 apud

448 4412 717 4481 Ephesum
748 4407 1008 4477 synodum
1029 4446 1043 4470 ,
1073 4419 1175 4473 qua
1207 4413 1289 4457 est
1332 4411 1605 4469 receptus,
1655 4402 1850 4470 pariter
1895 4402 2027 4456 fate-

2121 3221 2319 3278 tentur,
2347 3222 2403 3267 et
2432 3214 2482 3266 in
2516 3213 2653 3282 quod
2700 3214 3049 3283 praecipitium
3094 3215 3512 3282 barathrumque
3559 3229 3697 3268 mer-

2120 3319 2335 3375 gantur,
2368 3304 2685 3373 intelligant.
2710 3305 2877 3360 Simul
2907 3312 3083 3359 autem
3113 3306 3158 3359 si
3188 3304 3464 3375 Eutychen
3489 3304 3699 3358 hmreti-

2120 3412 2241 3450 cum
2289 3406 2506 3465 negant,
2550 3395 2875 3450 omnimodis
2916 3396 3233 3465 publicatur,
3273 3395 3415 3465 quod
3468 3396 3586 3450 Ideo
3632 3395 3699 3448 de

2121 3485 2365 3541 omnibus
2415 3486 2759 3556 Eutychiana:
2808 3488 2940 3554 pesti
2990 3487 3527 3550 communicantibus,
3572 3499 3699 3554 sup-

2122 3596 2311 3651 presso
2340 3580 2499 3634 veluti
2524 3580 2626 3634 hoc
2655 3582 2771 3648 ipso
2800 3594 3002 3645 errore,
3026 3578 3377 3642 contendunt,
3408 3588 3466 3633 ut
3488 3592 3587 3632 nos
3608 3593 3700 3645 per

2124 3674 2311 3729 talium
2345 3672 2645 3737 hominum,
2691 3672 2829 3741 quod
2875 3672 3034 3736 absit,
3069 3672 3289 3726 insidias
3330 3671 3699 3739 captiosasque

2124 3765 2420 3820 tendicnlas
2443 3764 2495 3817 in
2526 3764 2836 3834 Eutychetis
2859 3765 3117 3818 insaniam
3146 3764 3381 3817 nitantur
3408 3763 3657 3817 inducere
3682 3778 3697 3815 :

2123 3858 2265 3927 quod
2295 3857 2509 3926 quidem
2538 3858 2747 3911 etiamsi
2780 3873 2885 3911 non
2919 3866 3130 3927 negent,
3172 3858 3284 3910 sive
3308 3858 3559 3918 scientes,
3588 3855 3702 3908 sive

2125 3950 2448 4013 nescientes,
2471 3947 2645 4002 facere
2674 3948 3033 4001 confutantur.
3067 3948 3162 4003 Sin
3193 3963 3319 4003 vero
3344 3957 3394 4003 et
3429 3948 3699 4018 Eutychen

2127 4038 2434 4092 hmreticum
2465 4052 2662 4106 negare
2695 4054 2800 4091 non
2826 4039 3041 4105 audent,
3086 4047 3252 4092 restat
3294 4050 3353 4092 ιιι
3380 4048 3564 4092 contra
3609 4053 3701 4092 ca-

2127 4130 2377 4184 tholicam
2430 4129 2610 4192 fidem,
2660 4145 2765 4183 non
2804 4130 3066 4200 synodum
3118 4132 3561 4200 nuncnpandam,
3610 4131 3702 4184 scil

2126 4222 2575 4288 consiiirationem
2603 4222 2777 4290 potius
2811 4223 3137 4287 jerditorum
3170 4223 3336 4277 fuisse
3362 4226 3702 4277 consentiant

2128 4329 2247 4381 quae
2294 4313 2432 4381 apud
2480 4315 2744 4381 Ephesum
2796 4314 3087 4383 Eutycltete
3127 4314 3350 4368 reducto
3393 4315 3618 4383 perculit
3646 4315 3700 4366 S.

2128 4407 2402 4461 memoriae
2447 4405 2781 4472 Flavianum,
2826 4416 3155 4475 cunctosque
3198 4407 3289 4475 qui
3334 4407 3442 4461 illic
3485 4406 3703 4460 aderant

449 4503 668 4565 buntur,
700 4508 754 4553 et
782 4513 875 4566 per
904 4497 1043 4549 bene
1070 4503 1273 4562 gestam
1323 4493 1586 4561 synodum
1626 4491 2022 4547 Chalcedonen-
2056 4484 2109 4544 D
2132 4497 2441 4551 sacerdotes
2482 4495 2700 4551 militari
2728 4507 2933 4552 terrore
2959 4497 3278 4565 compulerit
3331 4506 3479 4551 tanto
3516 4497 3703 4550 sceleri

449 4608 584 4655 sem,
614 4592 754 4660 quod
786 4588 1056 4657 Eutyches
1088 4585 1169 4637 vel
1199 4599 1316 4636 cum
1343 4598 1409 4635 eo
1436 4587 1729 4637 sentientes
1759 4585 1879 4638 talia
1902 4596 2026 4639 sunt

448 4682 660 4753 rejecti,
687 4682 849 4735 velint
876 4679 1171 4742 nolintque,
1193 4677 1547 4738 consentient,
1568 4684 1725 4743 atque
1738 4676 1870 4749 ideo
1892 4676 2028 4731 bene

449 4785 651 4847 gestam
676 4771 935 4843 synodum
970 4772 1123 4823 novis
1162 4767 1607 4836 exagitationibus
1653 4767 1890 4822 refricari
1922 4785 2027 4823 non

451 4869 666 4922 licuisse
696 4871 1038 4933 cognoscmt.
1066 4860 1166 4928 Qui
1204 4861 1245 4911 si
1282 4856 1501 4911 forsitan
1545 4858 1799 4921 dixerint,
1857 4874 1921 4912 co
1952 4868 2030 4915 te-

452 4974 585 5014 nore
618 4955 939 5026 Ephesiuam
969 4965 1182 5022 quoque
1214 4948 1476 5020 synodum
1510 4962 1615 5002 non
1658 4948 1873 5004 licuisse
1918 4967 2031 5004 ntu-

525 5138 542 5169 ¹
584 5134 746 5195 Alias,
774 5128 1065 5198 apostolicis
1098 5125 1206 5178 sedi
1229 5126 1390 5198 frequ
1421 5132 1531 5177 uter
1558 5130 1734 5176 datum
1761 5133 1857 5191 est,
1888 5141 2027 5179 more

454 5209 726 5277 majorum,
750 5196 1074 5277 exsolvendi,
1089 5196 1487 5277 etc.__LAButzus.

526 5263 553 5309 ί
587 5278 736 5330 llnnc
768 5268 939 5323 lot-utn
969 5271 1160 5320 reeitat
1188 5267 1497 5317 llltlf'mal‘lh‘
1520 5263 1758 5316 Laudun.
1794 5272 1921 5316 tom.
1960 5264 2023 5331 ll,

456 5363 576 5419 pag.
606 5346 731 5406 575,
759 5357 826 5419 es
853 5344 1009 5419 epist.
1027 5335 1222 5419 Gelasii
1245 5336 1308 5387 ad
1332 5336 1669 5419 ᾼιιίιειειβὶιιιι)
1695 5335 1983 5403 principem
2010 5352 2023 5386 :

457 5404 557 5473 sed,
581 5404 741 5470 habet
772 5404 969 5477 aliqu'd
1001 5408 1100 5461 sub
1126 5409 1281 5477 linem
1314 5407 1343 5457 d
1370 5404 1589 5458 ssttnile.
1625 5404 1882 5477 llAlthUlN.

530 5489 551 5519 ³
589 5487 720 5541 Cod.
758 5474 975 5543 Verum,
1014 5479 1122 5529 sola
1164 5476 1406 5527 submovit
1455 5492 1481 5526 ε
1542 5474 1763 5526 veritate.
1788 5503 1855 5512 -—
1902 5474 2029 5529 δοίη

459 5558 705 5613 submovit
732 5565 778 5608 et
803 5552 1102 5604 auctoritate
1123 5547 1251 5596 sedis
1275 5545 1563 5615 apostolicw
1584 5546 1851 5598 concilium
1868 5544 2023 5598 Chal-

462 5630 739 5683 cedoneuae
772 5630 1022 5676 coaetum.
1057 5617 1313 5669 liABﬂEUS.

533 5697 556 5729 ⁵
594 5696 796 5751 Inclusa
826 5692 1125 5763 parenthesi
1156 5702 1248 5754 per
1269 5687 1399 5738 duas
1439 5684 1552 5740 fere
1581 5688 1796 5755 paginas
1829 5687 2021 5742 desum;

2132 4588 2373 4656 praebere
2416 4602 2757 4641 consensum.
2811 4590 2987 4657 Atque
3027 4586 3147 4641 ideo
3193 4588 3346 4643 nobis
3378 4602 3597 4641 necesse
3625 4597 3705 4639 est

2132 4694 2347 4749 pravam
2382 4694 2793 4747 pervcrsamqne
2840 4681 3250 4748 conspirationis
3278 4679 3437 4747 illius,
3471 4690 3525 4733 et
3550 4679 3704 4731 latro-

2136 4770 2363 4824 cinaletn
2387 4768 2551 4823 fuisse
2577 4770 2890 4837 perhibeant
2916 4772 3201 4834 actionent,
3219 4786 3444 4838 eamque
3463 4770 3650 4823 debuis
3680 4786 3705 4820 (ε

2136 4861 2308 4914 modis
2337 4860 2582 4913 omnibus
2610 4861 2831 4926 aboleri,
2856 4870 2909 4915 et
2936 4862 3054 4916 ideo
3072 4861 3291 4930 justam,
3316 4862 3528 4923 bonam,
3561 4876 3705 4912 Vern-

2138 4954 2275 5008 citer
2302 4952 2659 5006 Christianam
2683 4953 3171 5007 Chalcedonensem
3205 4953 3465 5023 synodum
3496 4968 3529 5020 p
3559 4967 3705 5005 eccs-

2139 5127 2192 5181 in
2218 5126 2399 5180 codice
2422 5123 2739 5179 Veronensi.
2775 5126 3076 5195 Eorumque
3103 5134 3220 5180 loco
3262 5126 3375 5179 haec
3412 5125 3707 5178 habentur:

2136 5196 2201 5249 In
2229 5214 2326 5263 qua
2350 5206 2402 5247 ut
2432 5210 2552 5261 ergo
2588 5199 2698 5247 sola
2719 5198 2809 5267 jus
2839 5197 3008 5248 habui:
3038 5197 3330 5248 absolvendi
3360 5211 3442 5248 eos
3471 5212 3591 5260 quos
3622 5213 3709 5267 sy-

2136 5269 2317 5318 nodica
2340 5269 2539 5317 decreta
2572 5266 2910 5332 perculerant,
2928 5268 2998 5318 sic
3018 5268 3167 5318 etiam
3191 5267 3297 5317 sine
3321 5269 3514 5333 synodo
3536 5267 3586 5317 in
3616 5266 3709 5317 hac

2136 5339 2313 5388 eadem
2352 5352 2507 5387 causa
2545 5338 2790 5401 plurimos
2819 5340 2971 5388 etiam
3002 5336 3415 5406 metropolitano:
3444 5342 3710 5387 damnasse

2136 5407 2473 5475 cognoscitur.
2526 5407 2673 5469 Quod
2721 5407 2764 5459 si
2803 5408 2915 5472 quis
2947 5407 3054 5457 lucc
3090 5411 3152 5458 ab
3185 5407 3463 5474 apostolica
3492 5409 3606 5457 sede
3636 5408 3710 5456 rel

2138 5476 2413 5528 secundum
2445 5477 2692 5544 synodum
2723 5486 2834 5526 acta
2865 5477 3206 5545 reprehendit,
3235 5486 3418 5546 printer
3447 5478 3581 5541 quod
3608 5478 3711 5541 pri-

2132 5563 2215 5598 st'tt
2241 5561 2406 5598 rerum
2436 5548 2590 5615 proba
2616 5550 2727 5597 ioue
2747 5546 3075 5608 convincitur,
3112 5548 3309 5597 interim
3350 5546 3509 5598 multo
3548 5547 3709 5610 magis

2130 5617 2312 5667 Aracio
2337 5633 2432 5666 non
2464 5614 2664 5667 licuisse
2694 5616 2949 5682 fatebitur.
2984 5616 3125 5671 Dira!
3152 5632 3292 5682 ergo,
3314 5627 3417 5669 etc.
3443 5645 3511 5654 —
3537 5616 3629 5667 llic
3657 5627 3708 5668 ut

2130 5686 2375 5755 superius
2403 5688 2705 5754 parentlteSt
2736 5689 2943 5752 signum
2966 5686 3423 5742 -substituitnus.
3462 5687 3612 5739 Eutr.
