4120 6186
357 282 428 337 69
1574 262 1925 320 EI’ISTULAﬂ
1970 260 2056 314 ΕΤ
2099 261 2435 315 DECRE'I‘A.
3564 259 3629 310 70

357 398 494 450 sissc
523 392 803 452 deliniant,
831 390 879 440 in
912 387 992 439 his
1021 384 1213 455 quibus
1242 380 1535 453 Eutyeltete
1560 379 1943 448 dcpulso,eum
1974 376 2024 434 Α
2052 375 2365 428 criminibus
2394 375 2660 429 iuvnlutos
2683 389 2777 427 sua
2824 375 3129 443 provisione
3165 373 3469 442 supposuit.
3515 374 3631 439 Qua

356 503 457 542 suo
488 484 696 537 fautore
742 481 1035 541 Dioscoro,
1073 475 1319 529 haeresim
1366 486 1551 527 eorum
1597 482 1947 536 erroremque

357 578 645 632 damuarit.
670 576 816 628 llauc
836 587 963 640 ergo
984 568 1246 640 synodum
1269 566 1353 635 (ut
1374 566 1573 619 dictum
1598 562 1702 631 est)
1726 564 1944 627 bonam,

357 687 569 734 veram,
608 670 829 737 justam,
869 663 1336 729 Cltristianamque
1375 672 1497 713 esse
1533 673 1636 711 non
1676 654 1944 718 dubitant,

360 780 454 829 per
483 777 643 829 quam
690 760 773 813 illa
822 757 980 811 noxia
1030 755 1099 807 sit
1138 761 1365 807 remota.
1421 748 1755 817 Perspiciant
1792 760 1944 813 ergo,

358 855 684 918 tandemque
732 845 1046 908 concedant,
1079 841 1223 911 quod
1271 841 1511 910 quisquis
1537 838 1606 892 ab
1646 837 1763 907 ejus
1790 837 1947 905 justa:

357 956 411 996 et
442 944 760 997 Christiana!
789 952 1033 1005 veraeque
1068 932 1258 1005 synodi
1301 932 1427 997 ﬁde,
1471 930 1848 985 communione
1893 936 1949 984 et

358 1036 589 1089 veritate
618 1030 933 1093 deviaverit,
965 1028 1049 1083 vel
1097 1027 1163 1081 ab
1210 1039 1273 1080 ea
1304 1022 1650 1079 deviantibus
1702 1035 1948 1076 commu-

361 1130 576 1182 nionem
628 1123 929 1190 miscuerit,
974 1121 1307 1174 sufﬁcienter
1352 1125 1513 1186 atque
1559 1122 1947 1182 competenter,

360 1215 657 1271 secundum
688 1213 854 1281 ipsius
879 1210 1118 1273 definita,
1172 1216 1412 1262 teneatur
1457 1204 1765 1268 obstrictus,
1811 1218 1949 1272 quo-

365 1312 507 1361 niam
556 1306 695 1359 mala
736 1303 974 1376 synodus
1014 1301 1153 1356 bona
1194 1299 1381 1353 debuit
1412 1295 1755 1376 submoveri.
1807 1296 1951 1349 Bona

363 1415 492 1453 vero
518 1374 930 1468 synodusinulla
958 1406 1120 1445 causa
1151 1398 1234 1444 est
1261 1404 1369 1443 cur
1395 1374 1500 1441 alia
1528 1386 1722 1441 debeat
1750 1384 1953 1456 synodo

363 1489 669 1551 retractari,
702 1502 769 1540 ne
800 1486 911 1554 ipsa
938 1483 1245 1538 retractatio
1266 1480 1384 1549 ejus
1403 1478 1708 1534 constitutis
1731 1477 1954 1546 deroget

365 1581 699 1634 ﬁrmitatem.
734 1576 964 1631 Proinde
990 1573 1290 1643 quicunque
1319 1568 1748 1639 congregationis
1781 1567 1954 1631 Ephe-

363 1672 497 1725 sinzt:
522 1680 774 1725 tenentur
800 1666 1015 1729 affectu,
1038 1663 1163 1733 quid
1186 1661 1362 1715 adhuc
1379 1659 1556 1714 Acacii
1581 1656 1953 1711 tantummodo

2049 466 2255 536 synodo
2284 475 2361 518 tot
2408 467 2580 518 aliena
2615 465 2886 533 privilegia
2930 463 3189 519 nefandus
3242 464 3522 533 populator
3552 464 3632 516 in-

2048 558 2206 610 vasit.
2271 556 2375 611 Sed
2419 557 2539 611 libri
2593 572 2698 610 non
2756 556 3023 611 sufﬁcient
3068 554 3163 628 [αι.
3198 554 3548 623 sufﬁcerent],
3584 555 3629 609 si

2049 646 2337 715 tragoedias
2359 647 2472 714 ejus
2500 661 2629 714 quas
2649 663 2743 715 per
2762 646 3025 701 Ecclesias
3043 647 3205 700 totius
3226 646 3460 701 Orientis
3474 661 3630 700 exer-

2048 737 2189 802 cuit,
2237 722 2506 807 sigillatim
2540 738 2561 768 ⁸
2586 737 2822 791 scribere
2849 736 3170 791 moliamur:
3203 752 3271 790 an
3300 736 3432 790 illud
3464 735 3632 805 ipsius

2050 837 2422 897 argumentum
2460 828 2612 882 nobis
2642 828 2949 882 existiment
2993 826 3393 896 opponendum,
3425 840 3532 896 quo
3552 826 3631 879 fa-

2049 922 2232 976 cinora
2259 936 2351 975 sua
2382 920 2435 974 in
2464 919 2791 989 imperialem
2822 918 2970 973 nisus
2994 917 3087 991 [aL
3132 916 3299 988 visus]
3328 926 3409 972 est
3429 917 3633 985 jactare

2052 1027 2356 1082 personam.
2405 1011 2513 1065 Cur
2554 1012 2712 1081 igitur
2752 1010 2964 1077 quando
2994 1009 3185 1074 voluit,
3233 1008 3440 1063 obstitit
3482 1008 3633 1062 Basi-

2051 1104 2186 1161 lisco
2219 1114 2445 1173 tyranno
2475 1114 2623 1158 certe
2645 1113 2697 1156 et
2725 1101 2816 1173 [αι.
2841 1102 2951 1155 Cur
2972 1100 3045 1171 et]
3074 1100 3328 1155 baeretieo
3346 1100 3635 1154 vehemen-

2052 1207 2134 1252 ter
2161 1197 2392 1251 infesto?
2421 1212 2517 1250 cur
2538 1196 2636 1264 ipsi
2692 1194 3000 1262 imperatori
3032 1194 3233 1248 Zenoni
3253 1234 3268 1259 ,
3298 1193 3421 1263 quia
3454 1194 3632 1263 palam

2053 1287 2387 1343 Antiocheno
2442 1286 2601 1340 Petro
2652 1283 2821 1339 noluit
2865 1285 3301 1348 communicare,
3333 1297 3483 1337 suam
3524 1284 3632 1356 [aL

2054 1378 2197 1430 addit
2238 1376 2514 1447 nimirum]
2546 1392 2653 1429 non
2693 1374 2932 1429 subdidit
2972 1375 3294 1430 voluntatem
3321 1374 3340 1427 Ι
3372 1375 3510 1430 Ecce
3541 1391 3639 1445 po-

2056 1469 2154 1524 tuit
2184 1479 2231 1523 ct
2265 1469 2317 1522 in
2350 1468 2467 1523 aliis
2515 1469 2797 1534 resultare,
2832 1468 2853 1499 ⁸
2879 1467 2923 1523 si
2964 1468 3127 1523 vellet
3157 1465 3250 1538 [αι.
3296 1469 3391 1521 sed
3442 1468 3634 1523 noluit.

2054 1561 2133 1616 An
2165 1578 2267 1613 non
2301 1561 2588 1628 Apostolus
2619 1561 2765 1626 dicit,
2798 1577 2901 1614 tton
2933 1560 3108 1613 solttm
3151 1561 3241 1630 qui
3285 1560 3512 1624 faciunt,
3540 1563 3635 1616 Sed

2054 1653 2217 1706 etiam
2247 1652 2334 1721 qui
2359 1651 2699 1704 consentiunt
2730 1649 3044 1704 facientibus
3089 1661 3238 1704 reatu
3268 1651 3468 1720 pariter
3516 1660 3640 1705 sunt

368 1778 563 1817 nomen
594 1758 915 1820 obtendunt,
948 1767 1001 1810 et
1027 1770 1130 1807 non
1163 1752 1338 1822 palam
1366 1760 1661 1805 sectatores
1690 1750 1953 1818 Eutyche-
1982 1738 2030 1798 B
2057 1746 2247 1799 irretiti
2273 1746 2294 1797 ?
2322 1744 2509 1815 sed...]
2534 1744 2627 1798 sed
2660 1754 2719 1797 ut
2743 1760 2805 1798 ea
2834 1759 2952 1811 quae
2984 1744 3144 1798 latius
3175 1743 3485 1811 explicanda
3516 1752 3642 1796 sunt

368 1855 457 1918 tis,
490 1855 577 1923 qui
610 1852 718 1906 illic
748 1860 993 1916 receptus
1018 1846 1211 1909 fuerat,
1241 1843 1587 1913 proﬁtentur;
1613 1842 1699 1909 qni
1732 1841 1773 1892 si
1806 1838 1954 1893 refu-

366 1948 542 2016 giunt,
576 1954 734 2011 atque
765 1941 1042 2012 Eutychen
1073 1953 1131 1992 se
1159 1936 1441 2005 perhibent
1470 1932 1763 1997 exsecrari,
1798 1931 1952 1986 simul

368 2053 502 2107 ergo
523 2048 577 2089 et
603 2034 948 2101 Ephesinatn,
981 2044 1082 2101 qua
1110 2029 1252 2084 male
1278 2037 1524 2096 receptus
1553 2034 1655 2090 est,
1682 2025 1956 2092 conspira-

370 2129 571 2183 ti0ucm
594 2126 713 2194 jure
742 2132 1027 2187 cessatam,
1056 2130 1111 2175 et
1146 2118 1640 2174 Chalcedonensem
1669 2117 1953 2184 synodum,

371 2234 475 2286 qua
500 2216 696 2284 rejeeta
720 2224 822 2276 est,
846 2213 1039 2267 merito
1061 2210 1406 2265 consentient
1434 2209 1729 2262 institutam
1756 2222 1771 2271 ;
1798 2215 1957 2273 atque

372 2311 445 2364 ita
469 2308 756 2379 synodum,
784 2322 903 2375 quae
932 2320 1028 2375 pro
1062 2304 1166 2357 ﬁde
1194 2300 1459 2357 catholica
1488 2301 1557 2355 sit
1598 2301 1835 2369 praeﬁxa,
1867 2313 1958 2353 se-

372 2402 609 2455 cundum
643 2407 882 2453 veterum
925 2397 1171 2461 formam,
1200 2396 1337 2449 sicut
1365 2393 1566 2447 dictum
1609 2400 1713 2457 est,
1756 2390 1959 2459 perspi-

374 2494 521 2548 cient
559 2492 785 2546 novellis
827 2505 931 2543 non
983 2490 1219 2558 potuisse
1262 2483 1647 2555 quaestionibus
1692 2483 1955 2547 ventilari,

375 2583 473 2637 sed
527 2582 678 2651 juxta
733 2580 849 2650 ejus
895 2592 1134 2634 tenorem
1183 2577 1351 2633 semel
1419 2574 1657 2645 legitime
1711 2573 1960 2644 justeque

376 2677 775 2744 depromptum,
824 2682 877 2728 et
918 2676 1039 2742 jure
1094 2673 1305 2741 probari
1364 2680 1509 2726 recta
1557 2678 1845 2734 sectantes,
1903 2678 1957 2724 et

378 2769 676 2821 sentientes
700 2765 969 2820 contraria
997 2764 1255 2829 refutari;
1287 2763 1428 2834 quod
1456 2763 1616 2818 sedes
1645 2762 1958 2832 apostolica,

380 2854 746 2917 sicutdeeuit,
776 2854 992 2922 antiqua
1040 2853 1325 2908 traditione
1362 2851 1695 2915 custodiens,
1730 2867 1836 2905 non
1867 2867 1961 2920 sy-

384 2946 586 3000 nodum
616 2944 769 2999 duxit
810 2943 1129 3008 iterandam,
1171 2943 1264 2996 sed
1317 2943 1368 2998 in
1410 2942 1526 3012 ejus
1558 2943 1963 3009 praevaricatore

384 3038 641 3109 pellendo
685 3037 824 3090 hanc
864 3037 1107 3090 eamdem
1153 3033 1414 3104 synodum
1448 3034 1624 3102 potius
1667 3048 1965 3102 exsequen-

2058 1838 2387 1905 omittumus,
2422 1839 2441 1869 ⁷
2474 1838 2730 1907 quidquid
2765 1838 2876 1904 ipse
2896 1837 3077 1890 Zenon
3111 1837 3400 1904 imperator
3420 1836 3533 1888 suis
3556 1835 3641 1888 lit-

2060 1934 2189 1986 teris
2222 1930 2519 1998 proﬁtetur,
2547 1940 2735 1984 cuncta
2764 1945 2883 1984 sese
2904 1946 2969 1983 ex
2999 1930 3173 1985 Acacii
3206 1929 3439 1998 gessisse
3465 1928 3642 1983 consi-

2061 2025 2155 2091 lia,
2186 2039 2284 2077 nec
2304 2023 2402 2075 hoc
2428 2037 2548 2076 euut
2576 2023 2758 2076 fallere
2782 2022 2971 2076 litteris
2993 2022 3103 2075 suis
3125 2023 3237 2091 ipse
3258 2021 3455 2088 pariter
3484 2031 3644 2075 testa-

2062 2126 2153 2169 tur
2184 2115 2430 2176 Aeacius,
2465 2115 2552 2181 qui
2586 2124 2638 2167 et
2665 2130 2784 2167 eum
2818 2113 3163 2167 nihilominus
3195 2112 3449 2166 universa
3496 2121 3645 2166 recte

2062 2205 2291 2276 gessisse
2318 2205 2657 2273 conscripsit.
2682 2214 2738 2258 et
2764 2218 2861 2257 suo
2888 2203 3115 2257 consilio
3140 2202 3253 2257 haec
3282 2203 3469 2257 eadem
3496 2213 3643 2272 gesta

2061 2315 2166 2354 non
2199 2298 2385 2353 tacuit.
2419 2297 2578 2365 Quasi
2613 2312 2739 2352 vero
2789 2305 2990 2350 tantum
3024 2297 3075 2351 in
3107 2297 3452 2351 Alexandrini
3495 2297 3639 2351 l’ctri

2062 2390 2440 2445 communiene
2466 2388 2692 2442 Aeacius
2724 2388 3104 2456 praevaricator
3131 2387 3418 2453 exstiterit,
3461 2396 3515 2442 et
3540 2403 3646 2443 non

2063 2480 2120 2535 in
2147 2480 2419 2545 omnibus,
2447 2494 2581 2549 quos
2613 2478 2691 2533 vel
2726 2478 2866 2543 fecit,
2896 2478 3133 2548 depulsis
3162 2479 3442 2533 catholicis
3471 2479 3645 2546 potiti-

2067 2572 2276 2639 ﬁeibus,
2311 2581 2564 2637 tanquam
2599 2582 2877 2641 tyrannus,
2913 2570 3169 2625 Ecclesiis
3194 2570 3493 2642 quibusque
3516 2587 3650 2640 prac-

2063 2665 2229 2734 poni,
2273 2665 2356 2718 vel
2407 2664 2583 2718 taliter
2636 2664 2938 2731 praepositis
2991 2678 3241 2732 perversa
3270 2667 3651 2718 communione

2066 2758 2364 2828 permixtus
2394 2767 2496 2815 est.
2531 2757 2621 2825 qui
2656 2756 2757 2810 hoc
2789 2759 2903 2825 ipso
2934 2757 3229 2810 secundnrn
3258 2771 3494 2810 canones
3537 2755 3649 2809 fue-

2066 2859 2186 2906 rant
2219 2851 2286 2904 ab
2312 2847 2672 2903 ecclesiastica
2701 2848 3079 2902 communione
3106 2847 3374 2917 pellendi,
3408 2848 3549 2917 quod
3593 2862 3654 2901 se

2067 2940 2209 3010 passi
2250 2948 2373 2993 sunt
2413 2953 2755 2993 successores
2785 2938 2918 2993 vivis
2967 2939 3338 2994 sacerdotibus
3388 2939 3651 2994 adhiberi.

2067 3034 2204 3101 Quis
2226 3043 2401 3088 autem
2434 3048 2537 3086 non
2571 3031 2860 3101 perspiciat
2889 3031 3245 3098 Christianus,
3292 3032 3431 3101 quod
3470 3032 3656 3085 catho-

384 3131 534 3183 dam.
563 3129 579 3159 ³
610 3129 948 3196 Quapropter
976 3125 1020 3180 si
1048 3126 1165 3195 quis
1191 3124 1367 3180 adhuc
1408 3124 1701 3179 secundum
1743 3123 1965 3178 Cbalee-
1995 3111 2039 3172 C
2071 3127 2188 3181 licis
2218 3124 2558 3194 pontificibus
2588 3124 2801 3192 propria
2832 3124 2959 3177 sede
3011 3121 3234 3188 dejemis
3266 3139 3371 3175 non
3416 3122 3516 3176 nisi
3549 3123 3657 3176 lun-

386 3222 684 3275 donensem
734 3219 995 3288 synodum
1048 3217 1163 3271 haec
1210 3220 1278 3269 ab
1312 3217 1607 3286 apostolica
1648 3217 1774 3270 sede
1817 3225 1968 3284 gesta

386 3311 755 3381 reprehendit,
790 3320 981 3377 praeter
1022 3307 1165 3378 quod
1188 3318 1242 3362 et
1270 3310 1368 3362 hac
1394 3323 1495 3377 qua
1524 3309 1770 3378 superius
1791 3316 1970 3361 astru-

390 3404 607 3463 ximus,
647 3409 700 3455 et
725 3399 1004 3469 multiplici
1037 3407 1210 3467 potest
1251 3399 1457 3453 ratione
1487 3398 1767 3466 convinci,
1801 3397 1972 3451 multo

391 3494 565 3559 magis
582 3500 755 3546 tamen
773 3490 971 3546 Acacio
989 3505 1093 3544 non
1113 3490 1323 3545 licuisse
1353 3490 1712 3543 fatebiturista
1743 3496 1970 3543 tentare.

387 3609 461 3623 ——
485 3581 635 3635 Dicat
668 3595 816 3652 ergo,
852 3597 952 3649 qua
985 3580 1219 3652 synodo,
1252 3581 1509 3634 Joannem
1546 3580 1796 3634 secundae
1830 3578 1975 3635 sedis

390 3676 709 3741 antistitem,
731 3678 1173 3745 qualemcunque,
1196 3689 1342 3729 certe
1371 3674 1711 3738 catholicum,
1744 3684 1799 3729 et
1824 3688 1851 3725 a
1880 3688 1973 3728 ca-

394 3767 610 3823 tholicis
633 3767 960 3833 ordinatum,
984 3781 1083 3821 nec
1120 3767 1188 3821 de
1216 3765 1475 3820 catholica
1519 3764 1620 3819 ﬁde
1648 3775 1701 3819 et
1728 3779 1975 3819 commu-

392 3861 560 3914 nione
586 3859 920 3929 aliquatenus
940 3856 1263 3926 impetitur»,
1294 3857 1509 3911 duxerit
1540 3855 1935 3910 excludendum
1960 3897 1974 3921 ,

390 3959 451 4005 et
496 3950 800 4004 hatreticum
832 3949 1171 4003 manifestum
1217 3947 1433 4003 Petrum
1459 3963 1552 4003 sua
1582 3964 1794 4018 quoque
1822 3964 1978 4004 exse-

390 4042 615 4097 cutione
661 4042 1007 4109 damnatum,
1069 4041 1303 4109 pontiﬁci
1359 4040 1621 4095 catholico
1672 4043 1979 4111 permiserit

392 4134 793 4203 subrogandutn
826 4136 845 4165 ¹
876 4135 895 4203 (
920 4150 1041 4188 eum
1074 4133 1285 4188 etiamsi
1314 4150 1435 4189 reus
1478 4135 1790 4190 manifestus
1836 4145 1980 4191 esset

392 4227 669 4293 Joannes,
716 4234 835 4294 post
860 4239 983 4279 eum
1028 4226 1218 4278 saltem
1266 4225 1587 4280 catholicum
1640 4229 1979 4283 convenisset

392 4316 597 4387 praeﬁci
644 4316 1010 4379 sacerdOtem,
1066 4316 1203 4370 sicut
1244 4315 1358 4383 ipse
1407 4331 1620 4385 quoque
1657 4318 1768 4371 suis
1812 4320 1979 4372 sacris

392 4418 597 4463 sanctae
640 4407 914 4462 memoriae
945 4406 1226 4461 Timotheo
1268 4408 1533 4462 catholico
1564 4408 1618 4462 in
1652 4408 1976 4463 Alexandria

392 4496 697 4553 faciendum
719 4496 1030 4566 promisisse
1059 4496 1256 4566 legitur
1287 4496 1619 4569 imperator).
1671 4498 1783 4565 Qua
1815 4514 1979 4569 syno-
2006 4474 2060 4534 D

393 4592 501 4659 do,
541 4592 712 4645 tertia:
740 4591 883 4646 sedis
915 4593 1224 4661 episcopum
1257 4590 1352 4662 [αι.
1384 4594 1550 4647 addit.
1576 4591 1842 4665 sanctum]
1873 4593 1979 4649 Ca-

392 4682 707 4737 lendionem
738 4682 878 4736 idem
908 4682 1102 4750 expelli
1133 4682 1296 4738 fecit’
1325 4686 1551 4739 Aeacius
1579 4701 1594 4739 :
1632 4684 1980 4740 nihilominus

394 4777 414 4805 "
448 4774 701 4830 eumdem
732 4774 947 4829 Petrum
988 4785 1093 4829 tam
1146 4776 1452 4830 lueretieum
1499 4776 1837 4830 manifesmm
1863 4818 1876 4842 ,
1926 4787 1983 4832 ut

396 4867 577 4921 eidem
608 4866 781 4935 palam
808 4880 1029 4920 necesse
1064 4863 1156 4937 [αι.
1190 4881 1289 4920 nec
1317 4864 1396 4938 se]
1423 4868 1820 4922 communicare
1846 4885 1982 4937 prae-

396 4957 668 5023 tenderet,
699 4971 793 5011 sua
825 4970 1014 5026 passus
1036 4964 1119 5011 est
1150 4956 1500 5027 dispositione
1548 4960 1818 5014 substitui.
1866 4961 1977 5029 Qua

394 5049 632 5117 denique
660 5062 755 5117 per
784 5057 949 5102 totum
994 5048 1266 5103 Orientem
1317 5050 1524 5120 synodo
1576 5053 1760 5117 ejectis
1794 5056 1981 5110 ortho-

395 5138 556 5194 doxis
577 5179 593 5205 ,
623 5138 771 5194 nullo
811 5137 1037 5194 crimine
1081 5139 1388 5207 maculatis,
1420 5156 1612 5211 pravos
1660 5158 1898 5215 quosque
1927 5155 1983 5203 et

477 5340 495 5371 ³
530 5338 682 5405 Quod
708 5338 753 5391 si
776 5338 889 5405 quis
937 5338 1044 5391 hwc
1091 5337 1153 5391 ab
1196 5338 1473 5408 apostolica
1516 5340 1633 5394 sede
1671 5343 1750 5396 vel
1794 5352 1976 5399 sancta

397 5410 565 5482 (male
592 5409 835 5477 secunda)
857 5409 1053 5482 agitatio
1102 5422 1216 5461 acta
1254 5411 1593 5482 reprehendit,
1627 5423 1811 5479 prmler
1836 5416 1971 5482 quod

397 5480 575 5549 prima
623 5495 789 5549 rerum
844 5480 1138 5545 probatione
1193 5481 1523 5544 convincitur,
1574 5483 1775 5537 interim
1815 5480 1973 5541 ntulto

395 5551 569 5614 magis
601 5548 781 5601 Acutio
814 5566 911 5601 non
935 5550 1134 5602 licuisse
1164 5552 1422 5617 fatebitur.
1455 5552 1712 5607 lucanus.

477 5622 497 5651 ²
518 5619 720 5673 Inclusa
753 5620 1052 5689 parenthesi
1078 5621 1267 5676 desunt
1298 5622 1349 5677 iu
1376 5625 1560 5678 eod:ce
1587 5623 1903 5682 Veronensi.

480 5689 499 5721 ³
534 5689 609 5745 Id.
637 5690 783 5748 ωδ..
812 5705 871 5742 ac
896 5690 1126 5744 Aeacius.

2075 3217 2222 3273 retici
2258 3216 2526 3281 potuerint
2554 3215 2853 3269 introduci?
2877 3215 3070 3285 quibus
3097 3225 3277 3269 tamen
3309 3216 3542 3281 eunetis,
3570 3216 3655 3270 vel

2074 3319 2261 3364 auctor
2291 3308 2384 3362 fuit
2413 3307 2643 3362 Aeacius
2673 3305 3048 3373 subrogandis,
3078 3307 3162 3361 vel
3188 3306 3490 3375 subrogatis
3517 3322 3659 3361 cotu-

2076 3404 2372 3457 municator
2392 3401 2661 3466 accessit;
2697 3401 2781 3455 his
2822 3401 3007 3471 utique
3036 3402 3160 3472 quia
3193 3402 3283 3474 [αι.
3314 3404 3402 3473 qui
3430 3402 3484 3471 a]
3510 3416 3662 3456 eom-

2074 3491 2315 3547 munioni
2346 3492 2717 3547 haereticorum
2772 3492 3079 3548 nullatenus
3126 3492 3527 3562 diserepabant.
3557 3492 3665 3549 Cur

2080 3599 2208 3654 ergo
2234 3586 2317 3639 vel
2346 3601 2467 3643 cum
2514 3585 2627 3640 haec
2665 3584 2782 3639 ﬁeri
2813 3586 3023 3642 videret
3070 3588 3330 3653 Aeacius,
3382 3603 3488 3642 non
3528 3588 3668 3643 sicut

2078 3679 2181 3732 sub
2208 3678 2466 3733 Basilisco
2486 3678 2596 3748 jam
2628 3677 2846 3743 fecerat,
2878 3680 2943 3733 ad
2971 3681 3321 3751 aposmlicam
3364 3681 3547 3737 sedem
3580 3697 3667 3738 re-

2081 3771 2223 3825 ferre
2254 3770 2478 3835 curavit,
2508 3779 2567 3826 ut
2595 3770 2638 3824 si
2669 3770 2816 3826 solus
2858 3771 2973 3841 ipse
3002 3788 3107 3828 non
3160 3783 3390 3843 poterat,
3423 3776 3443 3806 ⁸
3470 3775 3668 3843 junctis

2078 3879 2200 3919 cum
2228 3864 2416 3919 eadem
2447 3863 2687 3918 consiliis
2711 3874 2872 3934 atque
2901 3866 3234 3930 tractatibus,
3267 3867 3405 3936 apud
3438 3868 3671 3936 impera-

2081 3966 2247 4012 torem
2289 3966 2508 4025 possent
2545 3972 2665 4026 quae
2696 3957 2943 4024 religioni
2992 3968 3365 4026 eompeterent
3405 3960 3670 4028 allegari?

2079 4047 2211 4102 Nam
2241 4050 2282 4102 si
2318 4046 2605 4100 Basiliscus
2631 4047 2713 4117 (ut
2751 4047 2952 4100 dictum
2992 4048 3097 4116 est)
3129 4056 3387 4117 tyrannus
3418 4057 3473 4103 et
3497 4047 3670 4102 hare-

2081 4142 2218 4195 tiens
2253 4139 2470 4207 scriptis
2499 4138 2806 4204 apostolicae
2856 4138 3003 4192 sedis
3036 4138 3388 4193 vehementer
3410 4139 3671 4195 infractus

2080 4241 2183 4295 est,
2216 4239 2269 4285 et
2299 4246 2326 4281 a
2361 4229 2609 4297 plurimis
2640 4236 2919 4281 revocatus
2937 4227 3287 4291 excessibus;
3317 4240 3521 4299 quanto
3553 4245 3669 4284 ma-

2079 4322 2157 4391 gis
2190 4322 2456 4390 legitimus
2486 4320 2795 4387 imperator,
2821 4320 2907 4388 qui
2931 4333 2989 4373 se
3016 4318 3339 4374 catholicum
3368 4320 3539 4374 videri
3570 4336 3667 4376 vo-

2087 4412 2255 4476 lcbat,
2282 4416 2455 4479 potuit
2483 4426 2603 4464 cum
2635 4410 2927 4476 apostolica
2960 4410 3090 4465 sede
3120 4419 3431 4465 cunctorum
3463 4427 3678 4482 quoque

2087 4504 2394 4573 pontiﬁcum
2428 4502 2703 4556 moderata
2743 4501 3086 4572 suggestione
3114 4502 3367 4571 mitigari,
3402 4505 3675 4573 praecipue

2088 4610 2206 4649 cum
2234 4592 2474 4663 ejusdem
2506 4592 2681 4648 Acacii
2705 4605 2851 4649 esset
2873 4594 3120 4662 specialis
3149 4594 3325 4649 fautor
3352 4605 3407 4651 et
3434 4604 3672 4661 amator;

2088 4699 2141 4743 et
2164 4689 2251 4757 qui
2288 4688 2479 4742 litteris
2508 4688 2621 4742 suis
2656 4696 2760 4741 tam
2794 4689 2966 4756 ipsum
3012 4687 3265 4743 Acacium
3292 4704 3449 4758 quam
3477 4702 3677 4744 sanctae

2088 4782 2362 4836 memoria:
2395 4795 2584 4851 papam
2625 4781 2956 4849 Simplicium
3008 4782 3215 4851 magnis
3248 4782 3494 4837 laudibus
3524 4792 3679 4838 extu-

2086 4876 2261 4938 lisset,
2292 4876 2576 4929 doceretur
2599 4877 2736 4943 quod
2764 4876 3029 4929 litcreticis
3056 4875 3490 4931 constantissime
3521 4878 3679 4931 resti-

2088 4964 2361 5037 tisset[al.
2412 4962 2775 5036 restitissent].
2810 4965 2916 5021 Cur
2967 4975 3112 5021 tanto
3159 4979 3397 5036 tempore
3449 4967 3678 5022 Aeacius

2086 5058 2337 5113 iuterista
2359 5056 2638 5123 conticuit,
2666 5056 2767 5110 nisi
2786 5056 2908 5123 quia
2936 5055 3218 5125 przepcdiri
3245 5056 3341 5128 [αι.
3366 5053 3675 5128 prohibere]

2088 5149 2307 5207 nolebat
2356 5148 2625 5204 ullatenus
2669 5163 2788 5219 quae
2817 5151 2838 5182 °
2884 5163 2979 5219 pro
3028 5147 3299 5206 haereticis
3338 5150 3678 5207 desiderabat

2162 5346 2183 5377 ⁸
2214 5345 2289 5400 ld.
2321 5346 2464 5413 cod.,
2489 5346 2675 5401 eidem.

2163 5418 2183 5449 ⁸
2213 5418 2287 5470 Id.
2319 5417 2464 5483 cod.,
2490 5418 2792 5472 describere.

2162 5488 2182 5519 ⁸
2210 5489 2285 5541 Id.
2311 5489 2459 5553 cod.,
2488 5490 2534 5540 si
2561 5489 2742 5543 nollet.

2160 5560 2179 5588 ⁷
2213 5558 2286 5611 Id.
2315 5558 2459 5617 cod.,
2490 5560 2615 5627 quid
2641 5559 2797 5623 quod.

2163 5630 2183 5659 ⁸
2218 5629 2291 5682 ld.
2323 5628 2471 5693 cod.,
2497 5633 2690 5685 cunctis
2720 5646 2837 5684 cum
2874 5633 3075 5690 eodem.

2163 5701 2181 5731 ³
2213 5698 2317 5753 Pro
2341 5699 2593 5754 luci-ericio
2613 5701 2807 5759 desunt
2834 5704 2887 5759 in
2920 5706 3041 5760 cod.
3077 5702 3394 5761 Veronensi.
