4098 6172
497 271 558 327 7t
1854 255 2115 310 censu
2155 255 2354 311 rara:
2398 259 2414 311 ι
3692 261 3760 315 ῃ

495 386 512 416 ⁸
556 379 801 448 impleri?
848 377 1111 430 Ponanttls
1157 383 1333 425 tamen
1385 370 1589 425 etiamsi
1639 369 1780 422 nulla
1833 369 2068 438 synodus
2097 373 2146 430 Λ
2184 379 2316 432 tum,
2348 385 2506 440 quam
2535 371 2650 439 ejus
2675 369 3070 439 eivitatis,quze
3099 385 3203 424 non
3231 372 3400 426 solum
3435 373 3571 427 inter
3601 377 3761 428 δραι-οε

494 470 872 539 praecessisset,
903 468 1052 531 cujus
1079 462 1366 531 apostolica
1398 460 1555 512 sedes
1605 468 1750 512 recte
1784 459 1936 512 fieret
1964 474 2057 537 ex-

494 560 752 621 secutrix,
781 574 904 613 cum
942 555 1134 624 quibus
1163 561 1280 607 erat
1310 553 1375 605 de
1404 551 1597 607 Acacio
1620 551 1854 620 synodus
1882 550 2071 603 ineun-

445 645 452 652 ’
491 654 594 711 da.
638 649 872 719 nunquid
903 662 1023 701 cum
1057 646 1138 699 Itis
1166 648 1254 715 qui
1283 646 1393 713 jam
1425 644 1719 713 participes
1752 643 2076 697 tenebantur

493 745 710 806 Acacio,
733 753 785 797 et
807 757 900 810 per
921 739 1190 794 Orientem
1219 747 1386 791 totum
1409 735 1688 789 catholicis
1710 733 2073 788 Sacerdotibus

494 837 760 890 violenter
783 831 1014 888 escluSis
1034 871 1048 895 ,
1080 843 1280 898 perque
1305 827 1494 882 exsilia
1523 826 1733 880 diversa
1779 826 2028 894 relegatis
2057 864 2070 888 ,

490 927 620 982 socii
669 925 948 980 evidenter
996 921 1341 984 existebant,
1393 917 1785 972 connuuniouis
1836 928 2073 971 externa:

494 1021 639 1088 prius
667 1033 725 1072 se
749 1017 816 1070 ad
848 1017 959 1068 haec
993 1014 1280 1067 consortia.
1313 1009 1719 1072 transferentes,
1749 1023 1906 1077 quam
1932 1008 2073 1061 sedis

492 1107 799 1177 apostolica:
842 1105 974 1158 scita
1016 1102 1542 1156 conSuIerent?L‘um
1573 1099 1766 1168 quibus
1803 1114 1930 1165 ergo
1959 1107 2073 1152 erat

492 1203 732 1273 synodus
760 1197 1034 1254 ineunda?
1079 1195 1338 1250 Catholici
1373 1194 1651 1261 pontifices
1682 1192 1888 1244 fuerant
1915 1191 2069 1244 undi-

489 1311 592 1364 que
619 1295 728 1364 jam
762 1290 993 1360 depulsi,
1039 1289 1241 1356 solique
1274 1293 1644 1341 remanserant
1676 1283 1806 1338 socii
1847 1283 2074 1351 perfido-

491 1403 642 1448 rum,
673 1401 792 1438 cum
823 1383 1013 1451 quibus
1049 1380 1157 1448 jam
1201 1393 1299 1432 nec
1355 1377 1543 1431 licebat
1593 1376 1788 1428 habere
1839 1389 2072 1428 conven-

491 1489 603 1531 tum
625 1477 715 1547 [αἱ.
741 1475 884 1528 addit
913 1475 1123 1526 dicente
1154 1461 1388 1539 psalmo:
1415 1469 1526 1522 Νοη
1551 1467 1687 1530 sedi,
1723 1464 1854 1536 etc.]
1883 1467 1902 1496 ’
1927 1467 2069 1537 (quia

495 1570 658 1622 moris
703 1565 1050 1621 cci-IeSiastici
1088 1566 1306 1616 omnino
1351 1577 1458 1614 non
1510 1569 1653 1615 esset
1701 1573 1820 1612 cum
1853 1559 1932 1611 his
1983 1557 2071 1626 qui

493 1662 748 1730 pollutam
799 1657 1228 1712 communionem
1298 1661 1581 1716 tenerent,
1643 1653 2070 1720 permixtatnque

2181 459 2400 514 minime
2431 469 2766 525 numeratur,
2797 462 2889 514 sed
2931 475 3030 513 nec
3060 462 3200 516 inter
3227 463 3760 530 metropolitanorum

2172 553 2293 624 jura
2338 565 2623 609 censetur:
2657 571 2777 609 nam
2809 555 2949 624 quod
2974 556 2995 587 ⁸
3024 555 3231 623 dicitis,
3263 555 3367 608 alia
3415 564 3652 623 potestas
3679 567 3762 612 est

2177 647 2321 717 regni
2350 648 2644 712 szecularis,
2676 648 2778 701 alia
2811 648 3296 702 ecclesiasticarum
3344 648 3648 704 distributio
3679 649 3760 705 di-

2174 739 2458 809 gnitatum.
2490 738 2643 794 Sicut
2670 739 2810 793 enim
2841 742 3083 808 quamvis
3122 755 3285 808 parva
3325 740 3514 793 civitas
3560 756 3763 807 prtem-

2174 832 2404 900 gativam
2459 831 2738 900 praesentis
2772 833 2918 901 regni
2960 847 3064 886 non
3104 832 3311 895 minuit,
3343 833 3420 885 sic
3464 831 3760 902 imperialis

2177 923 2462 992 prtesentia
2515 938 2822 978 mensuram
2871 924 3288 991 diSpensationis
3340 925 3605 994 religiosa:
3651 943 3759 979 non

2176 1023 2366 1072 mutat.
2390 1014 2472 1070 Sit
2495 1015 2634 1068 clara
2665 1013 2790 1069 urbs
2811 1015 2900 1068 illa
2931 1024 3192 1082 potestate
3221 1015 3496 1082 praesentis
3520 1017 3756 1084 imperii,

2174 1108 2361 1177 religio
2393 1116 2518 1161 tunc
2545 1107 2646 1162 sub
2671 1107 2856 1161 eadem
2890 1103 2982 1178 [αι.
3013 1105 3223 1176 eodem]
3259 1107 3430 1171 firma,
3467 1117 3592 1161 tunc
3627 1110 3759 1163 libe-

2174 1215 2265 1266 ra,
2306 1209 2433 1253 tunc
2460 1208 2713 1267 provecta
2741 1199 3018 1260 consistit,
3054 1200 3095 1251 si
3147 1200 3321 1266 potius
3360 1199 3458 1252 hoc
3489 1209 3758 1267 prtesente

2175 1288 2445 1359 propriam
2482 1299 2658 1344 teneat
2687 1291 2803 1352 sine
2839 1291 2940 1343 ulla
2985 1288 3381 1356 perturbatione
3426 1305 3755 1343 mensuram.

2174 1382 2525 1452 9(Postremo
2564 1382 2605 1434 si
2651 1380 2750 1435 sibi
2780 1381 2847 1435 de
2894 1383 3230 1447 imperatoris
3275 1383 3553 1448 praesentia
3600 1381 3755 1434 blatt-

2173 1472 2410 1538 diuntur,
2444 1481 2500 1528 et
2524 1472 2646 1527 inde
2675 1481 2861 1540 putant
2886 1471 3492 1540 Constantitmpolitanae
3520 1473 3756 1527 civitatis

2173 1567 2409 1635 episcopi
2474 1569 2735 1635 potiorem
2788 1565 2902 1620 fieri
2957 1581 3112 1634 posse
3162 1580 3480 1634 personam;
3533 1568 3752 1622 audiant

2175 1659 2499 1712 Marcianum
2528 1657 2768 1731 ejusdem
2801 1658 3091 1727 principem
3119 1659 3379 1722 civitatis,
3407 1669 3751 1728 posteaquam

491 1770 612 1808 cum
656 1752 893 1821 perﬁdis.
939 1751 1100 1804 υηιηη
1155 1748 1381 1801 Miscere
1411 1743 1762 1814 Ct'IICilium);
1813 1742 2065 1811 ρνοριιθιει
2100 1743 2146 1801 Β
2173 1764 2269 1816 pro
2297 1757 2582 1817 augmento
2605 1746 2752 1802 urbis
2783 1748 2948 1816 ipsius
2977 1749 3272 1802 sacerdotis
3311 1749 3636 1804 intercessor
3661 1766 3752 1805 ac-

491 1859 704 1913 quoque
733 1843 949 1897 dicente
973 1857 988 1894 :
1015 1839 1135 1893 Non
1158 1839 1265 1892 sedi
1291 1841 1341 1889 in
1369 1836 1582 1890 concilio
1605 1837 1860 1898 vanitatis,
1883 1843 1930 1886 et
1959 1850 2070 1884 cum

489 1936 664 2005 iniqua
704 1932 989 2001 gerentibus
1031 1946 1132 1983 non
1174 1929 1428 1991 iutroibo;
1461 1927 1480 1956 ³
1509 1927 1676 1995 (odivi
1722 1925 2073 1996 congregatio-

496 2042 608 2078 nem
652 2025 1032 2091 malignorum,
1075 2033 1121 2073 et
1161 2037 1273 2071 cum
1314 2019 1483 2088 impiis
1514 2035 1614 2070 non
1651 2017 1878 2085 sedebo).
1909 2017 2073 2070 Recte

491 2116 650 2185 igitur
675 2129 769 2184 per
791 2110 1244 2167 Chalcedonensis
1283 2107 1472 2178 synodi
1517 2108 1738 2161 formam
1768 2104 2072 2176 hujusmodi

492 2205 857 2274 prtevaricatio
888 2203 1099 2271 repulsa
1131 2210 1232 2264 est,
1271 2202 1447 2268 potius
1477 2214 1635 2267 quam
1669 2199 1734 2250 ad
1763 2198 2068 2260 conelium,

493 2296 636 2366 quod
668 2309 766 2350 nec
794 2309 930 2363 opus
957 2300 1075 2346 erat
1103 2299 1220 2359 post
1247 2293 1469 2359 primam
1503 2288 1789 2358 synodum,
1823 2301 1921 2341 nec
1946 2301 2068 2341 cum

494 2389 689 2444 talibus
721 2387 742 2417 ⁸
778 2387 972 2447 habere
1005 2385 1196 2439 licebat
1217 2422 1232 2447 ,
1264 2383 1283 2411 ⁵
1311 2381 1537 2435 adducta
1577 2389 1676 2434 est.
1707 2378 1836 2432 Nam
1865 2378 2070 2446 etquid

494 2491 742 2551 ageretur
769 2478 838 2532 de
868 2478 973 2530 fide
1011 2476 1268 2529 catholica
1295 2513 1309 2536 ,
1341 2472 1384 2525 si
1417 2471 1713 2538 intelligere
1743 2470 2068 2537 voluissent,

496 2573 744 2641 ignorare
791 2584 897 2621 non
948 2575 1223 2636 poterant,
1272 2580 1392 2617 eum
1434 2563 1453 2593 ⁸
1486 2563 1728 2616 videi-aut
1776 2562 2070 2616 catholicos

494 2660 772 2730 pontilices
803 2658 941 2712 nulla
990 2656 1178 2727 synodi
1211 2655 1543 2708 discussione
1566 2693 1580 2718 ,
1617 2653 1763 2707 nullo
1803 2652 2027 2706 concilio
2052 2693 2068 2719 ,

491 2751 760 2822 praecipue
787 2765 907 2806 cum
950 2761 1114 2802 novas
1143 2759 1330 2800 causas
1357 2759 1475 2799 esse
1507 2743 1926 2813 perpenderent,
1958 2753 2070 2797 toto

492 2845 711 2899 Oriente
738 2843 958 2912 depelli,
1001 2850 1058 2897 et
1082 2840 1262 2894 caeteri
1294 2839 1420 2908 quid
1465 2849 1736 2901 caverent,
1765 2853 1829 2892 ex
1861 2838 2069 2892 illorum

493 2939 701 2993 discere
729 2935 985 3004 qualitate
1036 2933 1358 3002 potuissent.
1407 2930 1594 2986 Restat
1635 2931 1796 2999 igitur
1825 2941 1881 2983 ut
1931 2931 2070 2984 illius

497 3029 661 3098 partis
691 3043 783 3084 eos
811 3028 971 3080 fuisse
999 3027 1070 3080 sit
1108 3025 1330 3088 clarum,
1381 3025 1466 3077 cui
1494 3037 1553 3076 se
1581 3031 1700 3091 post
1739 3032 1815 3075 tot
1856 3021 2068 3091 experi-

2172 1840 2392 1904 cetlens,
2424 1849 2606 1893 contra
2633 1840 2842 1907 regulas
2872 1841 3116 1913 obtinere
3159 1840 3289 1893 nihil
3326 1842 3516 1908 potuit,
3549 1852 3750 1896 sancire

2174 1931 2448 1983 memoria:
2481 1945 2665 1998 papam
2695 1930 2926 1985 Leonem
2956 1931 3183 1988 summis
3214 1929 3459 1984 laudibus
3499 1946 3753 1998 prosecu-

2174 2032 2283 2076 tum
2307 2022 2445 2089 quod
2465 2037 2726 2076 canonum
2750 2022 2961 2091 regulas
2983 2022 3169 2077 violari
3197 2021 3341 2076 nulla
3366 2023 3526 2078 fuerit
3542 2024 3752 2078 ratione

2175 2126 2483 2180 perpessus.
2515 2111 2752 2166 Audiant
2775 2112 3079 2166 Anatolium
3103 2113 3340 2179 ejusdem
3364 2113 3506 2169 sedis
3537 2116 3750 2172 antisti-

2175 2212 2280 2255 tem
2305 2240 2323 2265 ,
2367 2201 2567 2255 clerum
2619 2201 2797 2270 potius
2827 2202 3472 2271 Constantinopolitanum
3503 2219 3664 2272 Qttam
3691 2220 3750 2260 se

2172 2300 2410 2346 tentasse
2456 2291 2576 2344 talia
2609 2293 2984 2356 confitentem,
3015 2304 3172 2362 atque
3208 2294 3258 2346 in
3290 2295 3569 2363 apostolici
3614 2311 3750 2364 prte-

2170 2384 2303 2438 sulis
2328 2391 2497 2436 totum
2527 2383 2792 2437 dicentem
2830 2384 3060 2454 positum
3095 2392 3378 2451 potestate.
3409 2386 3584 2452 Ipsum
3617 2387 3747 2439 bea-

2174 2484 2283 2529 tum
2306 2489 2494 2544 papam
2522 2474 2756 2529 Leonem
2778 2475 2924 2529 sedis
2946 2475 3254 2542 apoStolica:
3277 2475 3580 2542 praesulem,
3595 2475 3750 2543 cujus

2173 2568 2408 2639 synodus
2435 2566 2884 2622 Chalcedonensis
2911 2569 3230 2622 auctoritate
3255 2567 3457 2621 firtttata
3476 2577 3575 2634 est,
3596 2569 3748 2638 quid-

2172 2663 2299 2733 quid
2331 2663 2465 2716 ultra
2493 2678 2652 2732 quam
2692 2662 2760 2715 ah
2812 2661 3000 2716 eodem
3037 2662 3267 2729 profide
3295 2670 3349 2715 et
3371 2663 3748 2716 communione

2174 2755 2438 2809 catholica
2467 2763 2626 2822 atque
2655 2752 2946 2819 apostolica
2993 2753 3102 2806 illic
3145 2753 3437 2822 agendum,
3475 2764 3748 2808 constaret

2173 2859 2292 2898 esse
2308 2844 2634 2911 delegatum,
2658 2859 2750 2912 per
2777 2844 3113 2898 occasionem
3138 2844 3562 2912 congregationis
3580 2844 3743 2909 illius,

2174 2950 2369 3006 prteter
2399 2937 2645 2991 Niczenos
2671 2949 2904 2989 canones
2937 2950 3072 2988 nova
3101 2935 3369 2989 videretur
3385 2936 3595 2988 actione
3625 2946 3742 2988 ten-

2175 3041 2372 3097 tatum,
2413 3030 2738 3100 competenti
2785 3029 3105 3084 refutatione
3134 3027 3405 3082 vacuasse.
3449 3028 3628 3096 anue
3657 3029 3744 3080 ni-

496 3131 674 3177 menla
701 3119 1040 3184 άεάίάθΐυηί,
1071 3118 1368 3184 ιιιθτίιοίιιιθ
1391 3117 1458 3169 ab
1480 3115 1770 3184 a905“)lica
1803 3115 1950 3180 sedc.
1967 3129 2068 3168 σω·
2097 3103 2142 3166 C
2176 3124 2464 3178 hilominus
2487 3125 2647 3178 etiam
2670 3123 2768 3175 sub
2794 3130 2992 3175 sanct:e
3010 3120 3284 3175 memoria:
3308 3133 3438 3187 papa
3469 3119 3744 3186 Simplicio

497 3213 730 3281 terisque
768 3209 1048 3265 catholicis
1080 3223 1186 3260 non
1209 3208 1317 3277 jam
1347 3205 1659 3260 consulendi
1700 3217 1848 3260 erant
1874 3206 2068 3274 potius,

495 3305 590 3361 sed
625 3302 863 3358 notandi.
899 3311 922 3338 α
953 3301 1188 3354 Risimus
1232 3309 1443 3364 autem,
1477 3299 1616 3365 quod
1669 3299 2070 3368 pratrogativam

497 3399 682 3451 volunt
711 3394 907 3448 Acaciu
928 3392 1250 3460 comparari,
1277 3392 1395 3458 quia
1422 3392 1702 3459 episcopus
1728 3389 1887 3443 fuerit
1914 3389 2072 3458 regite

497 3492 747 3547 civitatis.
781 3487 1028 3555 Nunquid
1081 3486 1218 3553 apud
1269 3485 1608 3548 Ravennam,
1641 3483 1779 3552 apud
1821 3483 2074 3538 Mediola-

498 3595 623 3634 num
645 3620 660 3644 ,
690 3581 707 3609 "
730 3563 1016 3642 Sirmium,
1051 3575 1188 3643 apud
1236 3573 1505 3639 Treviros,
1540 3574 1718 3626 multis
1741 3575 2072 3642 temporibus

499 3689 606 3726 non
636 3669 874 3725 constitit
895 3664 1225 3736 imperator?
1248 3664 1619 3733 Nunquidnam
1646 3664 1833 3718 harum
1863 3663 2073 3718 urbium

498 3763 804 3822 sacerdotes
834 3761 970 3814 ultra
1001 3774 1302 3813 mensuram
1337 3757 1549 3811 sibimet
1575 3760 1866 3827 antiquitus
1910 3760 2075 3827 depu-

500 3864 684 3917 tatam,
716 3851 986 3921 quidpiam
1030 3849 1142 3903 suis
1163 3847 1508 3917 dignitatibus
1543 3850 1906 3916 usurparunt?
1932 3850 2075 3904 Nun-

500 3947 626 4017 quid
671 3945 932 4011 Acacius,
969 3949 1025 3995 ut
1064 3942 1325 3996 Joannem
1377 3941 1721 4009 qualemlibet
1765 3941 2031 3994 hominem
2056 3981 2073 4006 ,

499 4037 820 4093 catholicum
854 4044 1030 4088 tamen
1053 4047 1082 4086 a
1104 4031 1388 4086 catholicis
1411 4031 1730 4096 ordinatum,
1763 4032 1829 4085 de
1855 4033 2076 4086 Alexan-

499 4136 615 4191 dria
647 4132 978 4198 excluderet,
1009 4131 1332 4200 Petrumque
1359 4132 1411 4186 in
1443 4130 1631 4185 haeresi
1650 4131 1762 4199 jam
1809 4125 2075 4187 detectum

500 4227 595 4299 [aL
618 4222 909 4296 dejectum]
939 4233 1098 4293 atque
1124 4223 1434 4278 damnatum
1459 4263 1476 4287 ,
1523 4224 1721 4293 absque
1761 4225 1906 4278 sedis
1949 4239 2077 4292 apo-

500 4317 705 4373 stolicze
725 4315 1115 4370 consultatione
1144 4315 1431 4383 reciperet,
1461 4306 1636 4382 aliqua
1662 4299 1871 4384 synodo
1899 4315 2075 4369 saltim

500 4411 610 4465 illic
641 4409 842 4476 habita,
872 4407 974 4461 hoc
1004 4407 1261 4461 audacter
1281 4408 1524 4476 arripuit,
1547 4421 1600 4462 ut
1623 4407 1979 4464 Calendonem
2007 4411 2076 4466 de

502 4502 780 4558 Antiochia
836 4500 1095 4569 pelleret;
1148 4499 1564 4567 Inereticumque
1619 4501 1865 4564 Petrum,
1917 4516 2075 4570 quem

503 4597 618 4662 ipse
645 4606 857 4661 quoque
901 4591 1268 4654 damnaverat,
1303 4589 1504 4657 absque
1551 4589 1739 4645 notitia
1781 4591 1926 4645 sedis
1950 4607 2079 4661 apo-

505 4683 710 4737 stolica:
738 4695 921 4734 rursus
959 4679 1295 4737 admitteret.
1349 4679 1524 4748 aliqua
1555 4681 1760 4748 synodo
1805 4683 1855 4735 id
1887 4682 2080 4739 fecisse

508 4784 836 4831 monstratur
857 4777 880 4826 ‘!
905 4773 962 4829 Si
993 4781 1139 4828 certe
1167 4773 1234 4828 de
1259 4772 1518 4841 dignitate
1557 4772 1730 4842 agitur
1773 4773 2077 4842 civitatum,

507 4866 756 4922 secundae
781 4865 924 4920 sedis
943 4875 995 4919 et
1026 4864 1194 4918 tertiae
1237 4863 1408 4932 major
1437 4874 1518 4918 est
1558 4864 1789 4933 dignitas
1828 4867 2081 4922 sacerdo-

583 5016 608 5046 ι
637 5007 793 5061 Ridet
842 5004 1077 5073 pontifex
1127 5003 1278 5066 illud,
1309 5016 1445 5072 quon
1475 5018 1594 5057 cum
1639 4977 1949 5075 .Euphemio
1980 5023 2078 5064 no-

513 5090 699 5132 vantes
751 5079 915 5147 nostri
950 5077 1203 5147 temporis
1233 5080 1393 5147 stole
1442 5075 1728 5129 admodum
1781 5078 2072 5147 inculcant,

513 5152 639 5206 dum
688 5146 896 5201 ratioae
943 5147 1102 5207 regia:
1148 5145 1420 5215 dignitatis
1451 5147 1824 5214 prmrogativas
1869 5145 2077 5206 sedtum

587 5284 605 5315 ¹
639 5279 878 5343 ld.eorl.,
910 5277 1120 5346 expleri.

584 5355 606 5385 ¹
641 5354 840 5404 Inclusa
875 5347 1172 5414 parenthesi
1203 5348 1393 5400 absunt
1418 5356 1445 5399 a
1476 5347 1662 5403 codice
1697 5348 2015 5404 Veronensi.

587 5424 608 5454 ⁸
639 5423 838 5475 Inclusa
872 5419 1170 5483 parenthesi
1214 5421 1404 5471 absunt
1431 5436 1458 5471 a
1491 5422 1608 5472 rod.
1647 5419 1839 5489 Veron.
1876 5421 1928 5474 itt
1968 5435 2074 5489 quo

510 5509 694 5565 eorum
716 5492 830 5565 loco
855 5489 1096 5565 leguntur
1123 5503 1283 5565 supra
1317 5493 1364 5540 in
1392 5491 1622 5565 editione
1653 5488 1932 5565 [.ahbeana
1961 5488 2094 5565 jam,

511 5564 722 5636 posita:
759 5559 868 5636 N_ec
912 5558 1230 5636 ecclesiastici
1279 5561 1454 5626 moris,
1500 5570 1601 5616 etc.
1655 5560 1781 5614 I’ost
1827 5558 2070 5628 quaese-

511 5629 762 5706 qnnntur.
793 5630 938 5706 fierit:
963 5629 1134 5706 igitur,
1162 5638 1266 5682 etc.

585 5706 602 5734 ³
636 5705 705 5755 Id.
739 5703 881 5762 eod”
915 5697 1040 5750 haec
1069 5698 1105 5750 ἑ.

2174 3219 2404 3289 legatum
2443 3217 2584 3273 sedis
2618 3215 2923 3286 apostolicae
2967 3228 3164 3269 saneta:
3203 3215 3478 3268 memoriae
3515 3213 3744 3268 Probum

2172 3307 2452 3362 Canusinae
2467 3308 2611 3362 urbis
2625 3307 2930 3375 episcopum
2948 3304 3125 3359 Leone
3139 3303 3373 3372 principe
3391 3315 3514 3358 tunc
3533 3316 3746 3372 petente

2174 3409 2436 3467 praesente
2468 3397 2717 3452 decuisse
2762 3396 3068 3450 nullatenus
3114 3410 3268 3462 posse
3301 3397 3526 3460 tentari,
3575 3411 3748 3466 neque

2174 3490 2256 3544 his
2282 3505 2499 3560 prorsus
2529 3489 2822 3558 praebuisse
2842 3503 3190 3550 consensum,
3215 3497 3374 3557 atque
3397 3489 3518 3542 ideo
3542 3510 3551 3536 I
3575 3505 3643 3543 on
3680 3490 3748 3544 ad

2172 3583 2404 3637 civitatis
2429 3582 2710 3651 cujuslibet
2739 3582 3032 3652 respiciant
3054 3581 3382 3649 qualitatem,
3414 3582 3505 3635 sed
3533 3583 3746 3635 modum

2173 3675 2584 3742 dispensationis
2604 3674 2982 3728 ecclesiasticae
3012 3687 3228 3741 paterna
3259 3673 3542 3726 traditione
3571 3674 3749 3726 ﬁrma-

2175 3776 2285 3821 tum
2317 3767 2695 3821 convenienter
2714 3765 3046 3834 observent.)
3077 3766 3293 3819 Dicatur
3318 3775 3492 3822 autem
3516 3764 3600 3835 [aL
3644 3765 3748 3820 Sed

2175 3861 2381 3915 dicatur
2412 3855 2666 3928 forsitan]
2696 3858 2762 3910 de
2788 3857 3150 3910 Alexandrino
3176 3867 3229 3910 et
3270 3855 3605 3911 Antiocheno
3633 3857 3749 3923 epi-

2176 3953 2354 4020 scopis
2377 3953 2541 4006 certis
2567 3967 2632 4006 ex
2664 3950 2842 4004 causis
2875 3949 3168 4018 principem
3198 3951 3366 4017 magis
3397 3947 3484 4001 illa
3514 3963 3635 4016 qua:
3659 3964 3750 4018 ge-

2175 4055 2257 4098 sta
2313 4054 2467 4110 sunt,
2518 4059 2622 4097 non
2672 4041 2927 4096 Acacium
2975 4039 3314 4110 prmcepisse.
3373 4039 3477 4094 Sed
3524 4039 3748 4108 principi

2165 4135 2479 4189 Christiano
2505 4132 2762 4187 decuerat
2791 4145 3078 4200 suggerere
3121 4130 3486 4196 sacerdotem,
3512 4131 3750 4184 maxime

2179 4226 2327 4296 Cujus
2359 4226 2717 4280 familiaritate
2748 4232 2802 4281 et
2828 4225 3006 4277 favore
3049 4222 3326 4276 fruebatur
3347 4264 3361 4284 .
3402 4223 3602 4275 salvam
3636 4221 3751 4277 f0te

2179 4318 2246 4373 de
2271 4317 2509 4386 ejusdem
2534 4315 2729 4384 injuria
2755 4313 3178 4382 contumeliaque
3211 4313 3490 4366 vindictam
3521 4321 3748 4376 tantum,

2183 4417 2240 4464 ut
2268 4407 2519 4463 Ecclesiae
2549 4407 2752 4461 sineret
2786 4405 3118 4459 Christianus
3145 4403 3394 4471 princeps
3420 4402 3633 4472 regulas
3654 4417 3750 4456 cu-

2179 4499 2389 4563 stodiri,
2421 4499 2542 4566 quia
2573 4505 2630 4552 et
2650 4511 2786 4565 nova
2815 4493 2866 4550 in
2901 4506 3128 4563 utroque.
3151 4494 3398 4561 pontifice
3430 4507 3587 4546 causa
3611 4500 3751 4546 esset

2179 4601 2388 4655 exorta,
2421 4599 2474 4644 et
2520 4604 2711 4644 novam
2756 4587 3142 4641 discussionem
3171 4582 3755 4653 consequenterinq'uio

2181 4691 2360 4746 reret;
2393 4690 2449 4736 et
2493 4682 2629 4736 sicut
2657 4692 2870 4746 semper
2909 4686 3054 4733 esset
3091 4678 3336 4732 effectum
3364 4677 3516 4748 “(ac
3559 4675 3752 4730 divinae

2184 4777 2384 4847 pariter
2415 4775 2558 4844 leges
2599 4774 2951 4840 humanaeque
2977 4771 3329 4841 censerent),
3354 4780 3410 4824 ut
3440 4769 3753 4824 sacerdotali

2184 4867 2416 4925 concilio
2443 4865 2510 4921 de
2543 4862 2910 4920 sacerdotibus
2948 4862 3040 4931 [αι.
3085 4859 3523 4931 sacerdmalibns]
3560 4860 3755 4930 judicia

2186 4981 2620 5081 patriarchalium
2652 5003 2988 5081 expendunt,
3019 5009 3074 5056 et
3104 5015 3215 5081 non
3255 5007 3426 5081 potius
3452 4997 3757 5081 apostolicae

2187 5069 2460 5205 ξειόίῑὶοηὶ
2514 5076 2629 5130 hinc
2696 5069 2974 5144 privilegia
3037 5079 3256 5140 accepta
3305 5069 3563 5124 referunt.
3624 5069 3756 5124 Sev.

2234 5164 2391 5204 unus.
3109 5165 3116 5178 ι

2263 5280 2283 5310 ⁸
2317 5278 2439 5331 llrec
2463 5279 2653 5329 desunt
2682 5275 2732 5328 in
2766 5275 2884 5329 rod.
2917 5273 3238 5328 Veronensi.

2261 5349 2282 5380 ‘
2314 5348 2386 5400 Id.
2418 5349 2564 5410 cod.,
2587 5347 2830 5398 viderunt.

2259 5421 2278 5451 "
2307 5419 2380 5470 ltl.
2420 5422 2564 5480 cod.,
2594 5416 2732 5484 apud
2758 5415 3023 5467 Sirmium.

2255 5491 2277 5519 "
2309 5488 2385 5539 Id.
2417 5487 2563 5550 cod.,
2593 5482 2725 5550 quod
2753 5484 2920 5535 dicit-is
2950 5483 3104 5552 regite
3131 5482 3368 5536 civitatis.

2255 5560 2274 5590 ³
2308 5558 2506 5610 Inclusa
2534 5554 2839 5622 parenthesi
2865 5551 3059 5606 desunt
3088 5553 3139 5605 in
3170 5553 3290 5605 cod.
3334 5551 3656 5608 Veronensi.

2256 5627 2297 5655 '°
2328 5627 2526 5681 Inclusa
2553 5625 2860 5694 parenthesi
2886 5623 3077 5679 desunt
3106 5624 3158 5677 in
3188 5622 3305 5677 cod.
3333 5622 3654 5676 Veruueusi.
