4098 6172
316 214 389 267 73
1538 210 1892 270 srrsrous
1931 212 2019 268 ET
2058 212 2396 279 omnem.
3525 236 3598 291 τι

313 326 696 397 provenirent;
747 340 853 379 non
882 340 910 377 a
941 325 1186 381 Stecniari
1238 326 1551 382 viderentur
1582 328 1901 395 qualescun-
1932 328 1982 387 Δ
2009 340 2240 398 seseque
2259 330 2278 362 ³
2294 331 2528 401 prodidit
2548 336 2632 388 his
2654 336 2873 405 agendis
2891 337 3051 394 rebus
3073 339 3235 397 fuisse
3260 345 3592 416 participem.

314 434 420 489 que
451 417 750 487 pontiﬁces,
780 417 881 471 etsi
906 433 1092 472 errore
1115 418 1423 474 humanitus
1446 418 1762 483 accedente,
1795 433 1902 473 non

328 524 494 562 amen
522 507 621 580 [αι.
657 508 805 560 addit
836 506 1043 578 contra]
1088 508 1403 577 religionem
1442 510 1710 565 nullatenus
1740 523 1902 564 exce-

313 600 508 654 dentes
532 607 803 667 potestate
851 599 1090 667 percelli.
1120 599 1201 653 An
1230 599 1409 656 adhuc
1428 599 1526 672 [aL
1568 602 1650 654 An
1676 610 1732 654 et
1762 597 1904 670 haec]

310 689 451 759 iusta
485 692 697 743 ratione
732 688 958 758 principi
989 689 1318 758 suggerenda
1360 704 1467 743 non
1496 698 1651 745 erant
1674 688 1905 759 Hlegia

310 783 549 837 civitatis
595 781 805 837 honore
848 782 1129 848 sublimis,
1156 782 1203 837 si
1234 782 1408 839 iactus
1457 792 1574 837 erat
1613 782 1704 836 illa
1754 782 1906 852 regia

310 873 533 929 civitate
554 873 860 935 sublimior,
908 880 1059 928 tanto
1107 874 1275 943 magis
1320 874 1373 927 in
1414 873 1499 928 his
1545 873 1904 944 suggerendis

312 962 501 1017 debuit
526 977 650 1017 esse
695 963 1053 1017 constantior.
1104 961 1162 1018 Si
1204 971 1382 1016 autem
1430 961 1485 1017 iu
1539 962 1622 1019 his
1660 978 1779 1033 qua:
1810 977 1907 1033 pro

314 1055 578 1123 religione
606 1054 819 1108 fuerant
853 1056 1159 1121 exerenda,
1204 1055 1410 1109 exstitit
1454 1055 1907 1125 contemptibilis,

314 1160 477 1216 a'que
504 1147 815 1213 despectus,
847 1155 905 1200 et
930 1154 1024 1200 aut
1045 1147 1248 1215 segnis,
1277 1153 1370 1198 aut
1400 1145 1653 1201 liduciam
1684 1161 1790 1199 non
1820 1145 1915 1200 ha-

319 1242 454 1294 bens
487 1240 621 1293 intin
645 1240 799 1307 andi,
831 1240 886 1293 in
930 1254 1036 1309 quo
1068 1255 1163 1309 per
1210 1241 1411 1309 regiam
1440 1240 1711 1295 civitatem
1741 1240 1914 1307 major

313 1332 541 1385 enectus
587 1332 717 1386 est?
756 1332 911 1402 ('an
962 1339 1023 1385 ut
1061 1346 1159 1400 per
1182 1347 1245 1387 ea
1290 1345 1401 1386 sua:
1457 1332 1914 1401 praevaricationis

313 1432 610 1478 exerceret
633 1423 806 1491 potius
833 1422 1196 1493 tyrannidem,
1225 1438 1383 1493 quam
1411 1437 1602 1480 causas
1640 1423 1915 1494 religionis

314 1516 560 1583 legitime
593 1516 968 1587 procuraret?)
994 1516 1197 1571 Nathan
1242 1517 1501 1588 pr0pheta
1531 1516 1616 1589 (Il
1650 1518 1779 1589 Reg.
1815 1516 1914 1589 xit)

315 1609 496 1675 palam
529 1608 852 1679 publiceque
878 1609 930 1663 in
963 1609 1099 1664 l’acie
1122 1609 1234 1679 regi
1265 1609 1455 1676 David,
1480 1618 1537 1666 et
1563 1609 1911 1665 commissum

2010 420 2114 474 Sed
2143 432 2287 490 esto,
2312 424 2610 480 Cah-ndion
2650 427 2996 497 imperatoris
3039 447 3233 488 nomen
3285 436 3595 505 abstulerit;

2009 512 2246 571 Joannes
2289 518 2517 588 principi
2565 522 2819 576 mentitus
2870 522 3037 579 fuisse
3060 525 3314 595 jactetur,
3360 546 3481 599 quae
3518 542 3600 587 ta-

2014 622 2136 662 men
2159 622 2284 664 cum
2318 625 2470 667 novat
2495 621 2677 668 essent
2696 629 2895 682 causa,
2919 632 3051 672 nova
3082 618 3103 650 ⁸
3131 621 3315 676 debuit
3342 624 3474 678 ecclo
3495 625 3601 678 sia-

2012 698 2147 753 stica
2172 702 2462 768 provenire
2490 703 2789 759 discessio?
2818 724 2883 760 an
2912 709 3001 777 qui
3033 708 3087 763 in
3127 711 3394 768 hominem
3434 716 3601 783 impe-

2012 795 2246 844 ratorem
2275 805 2530 859 peccasse
2551 793 2888 863 dicebantur,
2920 815 2989 852 nu
3014 799 3061 853 la
3087 801 3481 859 interveniente
3512 822 3599 876 sy-

2015 878 2159 933 nodo
2188 880 2346 950 dejici
2374 883 2707 951 debuerunt;
2741 898 2792 942 ct
2818 888 2871 942 iit
2901 889 3067 945 Deum
3096 933 3113 959 ,
3140 895 3228 962 qui
3275 909 3517 952 summus
3544 908 3600 952 et

2016 984 2179 1026 verus
2206 982 2289 1029 est
2317 974 2630 1044 imperator,
2664 977 2916 1035 Acacium
2951 981 3384 1055 delinquentem,
3420 988 3597 1045 since-

2014 1078 2238 1134 ramque
2259 1072 2700 1125 communionem
2741 1071 2907 1128 divini
2938 1079 3262 1133 sacramenti
3295 1080 3598 1137 studentem

2017 1156 2248 1212 miscere
2276 1173 2395 1212 cum
2429 1161 2646 1227 perlidis
2672 1202 2689 1227 ,
2732 1164 3025 1219 secundum
3056 1167 3321 1237 synodum
3350 1185 3450 1238 qua
3488 1172 3599 1228 Iu-c

2014 1255 2100 1301 est
2127 1246 2379 1302 damnata
2411 1250 2667 1318 perﬁdia,
2709 1268 2812 1307 non
2844 1256 3124 1323 oportebat
3157 1262 3353 1329 expelli
3384 1261 3477 1334 [αι.
3510 1282 3600 1319 cx-

2016 1337 2221 1409 cludi]?
2251 1340 2271 1371 ⁵
2296 1341 2435 1406 Quid
2465 1341 2532 1396 de
2563 1343 2859 1399 innumeris
2884 1361 2985 1416 per
3016 1357 3184 1411 totum
3213 1352 3487 1409 Orientem
3514 1372 3599 1410 ra-

2019 1429 2235 1487 tholicis
2260 1434 2632 1489 sacerdotibus
2674 1439 2885 1506 propria
2926 1440 3056 1496 sede
3074 1442 3337 1512 depulsis,
3366 1458 3419 1501 ct
3442 1447 3597 1501 indu-

2017 1522 2250 1578 bitanter
2273 1524 2537 1581 haereticis
2565 1526 2925 1583 intromissis?
2946 1532 3106 1587 Nova:
3132 1543 3282 1590 certe
3303 1546 3459 1591 erant
3477 1554 3599 1593 catt-

2018 1628 2123 1680 sze;
2166 1624 2223 1671 et
2254 1616 2339 1671 his
2367 1628 2760 1689 consequenter
2797 1621 2819 1652 °
2859 1637 2996 1678 nova
3019 1628 3255 1696 synodus
3283 1628 3599 1684 debebatur.

317 1701 696 1766 pronuntiavit
760 1715 1032 1768 errorem,
1098 1713 1153 1757 et
1210 1702 1383 1773 ipsum
1429 1704 1766 1760 commisisse
1809 1719 1915 1760 non
1946 1702 1995 1764 Β
2023 1707 2133 1762 Cur
2161 1717 2288 1765 tunc
2330 1725 2438 1766 non
2469 1714 2616 1768 venit
2651 1714 2704 1770 in
2735 1729 2970 1773 mentem
2997 1760 3013 1785 ,
3043 1727 3101 1774 ut
3129 1721 3180 1776 in
3208 1723 3397 1778 talibus
3425 1724 3601 1780 causis

313 1794 527 1858 tacuit;
559 1807 613 1848 et
657 1794 997 1850 confessione
1033 1804 1336 1850 correctum
1379 1806 1772 1867 consequenter
1813 1797 1913 1852 ab-

315 1889 503 1943 solvit.
536 1890 596 1960 ('
623 1888 794 1943 beatae
821 1892 1095 1944 memorire
1142 1890 1456 1945 Ambrosius
1500 1890 1915 1947 Mediolanensis

316 1980 581 2035 sacerdos
637 1981 933 2045 Ecclesire,
988 1981 1180 2052 majori
1233 1983 1537 2038 Theodosio
1601 1983 1915 2052 imperatori

315 2072 763 2128 communionem
795 2073 1005 2141 publice
1028 2074 1309 2144 palamque
1336 2074 1638 2144 suspendit,
1670 2086 1829 2143 atque
1847 2075 1914 2130 ad

323 2165 706 2231 penitentiam
736 2165 942 2234 redegit
969 2165 1170 2233 regiam
1215 2176 1569 2235 potestatem;
1604 2167 1773 2222 beatae
1804 2182 1918 2222 rne-

320 2255 517 2311 rnoria:
545 2272 679 2326 papa
701 2256 810 2312 Leo
840 2258 1000 2328 (sicut
1023 2258 1243 2330 legitur)
1266 2260 1644 2328 imperatorem
1668 2260 1917 2315 Theodo-

321 2349 466 2402 sium
511 2349 781 2418 juniorem
832 2349 1102 2419 Ephesino
1133 2350 1416 2407 latrocinio
1463 2352 1629 2407 libere
1673 2352 1918 2423 coarguit.

323 2440 719 2506 excedentem;
748 2449 951 2495 sanctae
988 2442 1264 2497 memoriae
1290 2457 1499 2513 quoque
1533 2458 1663 2511 papa
1706 2443 1917 2498 llilarus

324 2532 678 2588 Anthemium
712 2535 1109 2604 imperatorem,
1140 2550 1260 2591 cum
1312 2536 1621 2591 Philotheus
1666 2537 1914 2591 Macedo-

326 2626 528 2681 nianus
560 2626 679 2694 ejus
713 2625 1074 2682 familiaritate
1104 2626 1350 2682 suil'ultus
1380 2629 1708 2683 diversarum
1736 2630 1918 2685 conci-

324 2717 531 2773 liabula
584 2730 719 2770 nova
766 2727 1033 2772 sectarum
1066 2720 1117 2771 in
1169 2719 1365 2774 Urbem
1414 2719 1576 2774 vellet
1624 2719 1913 2787 inducere,

322 2808 473 2877 apud
508 2810 723 2862 beatum
748 2808 965 2863 Petrum
996 2812 1295 2879 apostolum
1334 2812 1505 2880 palam
1549 2827 1617 2866 ne
1644 2811 1694 2865 id
1728 2814 1910 2876 lieret,

326 2900 479 2953 clara
512 2914 648 2955 voce
676 2900 1018 2966 constrinxit,
1051 2902 1104 2953 in
1136 2910 1340 2955 tantum
1373 2911 1428 2955 ut
1450 2916 1555 2956 non
1582 2916 1645 2957 ea
1672 2902 1914 2957 facienda

324 3004 453 3044 cum
481 2990 891 3059 interpositione
928 2994 1251 3045 sacramenti
1286 2992 1425 3046 idem
1454 2993 1790 3062 promitteret
1817 2996 1912 3048 im-

2019 1808 2292 1869 peteretur
2338 1817 2368 1857 a
2409 1807 2651 1876 principe
2695 1809 2883 1864 saltem
2934 1812 3320 1885 qualiscunque
3368 1818 3600 1888 synodus

2016 1891 2372 1959 celebranda;
2407 1905 2459 1951 ut
2486 1912 2811 1970 quocunque
2833 1902 2916 1955 vel
2940 1902 3404 1975 coloratojudicio
3435 1909 3602 1964 tradi-

2019 1980 2180 2035 tionis
2220 1984 2601 2040 ecclesiasticaa
2642 1990 2839 2055 passim
2863 1992 3145 2058 pontiﬁces
3173 1995 3488 2053 viderentur
3512 2016 3603 2053 ex-

2017 2070 2158 2125 cludi
2183 2111 2198 2136 ,
2232 2088 2339 2127 non
2360 2074 2531 2128 solum
2558 2091 2997 2148 quarumcnnque
3026 2083 3235 2138 urbium
3264 2088 3598 2151 sacerdotes,

2020 2160 2115 2218 sed
2147 2166 2541 2234 metropohtani
2576 2168 2946 2224 incunctanter
2985 2174 3287 2230 antistites?
3313 2177 3404 2232 llis
3425 2181 3602 2235 enmi-

2019 2256 2119 2312 bus
2147 2271 2269 2312 cum
2302 2272 2407 2310 non
2442 2258 2628 2312 restiti!
2653 2262 2996 2329 suggestione
3025 2280 3126 2331 qua
3152 2268 3345 2334 potuit,
3376 2284 3600 2327 consen-

2018 2349 2088 2402 sit
2110 2348 2357 2412 Acacius,
2386 2349 2836 2405 communicando
2860 2355 3089 2424 cunctis,
3116 2358 3203 2426 qui
3224 2357 3279 2412 in
3311 2362 3601 2416 catholici»

2019 2456 2138 2494 rum
2189 2442 2363 2495 locum
2412 2441 2646 2495 lurretici
2683 2442 2895 2497 fuerant
2948 2447 3267 2516 suiu‘ogati:
3316 2453 3601 2521 Apostolus

2018 2539 2197 2585 autem
2240 2532 2366 2585 dicit
2408 2550 2419 2584 :
2456 2530 2577 2585 Non
2604 2532 2769 2585 solum
2798 2536 2884 2604 qui
2908 2539 3105 2605 faciunt
3129 2580 3144 2604 ,
3174 2541 3264 2594 sed
3290 2554 3341 2596 et
3368 2547 3457 2613 qui
3482 2562 3601 2602 con~

2017 2624 2241 2678 sentiunt
2294 2623 2600 2691 facientibus
2660 2625 2848 2694 (Rom.
2897 2629 2953 2696 ι)
2988 2673 3001 2697 ,
3060 2646 3183 2686 reos
3237 2634 3602 2695 indubitanter

2018 2714 2234 2769 ascribi.
2266 2717 2346 2769 An
2376 2715 2487 2770 haec
2521 2716 2666 2771 licuit
2694 2723 2936 2775 saeculari
2968 2726 3215 2791 potestati
3247 2732 3453 2786 etactis
3483 2733 3603 2790 tali-

2018 2805 2119 2861 bus
2141 2847 2156 2871 ,
2193 2810 2388 2863 Acacio
2414 2811 2784 2866 consentiente
2814 2814 3015 2885 absque
3040 2819 3142 2872 ulla
3174 2823 3409 2891 synodo,
3439 2841 3601 2896 quam

2017 2893 2129 2964 ipsa
2164 2912 2341 2952 rerum
2371 2900 2581 2954 novitas
2610 2902 2878 2972 exigebat,
2903 2907 3103 2979 absque
3130 2914 3274 2967 sedis
3295 2893 3602 2985 aposnilica:

2018 2991 2410 3048 consultatione
2433 2994 2722 3063 perlicere;
2744 3000 2927 3054 etsedi
2950 3006 3263 3073 apostolica:
3296 3025 3399 3064 non
3431 3012 3598 3079 lii-uit,

332 3094 579 3152 perator;
608 3096 810 3137 sanctae
843 3084 1113 3138 memoria:
1144 3084 1489 3139 nihilominus
1532 3102 1662 3156 papa
1695 3087 1914 3157 Simpli-
1939 3058 1989 3123 ο
2020 3083 2311 3138 secundum
2363 3094 2602 3141 tenorem
2634 3091 2825 3159 synodi
2856 3091 3311 3154 Chalcedonensis
3345 3100 3398 3155 in
3430 3106 3599 3159 vl-teri

327 3176 468 3238 cius,
502 3184 558 3229 et
590 3184 708 3243 post
736 3190 858 3229 eum
884 3186 1083 3231 sancta:
1121 3179 1392 3233 memoria;
1424 3194 1552 3248 papa
1604 3180 1775 3248 Felix,
1809 3198 1913 3237 non

332 3267 507 3320 solum
534 3266 848 3320 Basiliscum
877 3276 1183 3337 tyrannum,
1217 3268 1309 3323 sed
1337 3270 1496 3323 etiam
1534 3271 1912 3339 imperatorem

333 3356 608 3411 Zenonem
643 3371 741 3425 pro
771 3358 955 3412 iisdem
985 3358 1116 3425 ipsis
1145 3360 1473 3423 excessibus,
1511 3363 1829 3417 auctoritate
1852 3364 1911 3417 li-

338 3448 466 3503 bera
487 3447 684 3517 saepius
700 3448 1006 3517 increpasse
1029 3460 1341 3515 noscuntur,
1360 3451 1608 3522 ﬂectique
1631 3455 1910 3523 potuisset,

336 3541 439 3595 nisi
472 3541 1046 3610 Constantinopolitani
1080 3542 1323 3609 praesulis
1348 3542 1690 3599 accederetur
1720 3547 1914 3600 instin-

334 3632 577 3700 ctu,qui
625 3633 894 3701 particeps
943 3643 1179 3687 externae
1226 3635 1615 3690 communionis
1661 3638 1912 3703 eliectus,

339 3723 645 3778 necessario
676 3725 729 3777 in
758 3724 899 3794 quod
932 3724 1214 3789 inciderat,
1238 3725 1347 3795 jam
1374 3726 1606 3795 fovebat,
1634 3730 1836 3786 malens
1860 3731 1913 3787 in

333 3830 446 3871 sua:
496 3816 947 3882 prevaricationis
998 3817 1359 3873 obstinatione
1411 3822 1724 3890 persistere,
1754 3839 1914 3891 quam

336 3916 606 3967 curandus
626 3912 693 3967 ad
724 3913 955 3967 salubria
984 3928 1245 3979 remeare,
1274 3916 1415 3969 sicut
1442 3916 1556 3985 ipse
1585 3933 1761 3972 rerum
1791 3934 1915 3988 pro-

334 4004 477 4057 bavit
506 4014 755 4058 eventus.
790 4003 931 4058 Ecce
979 4020 1148 4073 nuper
1176 4005 1442 4061 ilonorico
1472 4009 1584 4079 regi
1609 4009 1915 4067 Vandalicaa

336 4095 590 4158 nationis,
626 4095 711 4149 vir
742 4111 965 4164 magnus
993 4108 1047 4150 et
1075 4097 1318 4165 egregius
1347 4099 1601 4154 sacerdos
1649 4101 1916 4170 Eugenius

336 4185 777 4253 Carthziginensis
798 4187 1115 4255 episcOpus,
1149 4189 1408 4259 multique
1433 4205 1553 4245 cum
1601 4193 1791 4247 eodem
1823 4210 1914 4249 ca-

338 4277 521 4332 lboiici
564 4280 872 4333 sacerdotes
911 4291 1222 4335 constanter
1272 4283 1583 4339 resisterent
1638 4288 1910 4354 salvienti,

333 4379 636 4438 cunctaque
665 4380 903 4427 extrema
929 4372 1239 4436 tolerann-s,
1271 4374 1533 4446 hodieque
1556 4382 1909 4447 persecutori-

332 4460 435 4514 bus
462 4462 712 4516 resistere
734 4478 840 4516 non
864 4465 1133 4517 omittunt.
1166 4465 1274 4520 Nos
1304 4483 1517 4537 quoque
1541 4470 1768 4527 Odoacri
1797 4475 1910 4529 bur-

333 4550 465 4605 baro
493 4552 747 4607 barretico
764 4570 983 4624 regnum
1012 4555 1171 4609 Italia:
1199 4567 1327 4612 tunc
1346 4562 1566 4625 tenenti,
1591 4578 1711 4617 cum
1734 4568 1907 4636 aliqua

333 4656 440 4695 non
473 4641 718 4698 facienda
745 4646 1081 4715 praciperet,
1116 4647 1227 4703 Deo
1274 4663 1558 4719 instante
1607 4658 1910 4716 nullatenus

336 4732 577 4797 paruisse
602 4735 937 4789 manilestum
966 4739 1096 4797 est.)
1123 4738 1217 4794 llic
1247 4750 1425 4795 autem
1452 4744 1533 4797 vir
1563 4745 1732 4803 bonus
1776 4750 1911 4804 Aca-

329 4824 470 4885 cius,
502 4831 562 4877 et
581 4826 834 4879 sacerdos
858 4826 1086 4882 eximius
1115 4827 1208 4899 [αι.
1235 4832 1521 4904 egregius],
1546 4833 1598 4889 in
1629 4845 1832 4892 tantum
1851 4855 1910 4895 se

333 4921 385 4966 ct
411 4928 701 4983 suggerere
724 4916 957 4985 potuisse
984 4922 1317 4989 monstravit,
1334 4931 1387 4977 et
1405 4924 1638 4980 noluisse
1658 4927 1907 4997 deprom-

335 5008 458 5073 psit,
486 5008 596 5060 imo
618 5008 816 5063 lavisse
841 5010 1093 5078 patefecit
1118 5030 1133 5078 ;
1159 5022 1216 5069 ut
1243 5024 1297 5069 et
1325 5015 1620 5086 imperator
1638 5033 1826 5075 cuncta
1850 5039 1910 5079 se

334 5112 397 5151 ex
429 5098 546 5165 ejus
575 5101 804 5168 gessisse
826 5105 1051 5156 consilio
1079 5120 1183 5159 non
1210 5114 1429 5173 taceret,
1455 5119 1507 5164 et
1539 5110 1655 5180 ipse
1682 5113 1913 5182 impera-

337 5198 506 5244 torem
557 5190 763 5259 magnis
819 5195 1098 5261 prazconiis
1142 5196 1385 5253 elevaret
1434 5200 1533 5255 ista
1580 5200 1904 5275 facientem;

404 5361 419 5391 ¹
454 5359 578 5413 Ilmc
609 5360 806 5428 pariter
830 5361 1023 5416 desunt
1054 5364 1105 5419 in
1135 5366 1323 5423 eodem
1343 5371 1551 5427 codice.

403 5429 735 5510 ’“Seqtn-ntia
764 5447 976 5510 quoque
995 5439 1197 5492 ansulis
1229 5440 1245 5495 i
1283 5441 1431 5497 clusa
1455 5444 1827 5507 desiderantur
1850 5454 1905 5510 in

331 5500 515 5555 Codice
560 5501 849 5553 Vt-rtiltettsi
860 5542 871 5554 .

402 5570 423 5641 ἓ
451 5573 580 5623 Cod.
607 5570 699 5623 Ver
714 5586 897 5635 onen.,
928 5577 1179 5641 proderet.

400 5640 418 5669 “
448 5641 523 5694 Id.
553 5641 700 5703 c0d.,
732 5640 976 5697 debuerit.

606 5736 876 5794 Parnoc.
924 5736 1089 5800 LIX.

2020 3175 2203 3241 utique
2231 3191 2389 3231 causa
2410 3219 2424 3243 ,
2448 3189 2509 3233 et
2548 3181 2715 3235 veteri
2745 3185 3037 3242 constituto
3058 3188 3209 3257 juxta
3234 3191 3599 3253 deﬁnitionem

2018 3265 2264 3318 dnttittata
2292 3264 2390 3338 [aL
2430 3270 2573 3337 justa
2604 3271 2916 3331 deﬁnitione
2949 3278 3281 3353 damnatum]
3303 3324 3319 3350 ,
3366 3284 3599 3343 inimicis

2017 3361 2205 3430 synodi
2251 3361 2709 3421 Chalcedonensis
2739 3370 2993 3425 Acacium
3034 3376 3520 3433 communicantem
3565 3397 3596 3436 a

2016 3466 2113 3505 sua
2157 3453 2535 3510 communione
2573 3456 2883 3523 depellere?
2909 3461 3013 3517 Sed
3042 3463 3286 3533 inquiunt
3316 3484 3329 3521 :
3370 3469 3598 3527 Aeacius

2018 3544 2242 3613 principi
2264 3545 2483 3604 obviare
2511 3565 2618 3604 non
2650 3553 2839 3617 potuit.
2873 3555 2977 3610 Cur
3022 3556 3301 3626 Basilisco,
3343 3563 3461 3630 quia
3499 3579 3599 3618 vo-

2015 3636 2115 3692 Ittit
2137 3679 2153 3704 ,
2185 3638 2455 3695 obviavit?
2478 3657 2575 3696 cur
2606 3644 2718 3712 ipse
2742 3645 2963 3713 Zenoni,
2989 3666 3054 3703 ne
3084 3653 3255 3716 palam
3287 3652 3446 3711 Petro
3483 3660 3597 3714 An-

2018 3737 2270 3792 tiochcno
2315 3740 2559 3808 quamvis
2592 3740 2820 3798 latenter
2849 3743 2950 3799 hoc
2976 3745 3171 3801 fecerit
3199 3754 3597 3811 coonnnnicare

2016 3827 2293 3883 videretur
2314 3868 2333 3893 ,
2367 3846 2469 3883 non
2499 3833 2863 3886 commodavit
2901 3838 3224 3892 assensum?
3252 3854 3380 3895 ecce
3428 3845 3597 3899 resulo

2017 3919 2146 3971 tanti
2196 3934 2299 3974 non
2332 3920 2519 3975 institit
2540 3920 2640 3993 {aL
2687 3923 2906 3996 restitit]
2947 3926 3237 3995 imperator
3282 3949 3293 3984 :
3332 3948 3457 3989 ecce
3488 3939 3592 3991 vim

2017 4009 2218 4065 nolenti
2258 4026 2362 4065 non
2409 4013 2620 4078 intulit;
2652 4028 2779 4070 ecce
2823 4017 3109 4086 refugienti
3135 4024 3380 4091 contagia
3426 4029 3595 4080 mani-

2020 4098 2154 4154 festa
2173 4104 2440 4157 concessit
2466 4119 2480 4156 :
2515 4118 2787 4171 postremo
2811 4146 2827 4170 ,
2858 4122 2954 4161 cur
2985 4117 3131 4162 tanto
3160 4120 3402 4182 tempore
3423 4159 3437 4184 ,
3469 4132 3590 4172 curn

2018 4191 2117 4245 ista
2162 4204 2520 4261 gererentur,
2565 4195 2647 4248 vel
2675 4197 2909 4265 gerenda
2940 4214 3330 4272 cognosceret,
3373 4222 3479 4261 non
3523 4211 3591 4266 ad

2014 4284 2197 4338 sedem
2236 4284 2605 4351 apostolicam,
2631 4302 2659 4339 a
2687 4302 2789 4357 qua
2834 4289 2935 4344 sibi
2964 4305 3146 4347 curam
3173 4293 3390 4352 illarum
3423 4303 3595 4372 regio-

2017 4390 2142 4428 num
2176 4386 2397 4431 noverat
2424 4377 2724 4448 delegatam
2750 4419 2767 4447 ,
2800 4380 3001 4437 referre
3042 4389 3332 4444 maturavit
3359 4391 3455 4462 [αΙ.
3494 4411 3593 4451 cu-

2019 4463 2210 4536 ravil]?
2239 4467 2342 4521 Sed
2388 4469 2536 4535 prius
2566 4470 2808 4525 laudator
2842 4471 3013 4527 racius
3038 4483 3126 4530 est
3156 4477 3269 4547 ipse
3298 4493 3593 4551 gestorum,
3630 4464 3638 4545 ἓ

2017 4578 2174 4632 quam
2220 4563 2301 4618 vel
2341 4575 2697 4630 praernotreret
2738 4564 2861 4620 talia
2900 4581 3023 4622 esse
3075 4576 3352 4639 tentanda,
3400 4579 3483 4632 vel
3530 4596 3598 4637 ne

2020 4664 2356 4711 tentarentur
2391 4658 2695 4711 obsisteret.
2725 4659 2872 4713 Sicut
2898 4661 2999 4714 sub
3029 4662 3287 4719 Basilisco
3308 4667 3419 4736 jam
3455 4673 3598 4727 lece-

2018 4758 2123 4811 rat,
2168 4762 2265 4800 cur
2314 4748 2419 4801 ίΙΙίς
2467 4748 2677 4801 ωἰετίδ
2720 4750 3119 4807 communicare
3163 4760 3461 4825 consensit,
3507 4763 3598 4829 qui

2016 4836 2256 4907 depulsis
2283 4837 2559 4891 catholicis
2588 4839 2979 4905 sacerdotibus,
3027 4841 3394 4902 indubitanter
3425 4848 3600 4912 Incre-

2018 4935 2104 4989 tici
2129 4935 2358 5003 singulis
2386 4935 2606 4988 urbibus
2630 4936 2839 4989 fuerant
2865 4936 3177 4991 substituti?
3204 4938 3486 4998 Postremo
3509 4944 3600 5001 ille

2015 5026 2185 5082 defuit
2205 5028 2315 5080 suis
2341 5025 2610 5095 partibus;
2641 5034 2698 5079 et
2720 5040 2838 5093 quae
2865 5027 3136 5083 sacerdoti
3157 5029 3425 5089 catholico
3449 5050 3596 5089 corn-

2013 5127 2300 5192 peterent,
2331 5133 2492 5186 agerc
2525 5117 2777 5172 tastidivit
2799 5118 2893 5191 [αι.
2924 5134 3033 5176 non
3054 5122 3280 5196 curavit]
3312 5141 3327 5181 :
3361 5126 3481 5183 ideo
3510 5144 3597 5185 se-

2014 5213 2111 5269 des
2139 5209 2429 5281 apostolica
2466 5207 2606 5276 quod
2647 5210 2667 5240 τ
2696 5206 2762 5264 ad
2807 5210 2994 5265 eadem
3026 5212 3358 5281 pertinebat,
3386 5217 3469 5274 vel
3496 5234 3593 5288 po-

2094 5386 2115 5418 u
2150 5382 2230 5439 Id.
2278 5383 2426 5443 cod.,
2461 5382 2601 5446 Quid
2626 5396 2715 5444 per
2744 5389 2905 5436 totum
2935 5382 3192 5439 Orientem
3219 5389 3284 5441 de
3311 5389 3593 5447 innumeris

2011 5454 2220 5538 urbibus
2263 5454 2396 5523 pulsi
2434 5453 2677 5505 catholici
2708 5453 2999 5509 sacerdotes
3020 5496 3034 5523 ,
3076 5465 3125 5510 et
3160 5454 3385 5512 ἀωτειίσί
3406 5459 3589 5515 subro-

2077 5667 2095 5696 ⁷
2136 5665 2210 5717 Id.
2247 5666 2390 5730 cod.,
2427 5664 2493 5716 ad
2523 5680 2655 5717 eam.
