4098 6172
476 231 544 285 ’ῖῦ
1831 237 2008 292 ΩΕΙΛ
2018 236 2099 291 Sil
2140 236 2341 292 ΡΛΡᾹΞ
2381 237 2401 292 1
3676 241 3747 295 78

475 345 575 398 ruit
621 345 699 399 vcl
757 344 940 401 debuit
1001 347 1316 414 prmterire?
1363 348 1612 414 Quolibet
1672 348 1827 417 igitur
1880 347 2045 400 modo
2083 349 2130 407 Α
2162 346 2280 413 quia
2316 348 2365 397 in
2398 352 2595 398 soitem
2629 345 2928 397 reciderant
2975 343 3404 413 pr.i~varicatoris
3434 343 3654 398 Acacii:
3688 355 3747 400 et

476 437 843 491 luereicorum
902 438 1213 504 coinplicem
1276 439 1564 503 refutavit,
1619 452 1672 493 et
1748 446 2050 494 consortem

474 529 865 582 communionis
909 540 1145 583 externa:
1190 544 1219 583 a
1259 544 1353 582 sua
1387 529 1765 583 communione
1792 529 2054 593 dimovit;

474 634 571 672 nec
609 633 743 686 opus
794 619 890 673 fuit
922 634 1060 674 nova
1108 619 1314 689 synodo
1342 659 1358 681 .
1401 636 1521 673 cum
1550 620 1746 674 veteris
1775 618 2051 672 con-tituli

473 709 840 762 sul'ticienter'
875 710 985 761 inec
1026 708 1192 762 forma
1228 712 1628 779 praescriberet;
1664 725 1764 765 nec
1792 725 1931 776 Opus
1956 708 2054 763 fuit

476 808 532 849 ιιι
560 798 672 850 haec
700 799 912 853 scienda
946 799 1036 870 [aL
1066 799 1326 871 iacienda]
1361 801 1600 855 Orientis
1631 802 1904 869 episcopis
1936 802 2063 855 inti-

477 902 664 955 maret,
684 908 817 962 quos
837 909 899 947 ex
925 894 1238 961 expulsinue
1255 895 1800 962 catholicorum,qu;e
1826 894 2060 963 ageban-

477 994 558 1036 tur
589 984 639 1036 iu
664 998 820 1037 caus-i
862 984 980 1038 lidei
1002 1025 1016 1049 ,
1043 998 1147 1037 non
1180 985 1456 1053 ignorasse
1488 984 1828 1038 manifestum
1858 993 1977 1047 est;
2006 992 2059 1036 et

476 1072 917 1125 mtttmuuicattd.)
972 1073 1240 1127 husrcticis
1271 1074 1576 1142 subrogatis
1596 1112 1609 1135 ,
1645 1074 1784 1127 laeto
1815 1074 1901 1126 tali
1931 1087 2058 1126 con-

481 1160 714 1215 st-nsisse
749 1177 851 1212 ttun
877 1161 1097 1214 dubium
1121 1173 1231 1224 est,
1257 1164 1277 1192 ²
1306 1163 1464 1216 etiam
1500 1177 1620 1215 cum
1650 1174 1884 1215 externae
1915 1176 2059 1215 com-

476 1253 743 1306 munionis
785 1252 989 1307 effectis
1019 1252 1111 1324 [αΙ.
1155 1253 1299 1305 addit
1330 1262 1488 1321 atque
1517 1253 1636 1306 ideo
1677 1267 1796 1305 cum
1828 1249 2057 1321 eisjain]

477 1364 573 1404 nec
617 1352 761 1418 potui
795 1366 892 1412 se,
946 1364 1043 1402 nec
1087 1348 1336 1401 debuisse
1374 1347 1520 1400 sedis
1568 1346 1878 1415 apostuficze
1925 1344 2057 1398 scita

476 1443 712 1497 tractari.
750 1444 887 1498 Ecce
912 1451 1247 1511 agnoverunt
1287 1443 1337 1495 in
1385 1458 1566 1495 eorum
1605 1440 1937 1509 professione
1966 1442 2056 1509 qui

476 1536 915 1589 constantissime
938 1536 1318 1603 perduraruut,
1348 1533 1487 1601 quod
1522 1532 1641 1584 ii-lei
1665 1530 2059 1584 communioni-

476 1640 577 1694 que
606 1624 882 1677 catuolica:
910 1624 1217 1679 deberetur.
1254 1624 1390 1677 Ecce
1435 1632 1764 1691 agnoverunt
1802 1624 2058 1689 quemad-

2167 437 2309 491 illius
2328 450 2385 490 se
2405 438 2523 491 sine
2552 436 2719 491 dubio
2749 435 3095 506 pervidebant
3121 436 3383 489 sententia
3413 448 3751 504 consequen-

2167 536 2247 578 ter
2275 526 2521 595 astringi,
2557 526 2652 597 [αι.
2680 526 2828 578 addit
2870 523 2946 595 et]
2987 526 3057 580 ob
3099 525 3201 579 hoc
3244 540 3367 580 eum
3397 524 3568 580 videri
3601 526 3752 578 nole-

2164 616 2291 668 bant
2319 631 2440 671 esse
2463 617 2792 685 damnatum,
2811 617 2932 686 quia
2961 630 3021 671 se
3050 616 3447 675 cognoscebant
3469 616 3523 670 in
3553 616 3749 671 eadem

2166 710 2603 777 praevaricatione
2650 711 2966 776 damnatos,
2999 711 3048 764 iu
3076 726 3178 780 qua
3208 710 3365 765 hodie
3396 725 3608 779 quoque
3635 727 3752 765 ma-

2164 814 2293 855 nere
2322 802 2635 868 persistunt.
2668 800 2773 856 Sed
2803 803 2942 855 sicut
2981 803 3013 855 ii
3066 802 3227 856 simili
3259 802 3570 857 conditione
3615 818 3750 857 cnn-

2164 891 2334 945 strieti
2384 890 2699 961 cntnpliccm
2745 906 2900 945 suum
2945 908 3050 945 non
3083 904 3307 960 possunt
3349 894 3596 962 judicare
3636 909 3749 948 non

2160 984 2282 1052 jure
2320 986 2627 1039 damnatum
2650 1030 2663 1052 ,
2698 1001 2871 1054 neque
2902 1001 3048 1040 reum
3080 988 3173 1059 lat.
3211 988 3284 1042 rei
3316 986 3491 1058 reum]
3522 998 3746 1056 possunt

2164 1088 2528 1146 Competenter
2551 1077 2829 1132 absiilverc
2854 1119 2869 1144 ,
2920 1079 2998 1132 sic
3029 1079 3117 1132 illo
3143 1079 3286 1148 juSte
3328 1081 3745 1149 prirvaricaiore

2162 1167 2443 1233 damnato,
2487 1169 2587 1236 ipsi
2639 1183 2851 1237 quoque
2882 1169 2993 1237 pari
3037 1169 3219 1236 jacent
3258 1169 3599 1226 damnatione
3627 1186 3750 1238 pro-

2163 1258 2338 1321 5trati,
2376 1272 2549 1327 neque
2580 1258 2679 1312 nisi
2716 1259 3117 1327 resipiscentes,
3162 1260 3285 1315 inde
3314 1272 3563 1329 poterunt
3592 1277 3748 1330 pror~

2162 1363 2253 1404 sus
2274 1351 2478 1403 absolvi
2515 1369 2526 1403 :
2560 1352 2679 1420 quia
2711 1353 2847 1405 sicut
2882 1367 2977 1420 per
3008 1369 3167 1406 unum
3202 1354 3523 1408 scribentem
3559 1370 3749 1409 eerum

2161 1443 2400 1494 omnium
2434 1442 2640 1511 vulgata
2679 1445 3103 1511 transgressione
3131 1443 3223 1514 [aL
3258 1446 3612 1514 transgressio
3641 1446 3748 1515 est]

2161 1534 2250 1601 qui
2300 1535 2351 1587 in
2393 1535 2637 1589 eamdem
2668 1535 2904 1604 perﬁdiae
2929 1537 3233 1591 reciderant
3269 1539 3560 1602 actionem,
3587 1537 3667 1593 sic
3695 1540 3748 1592 in

2165 1639 2272 1678 uno
2300 1625 2598 1693 eodemque
2624 1626 2712 1694 qui
2745 1642 2840 1693 pro
2867 1626 3112 1680 omnibus
3141 1627 3430 1695 scripserat
3458 1668 3473 1690 ,
3503 1628 3585 1681 vel
3613 1630 3748 1682 scri-

478 1717 695 1770 modutn
721 1732 749 1769 a
782 1717 978 1770 talibus
1004 1716 1303 1771 rccedendo
1324 1758 1339 1779 ,
1366 1716 1473 1767 imo
1504 1715 1698 1767 talibus
1725 1722 1911 1766 contra
1946 1729 2057 1765 nio-
2092 1714 2137 1773 Β
2167 1714 2340 1768 bendo
2363 1715 2600 1767 omnium
2634 1736 2643 1777 ι
2666 1716 2934 1769 rodidera:
2959 1722 3080 1770 vn'u
3124 1725 3282 1784 tates,
3309 1718 3747 1785 transgressiooo

476 1807 673 1873 liendo,
710 1824 736 1860 a
766 1807 867 1861 ﬁde
898 1816 952 1860 et
976 1808 1353 1861 communione
1383 1806 1643 1860 catholica
1676 1806 1901 1860 deviarit
1928 1808 2063 1859 Aca-

475 1900 589 1954 cius
613 1939 631 1966 ,
659 1914 825 1968 seque
857 1898 1061 1967 pariter
1102 1913 1223 1952 cum
1265 1901 1453 1951 etidem
1498 1897 1668 1950 errori
1700 1894 2057 1950 snbdideriut.

477 1996 619 2050 Ecee
658 2002 990 2065 agnoverunt
1039 2008 1198 2062 quam
1228 1992 1386 2060 jnstis
1427 2007 1489 2045 ex
1533 1992 1711 2043 causis
1750 2004 1844 2057 pro
1878 1989 1982 2042 lide
2003 1998 2059 2042 et

474 2091 851 2146 communione
872 2089 1135 2143 catholica
1157 2096 1317 2155 atque
1340 2084 1653 2154 apostolici,
1678 2083 1763 2137 cui
1793 2092 1845 2136 et
1878 2082 1949 2136 illi
1968 2082 2057 2151 qui

474 2185 527 2239 in
556 2202 617 2238 ea
645 2182 993 2251 perstiterant
1019 2178 1403 2248 congruebant,
1427 2185 1481 2230 et
1506 2176 1557 2229 hi
1587 2176 1676 2243 qui
1700 2173 2059 2243 perstantibus

462 2275 761 2330 'obviabant
781 2314 795 2336 ,
827 2273 897 2325 ah
926 2270 1114 2324 eadem
1160 2268 1491 2321 docebantur
1521 2265 1679 2318 alieni
1699 2303 1713 2328 ,
1742 2262 1883 2316 sedis
1924 2276 2057 2330 apo-

473 2367 678 2421 stolica:
709 2365 1025 2418 auctoritate
1072 2360 1141 2413 sit
1191 2366 1429 2412 remotus
1480 2354 1703 2408 Aeacius
1736 2353 1783 2422 (³
1812 2352 1877 2404 ad
1901 2350 2058 2418 cujus

474 2464 739 2533 pra-cipue
769 2468 986 2513 vocatus
1017 2470 1241 2508 examen
1275 2453 1354 2505 vel
1382 2451 1559 2503 venire.
1580 2448 1660 2502 vel
1691 2447 1901 2501 mittere
1943 2460 2052 2499 non

474 2556 695 2617 curavit,
726 2561 781 2605 ut
809 2567 866 2605 se
896 2551 963 2605 de
995 2550 1076 2602 liis
1124 2546 1406 2605 omnibus.
1440 2554 1496 2597 ut
1525 2542 1849 2608 conlidebit,
1884 2542 2057 2596 absob

474 2649 643 2718 reret)
668 2690 681 2714 ,
715 2646 936 2716 ejusque
984 2642 1181 2713 pariter
1221 2641 1526 2710 quicunque
1565 2639 1857 2707 couiplices
1886 2640 2057 2693 exsti-

473 2742 655 2805 terint,
698 2749 857 2808 atque
902 2736 969 2789 ab
1007 2734 1097 2788 illa
1142 2732 1336 2787 merito
1373 2747 1493 2785 cum
1546 2731 1629 2785 his
1678 2730 2055 2786 communione

472 2837 737 2891 discretus
762 2873 775 2897 ,
804 2849 837 2887 a
877 2846 981 2902 qua
1013 2844 1071 2885 se
1100 2828 1214 2898 ipse
1243 2826 1470 2897 primum
1502 2840 1620 2880 cum
1649 2828 1756 2881 suis
1789 2826 2054 2881 consorti.

475 2928 575 2984 bus
620 2926 899 2982 catholicis
944 2924 1287 2995 pontiﬁcibus
1319 2921 1671 2988 discrepando
1713 2921 2053 2990 cognoscitur

471 3033 779 3088 reparasse;
805 3018 1029 3086 jurcque
1051 3015 1370 3070 sententiam
1395 3013 1485 3067 ille
1515 3012 1873 3066 damnationis
1896 3028 2051 3067 exce-

2167 1808 2371 1874 punita,
2423 1817 2619 1872 pardcr
2657 1822 2869 1875 quopie
2899 1822 3021 1861 cum
3072 1809 3286 1872 eodem,
3340 1810 3418 1862 vel
3461 1810 3513 1862 in
3555 1810 3745 1864 eodem

2162 1906 2242 1950 est
2271 1897 2590 1961 complicum
2623 1901 2974 1965 transgressio
2997 1899 3174 1967 punita
3207 1901 3589 1957 cunctorum-“
3609 1901 3742 1968 Quze

2165 1999 2340 2041 tamen
2375 1993 2637 2043 sententia
2674 1993 2722 2043 in
2768 1992 2812 2044 A
2836 1992 3020 2044 racium
3052 1991 3353 2055 destinata,
3387 1993 3489 2047 etsi
3526 1994 3746 2047 nomine

2162 2082 2530 2136 tantummodo
2584 2098 2757 2150 pra‘su
2782 2083 2827 2137 is
2867 2084 3144 2151 apostolici
3174 2124 3192 2151 ,
3234 2085 3386 2153 cujus
3415 2095 3533 2140 erat
3562 2093 3748 2156 utique

2167 2173 2448 2240 potestatis
2494 2174 2745 2243 legitimu-
2774 2217 2785 2233 ,
2821 2176 3073 2243 probatur
3101 2192 3220 2231 esse
3246 2177 3579 2248 deprompta,
3610 2194 3748 2248 pra--

2159 2268 2313 2335 cipue
2341 2283 2461 2321 cuin
2492 2280 2705 2321 secreto
2734 2268 3010 2332 drigenda
3044 2270 3315 2325 videretur
3347 2287 3361 2324 :
3387 2286 3455 2326 ne
3482 2272 3746 2326 custodiis

2163 2359 2356 2427 ubique
2381 2360 2652 2427 praetentis
2680 2359 2965 2428 di-posiiio
2992 2361 3244 2416 salutaris
3275 2360 3598 2431 quibuslibet
3632 2362 3743 2418 dif-

2164 2450 2485 2504 ﬁcultatibus
2517 2451 2717 2519 impedi
2745 2466 2772 2503 a
2822 2453 3181 2507 necessariam
3216 2455 3411 2508 habere
3461 2470 3565 2508 non
3620 2471 3744 2525 pos-

2158 2550 2240 2595 set
2269 2540 2549 2607 eﬁ'ectum;
2578 2545 2892 2611 tamenquia
2920 2543 3235 2599 ortliodoxis
3268 2545 3462 2614 ubique
3491 2546 3739 2616 dejectis,

2157 2642 2213 2687 et
2238 2632 2503 2688 hmreticis
2527 2634 2896 2688 tantummodo
2926 2649 3220 2705 eorumque
3251 2638 3587 2692 consortibus
3621 2639 3737 2708 jam

2158 2726 2360 2781 relictis
2408 2728 2459 2781 in
2489 2727 2738 2791 Oriente,
2780 2727 3031 2781 catholici
3077 2729 3357 2795 pontiﬁces
3406 2740 3495 2782 aut
3540 2732 3741 2786 residui

2157 2820 2375 2871 omnino
2407 2833 2512 2871 non
2543 2832 2602 2873 es
2634 2827 2756 2885 ent,
2805 2828 2896 2872 aut
2923 2820 3120 2872 nullam
3150 2832 3396 2889 gererent
3437 2822 3740 2877 libertatem

2159 2911 2506 2980 plurimorum
2547 2910 2599 2962 in
2646 2909 2791 2963 Italia
2832 2910 3217 2965 catholicorum
3265 2915 3610 2982 congregatio
3655 2931 3741 2969 sa-

2156 3002 2461 3063 cerdotum;
2517 3000 2904 3054 ratiooabiliter
2953 3002 3005 3054 in
3056 3002 3305 3056 Acaiiuni
3351 3004 3373 3035 ‘
3423 3008 3740 3059 sententiam

474 3074 569 3177 pii,
626 3124 705 3164 ore
732 3074 949 3177 eri-sque
1004 3105 1342 3160 consortibus
1393 3121 1514 3158 eum
1554 3106 1666 3158 suis
1715 3104 2053 3158 consortibus
2083 3074 2129 3137 Ο
2159 3097 2409 3163 cognovit
2470 3094 2632 3147 fuisse
2688 3092 2984 3162 ριύιίιιειιη.
3040 3111 3160 3162 Quae
3211 3098 3555 3165 cong'Pg=Ili0
3605 3097 3738 3153 facta

473 3199 952 3268 pruiuulgandam;
981 3197 1069 3266 qui
1113 3196 1262 3251 solus
1305 3210 1399 3263 pro
1428 3196 1674 3248 munibus
1697 3196 1805 3249 suis
1832 3210 2055 3250 conser—

473 3290 613 3343 tibus
643 3290 697 3343 in
723 3287 1153 3342 communionem
1183 3300 1243 3341 se
1272 3285 1529 3340 recidisse
1560 3287 1797 3353 perﬁdiae
1828 3287 1891 3340 ad
1922 3302 2054 3355 apo.

470 3380 716 3434 stolicam
741 3379 923 3433 sedem
951 3378 1128 3431 missis
1151 3378 1340 3431 litteris
1362 3387 1444 3430 est
1468 3378 1761 3447 professus.
1796 3379 1891 3433 Cui
1922 3383 2052 3433 Aca-

470 3474 554 3525 cio
585 3512 599 3537 ,
635 3471 679 3523 si
712 3469 1241 3523 communicaverant
1278 3469 1579 3523 Orientales
1619 3471 1856 3540 episcopi
1902 3482 2053 3525 ante-

475 3576 632 3629 quam
661 3560 763 3613 buc
789 3558 1012 3613 referret
1056 3557 1146 3629 lal.
1175 3556 1524 3627 referretur],
1558 3560 1668 3627 pari
1700 3560 1848 3629 utiqu
1873 3584 1880 3595 -
1907 3571 2052 3615 reatu

474 3659 590 3711 rin‘e
644 3656 802 3709 dubio
830 3655 851 3687 δ
883 3655 1209 3725 probabatur
1238 3652 1465 3722 involvi,
1508 3655 1739 3723 jureqne
1779 3672 1875 3724 per
1905 3657 2052 3710 illum

476 3746 919 3816 transgressiopis
966 3747 1287 3799 Sententiam
1339 3758 1738 3813 susceperunt,
1798 3753 2050 3814 tanquam

472 3841 595 3895 farti
641 3856 759 3894 cum
795 3839 986 3893 eodem
1026 3834 1422 3890 communionis
1460 3845 1729 3902 externze;
1758 3837 1847 3905 qui
1872 3837 2055 3905 utique

471 3947 577 3986 non
609 3929 816 3984 consuli
858 3936 1108 3997 tauquam
1157 3933 1354 3979 nostra:
1384 3926 1779 3980 communionis
1811 3929 1932 3980 hom
1960 3941 2053 3979 nes

469 4022 577 4090 jam
611 4021 889 4082 deberent,
921 4016 1014 4071 sed
1060 4025 1311 4083 tan-inim
1344 4016 1396 4069 in
1422 4016 1695 4072 contrario
1717 4017 1873 4085 posi.i
1919 4033 2051 4073 con-

468 4111 636 4166 sortio
673 4108 914 4165 refutari.
948 4106 1003 4163 Si
1034 4120 1163 4161 vero
1202 4120 1309 4159 non
1343 4107 1872 4163 communieaverant
1898 4120 2053 4164 ante-

468 4215 628 4269 quam
660 4199 885 4254 Aeacius
916 4198 1017 4251 huc
1044 4197 1271 4251 referret
1301 4197 1394 4268 lal.
1426 4197 1783 4272 referretur],
1815 4212 1868 4257 et
1907 4218 2053 4257 corn-

468 4292 828 4346 municantem
862 4298 1047 4343 notare
1077 4289 1394 4351 debuerant,
1427 4299 1480 4343 et
1504 4290 1617 4358 ipse
1645 4290 1713 4345 de
1742 4291 1929 4347 eodem
1960 4308 2050 4362 po-

471 4384 575 4435 tius
605 4380 708 4434 buc
738 4378 946 4434 referre
965 4421 981 4447 ,
1014 4388 1172 4448 atque
1202 4380 1511 4447 apostolica:
1541 4380 1684 4435 sedis
1716 4383 1896 4451 vigore
1927 4401 2049 4453 per-

466 4473 677 4528 culsum
698 4472 888 4525 merito
900 4470 1274 4538 comprobare,
1298 4486 1525 4540 cumque
1541 4487 1602 4526 ea
1618 4473 1745 4529 sede
1759 4478 2048 4544 apostolica

469 4562 734 4631 tantisque
774 4562 881 4614 illis
927 4560 1209 4614 catholicis
1250 4563 1590 4629 pontiﬁcibus
1654 4569 1822 4633 magis
1868 4578 2051 4625 tenere

468 4652 832 4707 concordiam.
879 4650 984 4705 Sed
1032 4650 1155 4720 quia
1183 4651 1250 4706 ab
1276 4652 1487 4706 illorum
1518 4654 1777 4710 societate
1807 4659 2047 4714 descive.

471 4756 620 4812 rant,
649 4756 703 4801 et
737 4760 923 4799 eorum
966 4745 1370 4799 successoribus
1402 4748 1803 4803 communicare
1834 4751 2048 4819 delege.

470 4849 620 4904 rant;
650 4838 771 4893 ideo
799 4850 918 4891 cum
941 4835 1068 4890 sede
1094 4834 1386 4903 apostolica
1406 4835 1626 4889 minime
1655 4840 2048 4908 congruebant;

540 5025 554 5051 ¹
600 5022 674 5075 Id.
696 5021 841 5090 cod.,
867 5022 962 5075 hoc
1004 5022 1189 5091 forma.

536 5093 557 5122 ²
599 5092 675 5145 Id.
712 5090 866 5155 cod.,
911 5090 1064 5146 etiam
1117 5094 1485 5146 communionis
1537 5105 1757 5149 externa:
1799 5096 2004 5163 c/I'ectos

536 5177 615 5212 me
642 5161 755 5212 ideo
779 5175 895 5212 cum
924 5162 996 5212 eis
1023 5178 1132 5212 nec.
1155 5170 1258 5212 etc.

467 5174 615 5215 atque
642 5170 755 5215 ideo
779 5175 895 5214 cum
924 5170 996 5215 eis
1023 5178 1132 5215 nec.
1155 5170 1258 5215 810.

525 5179 615 5231 que
642 5179 755 5215 meo
779 5179 895 5214 cum
924 5179 996 5215 818
1023 5179 1132 5222 nec,
1155 5179 1258 5215 CIC.

540 5232 560 5261 ³
601 5231 725 5284 llmc
753 5231 948 5285 desunt
977 5232 1030 5285 in
1059 5233 1179 5285 cod.
1213 5233 1521 5289 Veranensi.

539 5300 561 5331 ⁸
595 5301 672 5353 ld.
700 5300 841 5363 cod.,
872 5302 1235 5371 probabantur.

542 5372 562 5402 ⁸
600 5370 836 5432 ld.cod.,
866 5370 1180 5426 Cunctorum.
1208 5373 1331 5437 Qua:
1352 5374 1419 5425 ad
1445 5374 1834 5427 instructionem
1862 5383 2041 5428 vestra:

472 5442 901 5513 dilectionis_satis
931 5442 1227 5513 abundeque
1251 5443 1476 5511 sufﬁcere
1495 5444 1791 5513 judicamus
1815 5485 1829 5507 ,
1859 5461 2039 5513 quam-

472 5515 544 5565 vis
560 5513 733 5565 eadem
751 5510 925 5578 latius,
949 5513 991 5563 si
1016 5509 1261 5563 Dominm
1278 5509 1573 5566 concesserit
1590 5509 1904 5580 facultatem,
1932 5525 2043 5567 stu-

471 5585 679 5634 deamus
703 5597 967 5650 exponere,
993 5592 1232 5648 quatenus
1251 5585 1533 5647 etﬁdelium
1555 5586 1665 5650 quis
1680 5602 1764 5650 me
1776 5597 2040 5653 cognoscat

474 5655 599 5705 nihil
633 5653 957 5718 apostolicam
997 5658 1159 5706 sedem
1184 5693 1197 5717 ,
1233 5654 1365 5717 quod
1391 5654 1549 5719 absit,
1587 5671 1907 5719 prirprovere
1929 5670 2041 5707 cen-

2161 3185 2467 3255 pmtiﬁcum
2521 3202 2625 3238 non
2679 3197 2864 3238 contra
2912 3186 3430 3253 Chalcedonensem,
3477 3204 3586 3242 non
3626 3197 3741 3243 tan-

2159 3300 2317 3351 quam
2374 3299 2507 3338 nova
2574 3283 2809 3350 synodus
2877 3293 3061 3338 contra
3118 3294 3351 3339 veterem
3413 3287 3742 3354 primamque

2157 3377 2177 3406 "
2210 3378 2490 3443 Cognovit;
2521 3376 2612 3429 sed
2665 3377 2840 3441 potius
2893 3376 3183 3428 secundum
3241 3386 3480 3429 trnorem
3544 3378 3740 3432 veteris

2157 3468 2426 3523 constituti
2483 3469 2750 3535 particeps
2789 3467 3098 3536 apostolicae
3139 3470 3502 3523 exsecutionis
3547 3469 3737 3525 elfema

2157 3571 2267 3622 est;
2295 3571 2346 3614 ut
2377 3560 2507 3612 satis
2534 3567 2784 3627 appareat
2812 3559 3104 3613 Ecclesium
3136 3559 3454 3614 catholicam
3482 3601 3497 3625 ,
3528 3563 3738 3615 sedent-

2157 3667 2261 3720 que
2283 3652 2631 3720 apostolicam
2656 3692 2671 3716 ,
2705 3652 2826 3721 quia
2854 3653 2981 3706 alibi
3001 3652 3111 3720 jam
3142 3654 3362 3708 omnino
3384 3667 3488 3707 non
3523 3664 3734 3721 posset,

2159 3744 2244 3798 ubi
2278 3745 2447 3812 potuit
2477 3783 2490 3809 ,
2520 3755 2571 3798 et
2600 3760 2719 3797 cum
2749 3745 2938 3812 quibus
2965 3745 3153 3811 potuit,
3188 3743 3316 3797 nihil
3352 3744 3561 3812 penitus
3590 3747 3731 3799 omi-

2156 3835 2311 3897 sisse,
2336 3834 2476 3903 quod
2505 3834 2570 3887 ad
2606 3835 2896 3888 fratr-ritum
2927 3836 3221 3904 pertineret
3252 3836 3274 3868 ⁸
3301 3851 3398 3906 pro
3420 3837 3735 3891 intemerata

2156 3935 2212 3981 et
2236 3927 2444 3982 sincera
2484 3926 2865 3981 enmmuuioue
2898 3934 3215 3991 tractatum;
3244 3931 3265 3961 θ
3292 3943 3412 3994 qua:
3453 3942 3572 3982 cum
3613 3928 3733 3983 nni-

2156 4036 2311 4075 versa
2365 4021 2612 4075 noverint
2659 4019 2750 4089 qui
2800 4020 3046 4075 videntur
3079 4021 3329 4075 Ecclesiis
3376 4022 3738 4078 Orientalibus

2158 4126 2299 4166 nunc
2313 4127 2569 4182 praeesse,
2591 4121 2839 4181 proptere
2856 4110 3236 4167 iCliristianam
3253 4113 3486 4181 reparari
3502 4114 3733 4180 legitima

2155 4204 2431 4259 curatione
2460 4204 2728 4271 refugiunt
2759 4203 3050 4267 unitatem;
3087 4204 3208 4272 quia
3249 4203 3587 4259 occasionem
3617 4205 3733 4259 dis-

2154 4294 2422 4349 sensionis
2462 4293 2620 4361 hujus
2666 4292 2775 4347 suis
2824 4292 3207 4347 ambitionibus
3235 4294 3613 4363 suﬁrsigantem
3641 4296 3735 4349 dc—

2158 4399 2356 4455 ponere
2374 4384 2482 4452 jam
2511 4392 2790 4445 recusant;
2812 4383 2933 4451 quia
2957 4383 3071 4437 sine
3097 4384 3418 4440 auctoritate
3440 4386 3582 4440 sedis
3605 4404 3733 4453 apo-

2156 4476 2359 4532 stolica:
2404 4476 2644 4531 omnium
2695 4475 3057 4530 Ecclesiarum
3112 4477 3307 4543 passim
3345 4478 3466 4545 jura
3510 4478 3733 4532 confun-

2156 4568 2316 4633 dant,
2364 4566 2532 4635 magis
2578 4565 2836 4634 eligentes
2883 4565 2937 4618 iu
2985 4580 3171 4620 errore
3211 4572 3523 4634 persistere,
3572 4585 3730 4648 quam

2156 4658 2635 4730 praesumptionem
2686 4672 2900 4711 suarum
2959 4659 3186 4727 perdere
3239 4660 3569 4728 facultatem,
3614 4664 3734 4733 plus

2156 4749 2562 4818 usurpationum
2622 4762 2837 4802 suarum
2898 4749 3167 4804 licentiam
3237 4751 3520 4821 diligentes
3573 4770 3731 4821 quam

2156 4840 2319 4897 divini
2356 4837 2541 4907 judicii
2589 4845 2833 4892 tenentes
2862 4838 3023 4893 corde
3053 4850 3379 4907 respectum.
3415 4840 3471 4896 in
3503 4856 3609 4911 quo
3640 4858 3733 4897 ne-

2153 5028 2331 5081 suisse.
2371 5022 2495 5076 llaec
2515 5035 2545 5074 a
2575 5019 2787 5073 Labbco
2817 5018 3114 5073 afferuntur
3138 5019 3203 5073 ad
3236 5020 3437 5075 calcem
3465 5019 3725 5088 epistola'.

2225 5097 2245 5127 ⁸
2285 5092 2417 5148 Cod.
2452 5092 2650 5146 Veron.
2698 5090 2901 5143 omisso
2935 5098 3096 5144 verba
3126 5093 3430 5144 sententiam
3473 5092 3545 5144 ita
3577 5092 3728 5161 legit,

2150 5167 2203 5220 in
2239 5164 2481 5218 Acacium
2512 5162 2669 5229 fuisse
2692 5160 2912 5230 prolata.

2222 5238 2241 5267 '
2284 5234 2358 5288 Id.
2400 5231 2542 5294 cod.,
2574 5231 2836 5285 Conrenit.

2222 5309 2243 5339 ⁸
2285 5305 2359 5358 Id.
2385 5303 2529 5366 cod.,
2562 5318 2654 5366 pro
2680 5301 2733 5352 in
2759 5308 2982 5352 emerata
3009 5299 3134 5367 ﬁde.

2222 5379 2243 5409 ⁸
2285 5375 2379 5452 llic
2418 5372 2596 5452 deﬁcit
2648 5371 2764 5452 inec
2803 5366 3031 5452 epistola
3058 5370 3109 5423 in
3310 5368 3643 5452 Veronensi,
3678 5368 3729 5421 in

2150 5462 2254 5515 quo
2287 5447 2401 5500 haec
2428 5442 2770 5515 subduntur‘;
2809 5439 3033 5515 Explicit
3068 5441 3280 5515 rationis
3308 5440 3578 5493 reddenda:
3601 5443 3733 5491 Ara-

2143 5509 2279 5570 c'ium
2327 5532 2357 5567 a
2397 5514 2514 5566 sede
2554 5511 2834 5579 apostolica
2886 5509 3046 5577 fuisse
3083 5510 3418 5572 damnatum,
3451 5526 3541 5563 nec
3587 5524 3734 5574 posse

2144 5600 2440 5653 quamquam
2465 5584 2573 5636 sine
2602 5579 2897 5653 discrimine
2925 5580 3110 5633 animo:
3136 5596 3240 5634 suae
3269 5582 3385 5634 eius
3415 5594 3733 5633 communa-

2150 5651 2227 5710 nia
2258 5653 2441 5716 partiri
2444 5669 2551 5720 pem
2593 5651 2729 5715 ﬁeri.
