4120 6186
356 271 419 325 77
1554 264 1908 325 EPYSTOLE
1947 264 1952 317 1

2076 264 2417 322 DECRETA.
3432 288 3435 291 ’
3547 292 3613 346 78

354 396 504 438 eesse
526 391 607 437 est
634 381 799 437 velint
820 379 991 436 nolint
1016 389 1125 437 tam
1153 382 1221 437 de
1273 382 1393 438 ﬁdei
1431 380 1932 449 communionisque
1961 382 2005 438 A
2036 376 2221 432 liceret
2244 377 2460 442 iterare,
2483 378 2683 431 nnl'um
2716 388 2899 434 contra
2932 381 3168 452 singulos
3197 402 3436 460 quosque
3463 412 3614 464 ρι-υτ-

354 472 635 526 catholica:
663 472 972 527 sinceritate
1002 473 1246 539 neglecta
1265 514 1281 537 ,
1307 487 1463 542 quam
1487 473 1553 526 de
1577 471 1816 541 paternis
1841 484 1933 523 ca-

356 563 586 616 uouibus
611 562 891 617 evidenter
918 562 1139 631 irruptis
1169 563 1430 632 recipiant
1462 561 1602 631 quod
1636 571 1935 622 merentur,

354 656 454 710 nisi
505 656 633 708 dum
692 655 781 709 hic
854 665 1066 722 tempus
1119 655 1349 709 admittit
1403 655 1518 710 haec
1572 654 1937 708 damnationis

354 758 573 802 aeterna:
607 747 841 816 pericula
868 748 1125 803 correctis
1168 748 1437 802 mentibus
1483 747 1733 801 studeant
1781 743 1940 798 decli-

355 854 485 891 nare
508 880 524 902 ,
576 850 630 892 ut
664 838 869 907 possint
912 855 1014 893 non
1045 839 1181 892 tales
1204 853 1543 908 permanere,
1573 837 1765 905 quibus
1794 837 1939 888 inso-

356 930 539 984 lubilis
568 944 647 984 νει
680 932 781 981 lata
824 930 1109 984 sententia.
1152 929 1258 985 Sed
1288 944 1318 983 a
1363 929 1559 982 talibus
1599 927 1938 992 recedentes,

356 1021 424 1073 ab
449 1021 637 1074 eadem
669 1021 933 1075 sententia
963 1037 1068 1075 non
1103 1022 1269 1075 teneri
1299 1039 1311 1073 :
1358 1036 1479 1090 quae
1509 1021 1647 1074 sicut
1676 1023 1725 1073 in
1758 1032 1942 1073 errore

357 1113 676 1167 durantibus
700 1129 966 1181 nunquam
990 1115 1242 1169 solvenda
1268 1114 1483 1183 praeﬁxa
1510 1124 1587 1168 est
1612 1154 1626 1177 ,
1660 1113 1737 1167 sic
1758 1113 1826 1164 ah
1859 1111 1943 1165 his

357 1208 464 1261 erit
490 1206 661 1259 aliena
690 1252 694 1259 .
741 1207 831 1275 qui
871 1206 1182 1261 exstiterint
1232 1206 1514 1275 punienda:
1545 1206 1821 1275 pravitatis
1853 1204 1945 1258 im-

360 1310 570 1348 munes.
622 1296 747 1350 llaec
792 1312 919 1350 vero
948 1296 1015 1350 ad
1045 1298 1450 1351 instructionem
1486 1310 1675 1352 vestrae
1703 1296 1945 1350 dilectio-

359 1389 443 1441 nis
498 1389 629 1442 satis
666 1390 983 1459 abundeque
1021 1390 1270 1445 sufﬁcere
1320 1391 1644 1458 jndicamus,
1701 1390 1942 1456 quamvis

355 1479 546 1534 eadem
597 1479 790 1547 latius,
824 1482 868 1534 si
926 1481 1182 1535 Dominus
1239 1482 1566 1536 concesserit
1616 1480 1943 1543 facultatem,

356 1571 676 1624 Studeamus
714 1587 985 1639 exponere
1020 1590 1032 1626 :
1076 1583 1338 1641 quatenus
1375 1583 1429 1627 et
1462 1572 1691 1626 ﬁdelium
1719 1572 1947 1641 quisque

353 1672 649 1729 Cognoscat
685 1703 701 1727 ,
754 1663 886 1716 nihil
937 1664 1288 1732 apostolicam
1340 1665 1521 1718 sedem
1568 1663 1733 1731 (quod
1783 1658 1945 1727 absit)

2038 483 2129 521 sus
2162 482 2375 522 errores
2402 469 2593 523 stabile
2627 474 2929 533 pcrsisteret
2968 475 3221 532 Ecclesia:
3243 487 3615 557 constitutum,

2038 571 2101 609 ac
2142 572 2358 627 Semper
2387 560 2574 612 iisdem
2617 561 2885 615 furoribus
2917 566 3166 622 recidivis
3208 580 3382 629 omns
3411 578 3614 651 integra

2039 647 2285 704 deﬁnitio
2317 653 2640 706 turbaretur.
2664 654 2792 707 Nam
2818 656 2863 708 si
2896 658 3153 715 limitibus
3181 667 3341 721 etiam
3388 647 3617 740 pratfiiis

2041 744 2332 811 positarum
2364 747 2530 800 somel
2553 748 2885 816 synodalium
2919 754 3242 821 regularum,
3278 776 3382 815 non
3408 780 3616 826 cessant

2040 834 2190 889 elisae
2224 846 2402 904 pestes
2451 842 2737 908 resumptis
2778 846 3189 913 certaminihws,
3224 866 3407 910 contra
3435 859 3618 915 funda.

2042 935 2282 979 mentum
2308 941 2427 981 sese
2453 930 2699 984 veritatis
2730 933 2995 999 attollere,
3024 947 3077 990 et
3106 939 3366 1009 simplicia
3397 963 3619 1019 qumque

2043 1015 2205 1069 corda
2253 1027 2574 1084 percutere:
2623 1021 2746 1089 quid
2802 1023 2948 1077 fieret
2997 1027 3040 1079 si
3091 1031 3317 1087 subinde
3367 1015 3445 1090 fas
3481 1015 3619 1097 esset

2045 1104 2266 1172 perfidis
2292 1106 2429 1161 inire
2455 1113 2778 1164 concil'um?
2806 1129 2924 1166 cum
2944 1119 3191 1185 qnzelibet
3228 1124 3313 1178 illa
3343 1131 3620 1187 manifesta

2046 1194 2116 1247 sit
2142 1197 2341 1250 veritas
2370 1240 2382 1260 ,
2414 1215 2682 1268 nunquam
2733 1204 2871 1257 desit
2914 1210 3054 1275 quod
3090 1214 3383 1279 perniciosa
3429 1219 3619 1289 depro-

2048 1297 2158 1341 mat
2183 1288 2392 1345 falsitas
2414 1331 2428 1354 ,
2457 1294 2559 1346 etsi
2590 1298 2827 1361 ratione,
2861 1299 2946 1354 vel
2989 1306 3310 1363 auctoritate
3344 1311 3620 1379 deﬁciens,

2047 1380 2160 1433 sola
2219 1392 2393 1436 tamen
2448 1386 2745 1443 intentione
2799 1406 2903 1445 non
2949 1395 3165 1451 cedens.
3219 1399 3346 1467 Quae
3395 1410 3621 1474 majores

2047 1473 2213 1525 nostri
2247 1473 2421 1529 divina
2455 1478 2803 1546 inspiratione
2828 1497 3145 1554 cernentes,
3174 1473 3623 1567 necessarieiprzu-

2048 1577 2328 1625 caverunt.
2379 1580 2437 1621 ut
2483 1571 2625 1637 quod
2668 1585 2851 1626 contra
2904 1592 3334 1652 unamquamque
3381 1586 3624 1646 hazresim

2048 1668 2230 1712 coacta
2263 1665 2502 1729 synodus
2535 1679 2629 1729 pro
2664 1666 2762 1719 lide
2789 1711 2801 1732 ,
2833 1674 3241 1739 communione,
3276 1679 3501 1734 writate
3532 1699 3624 1737 ca-

356 1768 705 1822 ιιιιωρτειρετε
729 1756 1027 1820 censuisse,
1057 1764 1111 1809 et
1134 1770 1238 1808 non
1272 1754 1468 1809 habere
1500 1754 1801 1822 quodjuste
1827 1767 1944 1819 pos-
1981 1745 2024 1803 Β
2053 1752 2248 1806 tholica
2281 1763 2439 1815 atque
2466 1757 2758 1823 apostolica
2792 1762 3199 1831 promulgasset,
3239 1784 3343 1822 non
3392 1772 3625 1830 sinetcnl

355 1847 426 1899 sit
458 1862 754 1913 opponere,
793 1862 1043 1915 perversa
1090 1849 1345 1903 doceatur
1396 1848 1732 1917 improbitas.
1788 1847 1949 1900 llecte

359 1947 541 1990 autem
572 1939 727 1993 faciet
754 1950 932 1994 ve~tra
964 1940 1181 1995 dilectio
1206 1984 1220 2007 ,
1260 1950 1312 1995 ut
1351 1941 1450 1994 ista
1482 1954 1602 2009 qua:
1640 1938 1947 2001 scribimus,

363 2032 569 2096 pariter
618 2032 899 2086 catholicis
938 2043 991 2087 et
1041 2034 1312 2087 contraria
1364 2033 1701 2096 sapientibus
1742 2033 1950 2085 innote—

360 2130 562 2173 scant:
614 2138 719 2191 quo
769 2134 822 2177 et
875 2124 1023 2176 sanis
1074 2124 1375 2179 necessaria
1430 2125 1675 2189 firmitas,
1718 2131 1772 2176 et
1814 2121 1951 2175 male

360 2212 510 2265 sanis
542 2224 857 2282 competens
888 2214 1151 2268 medicina
1189 2215 1511 2284 praebeatur.
1558 2214 1746 2267 Datum
1775 2212 1953 2268 calen-

361 2304 449 2359 dis
479 2305 784 2375 Februarii,
818 2309 832 2338 ¹
861 2307 1073 2363 Victore
1092 2309 1207 2362 viro
1228 2308 1531 2363 clarissimo
1560 2306 1803 2363 consule.

814 2441 1119 2497 EJUSDEM
1162 2440 1515 2496 EPISTOLIE

921 2576 1096 2614 FOBIA
1138 2576 1380 2616 BREVIOB.

437 2669 812 2727 Dilectissimis
877 2673 1126 2729 ftalribtts
1192 2676 1457 2731 universis
1525 2675 1793 2746 episcopis
1862 2687 1955 2742 per

361 2762 686 2818 Dardaniam
718 2768 1028 2822 constitutis
1054 2768 1322 2823 Gelasius.

436 2854 605 2910 \‘alde
635 2858 815 2911 mirati
868 2874 1077 2925 sumus,
1136 2861 1281 2930 quod
1317 2870 1495 2916 vestra
1555 2858 1770 2913 dilectio
1804 2855 1953 2924 quasi

360 2962 557 3000 novam
610 2960 664 3004 et
712 2950 876 3004 veluti
931 2952 1209 3007 difficilem
1256 2953 1636 3022 qtttestionetn,
1683 2961 1739 3005 et
1783 2948 1956 3001 adhuc

359 3050 615 3109 tanquam
656 3042 949 3097 irauditum
983 3046 1253 3115 quippiam
1300 3060 1459 3101 nosse
1487 3045 1789 3108 desiderat,
1815 3038 1953 3107 (tuml

360 3129 716 3200 Eutychiana:
766 3134 1083 3203 pestilentiae
1126 3137 1641 3199 comtnunicatOres,
1700 3152 1805 3188 non
1854 3108 2021 3186 ha-C

360 3222 554 3278 bentes
576 3224 703 3293 quid
739 3242 835 3295 pro
866 3242 976 3280 suae
1006 3229 1322 3297 perditionis
1352 3229 1708 3282 obstinatione
1734 3241 1953 3295 respon-

360 3316 518 3370 deant
550 3359 564 3382 ,
601 3318 864 3387 frequenti
892 3320 1001 3389 jam
1034 3321 1243 3375 ratione
1273 3319 1539 3385 convicti,
1586 3321 1697 3372 sola
1730 3328 1954 3371 conten-

362 3409 508 3461 tione
563 3410 1003 3464 subnturmurant
1046 3430 1057 3465 :
1103 3430 1206 3465 non
1256 3413 1380 3482 quia
1444 3414 1515 3464 sit
1564 3410 1788 3477 alicujus
1838 3421 1953 3461 mo-

364 3500 529 3551 menti
557 3504 699 3569 quod
732 3503 971 3567 garriunt
999 3544 1013 3567 ,
1048 3519 1147 3557 nec
1178 3505 1455 3557 inwniunt
1486 3504 1695 3571 penitus
1716 3500 1842 3570 quid
1874 3500 1955 3553 lo—

362 3601 618 3659 qnantur.
649 3592 747 3649 Ubi
779 3596 945 3664 magis
974 3611 1067 3651 eos
1098 3598 1185 3665 qui
1208 3598 1484 3653 Catholicis
1515 3597 1763 3651 sensibus
1794 3594 1947 3648 iusti-

365 3685 461 3737 tuti
493 3695 642 3751 sunt,
676 3686 851 3739 adhuc
889 3688 1095 3742 hmrere
1128 3690 1409 3753 miramur,
1461 3703 1617 3756 quam
1660 3688 1778 3741 illos
1809 3686 1896 3755 qui
1924 3702 1949 3735 a

367 3776 593 3829 vctitate
616 3778 951 3846 exciderunt,
980 3789 1033 3833 et
1060 3783 1127 3834 ab
1152 3783 1369 3851 antiqua
1390 3780 1642 3835 Ecclesiae
1672 3779 1955 3834 traditione

365 3881 490 3922 sunt
521 3870 686 3935 devii,
722 3872 973 3939 profanas
1001 3889 1190 3927 vocum
1224 3874 1490 3929 novitates
1526 3882 1579 3926 et
1602 3872 1828 3940 ineptias
1865 3887 1955 3924 ea-

368 3961 519 4015 dnczt:
546 3964 916 4029 perversitatis
935 3967 1247 4021 obtendere.
1277 3966 1479 4032 Quibus
1502 3981 1596 4020 eos
1624 3974 1795 4018 vestra
1820 3963 1955 4017 dile-

366 4055 476 4107 ctio
504 4057 687 4107 retulit
710 4055 960 4123 jactltare
982 4098 995 4121 ,
1046 4057 1167 4111 ideo
1196 4057 1444 4112 Acacium
1477 4067 1581 4111 non
1617 4066 1803 4124 putare
1832 4055 1952 4125 jure

367 4146 706 4211 damnatum,
751 4149 889 4217 quod
945 4164 1051 4202 non
1107 4164 1136 4203 a
1192 4151 1410 4219 speciali
1452 4149 1662 4217 synodo
1705 4149 1955 4202 videatur

369 4238 535 4293 fuisse
578 4238 851 4307 dejectns,
881 4250 935 4294 et
973 4242 1190 4311 insuper
1215 4243 1537 4296 dementiam
1565 4257 1676 4295 sua:
1707 4239 1964 4301 vanitatis.

369 4331 711 4384 accumulare
768 4333 1047 4398 pueriliter
1073 4376 1087 4398 ,
1135 4334 1447 4403 adjicientes
1479 4350 1490 4386 :
1532 4337 1803 4401 prtecipua:
1829 4349 1956 4403 pon-

369 4422 557 4490 ιῖρίεηι
588 4427 746 4492 regia:
764 4427 998 4481 civitatis.
1035 4428 1373 4497 Quapropter
1400 4428 1675 4481 stultitiam
1700 4442 1955 4494 respuen-

372 4524 454 4567 tes
487 4515 723 4569 inanium
753 4520 1121 4586 querelarum,
1166 4534 1480 4587 percurrere
1519 4535 1613 4571 vos
1649 4528 1860 4586 Oportet
1887 4518 1956 4570 ab

373 4604 502 4672 ipss
535 4606 709 4659 beatis
737 4609 1023 4675 apostolis,
1056 4620 1111 4664 et
1139 4610 1483 4664 considerare
1515 4609 1806 4678 prudenter
1825 4623 1957 4677 quo-

374 4698 514 4748 niam
548 4708 727 4763 patres
751 4701 959 4765 nostri,
992 4701 1241 4756 catholici
1273 4700 1523 4755 videlicet
1543 4700 1795 4766 doctique
1828 4714 1960 4768 pon-

372 4790 565 4854 tifices,
600 4790 651 4842 in
680 4806 1004 4862 unaquaque
1035 4793 1225 4849 haeresi
1250 4793 1493 4863 quolibet
1524 4802 1767 4862 tempore
1788 4790 1960 4845 susci—

371 4887 477 4932 tata
508 4923 522 4949 ,
557 4882 819 4952 quidquid
854 4900 951 4954 pro
998 4885 1103 4940 fide
1133 4926 1149 4951 ,
1180 4900 1275 4955 pro
1301 4887 1561 4949 veritate,
1594 4898 1690 4952 pro
1719 4898 1959 4937 commu-

373 4975 535 5028 nione
574 4978 839 5033 catholica
886 4991 1049 5049 atque
1077 4981 1370 5047 apostolica
1401 4978 1693 5033 secundum
1724 4978 1961 5045 Scriptu-

371 5078 550 5119 rarum
592 5069 859 5122 tramitem
909 5070 1458 5139 praedicationemque
1504 5069 1767 5138 majorum
1823 5069 1959 5124 facta

372 5162 540 5215 semel
579 5164 997 5233 congregatione
1046 5172 1379 5231 sanxerunt,
1410 5163 1779 5218 inconvulsum
1810 5164 1961 5218 dein-

372 5264 501 5316 ceps
532 5251 842 5319 voluerint,
877 5255 1199 5323 ﬁrmumque
1229 5262 1480 5308 constare
1506 5298 1520 5321 ,
1558 5268 1657 5307 nec
1689 5254 1738 5305 in
1768 5253 1956 5308 eadem

372 5356 529 5397 causa
557 5343 740 5399 denuo
777 5361 897 5415 qua:
928 5346 1146 5413 prmﬁxa
1200 5345 1412 5400 fuerant
1444 5345 1752 5411 retractari,
1788 5345 1956 5414 quali-

372 5429 461 5488 bet
488 5434 695 5487 recenti
723 5437 1140 5505 praesumptione
1166 5436 1541 5505 permiserint;
1564 5434 1959 5503 sapientissime

375 5524 743 5591 providentes,
776 5530 1025 5596 quoniam
1068 5528 1113 5582 si
1143 5528 1358 5583 decreta
1384 5525 1683 5582 salubriter
1707 5528 1952 5593 cuiquam

2054 1843 2203 1895 novis
2247 1852 2363 1900 rost
2410 1845 2522 1915 ha'c
2552 1851 3018 1907 retractat'onihus
3051 1858 3310 1925 mutilari,
3361 1878 3425 1916 ne
3456 1869 3627 1933 pravis

2054 1936 2269 1987 occasio
2311 1938 2639 2001 praehevctur
2682 1958 2799 2007 qum
2852 1946 3241 2004 tncdicinaliter
3270 1952 3483 2009 fuerant
3518 1970 3626 2011 sta-

2055 2032 2164 2077 tuta
2226 2028 2498 2093 pulsanti;
2544 2032 2635 2082 sed
2689 2042 2907 2088 auctore
2947 2038 3231 2103 cujuslibet
3280 2044 3520 2112 insanim,
3570 2066 3629 2104 ac

2057 2118 2255 2182 pariter
2307 2134 2493 2172 errore
2543 2120 2837 2191 damnato,
2881 2126 3128 2183 sufﬁcere
3177 2132 3514 2205 judicarunt,
3577 2152 3627 2193 ut

2054 2208 2299 2277 qu‘squis
2370 2213 2658 2280 aliquando
2730 2217 2883 2284 hujus
2947 2223 3147 2276 erroris
3202 2230 3626 2284 communicazor

2055 2299 2327 2358 existeret.
2360 2302 2636 2372 principali
2668 2310 2929 2362 sententia
2956 2311 3314 2370 damnationis
3344 2318 3457 2387 ejus
3480 2334 3627 2375 esset

2055 2393 2380 2460 obstrictus;
2426 2398 2677 2465 quoniam
2723 2402 3005 2458 manifeste
3048 2407 3269 2473 quilibet
3305 2412 3386 2467 vel
3419 2416 3625 2481 profes-

2054 2487 2204 2541 sione
2225 2502 2338 2553 sua,
2374 2490 2456 2543 vel
2488 2495 2865 2547 iouimunioue
2900 2512 2993 2561 tos
3025 2507 3079 2552 et
3107 2505 3342 2570 agnosci.

2126 2577 2191 2631 Et
2214 2587 2273 2632 ut
2302 2580 2578 2637 brevitatis
2607 2599 2767 2637 causa
2810 2588 2985 2653 priora
3022 2600 3287 2646 taceamus
3312 2636 3326 2659 ,
3359 2612 3476 2665 qua:
3511 2601 3630 2655 dili-

2054 2684 2184 2737 gens
2217 2671 2501 2740 inquisitor
2551 2672 2705 2728 facile
2742 2679 2938 2744 poterit
2986 2683 3290 2751 vestigare:
3343 2687 3631 2747 Sabellium

2054 2759 2319 2814 damnavit
2354 2763 2590 2832 synodus
2614 2804 2627 2827 ,
2670 2781 2767 2820 nec
2796 2766 2893 2821 fuit
2930 2784 3149 2826 necesse
3196 2784 3253 2827 ut
3301 2776 3417 2845 ejus
3460 2793 3630 2834 secta-

2057 2858 2200 2903 tores
2222 2860 2406 2920 postea
2457 2853 2860 2923 damnarentur,
2906 2860 3145 2928 singulas
3173 2865 3367 2919 viritim
3397 2872 3630 2939 synodos

2056 2942 2318 2996 celebrari
2348 2986 2362 3006 .
2415 2948 2511 3001 sed
2569 2964 2664 3017 pro
2720 2960 2906 3006 tenore
2955 2956 3353 3014 constitutionis
3401 2964 3631 3032 antiquae

2057 3047 2278 3089 cunctos
2322 3037 2409 3104 qui
2461 3038 2542 3091 vel
2583 3041 2860 3108 pravitatis
2906 3045 3044 3097 ilfius
3070 3087 3083 3106 ,
3117 3049 3197 3101 vel
3240 3056 3631 3109 comtnunianis

2054 3127 2307 3183 exsitcre
2341 3132 2661 3200 partit-ipes,
2698 3134 3014 3190 ttttivchalis
3043 3139 3277 3195 Ecclesia
3313 3144 3463 3199 duxit
3503 3163 3625 3203 esse

2056 3222 2390 3277 refutantlos.
2440 3225 2527 3279 Sic
2584 3238 2800 3294 propfer
2851 3229 3207 3298 h|a~phemias
3257 3235 3368 3289 Atii
3400 3281 3413 3302 ,
3464 3238 3630 3295 forma

2055 3313 2178 3368 ﬁdei
2202 3318 2695 3388 οοιιιητυιιίι›ιιὶδ‹ι‹ιθ
2717 3321 2996 3376 Catholica}
3025 3324 3239 3380 Nicmno
3270 3331 3471 3396 prulata
3503 3350 3632 3389 con-

2053 3419 2236 3474 ventu,
2270 3409 2498 3465 Arianos
2536 3429 2753 3477 omnes,
2780 3417 2860 3470 vel
2894 3419 3132 3487 quisquis
3164 3421 3213 3475 in
3259 3424 3395 3479 hanc
3426 3440 3627 3495 pestem

2054 3500 2167 3554 sive
2189 3516 2348 3554 sensu
2381 3503 2491 3557 sive
2521 3508 2900 3561 cmntntmiwne
2921 3510 3197 3577 deciderit,
3229 3517 3347 3570 sine
3375 3530 3633 3575 retraeta-

2056 3594 2200 3647 tione
2230 3597 2520 3651 concludit.
2555 3600 2643 3653 Sic
2678 3601 2996 3657 Eunomium
3026 3647 3040 3669 ,
3088 3608 3478 3679 Macedonium,
3532 3618 3632 3673 Ne~

2055 3686 2281 3739 storium
2305 3727 2318 3749 ,
2350 3689 2587 3757 synodus
2618 3694 2784 3746 semel
2816 3704 2962 3762 gesta
2988 3698 3382 3766 condemnans,
3415 3708 3634 3761 ulti-rius

2054 3773 2120 3825 ad
2173 3790 2306 3827 nova
2359 3777 2584 3831 concilia
2620 3782 2801 3835 venire
2847 3799 2950 3837 non
3001 3786 3165 3852 sivit;
3209 3790 3301 3844 sed
3358 3795 3634 3851 universos

2055 3880 2375 3933 quocunque
2396 3870 2556 3923 modo
2586 3871 2634 3924 iu
2666 3872 2759 3926 has
2789 3874 3147 3944 blasphemias
3173 3882 3489 3950 recidentes,
3524 3896 3629 3942 tra-

2055 3957 2168 4010 dito
2198 3959 2297 4012 sibi
2344 3959 2512 4016 limite
2553 3964 2794 4033 synodali
2840 3968 3089 4024 refutavit
3119 3970 3380 4038 Etclesia,
3416 3992 3513 4030 nec
3543 3996 3637 4032 uin-

2056 4062 2213 4113 quam
2244 4058 2386 4102 recte
2416 4054 2645 4106 cessisse
2676 4056 3015 4110 manifestum
3044 4071 3123 4113 est
3143 4101 3157 4123 ,
3184 4062 3420 4127 qualibet
3452 4082 3637 4119 ncces-

2057 4139 2213 4191 sitate
2243 4151 2468 4207 cogente
2498 4184 2511 4206 ,
2540 4145 2749 4199 noriter
2785 4161 2903 4214 qnze
2948 4150 3154 4202 fuerant
3193 4152 3480 4207 salubriter
3505 4173 3635 4211 con-

2056 4233 2278 4299 stituta,
2324 4244 2639 4291 temerasse.
2689 4239 2804 4292 Non
2846 4249 3022 4293 autem
3053 4258 3148 4295 nos
3182 4244 3306 4298 latet
3335 4247 3387 4299 in
3430 4259 3633 4316 tempo-

2059 4331 2199 4377 state
2254 4326 2640 4393 persecutionis
2689 4330 2899 4381 Arianae
2945 4331 3203 4396 plurimos
3251 4338 3535 4402 pontiﬁces
3569 4343 3636 4395 de

2060 4413 2293 4478 exsiliis,
2332 4431 2461 4482 pace
2491 4418 2720 4479 rrddita,
2745 4422 3072 4487 respirantcs
3095 4440 3188 4491 per
3215 4440 3307 4479 cer
3333 4443 3393 4482 as
3426 4434 3639 4498 provin-

2060 4504 2169 4557 cias
2207 4507 2545 4574 congrt-gatis
2591 4523 2771 4562 secum
2819 4511 3072 4565 fratribus
3120 4514 3384 4569 Ecclesias
3423 4534 3638 4591 compo-

2060 4597 2233 4649 suisse
2265 4597 2538 4662 turbatas;
2570 4615 2674 4652 non
2706 4612 2880 4654 tamen
2911 4616 2962 4654 nt
2999 4604 3139 4657 illius
3167 4609 3357 4676 synodi
3391 4610 3638 4677 NiC'J'lltP,

2063 4689 2318 4759 quidquid
2348 4690 2413 4745 de
2445 4692 2548 4745 fide
2588 4702 2641 4746 et
2670 4696 3050 4751 communione
3078 4698 3341 4754 catholica
3386 4703 3639 4759 deﬁnive-

2063 4792 2167 4847 rat,
2221 4781 2589 4849 immutarent,
2645 4798 2744 4839 nec
2794 4800 2928 4839 nova
2977 4804 3300 4859 quemquam
3338 4794 3639 4861 prolapsum

2064 4874 2410 4931 damnatione
2462 4875 2854 4945 percellerent,
2894 4877 2988 4932 sed
3035 4879 3178 4935 illitis
3216 4880 3416 4936 decreti
3451 4892 3640 4941 tenore

2066 4971 2167 5025 nisi
2198 4972 2529 5038 resipuisset,
2553 4972 2862 5041 judicavere
2883 4974 3211 5041 damnatum,
3236 4987 3485 5047 essetque
3510 4995 3639 5034 con-

2067 5079 2319 5133 sequens,
2347 5073 2403 5117 nt
2426 5063 2528 5118 nisi
2559 5064 2876 5134 corrigeret,
2908 5064 3235 5119 damnationi
3270 5068 3451 5135 procul
3478 5069 3641 5124 dubio

2065 5156 2387 5224 sabjaceret.
2441 5155 2647 5223 Quibus
2689 5156 3092 5222 convenienter,
3128 5168 3183 5211 ut
3211 5158 3410 5214 dictum
3441 5171 3543 5224 est,
3576 5177 3639 5217 ex

2065 5256 2283 5314 paterna
2313 5247 2602 5303 traditione
2626 5247 2903 5316 perpensis
2924 5249 3263 5311 confidimus,
3292 5251 3433 5320 quod
3462 5254 3641 5307 nullus

2061 5342 2169 5406 jam
2204 5341 2463 5393 veraciter
2506 5339 2841 5394 Christianus
2875 5339 3082 5408 ignoret
3110 5343 3531 5411 uniuscujusque
3552 5359 3639 5413 sy-

2065 5432 2188 5486 nodi
2221 5434 2599 5496 constitutum,
2636 5431 2779 5501 quod
2812 5432 3128 5487 universalis
3163 5434 3415 5490 Ecclesia:
3438 5435 3636 5503 proba-

2067 5528 2144 5579 vit
2175 5542 2421 5581 assensus
2448 5567 2462 5588 ,
2490 5526 2687 5579 trullam
2733 5526 2903 5596 magis
2928 5528 3149 5597 exsequi
3176 5527 3358 5582 sedem
3387 5534 3642 5594 oportere

441 5685 455 5712 ‘
499 5681 855 5737 Scribendum
910 5695 991 5739 est
1040 5683 1271 5747 Viatore,
1321 5683 1409 5748 qtti
1442 5696 1525 5735 an.
1586 5681 1787 5736 Christi
1848 5681 1952 5737 495
1973 5680 2309 5738 consulatum
2343 5678 2507 5741 gessit
