4098 6172
470 293 540 349 79
1816 279 2057 336 GELASI

2168 280 2326 336 AP.—E
2368 282 2383 334 ι
3024 242 3032 251 ’
3670 280 3735 335 sn

470 420 577 474 prae
604 402 834 467 eretcris,
867 417 1024 474 quam
1074 402 1321 470 primam,
1347 413 1466 467 qua;
1511 406 1562 452 et
1606 409 2039 465 unamquamque
2072 398 2123 456 Α
2150 396 2293 452 sedis
2339 396 2661 466 episcopus?
2698 394 2861 462 Cujus
2908 394 3332 463 metropolitanre
3362 393 3596 449 civitatis
3636 413 3736 448 an-

467 496 728 567 synoduut
779 510 873 549 sua
921 495 1235 546 auctorLtate
1289 491 1603 552 confirmat,
1641 494 1697 542 et
1733 486 2041 541 continuata

471 588 840 641 moderatione
895 586 1161 649 custodit;
1206 598 1300 651 pro
1330 598 1427 636 suo
1475 581 1684 635 scilicet
1720 578 2039 647 principatu,

466 694 625 748 quem
664 678 852 733 beatus
886 677 1159 746 apostolus
1207 674 1395 728 Petrus
1438 672 1645 725 Domini
1693 686 1823 724 voce
1860 682 2046 738 perce-

469 781 616 839 ptum
641 813 655 835 ,
703 770 939 823 Et'clusitl
988 765 1337 821 nihilominus
1374 763 1761 832 subsequente,
1793 769 1847 813 et
1873 758 2046 813 tenuit

464 876 679 930 semper
707 871 760 914 et
788 861 1005 914 retinet.

535 952 660 1004 llaec
680 951 804 1004 dum
830 950 1080 1003 Acacium
1108 948 1267 1003 certis
1295 945 1649 1016 comperisset
1670 941 1884 997 indiciis
1904 956 1932 994 a
1952 956 2046 996 ve-

465 1043 620 1095 ritate
641 1040 907 1105 deviasse,
931 1039 1131 1092 diutius
1147 1039 1248 1092 ista
1276 1053 1382 1091 non
1404 1036 1655 1102 credens,
1675 1040 1873 1104 quippe
1889 1047 2045 1100 quem

466 1141 687 1187 noverat
723 1139 1092 1186 exsecutorem
1138 1142 1283 1196 saepe
1311 1128 1633 1183 necessaria:
1680 1123 2049 1195 dispositionis

464 1239 576 1278 suae
605 1232 790 1277 contra
820 1221 1101 1275 haereticos
1132 1220 1437 1283 exstitisse,
1480 1234 1576 1288 per
1618 1218 1905 1272 triennium
1938 1216 2048 1269 fere

468 1317 599 1370 littet
615 1315 661 1369 is
687 1313 968 1369 destinatis
995 1311 1243 1367 eumdem
1272 1325 1491 1364 monere
1522 1324 1626 1363 non
1658 1308 1883 1375 destitit,
1912 1308 2051 1361 sicut

465 1426 561 1481 per
583 1409 829 1464 diversos
860 1405 1023 1459 missa
1053 1404 1383 1457 familiariter
1402 1402 1597 1470 scripta
1622 1397 2052 1465 testantur.Qui-

463 1503 565 1557 bus
590 1502 678 1556 ille
711 1499 941 1569 primum
964 1508 1214 1565 tanquam
1243 1495 1427 1551 dedito
1444 1494 1661 1549 silentio
1681 1493 1809 1546 nihil
1831 1506 2052 1561 respon-

464 1594 592 1648 dere
650 1603 989 1660 proponens,
1048 1586 1259 1641 tandem
1311 1584 1600 1654 aliquando
1649 1581 1828 1637 missis
1858 1581 2051 1635 litteris

465 1686 765 1754 profitetur,
790 1695 849 1735 se
883 1678 1246 1734 Alexandrino
1274 1677 1627 1745 Pctro,quem
1653 1674 1889 1743 ettpetita
1918 1688 2051 1741 apo-

2151 487 2338 541 tistes?
2358 486 2547 542 Nonne
2571 487 2838 556 parochia:
2872 485 3241 540 Heracleensis
3264 486 3556 540 Ecclesiaz?
3581 486 3637 542 Si
3660 488 3737 542 ili

2148 585 2295 631 certe
2324 576 2470 631 licuit
2498 577 2613 633 sine
2639 577 2846 649 synodo
2884 578 3203 632 sententiam
3242 578 3552 647 apostolicm
3589 582 3737 637 sedis

2148 670 2493 737 abrumpere,
2527 671 2670 725 nulla
2710 671 2826 742 ejus
2869 670 3265 725 consultatione
3298 670 3550 739 quaesita;
3594 672 3739 727 itane

2150 777 2278 817 vero
2313 777 2416 816 non
2461 763 2613 818 licuit
2664 764 2849 831 prima;
2896 764 3010 817 sedi
3055 763 3511 819 Chalcedonensis
3541 768 3737 835 synodi

2149 853 2458 915 conStituta,
2487 852 2841 914 sicutdecuit,
2872 855 3213 922 exsequenti,
3248 854 3555 923 huiusmodi
3590 871 3739 925 prte-

2150 943 2500 999 varicatorem
2530 958 2626 998 sua
2665 938 2981 999 auctoritate
3022 944 3339 999 detrudere?
3372 945 3481 1002 Sed
3516 962 3615 1003 nec
3645 948 3735 1003 illa

2150 1035 2510 1104 praeterimus,
2531 1034 2670 1105 quod
2694 1037 2983 1103 apostolica
3011 1036 3167 1091 sedes
3194 1037 3527 1105 frequenter,
3564 1048 3621 1094 ut
3653 1040 3739 1094 dm

2151 1135 2294 1179 ctum
2335 1138 2439 1191 est,
2499 1143 2648 1182 more
2697 1128 2992 1196 majorum,
3034 1128 3198 1183 etiam
3233 1130 3350 1184 sine
3392 1130 3501 1184 ulla
3527 1135 3739 1203 synodo

2154 1220 2511 1288 praecedente,
2545 1220 2861 1274 exsolvendi
2891 1237 3023 1290 quos
3045 1223 3283 1292 synodus
3314 1223 3491 1291 iniqua
3512 1226 3736 1279 damna-

2154 1318 2324 1371 verat,
2354 1318 2408 1364 et
2433 1309 2721 1364 damnandi
2748 1311 2888 1365 nulla
2913 1313 3178 1367 existente
3204 1315 3412 1384 synodo
3427 1331 3561 1383 quos
3578 1332 3740 1385 Opor-

2155 1400 2274 1464 tttit,
2306 1400 2553 1455 habuerit
2581 1400 2913 1456 facultatem.
2957 1403 3172 1457 Sancta:
3216 1405 3415 1474 quippe
3463 1409 3741 1461 memoria:

2154 1491 2508 1547 Athanasium
2539 1494 2778 1566 synodus
2809 1495 3097 1549 Orientalis
3123 1495 3440 1563 addixerat,
3472 1514 3629 1567 quem
3660 1511 3740 1553 ta-

2155 1597 2274 1637 men
2307 1591 2588 1650 exceptum
2640 1583 2797 1639 sedes
2844 1585 3172 1651 apostolica,
3231 1589 3352 1652 qu‘a
3400 1588 3728 1644 damnationi

2155 1672 2461 1728 Grtccnrum
2497 1690 2599 1727 non
2648 1675 2941 1740 consensit,
2983 1677 3232 1732 absolvit.
3281 1678 3495 1735 Sancta:
3541 1696 3739 1735 memo.

465 1775 669 1829 stolizae
715 1773 858 1828 sedis
902 1780 1188 1828 exsecutor
1220 1770 1335 1841 ipse
1387 1784 1600 1839 quoque
1652 1768 2044 1829 damnaverat,
2080 1767 2126 1827 Β
2156 1765 2249 1818 ria:
2280 1765 2626 1820 nihilominus
2656 1765 2915 1822 Joannem
2955 1767 3247 1824 Consmuti:
3272 1772 3599 1840 opilitanum
3647 1790 3740 1844 sy-

465 1866 665 1933 absque
695 1864 1004 1933 apostolicae
1032 1862 1177 1916 sedis
1206 1862 1390 1914 notitia
1420 1858 1798 1914 communione
1822 1859 2055 1925 permix-

467 1966 597 2010 tum.
644 1955 790 2008 Beati
818 1964 998 2008 autem
1045 1953 1188 2007 Petri
1236 1952 1416 2016 sedes,
1468 1954 1587 2020 Quae
1634 1948 2054 2005 Alexandrinum

469 2048 682 2101 Petrum
705 2061 764 2101 se
795 2044 1165 2100 tantummodo
1195 2044 1500 2111 damnasse,
1522 2060 1626 2097 non
1652 2041 1810 2097 etiam
1830 2042 2057 2097 solvisse

469 2148 707 2203 noverat,
745 2154 849 2191 non
880 2139 1112 2208 recepit;
1144 2149 1305 2207 atque
1335 2137 1477 2204 ideo,
1508 2151 1573 2191 ne
1601 2152 1695 2205 per
1722 2136 1972 2190 Acacium
2004 2135 2056 2188 in

469 2231 611 2285 Petri
646 2245 856 2299 quoque
887 2231 1217 2283 Consortium
1250 2228 1555 2291 duceretur,
1590 2228 1760 2296 ipsum
1793 2239 2003 2294 quoque
2027 2239 2055 2276 a

470 2338 565 2377 sua
621 2322 999 2374 communione
1048 2318 1337 2383 submovit,
1369 2328 1422 2372 et
1462 2320 1642 2371 multis
1678 2320 1850 2370 tnodis
1885 2328 2059 2369 trans-

470 2428 773 2483 gressorem
806 2429 832 2463 a
874 2424 972 2465 sua
1002 2409 1261 2464 societate
1286 2408 1411 2464 fecit
1450 2409 1705 2463 a'ienum.
1738 2406 1834 2461 llic
1862 2407 1905 2460 si
1924 2420 2054 2459 exa-

475 2505 698 2558 minatio
727 2504 1003 2572 qumritur,
1033 2500 1143 2569 jam
1172 2500 1376 2568 judicio
1399 2515 1506 2552 non
1535 2513 1567 2552 e
1599 2507 1650 2550 at
1681 2509 1817 2565 opus
1843 2538 1856 2558 ,
1908 2504 2057 2563 post-

474 2613 632 2666 quam
668 2595 859 2649 litteris
890 2597 1003 2647 suis
1035 2594 1150 2661 ipse
1177 2591 1459 2645 confessus
1488 2599 1592 2645 est.
1630 2589 1685 2644 Si
1728 2586 2059 2641 auctoritatis

475 2687 683 2757 pondus
715 2686 1023 2755 inquiritur,
1056 2682 1510 2737 Chalcedonensis
1542 2680 1731 2753 synodi
1765 2690 1950 2735 tenore
1995 2678 2057 2731 il-

478 2780 580 2833 ltus
634 2776 963 2832 definitionis
1001 2776 1275 2831 exsrcutio
1313 2773 1617 2842 reperitur,
1668 2786 1774 2841 quo
1824 2770 2059 2825 damnati

477 2875 583 2928 ilhc
609 2873 812 2928 erroris
838 2870 1267 2925 communicator
1293 2867 1535 2933 effectus,
1591 2866 1821 2934 prazfixxe
1863 2863 2061 2917 nihilo-

478 2964 653 3018 minus
671 2960 1031 3016 damuationis
1049 2959 1315 3031 particeps
1335 2958 1590 3013 exiSteret
1611 2973 1625 3022 ;
1645 2956 1893 3026 quoniam
1918 2953 2059 3009 idem

477 3056 592 3124 ipse
618 3067 792 3118 error,
819 3052 909 3121 qui
930 3051 1099 3107 semel
1124 3062 1204 3105 est
1232 3066 1354 3105 cum
1383 3065 1481 3104 suo
1504 3061 1726 3104 auctore
1751 3049 2054 3112 dominatus,

2159 1857 2331 1910 nodus
2362 1857 2524 1912 etiam
2546 1858 2931 1915 catholicorum
2962 1863 3245 1929 praesulum
3278 1874 3426 1919 certe
3454 1865 3739 1921 damnave-

2158 1958 2263 2014 rat,
2293 1965 2449 2019 quem
2483 1949 2641 2004 simili
2674 1951 2835 2005 modo
2875 1953 3032 2007 sedes
3078 1954 3369 2023 apostolica
3400 1956 3560 2010 etiam
3595 1957 3742 2027 sola,

2156 2039 2278 2108 quia
2310 2055 2413 2092 non
2463 2042 2752 2105 consensit,
2785 2041 3035 2097 absolvit.
3080 2043 3317 2113 Itemque
3346 2056 3586 2101 sanctum
3620 2047 3741 2101 Fla-

2160 2133 2373 2185 viautnn
2403 2133 2705 2201 pontiﬁcem
2739 2133 3047 2190 Graecorum
3087 2138 3501 2205 congregatione
3526 2140 3743 2193 damna-

2161 2234 2271 2287 tum
2307 2224 2421 2293 pari
2449 2234 2655 2289 tenore,
2689 2226 2940 2294 quoniam
2980 2227 3094 2280 sola
3137 2228 3292 2283 sedes
3322 2230 3612 2298 apostolica
3638 2248 3745 2287 nntt

2157 2315 2456 2380 eonseusit,
2480 2314 2749 2379 absolvit;
2802 2316 3085 2386 potiusque
3120 2317 3228 2373 illic
3267 2330 3513 2390 receptus
3536 2322 3744 2387 fuerat,

2162 2406 2473 2462 Dioscorum
2498 2408 2749 2464 secunda:
2779 2409 2926 2464 sedis
2972 2410 3255 2480 praesulem
3293 2427 3387 2466 sua
3427 2415 3744 2469 auctoritate

2161 2498 2456 2565 damnavit,
2485 2511 2537 2554 et
2569 2501 2783 2571 impiam
2812 2504 3074 2572 synodum
3096 2518 3199 2558 non
3222 2506 3608 2560 consentiendo
3629 2508 3747 2563 sola

2161 2590 2453 2653 submovit.
2492 2601 2546 2646 et
2577 2608 2672 2661 pro
2704 2603 2925 2648 veritate
2969 2605 3025 2648 ut
3070 2597 3307 2666 synodus
3343 2596 3747 2654 Chalcedonen-

2161 2682 2235 2738 sis
2264 2684 2432 2746 ﬁeret,
2467 2685 2578 2740 sola
2610 2685 2867 2742 decrevit.
2900 2687 2956 2742 In
2983 2704 3087 2759 qua
3118 2700 3173 2745 ut
3202 2705 3329 2760 ergo
3374 2692 3487 2746 sola
3526 2693 3614 2760 jus
3652 2697 3749 2747 ha.

2164 2775 2280 2829 buit
2300 2776 2615 2831 absolvendi
2646 2793 2740 2832 eos
2763 2794 2898 2847 quos
2930 2781 3187 2853 synodica
3236 2782 3385 2836 decri
3400 2792 3449 2836 ta
3508 2786 3747 2852 percule-

2162 2875 2306 2934 rant,
2340 2866 2415 2921 sic
2442 2869 2599 2923 etiam
2622 2870 2740 2924 sine
2769 2872 2975 2940 synodo
3002 2872 3053 2925 in
3085 2871 3184 2926 hac
3217 2877 3403 2928 eadem
3432 2890 3592 2929 cauSt
3632 2879 3747 2948 p'u-

2162 2961 2330 3015 rimos
2357 2962 2515 3029 etiam
2558 2965 2999 3032 metropolitanos
3047 2966 3335 3022 damnaSse
3381 2974 3746 3037 cognoscitur.

2234 3051 2386 3120 Quod
2408 3053 2453 3107 si
2483 3054 2602 3123 quis
2631 3054 2744 3109 haec
2771 3056 2837 3108 ab
2866 3058 3160 3124 apostolica
3183 3061 3311 3114 sede
3340 3061 3420 3115 vel
3452 3061 3746 3117 secundum

478 3151 531 3205 in
565 3147 823 3218 participe
844 3144 1082 3215 quolibet
1113 3157 1291 3214 prava:
1315 3144 1713 3196 communionis
1743 3142 1934 3195 elleCto
1957 3179 1974 3206 ,
2005 3147 2058 3194 et
2087 3135 2132 3198 C
2165 3145 2427 3213 synodum
2452 3154 2567 3199 acta
2600 3147 2962 3215 reprehendit,
2994 3160 3190 3218 printer
3212 3152 3352 3221 quod
3374 3153 3544 3221 prisca
3568 3169 3747 3209 rerum

478 3241 905 3296 exsecrationem
936 3237 1017 3293 sui
1040 3244 1214 3306 gestat
1233 3245 1288 3291 et
1320 3250 1555 3305 poenam.
1587 3235 1703 3302 Quo
1750 3244 1938 3288 tenore
1968 3230 2063 3285 Ti-

480 3333 728 3386 motheus
757 3331 938 3391 etiam,
974 3339 1136 3397 atque
1157 3328 1270 3395 ipse
1302 3326 1698 3380 Alexandrinus
1730 3325 1942 3388 Petrus,
1974 3322 2063 3392 qui

481 3424 772 3480 secundam
799 3430 943 3475 certe
972 3419 1154 3474 sedem
1195 3419 1430 3473 tenuisse
1472 3417 1807 3480 videbantur,
1845 3430 1948 3468 non
1980 3429 2066 3468 re-

484 3514 647 3584 petita
674 3512 903 3584 synodo,
919 3509 1013 3565 sed
1035 3512 1353 3563 auctoritate
1378 3509 1747 3561 tantummodo
1774 3507 1915 3560 sedis
1938 3520 2069 3573 apo-

484 3606 707 3674 stolicze,
759 3606 874 3674 ipso
922 3618 1135 3673 quoque
1181 3603 1375 3657 Aeacio
1423 3601 1731 3671 postulante
1777 3603 1859 3655 vel
1914 3616 2067 3654 exse-

486 3709 702 3770 quente,
738 3697 1029 3766 probantur
1060 3708 1183 3749 esse
1214 3694 1469 3748 damnati.
1502 3696 1653 3761 Quod
1677 3693 1756 3760 si,
1781 3705 1955 3746 utrum
1984 3706 2068 3746 er-

487 3789 596 3844 rori
624 3788 711 3843 vel
738 3786 1160 3857 practaricationi
1190 3786 1597 3839 communicarit
1624 3784 1875 3850 Aeacius,
1907 3783 2067 3838 forsi-

488 3891 575 3936 tan
606 3880 813 3935 dicatur
845 3877 1151 3949 oportuisse
1181 3885 1451 3937 constare,
1503 3876 1740 3931 breviter
1769 3876 2070 3944 praebemus

488 3977 553 4031 ad
590 3976 690 4031 ista
735 3989 1087 4044 reSponsum,
1142 3983 1229 4026 aut
1280 3974 1423 4026 enim
1466 3972 1564 4041 ipsi
1595 3971 1824 4026 doceant
1852 3969 2068 4023 l’etrum

490 4068 756 4123 veraciter
785 4065 1126 4136 legitimeque
1179 4072 1479 4133 purgatum,
1502 4063 1643 4116 etab
1666 4063 1810 4117 omni
1853 4061 2069 4115 hau-eti-

489 4176 675 4215 corum
703 4160 1023 4227 contagione
1048 4158 1148 4210 rite
1177 4156 1468 4209 discretum
1496 4169 1615 4207 cum
1639 4154 1684 4206 ei
1713 4152 2072 4207 communica-

491 4253 564 4304 vit
594 4251 838 4312 Aeacius,
868 4251 911 4303 si
942 4248 1058 4317 ejus
1074 4251 1581 4301 comntttuicatorem
1608 4255 1792 4313 putant
1816 4246 2070 4298 Acacium

491 4344 827 4411 aliquatenus
853 4340 1239 4402 excusandum,
1270 4349 1360 4392 aut
1381 4339 1446 4405 si,
1478 4338 1615 4405 quod
1667 4338 1832 4406 magis
1862 4346 1945 4391 est
1984 4352 2073 4390 ve-

493 4448 630 4499 rum,
658 4434 1044 4487 convenienter
1072 4440 1233 4499 atque
1264 4430 1497 4499 legitime
1526 4430 1737 4484 Petrum
1790 4446 1897 4482 non
1950 4444 2072 4497 pro-

2168 3237 2483 3307 probatione
2508 3241 2866 3307 convincitur,
2901 3242 3113 3297 interim
3161 3244 3328 3298 multo
3359 3247 3527 3315 magis
3554 3249 3749 3301 Aeacio

2168 3346 2275 3386 non
2309 3332 2521 3387 licuisse
2543 3332 2819 3387 fatebitur.
2852 3334 3001 3388 Dicat
3028 3348 3155 3404 ergo
3182 3350 3284 3406 qua
3304 3336 3419 3404 ipse
3438 3338 3644 3407 synodo
3664 3354 3751 3393 se.

2167 3422 2356 3476 ςυιιάω
2377 3423 2520 3477 sedis
2548 3425 2839 3478 alliiSlllelll
2878 3426 3303 3497 qualemcunque
3325 3468 3339 3491 ,
3389 3438 3535 3482 certe
3562 3429 3750 3485 catho-

2170 3513 2351 3582 licum,
2381 3524 2434 3567 et
2475 3530 2503 3567 a
2531 3516 2809 3570 eattioiicis
2852 3516 3186 3583 ordinatum,
3236 3532 3333 3572 nec
3374 3518 3441 3572 de
3489 3520 3751 3575 catholica

2171 3604 2274 3656 fide
2303 3613 2358 3656 et
2386 3606 2763 3661 communione
2791 3607 3148 3675 aliquatenus,
3173 3608 3501 3677 impetitunt,
3540 3612 3752 3667 duxerit

2170 3694 2591 3761 excludendum;
2645 3706 2699 3752 et
2752 3698 3057 3753 haereticuut
3116 3701 3455 3754 manifestum
3498 3701 3749 3770 Petrum,

2170 3801 2264 3839 sua
2295 3801 2506 3856 quoque
2536 3789 2880 3843 exsecutione
2906 3790 3239 3854 damnatum,
3281 3792 3544 3847 catholico
3575 3799 3752 3863 ponti-

2172 3875 2256 3931 fici
2289 3878 2594 3946 permiserit
2630 3881 2926 3946 subrogari.
2977 3881 3089 3947 Qua
3140 3884 3346 3953 synodo
3392 3885 3563 3937 tertiae
3609 3887 3753 3940 sedis

2171 3968 2479 4037 episcopum
2521 3980 2764 4023 sanctum
2819 3971 3200 4028 Calendiouem
3247 3974 3373 4028 fecit
3419 3978 3655 4045 expelli,
3689 3994 3753 4031 ac

2175 4061 2525 4116 nihilominus
2545 4063 2717 4117 cidem
2749 4063 2962 4117 Petrum
2997 4076 3100 4118 tam
3151 4066 3490 4122 manifestum
3540 4068 3755 4123 hatreti-

2173 4168 2294 4208 cum
2328 4164 2383 4208 ut
2412 4155 2586 4210 eidem
2618 4156 2790 4224 palam
2816 4171 2913 4210 nec
2940 4172 2997 4209 se
3027 4158 3429 4213 communicare
3458 4160 3755 4227 prmtendc-

2176 4253 2279 4311 ret,
2309 4260 2404 4298 sua
2433 4260 2624 4315 passus
2650 4255 2730 4300 est
2758 4246 3118 4315 dispositione
3146 4247 3415 4302 substitui.
3449 4252 3560 4314 Qua
3604 4250 3754 4304 deni-

2174 4356 2277 4411 que
2305 4356 2399 4409 per
2427 4349 2594 4394 totum
2618 4342 2889 4395 Orientem
2921 4341 3154 4411 synodo,
3186 4341 3371 4410 ejectis
3400 4343 3711 4397 orthodoxis
3738 4386 3753 4408 ,

2176 4430 2323 4484 nullo
2351 4432 2575 4486 crimine
2605 4430 2902 4498 tuaculatis,
2940 4447 3130 4499 pravos
3158 4448 3398 4502 quosque
3442 4445 3495 4487 et
3521 4434 3756 4488 eritnini«

493 4524 734 4578 baverint
761 4523 1063 4591 expiatum,
1098 4530 1261 4574 restat
1290 4531 1343 4573 ιιι
1388 4523 1503 4588 ejus
1534 4521 1584 4574 in
1627 4522 1927 4588 expiatione
1971 4524 2074 4573 lnc-
2099 4499 2152 4558 Β
2178 4524 2277 4577 bus
2309 4524 2573 4577 involutos
2600 4539 2692 4576 sua
2719 4526 3021 4591 provisione
3046 4525 3320 4594 supposuit
3344 4526 3366 4579 ?
3389 4525 3499 4592 Qua
3549 4528 3756 4595 synodo

494 4618 583 4683 rit,
615 4628 669 4672 et
696 4618 782 4685 qui
813 4617 861 4669 ei
895 4613 1334 4678 communicavit,
1370 4614 1619 4668 infectus.

569 4706 676 4761 Nec
706 4707 862 4776 plane
893 4716 1128 4759 tacemus
1156 4705 1295 4773 quod
1328 4716 1515 4771 cuneta
1542 4721 1635 4772 per
1656 4705 1907 4759 mundum
1928 4708 2078 4760 novit

495 4798 759 4865 Ecclesia,
790 4798 1039 4868 quoniam
1074 4798 1431 4866 quoruml.bet
1462 4798 1915 4867 sentrtttiisligata
1941 4813 2074 4866 pon-

495 4888 695 4943 tificum
717 4891 873 4944 sedes
898 4888 1038 4944 beati
1087 4887 1230 4942 Petri
1263 4888 1489 4956 apostoli
1536 4890 1622 4957 jus
1671 4888 1865 4943 habeat
1904 4890 2075 4943 resol-

494 4982 650 5038 vendi
682 4990 781 5036 :ut
807 4989 931 5051 pote
961 4996 1081 5051 qua:
1103 4980 1170 5035 de
1208 4978 1355 5034 omni
1384 4980 1623 5035 Ecclesia
1651 4981 1728 5034 fas
1762 4981 1949 5035 habeat
1988 4982 2073 5051 ju-

493 5074 740 5139 dicandi,
798 5088 971 5143 neque
1012 5074 1259 5142 cuiquam
1316 5073 1473 5128 liceat
1530 5072 1599 5127 de
1654 5074 1770 5143 ejus
1827 5075 2074 5143 judicare

494 5166 711 5238 judicio.
740 5164 1017 5234 Siquidem
1039 5163 1105 5217 ad
1136 5162 1283 5216 illam
1320 5164 1386 5218 de
1426 5164 1661 5233 qualibet
1699 5166 1880 5219 mundi
1924 5175 2074 5233 parte

496 5243 735 5310 canones
764 5254 1021 5323 appellari
1053 5254 1341 5317 voluerint,
1372 5254 1439 5309 ab
1466 5254 1551 5307 illa
1597 5264 1774 5309 autem
1809 5271 1964 5311 nemo
2004 5259 2073 5311 sit

496 5346 771 5416 appellare
799 5347 1113 5414 permissus.
1148 5344 1483 5414 Quapmpter
1510 5352 1719 5398 constat
1760 5348 1891 5398 satis
1937 5353 2074 5400 Aca-

496 5439 637 5494 cium
669 5437 869 5492 nullum
911 5436 1158 5490 habuisse
1210 5436 1537 5503 pontificium
1573 5437 1894 5490 sententiam
1933 5437 2076 5492 sedis

495 5531 806 5602 apostolicae
835 5528 953 5582 sine
983 5527 1083 5579 ulla
1113 5526 1231 5593 ejus
1253 5527 1471 5581 notione
1493 5527 1757 5580 solvendi.
1782 5526 1896 5594 Qua
1921 5542 2070 5584 certe

496 5622 701 5693 synodo
729 5622 829 5674 hoc
868 5619 958 5673 illa
990 5621 1331 5688 prtemmpsit
1357 5656 1372 5681 ,
1414 5618 1556 5685 quod
1604 5633 1701 5672 nec
1746 5620 1823 5673 sic
1863 5620 2068 5689 absque

500 5713 784 5784 apostolica
816 5713 944 5769 sede
986 5713 1064 5767 fas
1103 5711 1314 5781 quidem
1358 5711 1579 5767 haberet
1618 5714 1874 5771 efficere?
1904 5714 2066 5785 Cujus

2181 4623 2258 4669 tot
2282 4617 2454 4669 aliena
2486 4616 2761 4684 privilegia
2808 4616 3070 4669 nefaodus
3102 4617 3324 4685 populus
3366 4617 3601 4671 invasit?
3652 4618 3756 4673 Sed

2179 4705 2298 4759 libri
2328 4722 2431 4759 non
2455 4706 2722 4759 sufficient
2751 4706 2794 4759 si
2822 4707 3105 4775 tragwdias
3134 4707 3249 4777 ejus
3269 4722 3401 4776 quas
3446 4724 3539 4778 per
3572 4708 3730 4763 Eccle

2179 4800 2284 4853 sias
2311 4800 2474 4853 totius
2499 4798 2733 4853 Orientis
2782 4801 3052 4865 exercuit,
3098 4801 3405 4870 singillatim
3452 4802 3759 4871 describere

2180 4894 2487 4947 moliau.ur.
2519 4896 2600 4947 An
2632 4893 2760 4947 illud
2793 4895 2959 4963 ipsius
2996 4903 3367 4964 argumentum
3418 4895 3572 4948 nobis
3617 4905 3761 4947 aest.-

2184 4997 2329 5040 tttant
2356 4988 2753 5055 opponendum,
2788 5004 2893 5057 quo
2923 4987 3157 5043 facinora
3203 5002 3296 5041 sua
3332 4989 3386 5042 in
3426 4987 3758 5055 itnperialem

2181 5080 2328 5133 visus
2353 5088 2435 5133 est
2460 5079 2667 5146 jactare
2694 5080 3021 5148 personam?
3050 5077 3157 5133 Cur
3185 5078 3347 5149 igitur
3367 5118 3382 5143 ,
3422 5079 3635 5148 quando
3667 5093 3762 5129 vo-

2182 5170 2278 5225 luit
2307 5170 2511 5224 obstitit
2541 5171 2795 5225 Basilisco
2827 5180 3085 5243 tyranno,
3115 5180 3262 5225 certe
3291 5178 3348 5224 et
3386 5169 3639 5223 Ita-remo
3671 5184 3763 5220 vc-

2182 5262 2461 5317 hetnenter
2492 5262 2728 5317 infesto?
2753 5261 2862 5317 Cur
2890 5264 2987 5332 ipsi
3019 5264 3327 5333 imperatori
3351 5260 3553 5316 Zenoni
3578 5300 3594 5326 ,
3637 5260 3761 5330 quia

2184 5357 2356 5425 palam
2387 5356 2722 5411 Antiocheuo
2753 5355 2912 5410 Petro
2940 5358 3112 5410 noluit
3136 5355 3537 5410 communicare
3558 5394 3575 5420 ,
3609 5369 3761 5409 suam

2182 5462 2286 5499 non
2315 5446 2555 5501 subdidit
2580 5448 2942 5502 voluntatem?
2983 5448 3121 5501 Ecte
3153 5445 3323 5515 potuit
3358 5446 3410 5501 in
3441 5444 3564 5499 aliis
3592 5445 3766 5500 resul-

2181 5544 2293 5591 tare
2343 5538 2387 5590 si
2420 5539 2601 5592 vellet.
2650 5543 2729 5591 An
2782 5553 2888 5591 non
2922 5538 3210 5606 Apostolus
3239 5536 3370 5593 dicit
3401 5553 3415 5590 :
3451 5536 3570 5590 Non
3594 5537 3763 5590 solum

2176 5627 2262 5694 qui
2288 5628 2504 5695 faciunt,
2531 5629 2618 5681 sed
2640 5629 2791 5679 etiam
2810 5628 2897 5696 qui
2925 5629 3244 5683 consentiunt
3265 5627 3592 5697 facientibus,
3617 5638 3763 5680 reatu

2176 5719 2367 5786 pariter
2396 5729 2512 5772 sunt
2535 5718 2754 5771 irrettti?
2792 5719 2895 5773 Sed
2928 5730 2983 5775 ut
3010 5736 3071 5776 ea
3111 5735 3232 5789 qua:
3265 5721 3422 5775 latius
3451 5719 3765 5789 explicanda
