4098 6172
306 339 367 390 8|
1525 328 1877 388 EPISTOLIE
1918 324 2003 379 ET
2045 325 2357 383 DECRETA
2370 369 2383 381 .
3516 323 3584 378 8?.

308 459 430 503 sunt
459 458 794 510 omittamus,
822 442 967 515 quid,
1013 447 1152 515 quod
1204 447 1318 514 ipse
1371 446 1550 499 Zenon
1606 448 1895 513 imperator
1928 441 1975 499 A
2005 457 2124 495 cum
2162 459 2327 497 novas
2361 456 2549 496 causas
2571 454 2692 497 esse
2734 440 3163 511 perpenderent,
3220 450 3328 493 loto
3370 442 3589 496 Oriente

308 545 420 591 suis
452 539 643 591 littoris
677 538 959 607 proﬁtetur
988 547 1174 591 cuncta
1208 552 1330 591 sese
1365 555 1427 591 cx
1462 539 1635 591 Acacii
1664 540 1897 607 gessisse

308 629 559 693 consilio,
585 641 684 681 nec
711 634 811 682 hoc
834 643 953 681 eum
983 626 1166 683 fallere
1196 628 1385 682 litteris
1414 629 1524 682 suis
1551 630 1665 695 ipse
1684 643 1900 699 quoque

312 731 541 774 testatur
572 718 832 783 Aeacius,
880 720 965 787 qui
1005 730 1061 774 et
1102 735 1223 774 eum
1268 721 1612 775 nihil0tninns
1649 724 1896 776 universa

314 822 461 865 rrcte
483 811 715 878 gessisse
742 812 1077 879 conscripsit,
1102 820 1157 865 et
1184 827 1282 865 suo
1312 813 1538 867 consilio
1570 813 1683 868 haec
1707 813 1897 869 eadem

315 910 466 970 gesta
502 918 604 953 non
638 903 823 956 tacuit.
852 901 1013 968 Quasi
1045 917 1170 956 vero
1197 910 1406 957 tantum
1451 904 1504 958 in
1556 906 1899 959 Alexandrini

318 992 458 1045 l‘etri
484 992 865 1047 communione
886 994 1112 1047 Aeacius
1136 995 1507 1061 praevaricator
1534 997 1820 1061 exstiterit,
1848 1006 1904 1052 et

315 1083 507 1136 nonin
548 1083 796 1135 omnibus
818 1096 952 1151 quos
990 1081 1071 1137 vel
1118 1083 1239 1137 fecit
1268 1125 1284 1147 ,
1335 1084 1572 1152 depulsis
1626 1086 1903 1142 catholicis

316 1172 681 1242 pontiﬁcibus,
718 1184 967 1242 tanquam
992 1184 1276 1245 tyrannus,
1305 1176 1558 1231 Ecclesiis
1581 1178 1905 1245 quibuscun-

317 1278 421 1332 que
446 1266 682 1333 praepOni
707 1280 723 1330 ;
758 1264 841 1319 vel
868 1264 1041 1320 taliter
1064 1266 1362 1335 praepositis
1386 1284 1639 1335 perversa
1663 1286 1905 1325 comntu-

317 1356 481 1409 nione
512 1357 807 1423 permixtus
828 1365 931 1420 est,
962 1357 1047 1423 qui
1077 1356 1177 1411 hoc
1208 1359 1322 1426 ipso
1350 1359 1642 1413 secundum
1671 1376 1905 1417 canones

319 1446 540 1499 fuerant
566 1447 633 1498 ab
663 1447 1031 1502 ecclesiastica
1063 1449 1441 1503 communione
1477 1450 1743 1517 pellendi,
1799 1468 1905 1521 quo

319 1550 384 1590 se
413 1537 555 1604 passi
585 1545 710 1591 sunt
732 1552 1072 1592 successores
1096 1539 1228 1594 vitis
1255 1540 1623 1597 sacerdotibus
1644 1542 1901 1598 adhiberi.

325 1632 460 1698 Quis
483 1637 663 1681 autem
693 1645 797 1681 non
823 1630 1107 1697 perspiciat
1132 1628 1487 1701 Christianus,
1538 1634 1677 1702 quod
1722 1637 1908 1689 catho-

320 1722 442 1776 bris
464 1720 806 1787 pontiﬁcibus
828 1739 854 1771 a
886 1724 1095 1789 propria
1116 1720 1246 1777 sede
1269 1723 1511 1793 deiectis,
1534 1741 1637 1780 non
1666 1727 1768 1781 nisi
1794 1727 1905 1782 hm-

2007 532 2205 598 dcpelli
2232 548 2246 595 ;
2280 543 2334 587 et
2360 534 2543 587 czeteri
2567 532 2691 603 quid
2722 542 2996 595 caverent,
3043 546 3107 585 ex
3159 531 3370 586 illorum
3401 534 3587 601 quali—

2004 634 2111 677 tate
2135 623 2439 680 discernere
2462 626 2776 694 potuissent.
2808 625 2996 680 Restat
3028 624 3188 693 igitur
3217 635 3272 678 nt
3297 626 3435 679 illius
3469 640 3586 693 pat-

2004 718 2071 771 tis
2100 733 2195 772 eos
2217 719 2379 773 fuisse
2409 719 2479 774 sit
2504 719 2730 781 clarum,
2761 720 2843 771 cui
2870 734 2928 773 se
2962 732 3077 785 post
3115 728 3194 773 tot
3216 720 3587 789 experimenta

2003 810 2288 869 dederunt.
2346 812 2645 880 meritoque
2680 810 2747 864 ab
2775 811 3065 877 apostolica
3105 811 3232 865 sede
3272 811 3589 878 c.t-terisqne

2004 900 2282 955 catholicis
2307 918 2412 955 non
2445 902 2550 970 jam
2581 902 2896 957 con~ulendi
2930 912 3102 967 erant,
3142 903 3235 956 sed
3269 904 3446 971 potius
3489 919 3585 957 no-

2006 994 2170 1047 tandi.
2233 994 2461 1048 Ιίἰ-ἱιηυς
2516 1005 2692 1049 autem
2740 996 2879 1064 quod
2941 999 3348 1064 pra-rogativaut
3400 999 3590 1050 volunt

2005 1083 2200 1139 Aeaeio
2231 1089 2554 1152 comparari,
2593 1088 2714 1156 quia
2744 1089 3033 1157 episcopus
3068 1088 3219 1143 fuerit
3264 1091 3423 1158 regite
3459 1090 3587 1143 civi-

2007 1173 2148 1227 tatis.
2180 1174 2422 1244 Nunquid
2450 1181 2586 1243 aptnl
2623 1176 3006 1246 Mediolanum,
3049 1180 3188 1244 apud
3240 1180 3547 1235 ltavennam
3572 1224 3587 1245 ,

2006 1265 2145 1334 apud
2171 1266 2445 1324 Sirmium.
2472 1268 2610 1337 apud
2643 1268 2895 1323 Treviros
2919 1272 3104 1324 multis
3133 1272 3467 1339 temporibus
3485 1286 3590 1324 non

2007 1358 2248 1411 constitit
2282 1358 2618 1424 imperator?
2647 1356 3024 1428 Nunquidnam
3060 1361 3248 1415 harum
3279 1363 3484 1415 urbium
3508 1375 3592 1415 sa-

2007 1452 2253 1506 cerdotes
2281 1454 2415 1508 ultra
2447 1469 2753 1508 mensuram
2784 1454 2998 1508 sibimet
3043 1455 3335 1521 antiquitus
3367 1454 3593 1521 deputa-

2008 1554 2116 1599 tam
2140 1544 2411 1614 quidpiam
2439 1544 2552 1601 suis
2576 1546 2925 1614 dignitatibus
2950 1560 3113 1613 usttrp
3132 1544 3319 1597 irunt?
3348 1544 3555 1611 Nttnqui
3580 1546 3593 1594 l

2010 1634 2232 1689 Aeacius
2258 1647 2311 1689 ttt
2342 1637 2601 1691 Joannem
2635 1636 2927 1705 quemlibet
2961 1639 3228 1689 hominem
3264 1636 3590 1689 catholicum
3664 1688 3667 1691 γ

2015 1736 2212 1790 tamen,
2240 1743 2268 1779 a
2301 1726 2581 1780 catholicis
2611 1726 2914 1779 ordinatum
2948 1726 3017 1781 de
3061 1727 3381 1780 Alexanlria
3415 1729 3596 1782 exelu-

322 1814 481 1869 ret‘ci
512 1823 802 1881 potuerunt
829 1813 1094 1868 introduci
1123 1813 1145 1866 ?
1190 1816 1393 1882 Quibus
1436 1825 1610 1871 tamen
1656 1820 1864 1873 cunctis
1888 1860 1904 1885 ,
1939 1807 1982 1867 Β
2013 1817 2181 1884 deret,
2200 1816 2522 1885 Petrumque
2544 1818 2597 1871 in
2623 1818 2810 1873 haeresi
2837 1817 2947 1886 jam
2967 1816 3229 1871 detectum
3259 1828 3418 1887 atque
3446 1818 3595 1871 dam-

322 1905 409 1957 νει
441 1916 627 1957 auctor
660 1904 753 1957 fuit
806 1906 1034 1958 At'acius
1063 1905 1414 1975 subrogandis
1439 1947 1453 1972 ,
1492 1906 1575 1963 vel
1607 1909 1909 1979 subrogatis

322 1999 752 2049 cominunicator
778 1998 1025 2057 accessit,
1051 1998 1132 2051 his
1157 1998 1336 2067 utique
1364 2000 1451 2069 qui
1477 2016 1505 2053 a
1534 2002 1910 2058 communione

324 2090 635 2141 nullatenus
662 2089 1060 2154 discrepabunt.
1091 2090 1195 2144 Cur
1226 2105 1354 2160 ergo
1384 2090 1467 2145 vel
1493 2107 1615 2146 cum
1650 2094 1763 2147 haec
1796 2095 1909 2149 ﬁeri

327 2181 556 2245 videret,
591 2196 696 2232 non
728 2181 866 2234 sicut
891 2182 988 2236 sub
1013 2182 1266 2237 Basilisco
1295 2183 1406 2251 jam
1441 2183 1661 2252 fecerat,
1695 2187 1759 2240 ad
1782 2203 1911 2257 apo-

324 2271 571 2323 stolicam
597 2270 776 2323 sedem
814 2270 1018 2325 referre
1051 2274 1255 2326 curavit
1286 2290 1298 2325 :
1327 2284 1379 2326 ut
1407 2274 1452 2328 si
1479 2276 1623 2330 solus
1659 2277 1771 2345 ipse
1802 2292 1908 2332 non

328 2370 563 2429 poterat,
585 2360 809 2427 junctis,
840 2374 959 2414 eum
990 2362 1178 2416 eadem
1210 2365 1448 2419 c0nsiliis
1487 2376 1648 2436 atque
1675 2369 1913 2422 tractati-

329 2455 430 2508 bus
459 2456 598 2522 apud
628 2455 1003 2519 imperatorem
1038 2466 1254 2524 possent
1277 2497 1291 2518 ,
1337 2472 1454 2526 quae
1496 2459 1734 2528 religioni
1764 2475 1912 2515 com-

328 2556 598 2614 petereot,
624 2546 839 2615 allegari
860 2547 881 2599 ?
903 2546 1032 2601 Nam
1062 2549 1105 2601 si
1155 2548 1463 2611 Basiliseus,
1492 2560 1547 2605 ut
1577 2552 1775 2607 dictum
1806 2562 1909 2619 est,

330 2647 596 2707 tyrannus
621 2639 927 2703 lia-retices,
962 2640 1175 2707 scriptis
1216 2641 1524 2709 aposmlicte
1571 2643 1715 2698 sedis
1748 2643 1912 2698 vehe-

335 2738 546 2781 tnenter
568 2727 824 2783 infractus
854 2738 956 2794 est,
985 2738 1039 2783 et
1065 2746 1092 2782 a
1146 2728 1388 2799 plurimis
1420 2744 1699 2787 revocatus
1728 2749 1913 2790 exces-

330 2820 504 2888 sthzis,
537 2831 737 2888 quanto
768 2822 937 2889 magis
973 2820 1242 2891 legitimus
1284 2821 1573 2892 itnperator
1612 2825 1701 2893 qui
1741 2841 1799 2881 se
1824 2842 1913 2881 ca-

332 2913 591 2967 tholicum
616 2912 782 2968 videri
816 2914 1043 2979 Volebat,
1076 2916 1244 2981 potuit
1281 2930 1401 2969 eum
1451 2919 1743 2986 apostolica
1784 2918 1911 2974 sivde

331 3022 359 3059 c
402 3016 648 3061 netorum
682 3021 895 3075 quoque
924 3006 1232 3076 pontiﬁcum
1258 3008 1531 3062 moderata
1571 3010 1910 3078 suggestione

331 3098 584 3167 mitigari,
615 3113 707 3167 pra
726 3099 882 3166 cipue
901 3112 1021 3153 cum
1054 3098 1293 3167 ejusdem
1319 3098 1460 3152 Acac
1485 3099 1500 3152 i
1531 3111 1674 3154 esset
1700 3102 1911 3169 specia-

2016 1917 2223 1974 natutn,
2250 1910 2451 1977 abaque
2480 1910 2621 1964 sedis
2655 1912 2964 1979 apostolicae
3007 1910 3404 1965 consultatione
3457 1913 3595 1965 reci-

2015 2010 2181 2070 peret,
2213 2003 2389 2069 aliqua
2416 2002 2623 2072 synodo
2653 2002 2842 2056 saltem
2888 2002 2997 2055 illic
3040 2003 3248 2060 habita,
3283 2002 3384 2055 hoc
3423 2003 3596 2056 anda-

2011 2101 2127 2145 cter
2147 2094 2373 2160 arripuit
2402 2092 2851 2147 ntCalendionem
2875 2093 2941 2147 de
2962 2093 3242 2147 Antiochia
3273 2094 3592 2162 depelleret,
3638 2118 3641 2121 -

2013 2182 2429 2253 hereticutnque
2460 2184 2694 2247 Petrum,
2728 2199 2886 2254 quem
2910 2185 3025 2252 ipse
3053 2184 3441 2249 damnaverat,
3474 2185 3596 2237 abs--

2012 2287 2117 2341 que
2149 2271 2336 2325 notitia
2356 2274 2498 2327 sedis
2514 2274 2826 2343 apostoliczn
2849 2288 3034 2328 rursus
3059 2274 3389 2339 admitteret,
3414 2274 3596 2340 aliqua

2012 2366 2218 2437 synodo
2244 2365 2295 2420 id
2336 2364 2529 2421 fecisse
2555 2367 2922 2420 monstratur?
2946 2367 2998 2420 Si
3045 2377 3194 2420 ecrte
3232 2367 3299 2419 de
3336 2366 3596 2433 dignitate

2013 2459 2185 2527 agitur
2210 2457 2512 2522 civitatum,
2537 2459 2787 2513 secundze
2812 2460 2954 2514 sedis
2992 2471 3040 2513 et
3089 2461 3263 2513 terlize
3313 2461 3484 2526 major
3510 2472 3591 2513 est

2013 2550 2242 2619 dignitas
2277 2550 2616 2604 saCerdotum
2654 2566 2808 2620 quam
2850 2550 2967 2617 ejus
3006 2550 3237 2605 civitatis
3263 2592 3278 2617 ,
3325 2566 3445 2620 qua:
3490 2566 3594 2604 non

2013 2643 2184 2697 solum
2215 2645 2355 2698 inter
2385 2643 2544 2698 sedes
2570 2644 2786 2697 min'me
2811 2654 3141 2709 muneratur,
3192 2644 3285 2698 sed
3329 2659 3427 2697 nec
3459 2645 3597 2697 inter

2016 2734 2547 2801 metropolitanorum
2568 2737 2689 2800 jura
2716 2750 2985 2789 censetur.
3035 2735 3164 2788 Nam
3208 2736 3347 2802 quod
3378 2736 3556 2790 dicitis
3577 2776 3592 2793 .

2014 2826 2167 2895 regite
2188 2826 2436 2890 civitatis,
2462 2826 2563 2879 alia
2591 2836 2826 2895 potestas
2853 2837 2935 2880 e~t
2968 2827 3114 2894 regni
3148 2826 3424 2880 stecularis
3447 2868 3461 2891 ,
3494 2827 3595 2879 alia

2014 2916 2498 2970 ecclesiasticarum
2530 2917 2836 2971 distributio
2869 2918 3213 2985 dignitatum.
3258 2918 3403 2973 Sicut
3450 2918 3591 2972 enim

2016 3010 2258 3075 Quamvis
2283 3024 2443 3076 paria
2468 3010 2653 3063 civitas
2686 3010 3091 3078 prznrogativam
3125 3011 3403 3077 praesentis
3445 3011 3592 3077 regni

2018 3116 2123 3154 non
2148 3102 2361 3166 minuit,
2386 3101 2465 3156 sic
2504 3102 2794 3170 imperialis
2842 3102 3123 3171 praesentia
3163 3118 3465 3156 mensuram
3511 3103 3593 3155 di-

333 3188 400 3242 lis
432 3188 611 3243 fautor
633 3199 685 3243 et
714 3198 941 3255 amator,
966 3197 1019 3241 ct
1057 3190 1145 3258 qui
1188 3189 1381 3244 litteris
1431 3192 1543 3244 suis
1590 3200 1694 3245 tant
1737 3193 1909 3261 ipsum
1940 3174 1986 3236 (ἶ
2016 3192 2376 3260 Spcnsatiunis
2404 3193 2671 3261 religiosm
2714 3208 2816 3247 non
2851 3202 3037 3245 mutat.
3064 3193 3143 3248 Sit
3170 3193 3311 3245 clara
3351 3194 3477 3246 urbs
3506 3192 3593 3245 illa

333 3281 612 3345 Acacium,
643 3297 801 3348 quam
833 3292 1076 3336 sanctum
1100 3297 1287 3350 papam
1318 3283 1646 3350 Simplicium
1665 3299 1910 3353 magnum

335 3372 581 3428 laudibus
606 3374 927 3436 extulisset.
976 3376 1116 3444 quod
1175 3375 1426 3429 haeretico
1481 3380 1912 3433 constantissime

336 3466 693 3521 restitissent?
741 3467 847 3520 (‘ur
879 3477 1025 3521 tanto
1072 3476 1311 3538 tempore
1356 3471 1585 3525 Aeacius
1638 3474 1776 3527 inter
1812 3472 1911 3528 ista

336 3558 614 3621 conticuit,
654 3558 755 3613 nisi
778 3560 900 3629 quia
936 3560 1217 3629 prtepediri
1246 3561 1459 3616 nolebat
1486 3562 1773 3630 ullatenus,
1796 3581 1912 3635 qua:

338 3653 679 3708 desiderabat
702 3654 905 3719 expleri
929 3652 953 3705 ἲ

416 3744 680 3798 Ponamus
730 3752 939 3805 tamen,
976 3739 1185 3796 etiarnsi
1221 3744 1360 3797 nulla
1405 3743 1642 3813 synodus
1690 3759 1913 3814 praeces.

338 3836 518 3901 sisset,
550 3833 703 3902 cujus
729 3834 1019 3903 apostolica
1043 3837 1198 3889 sedes
1229 3846 1373 3890 recte
1406 3838 1558 3891 ﬁeri-t
1584 3842 1912 3907 exsecutrix,

340 3943 461 3982 cum
494 3926 686 3996 quibus
708 3934 825 3980 erat
850 3927 919 3982 de
949 3926 1144 3980 Aeacio
1173 3927 1410 3998 synodus
1460 3931 1726 3986 ineunda?
1767 3932 1914 3987 Nun-

337 4018 467 4088 quid
497 4033 618 4073 cttm
651 4016 734 4071 his
759 4018 848 4085 qui
877 4016 985 4086 jam
1013 4019 1300 4087 participes
1325 4020 1642 4075 tcnebantur
1685 4023 1880 4077 Acacio
1899 4065 1913 4089 ,

338 4121 390 4166 et
414 4125 509 4179 per
529 4109 805 4164 Orientem
827 4115 994 4162 totum
1018 4108 1296 4163 catholicis
1322 4112 1690 4166 sacerdotibus
1718 4114 1918 4168 violen-

342 4210 422 4256 ter
452 4199 714 4263 exclusis,
746 4210 797 4252 et
824 4214 918 4266 per
962 4198 1147 4252 exsilia
1189 4198 1400 4253 diversa
1450 4201 1737 4270 relegatis,
1784 4204 1916 4257 socii

337 4292 617 4346 evidenter
646 4289 948 4345 existebant
977 4289 1374 4344 communionis
1399 4301 1658 4357 externas,
1690 4292 1836 4361 prius
1857 4308 1919 4349 se

338 4390 403 4440 ad
434 4387 549 4439 hac
572 4382 839 4439 consortia
866 4379 1245 4436 transferentes
1273 4398 1426 4451 quam
1443 4383 1585 4437 sedis
1607 4386 1918 4451 apostolica:

338 4478 469 4529 scita
501 4473 1042 4529 consulerent?(.'um
1089 4472 1284 4541 quibus
1332 4488 1462 4541 ergo
1519 4475 1754 4545 synodus
1801 4485 1918 4530 erat

2016 3291 2281 3349 potestate
2305 3283 2585 3352 prtesentis
2613 3284 2981 3351 imperatoris,
3034 3284 3221 3353 religio
3261 3284 3361 3336 sub
3404 3283 3592 3337 eodem

2021 3384 2144 3428 tunc
2166 3374 2337 3435 ﬁrma,
2356 3384 2482 3430 tunc
2510 3375 2697 3439 libera,
2721 3384 2846 3429 tunc
2865 3385 3114 3444 provecta
3140 3375 3406 3443 consistit,
3434 3376 3477 3429 si
3501 3390 3593 3442 po.

2016 3468 2122 3520 tius
2153 3465 2255 3521 hoc
2285 3476 2550 3534 prasente
2597 3469 2866 3537 propriam
2897 3476 3075 3525 teneat
3093 3468 3211 3523 sine
3239 3468 3346 3523 ulla
3388 3479 3599 3537 pertur-

2017 3556 2228 3612 batione
2251 3573 2577 3613 mensuram.

2087 3650 2193 3705 Sed
2216 3651 2426 3704 dicatur
2456 3649 2677 3705 forsitan
2701 3649 2768 3705 de
2791 3650 3153 3706 Alexandrino
3166 3649 3593 3718 ctAntiocheno,

2017 3742 2184 3796 certis
2210 3759 2272 3796 ex
2301 3743 2479 3797 causis
2513 3742 2807 3811 principem
2833 3743 3005 3812 magis
3033 3744 3118 3796 illa
3144 3759 3264 3811 qua:
3283 3752 3430 3811 gesta
3448 3752 3593 3808 sunt,

2021 3848 2125 3887 non
2156 3834 2405 3888 Acacium
2435 3835 2772 3903 praecepisse.
2807 3832 2910 3888 Sed
2939 3835 3164 3903 principi
3184 3833 3487 3889 Christiano
3507 3835 3596 3887 de-

2021 3932 2203 3977 cuerat
2233 3939 2521 3992 sugserere
2546 3923 2903 3983 sacerdotem.
2931 3924 3164 3979 maxime
3190 3923 3343 3993 cujus
3373 3924 3598 3977 familia.

2022 4017 2177 4069 ritate
2200 4026 2252 4069 et
2277 4015 2456 4069 favore
2488 4016 2781 4075 fruebatur,
2816 4016 3016 4067 salvam
3048 4015 3160 4068 fore
3189 4014 3257 4068 de
3296 4014 3413 4081 ejus
3462 4014 3597 4081 inju-

2020 4108 2098 4160 ria
2130 4106 2562 4173 contumeliaqne
2586 4104 2896 4169 vindictam,
2930 4115 3135 4157 tantum
3163 4112 3223 4157 ut
3251 4103 3505 4157 Ecclesiae
3527 4105 3597 4157 si-

2021 4206 2177 4252 neret
2200 4196 2537 4251 Christianus
2565 4198 2813 4264 princeps
2834 4198 3045 4263 regulas
3074 4194 3365 4261 custodiri,
3394 4196 3514 4264 quia
3545 4206 3597 4250 et

2021 4304 2157 4346 nova
2182 4289 2234 4341 in
2261 4298 2487 4356 utroque
2515 4289 2765 4356 pontilice
2790 4303 2952 4342 causa
2980 4296 3127 4342 esset
3166 4296 3349 4341 exorta
3368 4328 3383 4352 ,
3415 4296 3469 4342 et
3498 4304 3596 4342 no-

2021 4395 2140 4435 vatn
2191 4379 2576 4433 discussioncnt
2618 4386 3015 4446 consequenter
3064 4378 3378 4445 inquireret.
3421 4378 3489 4431 Et
3514 4378 3591 4447 si,

2021 4473 2161 4526 sicut
2179 4483 2395 4535 semper
2425 4478 2569 4523 esset
2590 4468 2870 4533 effectum,
2915 4468 3233 4522 sacerdotali
3275 4468 3503 4522 concilio
3532 4468 3600 4524 de

340 4568 571 4624 ineunda
600 4564 849 4621 catholici
881 4538 1161 4633 pontiﬁces
1189 4538 1664 4633 fuerant—undique
1684 4567 1793 4635 jam
1827 4568 1920 4623 de-
1944 4538 1997 4600 Ῑ)
2023 4560 2392 4617 sacerdotibus
2418 4559 2612 4628 judicia
2648 4559 3016 4628 provenirent,
3047 4575 3151 4613 non
3183 4573 3212 4612 a
3250 4558 3491 4613 sa’culari
3520 4560 3599 4612 vi-

338 4661 497 4730 pulsi,
542 4660 749 4729 solique
781 4667 1149 4712 rematnerant
1195 4658 1323 4712 socii
1378 4659 1697 4726 perﬁdorum
1724 4699 1739 4724 ,
1795 4676 1916 4715 cum

338 4754 531 4824 quibus
556 4750 667 4821 jam
700 4765 801 4806 nec
825 4748 1017 4805 licebat
1064 4749 1263 4804 habere
1304 4764 1658 4814 conventum,
1706 4751 1920 4807 dicente

343 4848 549 4916 psalmo
582 4858 597 4897 :
632 4844 752 4899 Non
781 4844 889 4898 sedi
912 4844 965 4897 in
992 4843 1209 4896 concilio
1229 4843 1467 4896 vanitatis
1486 4884 1501 4909 ,
1525 4853 1574 4896 et
1601 4857 1719 4896 cum
1744 4844 1918 4914 iniqua

340 4938 631 5011 gerentibus
654 4954 753 4991 non
779 4935 1021 4989 introibo.
1064 4933 1176 4989 Nec
1216 4933 1563 4989 ecclesiastici
1602 4934 1766 4988 moris
1794 4944 1877 4988 eet
1899 4975 1915 5001 ,

340 5047 458 5085 cum
493 5031 576 5084 his
627 5031 717 5098 qui
751 5027 1003 5095 pollutam
1049 5025 1240 5079 habent
1279 5023 1739 5088 communionem,
1796 5039 1919 5092 per-

341 5132 676 5188 mixtamque
697 5132 815 5171 cum
860 5115 1073 5185 perﬁdis
1118 5114 1343 5170 miscere
1395 5116 1707 5171 concilium.
1755 5116 1920 5172 Recte

342 5214 502 5282 igitur
536 5226 633 5281 per
649 5207 1102 5264 Chalcedonensis
1131 5209 1326 5281 synodi
1355 5211 1582 5265 formam
1615 5208 1920 5278 bujusmodi

343 5302 714 5373 praevaricatio
738 5301 945 5370 repulsa
975 5310 1077 5368 est,
1108 5303 1284 5370 potius
1313 5318 1472 5371 quam
1500 5302 1566 5356 8d
1597 5301 1882 5358 concilium
1904 5341 1921 5367 ,

344 5398 480 5467 quod
516 5409 613 5451 nec
634 5408 773 5462 Opus
800 5401 917 5447 erat
942 5400 1062 5462 post
1089 5396 1313 5462 primam
1342 5393 1629 5463 synodum,
1674 5406 1773 5445 nec
1801 5403 1921 5444 cutn

347 5490 540 5543 talibus
569 5486 753 5540 haberi
784 5484 1001 5550 licebat,
1034 5485 1259 5539 adducta
1287 5494 1389 5540 est.
1422 5483 1553 5537 Nam
1577 5481 1770 5549 etquid
1803 5494 1927 5546 age-

346 5594 490 5637 rctnr
513 5583 582 5635 de
617 5583 720 5635 ﬁde
746 5578 1007 5633 catholica
1032 5577 1332 5648 intelligere
1359 5577 1402 5631 si
1428 5577 1649 5641 vellent,
1684 5574 1953 5641 ignorare

349 5692 448 5729 tt-n
499 5685 751 5740 poterant
803 5688 923 5725 cum
956 5671 1191 5724 viderent
1243 5670 1539 5723 catholicos
1598 5666 1922 5734 pontiﬁces,

349 5767 485 5825 nulla
541 5768 729 5832 synodi
780 5764 1129 5831 discussione,
1184 5764 1325 5818 nullo
1377 5760 1622 5826 concilio,
1656 5758 1927 5829 praecipue

2020 4655 2280 4709 derentur
2320 4653 2723 4723 qualescunque
2752 4651 3062 4720 pontiﬁces,
3100 4662 3154 4706 et
3182 4652 3226 4706 si
3270 4666 3458 4706 errore
3503 4651 3600 4706 bu-

2023 4745 2254 4799 manitus
2278 4745 2587 4809 accedente,
2615 4758 2719 4795 non
2753 4751 2928 4795 tamen
2958 4752 3146 4796 contra
3178 4742 3492 4811 religionem
3520 4743 3571 4795 ul

2022 4839 2230 4892 Eatenus
2259 4835 2554 4890 excedente
2586 4841 2846 4899 potestate
2869 4832 3105 4899 percelli.
3130 4833 3211 4885 An
3233 4845 3283 4886 et
3310 4833 3424 4887 haec
3455 4834 3599 4900 justa

2023 4927 2237 4983 ratione
2261 4923 2491 4995 principi
2517 4922 2852 4989 suggerenda
2891 4937 2994 4975 non
3029 4922 3219 4975 erant?
3260 4922 3440 4990 Regia:
3470 4924 3601 4976 civi-

2024 5019 2150 5074 tatis
2183 5018 2387 5071 honore
2408 5013 2651 5069 sublimis
2690 5013 2735 5065 si
2779 5013 2949 5065 factus
2995 5022 3109 5067 erat
3166 5011 3254 5066 illa
3305 5015 3446 5082 regia
3480 5014 3601 5069 civi-

2026 5121 2134 5167 tate
2207 5111 2528 5173 sublimior,
2597 5117 2744 5161 tanto
2800 5106 2968 5174 magis
3026 5106 3078 5160 in
3121 5105 3203 5159 his
3257 5107 3601 5175 sttggerendis

2026 5203 2350 5258 dehuitesse
2397 5201 2750 5255 constantior.
2812 5197 2871 5253 Si
2918 5207 3096 5251 autem
3147 5196 3199 5250 in
3239 5195 3324 5250 his
3354 5213 3474 5267 qua:
3506 5210 3600 5264 pro

2028 5297 2290 5367 religione
2330 5293 2538 5350 fuerant
2578 5291 2843 5347 exereuda
2873 5330 2888 5355 ,
2928 5290 3134 5345 exstitit
3186 5288 3601 5357 contemptibilis

2027 5399 2186 5459 atque
2216 5389 2521 5457 despectus,
2545 5396 2596 5439 ct
2618 5395 2707 5438 aut
2730 5382 2930 5451 segnis,
2959 5391 3051 5436 aut
3074 5382 3325 5435 ﬁduciam
3368 5396 3473 5434 non
3504 5380 3600 5433 ha-

2029 5481 2160 5535 bens
2185 5478 2486 5541 intimandi,
2521 5478 2572 5529 in
2601 5491 2707 5543 quo
2730 5488 2822 5542 per
2870 5473 3073 5541 regiam
3115 5470 3389 5525 civitatem
3433 5469 3603 5537 major

2028 5572 2249 5627 effectus
2284 5569 2400 5623 est?
2448 5567 2654 5621 Nathan
2690 5566 2947 5635 propheta
2998 5563 3173 5630 palam
3207 5562 3522 5628 publiceque
3552 5563 3604 5619 in

2033 5664 2165 5719 facie
2190 5663 2297 5731 regi
2320 5660 2507 5721 David.
2524 5669 2573 5714 et
2596 5659 2940 5714 commissum
2966 5654 3605 5726 pronuntiaritcrrorem,

2032 5768 2084 5814 et
2110 5756 2283 5827 ipsum
2309 5752 2579 5808 commisi»
2611 5768 2641 5808 e
2680 5765 2782 5805 non
2819 5752 3001 5812 tacuit,
3037 5754 3091 5800 et
3119 5744 3457 5814 confessione
3487 5759 3609 5805 cur.
