4098 6172
469 277 537 329 8')
1809 273 2030 329 GELAS

2139 272 2321 331 δΛΡιΕ
2363 277 2383 331 ι
3660 283 3731 339 8i

470 398 671 442 rectum
705 398 1097 458 consequenter
1127 388 1379 444 absolvit.
1421 387 1514 442 llic
1547 396 1722 441 autem
1756 388 1837 441 vir
1868 386 2039 439 bonus
2073 389 2116 444 A
2152 388 2427 453 refutavit,
2453 399 2507 444 et
2529 400 2838 446 consortem
2874 392 3268 446 communionis
3292 404 3530 448 eaternze
3573 408 3601 446 a
3634 411 3728 449 sua

467 489 521 534 et
549 481 801 534 sacerdos
830 482 1096 549 egregius,
1130 481 1177 532 in
1214 489 1418 533 tantum
1444 494 1504 533 se
1533 488 1587 533 et
1618 494 1905 548 suggerere
1950 496 2044 547 po-

470 574 633 625 tuisse
661 572 1001 637 monstravit,
1030 581 1083 625 et
1111 570 1345 625 noluisse
1384 571 1756 639 deprompsit,
1805 570 1913 624 imo
1966 570 2045 621 fa-

469 662 607 716 visse
636 663 899 729 patetecit,
932 670 1069 717 utet
1118 663 1409 729 imperatur
1455 670 1647 715 cuncta
1696 675 1756 715 se
1808 677 1871 714 ex
1927 660 2041 728 ejus

464 754 694 819 gessisse
726 753 951 806 consilio
975 768 1078 807 non
1127 761 1356 816 taceret,
1395 762 1450 807 et
1499 752 1612 822 ipse
1661 752 2037 821 imperatorem

468 846 671 914 magnis
705 846 981 910 praeconiis
1034 846 1268 900 elevaret
1320 847 1417 899 ista
1451 845 1769 909 facientem;
1813 860 2041 914 seseque

465 937 716 1004 proderet
748 938 826 989 his
849 937 1068 1005 agendis
1096 939 1257 991 rebus
1280 937 1442 992 fuisse
1466 938 1805 1006 participem.

535 1030 639 1084 Sed
670 1040 785 1084 esto
811 1029 1102 1084 Calendion
1134 1045 1325 1084 nomen
1359 1033 1695 1099 imperatoris
1726 1030 2029 1091 abstulerit,

462 1127 697 1178 Joannes
745 1124 967 1193 principi
1022 1124 1275 1178 mentitus
1306 1124 1467 1178 fuisse
1506 1124 1736 1190 jactelur
1768 1142 1780 1177 :
1815 1139 1934 1185 qute
1969 1134 2037 1176 ta-

466 1231 611 1278 men,
643 1233 763 1269 cutn
814 1229 969 1268 novae
1011 1226 1195 1268 essent
1241 1229 1436 1272 causae.
1473 1230 1607 1268 nova
1653 1215 1839 1268 debuit
1866 1214 2042 1267 eccle-

461 1307 673 1361 siastica
733 1306 1015 1375 provenire
1070 1306 1351 1360 diseussio.
1384 1310 1465 1360 An
1522 1307 1609 1375 qui
1663 1305 1714 1359 in
1768 1304 2038 1359 hominem

463 1400 839 1467 imperatorem
895 1412 1149 1466 peccasse
1202 1398 1539 1459 dicebantur,
1599 1397 1739 1450 nulla
1808 1397 2043 1449 interve-

463 1489 643 1544 niente
696 1487 904 1558 synodo
932 1488 1094 1557 dejici
1146 1489 1475 1550 debuerunt;
1526 1488 1661 1542 etin
1715 1487 1907 1550 Deum,
1950 1487 2040 1555 qui

462 1594 702 1632 summus
730 1588 783 1632 et
810 1593 967 1632 verus
995 1585 1079 1631 est
1103 1577 1417 1645 imperator,
1446 1576 1696 1632 Acacium
1724 1577 2039 1645 delinquen-

465 1680 570 1722 tem
609 1670 983 1737 sinceramque
1030 1672 1462 1724 communionem
1518 1669 1683 1723 divini
1716 1670 2035 1722 sacramenti

464 1760 768 1814 studentem
792 1762 1019 1815 miscere
1042 1775 1160 1814 cum
1188 1760 1422 1828 perfidis,
1450 1763 1743 1815 secundum
1774 1762 2035 1830 synodum
2072 1742 2117 1801 Β

463 1869 563 1920 qua
595 1855 706 1906 haec
729 1853 1070 1905 cstdamnata
1097 1854 1335 1920 perﬁdia,
1358 1868 1461 1905 non
1484 1854 1765 1921 oportebat
1785 1853 2045 1907 excludit

471 1942 608 2009 Quid
642 1958 734 2010 per
756 1953 924 1995 trtum
953 1944 1224 1996 Orientem
1248 1944 1314 1997 de
1338 1943 1631 1997 innumeris
1651 1944 1871 1997 utbiltus
1904 1944 2041 2011 pulsi

467 2034 717 2086 cathol3ci
773 2036 1099 2094 sacerdotes,
1135 2044 1189 2086 et
1231 2034 1467 2087 lneretici
1523 2036 1831 2104 subrugati?
1882 2034 2045 2088 Nova:

461 2133 610 2177 certe
637 2133 790 2177 erant
819 2141 1014 2187 causae,
1038 2134 1090 2178 et
1122 2126 1201 2178 his
1228 2137 1621 2194 causequenter
1649 2140 1782 2179 nova
1808 2126 2044 2196 synodus

466 2214 781 2267 debebatur.
818 2213 925 2267 Cur
956 2224 1082 2267 tunc
1122 2230 1225 2267 non
1258 2216 1404 2268 venit
1430 2217 1482 2268 in
1530 2226 1763 2269 mentem
1797 2223 1855 2269 ut
1886 2217 1938 2269 in
1968 2227 2045 2270 ta-

468 2307 604 2358 til:us
635 2306 812 2359 causis
846 2316 1117 2373 pateretur
1166 2321 1192 2357 a
1238 2307 1475 2374 principe
1526 2307 1714 2360 saltem
1741 2309 2044 2376 qualiscun-

464 2412 568 2463 que
598 2398 832 2466 synodus
861 2396 1201 2461 ct~lcbrattda,
1236 2406 1293 2450 ut
1329 2412 1648 2466 quocunque
1688 2398 1773 2451 vel
1802 2398 2043 2453 colorato

460 2493 665 2558 judicio
718 2494 1017 2548 ttadttionis
1074 2493 1450 2547 ecclesiasticae
1509 2494 1705 2562 passim
1764 2495 2043 2562 pontiﬁces

463 2584 771 2638 viderentur
821 2584 1049 2650 exclusi,
1108 2600 1211 2637 non
1247 2585 1419 2637 solum
1470 2599 1909 2652 quarumeunque
1955 2601 2042 2638 ur-

464 2680 608 2736 bium
665 2680 1000 2744 Sacerdotes,
1055 2680 1147 2731 sed
1208 2679 1600 2745 metropolitani
1666 2680 2040 2735 incunctanter

463 2772 767 2827 antistites?
797 2770 887 2825 llis
914 2771 1164 2826 omnibus
1187 2787 1305 2825 enm
1340 2788 1441 2823 non
1473 2770 1668 2824 restitit
1698 2773 2037 2841 suggestione

463 2882 566 2935 qua
597 2868 787 2933 potuit,
830 2867 1100 2919 consensit
1133 2865 1359 2918 Aeacius
1413 2866 1859 2919 communicando
1908 2883 2037 2920 cun-

462 2958 561 3011 ctis
589 2959 677 3025 qui
730 2958 780 3010 iu
812 2958 1196 3012 catholicorn-n
1242 2958 1414 3012 locum
1448 2959 1680 3012 Itmretici
1713 2958 1920 3012 fuerant
1946 2974 2037 3012 sn-

464 3047 691 3116 brogati.
725 3049 1012 3117 Apostolus
1041 3055 1217 3103 autem
1248 3049 1377 3102 dicit
1405 3067 1417 3100 :
1453 3048 1574 3101 Non
1615 3051 1783 3103 solum
1820 3052 1906 3119 qui
1951 3054 2033 3115 [a-

460 3140 508 3191 ci
548 3148 621 3205 nt,
649 3140 737 3192 sed
764 3148 810 3191 et
840 3142 930 3210 qui
951 3141 1267 3193 consentiunt
1308 3141 1633 3210 facientibus,
1671 3156 1795 3195 reos
1826 3142 2034 3195 indubi-

464 3242 636 3286 tantcr
691 3233 903 3285 a~cribi.
939 3235 1017 3286 An
1070 3234 1182 3287 lliBC
1216 3234 1361 3287 licuit
1403 3235 1646 3288 sreeulari
1696 3237 1940 3304 potestati
1984 3247 2037 3291 et

461 3325 594 3378 actis
624 3323 818 3377 talibus
850 3326 1047 3379 Aeaeio
1069 3328 1419 3379 consenttenti
1444 3328 1643 3389 absque
1670 3329 1771 3381 nlla
1805 3330 2033 3398 synodo,

460 3428 618 3479 quam
674 3414 787 3479 ipsa
844 3429 1019 3467 rertm
1081 3418 1285 3467 novitas
1318 3418 1585 3484 exigebat,
1642 3420 1844 3487 absque
1890 3420 2036 3474 sedis

462 3505 776 3567 apostolica:
823 3506 1217 3559 con~ultatione
1254 3508 1537 3574 perﬁcere;
1591 3520 1639 3563 et
1680 3509 1791 3563 sedi
1823 3521 2037 3579 aposto-

462 3597 575 3651 lica:
607 3612 712 3650 non
746 3597 887 3651 licuit
919 3599 1213 3652 secundum
1251 3610 1489 3653 tenorem
1521 3602 1709 3670 synodi
1734 3602 2032 3655 Chalcedo-

462 3686 644 3741 nensis
693 3688 744 3741 in
796 3693 963 3741 veteri
1022 3690 1201 3755 tttiqtte
1252 3703 1409 3743 causa
1443 3699 1497 3744 et
1523 3692 1694 3744 veteri
1740 3694 2035 3747 constituto

456 3789 597 3845 justa
653 3780 962 3835 deﬁnitione
1010 3780 1273 3834 damnatis
1317 3782 1546 3836 inimicis
1577 3784 1764 3854 synodi
1810 3785 2033 3840 Chalce-

457 3869 711 3923 donensis
757 3870 1010 3925 Acacium
1056 3875 1538 3926 communieautem
1586 3891 1613 3925 a
1672 3892 1762 3929 ξω
1795 3893 2034 3930 commu-

460 3962 618 4015 nione
646 3961 952 4029 depellere?
982 3963 1087 4017 Sed
1121 3965 1365 4030 Aeacius,
1419 3967 1678 4036 inquiunt,
1704 3967 2034 4038 principibus

456 4052 673 4107 obviare
693 4068 795 4107 ηοιι
824 4055 1013 4121 potuit.
1047 4056 1154 4108 Cur
1186 4056 1321 4110 Basil
1347 4072 1460 4123 sco,
1492 4062 1611 4127 quia
1638 4061 1826 4124 voluit,
1854 4063 2034 4115 oltvia-

459 4145 564 4197 vit?
590 4142 695 4199 Cur
732 4144 829 4213 ipsi
862 4145 1080 4211 Zenoni,
1134 4162 1201 4202 ne
1253 4151 1422 4217 palam
1470 4152 1625 4205 Petro
1673 4155 1754 4207 An
1782 4154 2029 4221 ioclteno,

456 4239 701 4304 quamvis
734 4238 962 4291 latenter
1012 4242 1112 4293 hoc
1145 4240 1291 4306 fet-it,
1321 4247 1716 4297 communicare
1738 4249 2028 4313 videretur,

458 4347 567 4383 non
620 4329 979 4384 eotnmodavit
1031 4336 1349 4386 assensum?
1407 4336 1542 4390 Ecce
1589 4339 1866 4392 τνειιιιειιιιὶ
1923 4356 2028 4395 non

456 4420 651 4473 restitit
679 4419 999 4488 imperator;
1028 4436 1157 4477 ecce
1181 4423 1283 4475 vim
1320 4424 1516 4477 nolenti
1541 4444 1641 4480 non
1668 4430 1874 4495 intulit;
1899 4447 2024 4485 ecce

456 4509 735 4579 refugienti
787 4512 1032 4579 contagia
1088 4515 1370 4567 manifesta
1429 4520 1720 4583 concessit;
1756 4531 2027 4587 postremo

453 4614 549 4651 cur
592 4608 740 4651 tanto
770 4610 1007 4668 tempore
1036 4616 1155 4656 cum
1206 4604 1301 4655 ista
1334 4621 1521 4672 gerere
1566 4618 1652 4661 tur
1681 4612 1765 4665 vel
1792 4617 2026 4681 gerenda

453 4703 820 4758 cognosceret,
876 4709 979 4744 non
1025 4697 1088 4744 ad
1121 4695 1303 4747 sedem
1331 4700 1703 4763 apostolicam,
1736 4717 1767 4755 a
1794 4720 1894 4771 qtta
1926 4708 2024 4761 sibi

453 4796 637 4834 curam
671 4783 885 4837 illarum
915 4786 1191 4852 regionum
1225 4800 1446 4843 noverat
1485 4792 1786 4862 delc-gulam
1815 4797 2027 4860 deferre

451 4873 689 4926 curarit?
711 4873 813 4929 Sed
842 4877 988 4944 prius
1020 4877 1261 4932 laudator
1291 4881 1458 4936 factus
1478 4894 1556 4938 est
1593 4886 1709 4954 ipse
1730 4900 2021 4959 gesturum,

450 4980 608 5031 quam
639 4965 723 5017 vel
756 4979 1111 5033 prteutoneret
1154 4971 1279 5025 talia
1324 4986 1446 5028 esse
1505 4979 1776 5044 tentanda,
1828 4983 1908 5037 vel
1958 5000 2025 5040 ne

452 5064 784 5110 tentarentur
806 5058 1091 5112 obsisteret
1120 5078 1132 5112 :
1167 5062 1307 5116 sicut
1332 5065 1431 5119 sub
1460 5066 1717 5125 Basilisco
1740 5071 1847 5138 jam
1881 5074 2023 5129 feces

452 5157 557 5199 rat.
590 5145 698 5200 Cur
752 5148 853 5200 illis
900 5152 1111 5205 czrteris
1162 5157 1560 5212 communicare
1611 5165 1900 5229 consensit,
1936 5168 2023 5236 qui

448 5239 683 5306 depulsis
711 5240 988 5296 catholicis
1016 5245 1391 5299 sacerdotibus
1412 5289 1427 5311 ,
1462 5249 1825 5307 indubitanter
1852 5256 2023 5312 haeres

449 5331 537 5384 tici
569 5330 794 5398 singulis
823 5332 1039 5385 urbibus
1083 5332 1293 5387 fuerant
1323 5337 1637 5393 substituti?
1671 5340 1949 5399 Postremo
1977 5347 2022 5401 si

448 5426 539 5479 ille
568 5426 733 5479 defuit
761 5427 871 5479 suis
902 5426 1164 5492 partibus.
1210 5441 1263 5483 et
1294 5446 1413 5500 qum
1441 5437 1704 5490 sacerdoti
1757 5438 2024 5495 catltoliCn

448 5531 809 5583 competerent
838 5533 998 5586 agere
1041 5535 1146 5571 non
1191 5524 1430 5586 curavit;
1465 5526 1584 5579 ideo
1612 5527 1768 5581 St:ch
1809 5542 2021 5595 aposto-

448 5608 543 5660 lica
574 5606 714 5675 quod
745 5607 810 5661 ad
840 5624 957 5663 eam
1005 5610 1307 5677 pertinebat
1340 5616 1417 5667 vel
1476 5618 1644 5683 petuit
1692 5620 1775 5672 vel
1835 5621 2019 5676 debuit

448 5701 738 5765 praeterire?
778 5701 1023 5766 Qtulibet
1071 5702 1229 5759 modo
1278 5705 1645 5760 Inereticorutn
1692 5713 2009 5775 compltcetn

2150 482 2528 534 communione
2555 481 2811 545 dimovit,
2842 497 2940 536 nec
2985 497 3121 550 opus
3165 481 3256 536 fuit
3312 499 3445 537 nova
3496 486 3729 555 synodo,

2147 588 2268 628 cum
2302 575 2501 629 veteris
2534 576 2813 630 constituti
2869 576 3201 630 sufﬁcienter
3243 576 3346 629 hec
3390 576 3555 630 forma
3588 593 3730 647 prae-

2146 668 2444 732 serilteret;
2495 683 2593 721 nec
2622 683 2758 737 opus
2808 668 2902 722 fuit
2940 678 2998 723 ut
3050 669 3165 724 haec
3210 670 3451 723 facienda
3491 670 3728 725 Orientis

2145 760 2412 826 episcopis
2436 760 2728 823 intimaret,
2755 775 2889 828 quos
2910 768 2964 813 et
2982 760 3293 827 expulsione
3310 761 3722 827 catholicorum,

2146 866 2215 918 qu
2235 870 2262 900 te
2292 850 2589 919 agebantur
2629 852 2685 903 in
2714 864 2872 904 causa
2907 850 3026 904 ﬁdei
3060 866 3167 905 non
3199 851 3477 919 ignorasse
3505 852 3727 905 manife-

2145 954 2283 993 sunn
2314 942 2404 1006 sit,
2435 950 2489 996 et
2519 942 2966 996 communicando
2998 942 3265 996 htereticis
3294 940 3617 1011 subrogatis,
3652 943 3727 994 fa-

2144 1042 2229 1085 cto
2259 1032 2345 1084 tali
2373 1032 2733 1087 consensisse.
2765 1032 2883 1086 Non
2917 1032 3135 1086 dubium
3177 1043 3260 1087 est
3285 1033 3444 1085 etiam
3483 1041 3726 1085 externa:

2143 1124 2533 1177 emttntunionis
2581 1123 2825 1190 effectus,
2855 1133 3016 1191 atque
3061 1122 3185 1177 ideo
3233 1138 3353 1176 cum
3383 1123 3462 1176 eis
3485 1122 3592 1190 jam
3627 1138 3729 1176 nec

2146 1217 2401 1285 pOtnisse,
2428 1231 2526 1271 nec
2546 1217 2795 1270 debuisse
2819 1215 2968 1270 sedis
2995 1215 3303 1283 apostolicae
3328 1216 3461 1267 scita
3488 1217 3725 1266 traelar‘.

2146 1310 2283 1362 Ecce.
2311 1317 2644 1377 agnoverunt
2670 1308 2720 1361 in
2751 1323 2937 1361 eorum
2979 1306 3311 1375 professione
3355 1305 3443 1373 qui
3466 1316 3727 1358 constan-

2145 1401 2349 1455 tissime
2398 1401 2772 1469 perdurarunt,
2805 1399 2930 1469 quid
2980 1399 3101 1453 ﬁdei
3127 1396 3600 1465 communienique
3632 1411 3725 1448 Ca-

2143 1492 2353 1545 tholica!
2383 1491 2688 1547 deberetur.

2213 1585 2352 1638 Ecce
2373 1590 2705 1652 agnoverunt
2758 1579 3207 1649 quemadmodum
3260 1592 3289 1630 a
3338 1577 3532 1631 talibus
3577 1591 3726 1630 rece-

2142 1675 2340 1737 dendo,
2383 1675 2491 1728 imo
2544 1674 2736 1727 talibus
2780 1674 3049 1728 contraria
3102 1671 3392 1733 moliendo,
3436 1686 3467 1723 a
3514 1670 3615 1724 ﬁde
3670 1680 3726 1724 et

2149 1768 2525 1820 communione
2552 1766 2811 1819 catholica
2840 1764 3064 1817 deviarit
3096 1762 3339 1824 Aeacius,
3387 1776 3552 1829 seque
3582 1760 3725 1826 pari-

2151 1866 2231 1909 ter
2274 1870 2393 1908 cutn
2423 1855 2613 1909 eodem
2656 1854 2823 1907 errori
2855 1853 3177 1906 subdiderit.
3211 1852 3348 1905 Ecce
3396 1859 3725 1920 agnoverunt

2147 1966 2303 2017 quain
2323 1949 2479 2017 jnstis
2509 1963 2572 2002 ex
2604 1948 2783 2002 causis
2809 1962 2903 2013 pro
2936 1946 3037 1999 ﬁde
3062 1955 3109 1998 et
3141 1944 3519 1998 communione
3547 1942 3725 1997 catho-

2148 2044 2244 2096 lica
2275 2054 2431 2112 atque
2460 2042 2776 2111 apostolica,
2808 2041 2890 2095 cui
2921 2048 2975 2093 et
2996 2039 3068 2093 illi
3089 2038 3175 2108 qui
3202 2040 3251 2091 itt
3283 2054 3344 2092 ea
3377 2038 3726 2105 perstiterant

2146 2133 2534 2201 congruebant,
2565 2143 2619 2187 et
2665 2133 2740 2185 illi
2768 2133 2856 2200 qtti
2904 2130 3263 2200 perstantibus
3316 2128 3625 2189 ohviabant,
3656 2128 3724 2179 ab

2146 2224 2334 2278 eadem
2382 2224 2716 2278 docebantur
2738 2222 2926 2286 alieni,
2954 2222 3097 2276 sedis
3143 2221 3453 2289 apostolica:
3492 2220 3724 2272 auctori-

2148 2324 2253 2376 tate
2281 2314 2343 2367 sit
2380 2325 2615 2367 remotus
2648 2316 2680 2367 Λ
2695 2313 2893 2377 racius,
2928 2314 3153 2381 ejusque
3193 2313 3392 2377 pariter
3418 2312 3724 2379 quicunque

2146 2407 2435 2475 eomplices
2464 2406 2813 2470 exstiterunt;
2846 2417 3005 2474 atque
3046 2407 3114 2459 ab
3147 2404 3237 2456 illa
3268 2403 3461 2457 tnerito
3484 2418 3725 2456 eutntnu~

2146 2497 2304 2551 nione
2331 2511 2452 2550 cum
2493 2496 2575 2550 his
2609 2498 2892 2561 discretus,
2923 2511 2951 2549 a
2981 2512 3082 2564 qua
3112 2509 3170 2549 se
3198 2497 3313 2563 ipse
3341 2497 3567 2564 primum
3598 2510 3719 2547 cum

2145 2590 2255 2644 suis
2302 2590 2662 2651 consortibus,
2711 2606 2742 2644 a
2799 2588 3138 2659 pontiﬁcibus
3192 2587 3470 2641 catholicis
3514 2587 3721 2640 discre-

2145 2680 2342 2749 pando,
2395 2681 2733 2743 cognoscitur
2780 2694 3078 2748 separasse,
3124 2678 3353 2747 jureque
3398 2678 3721 2732 sententiam

2144 2771 2234 2823 ille
2275 2770 2633 2823 damnationis
2687 2772 2916 2838 excepit.
2956 2769 3166 2822 casteris
3213 2768 3553 2821 consortibus
3595 2783 3718 2835 pro-

2144 2860 2506 2928 ntulgandam,
2535 2862 2622 2926 qui
2665 2862 2812 2915 solus
2842 2877 2936 2929 pro
2961 2859 3209 2914 omnibus
3242 2860 3355 2912 suis
3381 2859 3719 2912 consortibus

2145 2952 2193 3003 itt
2227 2952 2657 3004 communionem
2696 2965 2754 3004 se
2784 2950 3038 3005 recidisse
3070 2948 3305 3017 perﬁdiae
3351 2949 3415 3002 ad
3462 2950 3719 3017 apostol-~

2142 3057 2258 3095 cam
2290 3044 2470 3097 sedem
2504 3041 2682 3097 missis
2712 3042 2904 3098 litteris
2932 3051 3015 3097 est
3047 3040 3340 3111 professus.
3371 3041 3464 3094 Cui
3497 3042 3539 3093 si
3572 3054 3718 3094 com-

2144 3136 2549 3188 tnunicaverant
2597 3132 2897 3187 Orientales
2945 3132 3212 3200 episcopi,
3272 3140 3555 3199 antequam
3610 3130 3717 3183 ltuc

2141 3226 2386 3292 referret,
2424 3229 2531 3293 pari
2572 3228 2757 3295 utique
2801 3225 2917 3279 sine
2950 3224 3112 3278 dubio
3136 3234 3286 3278 reatu
3314 3224 3605 3290 probantur
3638 3224 3715 3275 in-

2139 3319 2301 3383 volvi,
2339 3320 2566 3388 jureqne
2596 3335 2691 3388 per
2737 3334 2859 3373 eum
2910 3320 3228 3372 sententiam
3273 3317 3716 3386 transgressionis

2139 3421 2504 3481 susceperunt,
2533 3420 2782 3479 tanquam
2812 3410 2934 3463 facti
2962 3424 3081 3463 cum
3105 3410 3292 3462 eodem
3321 3407 3711 3462 communionis

2138 3516 2395 3558 externte.
2442 3504 2542 3568 Qui
2572 3505 2752 3574 utique
2807 3517 2911 3556 non
2961 3503 3192 3564 consuli,
3227 3513 3475 3569 tanquam
3514 3511 3712 3553 nostra:

2137 3596 2525 3651 communionis
2561 3595 2827 3657 homines,
2866 3593 2973 3661 jam
2999 3592 3287 3655 deberent;
3328 3592 3420 3645 sed
3459 3600 3709 3658 tanquam

2138 3688 2189 3741 itt
2219 3691 2489 3741 contrario
2534 3688 2690 3757 positi
2735 3686 3010 3739 consortio
3061 3684 3302 3738 refutari.
3338 3683 3393 3737 Si
3442 3697 3567 3735 vero
3607 3698 3710 3733 non

2136 3780 2521 3835 ctunmunicavt
2543 3788 2664 3831 rant
2692 3787 2974 3845 antequam
3000 3775 3225 3830 Aeacius
3257 3776 3359 3827 huc
3386 3773 3629 3827 referret.
3658 3782 3710 3824 et

2135 3874 2619 3925 communicantem
2653 3879 2838 3923 notare
2867 3869 3184 3929 debuerant,
3230 3874 3281 3918 et
3311 3864 3410 3932 ipsi
3444 3863 3617 3931 potius
3642 3862 3711 3914 de

2135 3967 2323 4017 eodem
2379 3963 2481 4017 huc
2509 3962 2727 4019 referre.
2769 3972 2927 4029 atque
2978 3958 3288 4027 apostolicae
3342 3954 3485 4009 sedis
3528 3954 3712 4021 vigore

2138 4059 2437 4126 perculsum
2466 4056 2658 4111 merito
2687 4054 3062 4122 comprobare,
3097 4065 3324 4116 cumque
3344 4062 3407 4101 ea
3429 4047 3556 4101 sede
3584 4060 3713 4113 apo-

2135 4151 2319 4205 stolica
2375 4151 2639 4217 tantisque
2670 4147 2775 4201 illis
2821 4144 3100 4198 catholicis
3146 4141 3497 4210 pontiﬁcibus
3542 4139 3711 4202 magis

2140 4257 2321 4295 tenere
2366 4241 2727 4294 concordiam.
2763 4237 2867 4291 Sed
2899 4236 3019 4304 quia
3071 4235 3139 4287 ab
3185 4234 3397 4285 illorum
3456 4231 3711 4282 societate

2133 4334 2490 4393 desciverant,
2543 4339 2598 4383 et
2644 4343 2830 4382 eorum
2883 4324 3286 4380 successoribus
3315 4322 3710 4375 communicare

2137 4426 2465 4492 delegerant,
2500 4423 2618 4476 ideo
2659 4435 2779 4475 cum
2835 4420 2965 4473 sede
2994 4417 3285 4485 apostolica
3317 4415 3535 4468 minime
3583 4430 3711 4467 con-

2134 4517 2419 4586 grueltaut,
2450 4520 2572 4583 qua
2623 4515 2673 4566 in
2714 4523 2912 4567 sortem
2948 4510 3252 4565 reciderant
3285 4507 3709 4576 prmvaricatotis

2133 4607 2331 4669 Acacii,
2362 4614 2415 4659 et
2444 4604 2588 4658 illius
2610 4618 2669 4657 se
2692 4605 2808 4657 sine
2850 4602 3016 4656 dubio
3070 4600 3418 4671 pervidebant
3444 4597 3707 4651 sententia

2131 4704 2521 4765 consequenter
2562 4692 2806 4764 a’stringi.
2835 4694 2915 4748 Ob
2964 4695 3063 4748 hoc
3106 4708 3227 4748 eum
3260 4689 3428 4745 videri
3459 4688 3711 4743 nolebant

2131 4802 2251 4841 esse
2305 4788 2637 4850 damnatum,
2682 4786 2803 4854 quia
2849 4799 2907 4839 se
2956 4783 3351 4853 cognoscebant
3408 4781 3461 4833 in
3519 4778 3706 4832 eadem

2134 4878 2578 4942 praevaricatione
2629 4878 2928 4940 damnatos,
2961 4876 3012 4929 in
3042 4889 3143 4944 qua
3176 4874 3441 4941 hodieque
3489 4885 3710 4924 manere

2131 4972 2443 5039 persistunt.
2476 4968 2579 5024 Sed
2615 4969 2752 5022 situt
2784 4967 2836 5020 lti
2870 4965 3029 5020 simili
3058 4963 3366 5018 conditione
3405 4958 3705 5023 constricti,

2128 5062 2443 5129 compltcem
2496 5075 2650 5119 suum
2708 5075 2811 5112 non
2869 5064 3091 5125 possunt
3142 5054 3387 5122 judicare
3437 5066 3542 5103 non
3588 5049 3710 5117 jure

2129 5156 2466 5219 damnatum;
2527 5168 2698 5221 neque
2743 5152 2819 5207 rei
2875 5166 3024 5207 reum
3068 5155 3292 5217 possunt
3338 5150 3710 5211 competenter

2132 5250 2447 5313 absolvere;
2479 5249 2554 5301 sic
2587 5248 2678 5305 illo
2707 5244 3119 5312 praevaricatore
3141 5242 3285 5309 juste
3319 5239 3594 5300 damnato,
3618 5234 3706 5286 isti

2128 5358 2343 5415 quoque
2370 5345 2483 5411 pari
2517 5340 2701 5408 jacent
2723 5336 3064 5393 damnatione
3096 5332 3344 5403 prostrati
3372 5347 3389 5393 :_
3410 5344 3582 5397 neque
3606 5326 3711 5381 nisi

2131 5437 2508 5503 resipiscentes
2552 5434 2674 5487 inde
2721 5437 2973 5499 poterunt
3030 5441 3250 5495 prorsus
3293 5423 3529 5484 absolvi;
3583 5420 3707 5488 quia

2126 5536 2267 5587 sicut
2295 5548 2389 5599 per
2420 5544 2583 5583 unum
2635 5525 2955 5579 scribentem
3001 5537 3185 5576 eorum
3213 5519 3451 5574 omnium
3494 5517 3705 5583 vulgata

2126 5622 2483 5692 transgressio
2512 5631 2613 5685 est,
2644 5618 2732 5687 qui
2782 5618 2832 5670 in
2864 5616 3103 5671 eamdem
3138 5615 3374 5683 perﬁdia:
3407 5616 3708 5667 reciderant

2128 5718 2426 5777 actionem;
2475 5714 2551 5769 sic
2604 5716 2653 5769 itt
2704 5729 2810 5773 uno
2838 5713 3133 5787 eodemque
3173 5715 3260 5782 qui
3310 5730 3407 5783 pro
3460 5716 3709 5772 tﬂllllblls
