4098 6172
277 312 338 366 85
1482 305 1833 362 El’lSTOLrE
1874 306 1960 361 ET
2006 306 2268 363 DECRE'I'
2286 313 2343 361 λ.
3310 322 3319 329 ‘
3479 310 3550 362 εις

277 428 585 494 scripserat.
618 424 704 480 vel
734 422 1018 479 scribendo
1044 424 1278 476 onmium
1319 418 1625 489 prodiderat
1652 418 1837 472 volun-
1872 424 1918 478 Α
1946 425 2295 490 ρνοραεμιηηίίε
2336 423 2600 490 pravitatis
2641 422 2882 477 inveniat.
2927 421 3042 485 Quo
3089 423 3227 490 facto
3265 438 3364 474 non
3407 422 3547 475 hunc

277 522 422 579 tates,
454 515 784 583 trangressio
804 525 881 568 est
913 512 1093 581 punita
1120 525 1462 566 cunctorum.

338 607 472 673 Qua:
527 609 595 661 ad
654 608 1059 661 instructionem
1110 617 1301 659 vestra:
1357 602 1661 657 dilectionis
1718 602 1853 656 satis

275 700 591 761 abundeque
618 702 869 754 sufﬁcere
912 699 1234 766 judicatnns,
1263 697 1506 761 quamvis
1552 694 1741 749 earlem
1772 694 1853 747 la-

274 790 394 852 tins,
432 791 478 843 si
524 792 784 843 ltoanus
807 787 1131 842 concesserit
1180 788 1480 841 facultatem
1505 828 1519 851 ,
1547 785 1857 840 Studeamus

274 895 550 948 exponere
576 898 595 934 ε
623 891 890 948 quatenus
938 890 988 934 et
1047 878 1281 933 ﬁdelium
1314 880 1539 948 quisque
1575 885 1864 948 cognoscat

275 972 404 1024 nihil
456 971 809 1037 apostolicam
851 970 1071 1034 sedem,
1117 971 1260 1037 quod
1308 971 1476 1034 absit,
1525 983 1865 1039 praepropere

274 1062 571 1116 censuisse.
600 1061 731 1127 Qtne
783 1069 962 1115 tamen
1011 1063 1278 1115 sententia
1308 1061 1362 1116 in
1394 1060 1648 1116 Acacium
1692 1062 1859 1114 desti-

275 1163 422 1217 nata,
462 1154 564 1206 etsi
610 1152 831 1206 nomine
884 1154 1256 1207 tantummodo
1288 1154 1529 1222 pl‘lDStlllS
1559 1152 1864 1221 apostolici,

273 1245 434 1314 cujus
462 1252 583 1299 erat
609 1245 791 1313 utique
825 1245 1128 1311 potestatis.
1174 1245 1412 1315 legitime
1460 1246 1716 1313 probatur
1749 1260 1869 1299 esse

275 1339 632 1406 deprompta,
654 1338 958 1405 praesertim
985 1352 1106 1390 cum
1134 1337 1384 1391 secretim
1414 1336 1685 1407 dirigenda
1719 1336 1868 1389 vide-

274 1437 449 1493 retur,
469 1440 535 1479 ne
556 1425 815 1479 custodiis
833 1426 1027 1496 ubique
1045 1428 1318 1495 prietentis
1333 1426 1614 1495 dispositio
1626 1426 1813 1481 salutat
1830 1427 1873 1480 is

274 1518 1280 1588 quibuslibetdtlﬁCnItatibusimpedita
1300 1519 1658 1575 necessarium
1679 1517 1828 1572 habet
1844 1534 1876 1573 e

276 1625 384 1666 non
436 1622 618 1680 posset
663 1612 909 1666 eﬂ'ectum
942 1630 956 1666 :
989 1622 1165 1667 tamen
1194 1613 1316 1683 quia
1344 1612 1656 1667 orthodosis
1685 1611 1879 1680 ultique

275 1703 532 1772 deiectis,
564 1713 619 1759 et
644 1702 916 1759 haereticis
939 1706 1307 1758 tantummodo
1331 1719 1624 1773 eorumque
1646 1719 1745 1757 con
1757 1720 1875 1757 sor-

1962 514 2123 583 magis
2155 512 2217 564 ab
2246 528 2418 565 errore
2441 513 2779 576 detrahimus,
2822 529 2973 581 quam
3004 514 3277 579 perniciem
3308 516 3545 580 ﬁdelibus

1962 605 2247 674 irroga.“
2272 621 2285 665 ,'
2322 620 2479 673 eoque
2520 606 2671 657 modo
2700 604 3123 659 Chalcedonensis
3151 606 3334 674 synodi
3358 616 3550 659 statuta

1963 696 2232 756 violantes,
2264 700 2459 747 aditum
2490 711 2622 748 saeva
2668 698 2993 765 capulatione
3040 699 3317 767 grassandi
3361 699 3411 750 in
3451 697 3547 750 Ec-

1964 788 2173 838 clesium
2220 788 2357 854 lupis
2388 788 2656 855 rapacibus
2692 789 2967 856 aperimus.
3004 786 3229 856 Denique
3268 788 3332 841 ab
3363 790 3548 842 eisdem

1967 877 2091 947 ipsis
2113 895 2223 930 cum
2250 878 2433 945 quibus
2452 878 2575 931 olim
2604 894 2635 930 a
2664 879 2912 931 catholica
2942 880 3336 947 participatione
3359 878 3552 932 divisus

1969 979 2062 1033 est,
2094 970 2325 1039 pontifex
2353 969 2545 1021 dicitur
2584 970 2833 1039 postulari
2864 985 2881 1022 :
2914 982 2966 1022 ut
3007 971 3132 1023 satis
3176 970 3432 1023 evidenter
3458 986 3552 1037 ap-

1971 1070 2142 1128 pareat
2166 1077 2268 1113 non
2292 1076 2383 1113 eos
2410 1070 2600 1112 rectum
2628 1061 2782 1126 ﬁdem
2832 1059 2977 1123 velle,
3003 1062 3089 1113 sed
3112 1061 3163 1112 in
3186 1061 3404 1131 prwsule
3434 1077 3555 1130 pro-

1970 1153 2080 1222 prio
2106 1151 2315 1221 nefandi
2353 1152 2604 1221 dogmatis
2629 1167 2858 1221 quaerere
2882 1160 3211 1217 potestatem;
3238 1168 3396 1215 neque
3422 1153 3553 1205 inter

1972 1249 2110 1315 ipsos
2136 1256 2180 1298 et
2208 1244 2449 1298 veraciter
2489 1246 2779 1309 sentientes,
2810 1261 2912 1314 pax
2938 1244 3055 1297 inde
3085 1246 3243 1314 possit
3267 1245 3373 1311 ﬁda
3404 1260 3555 1316 gene-

1974 1336 2102 1400 rari,
2130 1334 2268 1388 unde
2306 1335 2663 1388 Itwreticaruttt
2688 1337 2936 1388 mentium
2967 1336 3146 1388 crescit
3185 1339 3387 1397 funesta
3409 1336 3557 1388 dant-

1976 1429 2136 1490 natio,
2158 1438 2207 1481 et
2235 1427 2601 1480 catholicorum
2628 1428 2917 1480 miseranda
2948 1428 3236 1497 captivitas.

2050 1521 2125 1573 Ex
2153 1520 2378 1589 epistula
2402 1518 2595 1573 Felicis
2625 1533 2776 1587 papae
2804 1518 2868 1571 atl
2898 1518 3169 1572 Ze..ottem
3200 1518 3329 1586 imp.

2604 1611 2809 1680 (Epist.
2849 1611 2930 1680 ρ.)

2054 1706 2155 1761 Ubi
2180 1723 2317 1770 esse,
2347 1706 2536 1773 inquit,
2562 1709 2676 1776 jam
2709 1721 3017 1773 consequens
3045 1707 3227 1774 procul
3267 1704 3420 1758 dubio
3444 1721 3559 1774 per-

278 1797 422 1850 tibus
444 1797 555 1862 jam
586 1796 789 1850 relictis
813 1796 865 1849 in
893 1794 1134 1859 Oriente,
1163 1796 1414 1851 catholici
1438 1795 1750 1864 pontiﬁces,
1777 1804 1867 1847 aut
1902 1786 1942 1845 Β
1978 1800 2178 1861 ridetis,
2203 1798 2566 1851 Alexandrina:
2597 1795 2841 1850 Ecclesia:
2863 1813 3204 1865 pervasorem,
3245 1797 3449 1865 funesta
3472 1796 3561 1849 diu

277 1888 484 1944 residui
509 1889 731 1943 omnino
762 1904 865 1942 non
894 1898 1111 1953 essuit,
1142 1897 1231 1941 aut
1286 1889 1483 1942 nullam
1512 1898 1764 1957 gererent
1812 1889 1871 1942 li-

278 1981 570 2043 bertatem,
615 1981 970 2050 plurimorum
1015 1984 1066 2033 in
1118 1980 1261 2034 Italia
1310 1980 1698 2035 catholicomm
1742 1994 1866 2032 con-

276 2069 525 2139 gregatio
560 2071 898 2125 sacerdotum
929 2071 1318 2124 rationabiliter
1362 2072 1613 2140 cognovit
1654 2079 1873 2125 senten-

279 2163 414 2215 tiam
458 2162 511 2214 in
541 2162 796 2216 Acacium
826 2161 989 2217 fuisse
1038 2164 1318 2229 prolatam.
1352 2162 1482 2230 Quae
1532 2162 1873 2232 congregatio

274 2253 420 2309 facta
452 2254 792 2324 pontiﬁcum,
826 2269 933 2309 non
978 2266 1166 2310 contra
1195 2255 1716 2321 Chalcedonensem,
1764 2272 1870 2308 nt-n

274 2353 541 2413 tanquam
587 2359 724 2399 nova
768 2346 1004 2416 synodus
1041 2356 1229 2399 contra
1260 2355 1496 2399 veterem
1538 2346 1874 2415 primamqm:

277 2435 556 2501 convenit,
592 2436 685 2490 sed
711 2437 884 2504 potius
913 2436 1209 2491 secundum
1238 2445 1483 2492 tenorem
1515 2438 1714 2491 veteris
1746 2453 1874 2490 con-

278 2529 488 2594 stisuti,
516 2529 786 2598 rarticeps
819 2529 1129 2596 apostolica:
1155 2529 1516 2584 cxsecutionis
1547 2529 1733 2583 effecta
1761 2538 1871 2593 e~t;

280 2629 339 2674 ιιι
371 2621 509 2674 Satis
552 2630 815 2689 appareat
862 2621 1154 2673 Ecclesiam
1202 2621 1526 2674 catholicam
1584 2620 1876 2689 sedemque

280 2711 667 2779 apostolicam,
696 2711 822 2779 quia
868 2710 993 2764 alibi
1037 2712 1145 2779 jam
1174 2712 1393 2765 omnino
1420 2727 1525 2764 non
1558 2722 1756 2780 posset,
1786 2711 1874 2764 ubi

282 2804 486 2872 potuit,
528 2814 583 2857 et
608 2819 733 2857 cum
773 2805 965 2873 quibus
988 2805 1159 2874 potuit
1202 2805 1334 2858 nihil
1377 2806 1598 2875 penitus
1628 2806 1876 2858 omisisse

282 2894 431 2961 quod
464 2894 532 2948 ad
561 2894 854 2949 fraternum
886 2897 1181 2965 pertineret
1208 2911 1307 2965 pro
1328 2898 1641 2952 intemerata
1674 2897 1800 2959 lida,
1823 2908 1875 2950 ct

288 2987 508 3042 sincera
529 2988 909 3041 communione
939 2996 1244 3042 tractatuum.

510 3120 842 3176 EPISTULA
882 3121 1019 3187 XIV,
1060 3120 1217 3175 δινεῖ
1256 3119 1665 3178 TRACTATUS

874 3228 1078 3268 αειςςτι
1120 3228 1287 3276 rapx,

287 3303 354 3358 In
377 3320 480 3373 quo
500 3307 650 3355 etiam
680 3304 819 3368 ponit
844 3307 1072 3371 exempla
1094 3304 1422 3371 epistolarum
1452 3304 1708 3373 Simplicii
1728 3321 1875 3373 papa:

358 3386 514 3444 atque
537 3374 746 3437 Felicis,
775 3381 911 3443 quod
946 3375 1193 3428 Timothei
1225 3374 1425 3435 /Eluri.
1455 3376 1532 3428 vel
1573 3374 1715 3428 Petri
1756 3375 1877 3428 Ale-

361 3447 608 3499 xandn'ni
621 3447 932 3517 impietatem
949 3448 1070 3499 aliut
1093 3449 1436 3517 cognoverint.
1470 3447 1545 3499 vel
1571 3447 1664 3499 visi
1686 3447 1874 3511 fuerint

362 3517 645 3585 iudicasse.
684 3515 869 3570 Pos'ea
920 3515 1511 3585 propriis’prosequitur
1561 3518 1745 3578 dictis,
1796 3519 1875 3568 in-

364 3584 569 3640 struens
600 3585 723 3654 quid
749 3587 991 3639 adversus
1020 3584 1222 3639 θνατοί
1244 3587 1418 3639 debeat
1448 3588 1765 3653 respOnderi.

368 3791 443 3845 Es
476 3791 701 3862 cpistola
730 3788 991 3859 Simplicii
1023 3804 1171 3859 pap:e
1200 3789 1265 3844 ad
1292 3790 1563 3847 Acacium.

901 3902 1108 3973 (Epist.
1152 3905 1263 3976 t7.)

364 3991 533 4059 Illud,
572 3993 771 4062 inquit,
796 4009 878 4046 me
920 4009 1022 4047 non
1067 3995 1387 4050 mediocriter
1417 3998 1537 4065 facit
1578 3999 1874 4062 attonitum,

292 4088 429 4155 quod
458 4086 642 4139 iisdem
677 4086 858 4139 litteris
878 4087 983 4140 suis
1018 4085 1249 4155 Petrum,
1283 4091 1367 4159 qui
1398 4089 1749 4143 hazreticorum
1780 4092 1877 4145 du-

295 4182 415 4237 dum
453 4180 626 4234 socius
657 4179 907 4234 exstitisse
947 4180 1186 4249 probetur
1212 4190 1258 4235 ct
1301 4184 1552 4249 princeps,
1584 4186 1720 4251 quod
1758 4200 1878 4237 can-

293 4272 556 4324 scientiam
574 4270 859 4323 dilectionis
881 4279 983 4324 tua:
1006 4272 1323 4326 meminimus
1351 4289 1454 4326 non
1481 4275 1660 4339 latere,
1690 4276 1879 4329 instru-

294 4363 582 4431 ctionesque
610 4362 769 4430 ipsas,
810 4361 988 4430 quibus
1019 4364 1171 4431 fuerit
1193 4366 1511 4433 confutatus,
1543 4383 1688 4420 nosse
1721 4369 1879 4436 conﬁ-

294 4454 482 4517 dimus,
537 4468 788 4520 quemque
832 4453 982 4506 etiam
1036 4454 1242 4506 dubium
1281 4471 1381 4508 non
1424 4457 1488 4510 sit
1539 4460 1707 4511 adhuc
1737 4470 1878 4512 eJtva

1976 1892 2278 1961 impunitate
2316 1899 2653 1960 grassantem,
2686 1889 2862 1942 vestris
2891 1888 3334 1957 prceceptionibus,
3383 1890 3559 1955 quibus

1979 1984 2161 2035 merito
2188 1984 2387 2035 dudum
2412 1982 2661 2049 probatur
2684 1982 2895 2047 ejectus,
2922 1997 3029 2033 esse
3058 1982 3391 2033 nihilominus
3411 1980 3561 2033 addi-

1977 2074 2215 2127 cendum.
2258 2076 2334 2126 An
2376 2090 2476 2126 non
2498 2076 2607 2143 ipse
2631 2084 2725 2139 est,
2756 2072 2845 2142 qui
2868 2088 2957 2142 per
2985 2072 3053 2126 50
3095 2089 3253 2125 annos
3293 2072 3563 2124 catholica

1978 2166 2203 2218 desertor
2230 2164 2495 2228 Ecclesiae,
2530 2164 2953 2233 inimicorumque
2989 2168 3099 2230 ejus
3130 2180 3181 2215 se
3214 2172 3348 2215 lator
3385 2173 3433 2215 et
3467 2164 3560 2215 do-

1976 2266 2109 2319 ctor,
2136 2265 2184 2308 et
2214 2256 2283 2309 ad
2313 2256 2635 2324 fundendum
2660 2260 2960 2324 sanguinem
2999 2271 3195 2321 semper
3222 2254 3367 2309 velox
3389 2255 3485 2324 fuit
3516 2265 3563 2306 et

1978 2348 2280 2415 promptus?
2315 2346 2567 2414 Nunquid
2609 2345 2782 2399 adhuc
2827 2356 2872 2399 et
2902 2348 3054 2399 istan:
3108 2346 3563 2398 dissimuladonom

1976 2441 2196 2508 quadam
2222 2456 2395 2493 sumus
2414 2455 2479 2493 ea:
2500 2438 2823 2492 conhibentia
2846 2438 3094 2506 recepturi
3118 2438 3141 2490 ?
3168 2438 3231 2489 In
3256 2454 3355 2506 quo
3395 2454 3563 2488 revera

1978 2548 2078 2585 non
2099 2541 2174 2585 est
2209 2547 2337 2600 opus
2366 2531 2679 2585 discussione
2699 2530 2893 2592 subtili,
2928 2530 3046 2599 quia
3092 2531 3201 2600 ejus
3242 2536 3418 2599 aperta
3448 2538 3564 2581 sunt

1978 2640 2210 2678 crimina.

2051 2762 2212 2817 Multa
2236 2761 2430 2815 similia
2475 2777 2525 2813 tn
2566 2772 2792 2815 dverSts
2830 2762 3074 2831 epistons
3105 2774 3288 2814 eorum
3335 2760 3563 2827 ot‘igens

1980 2854 2169 2917 lector,
2202 2853 2245 2906 si
2276 2852 2528 2921 requirat,
2556 2852 2807 2906 inveniet.
2837 2852 3194 2906 Praetermitto
3221 2850 3330 2917 jam
3365 2849 3563 2915 δίει-ἰμια

1981 2958 2034 3001 et
2073 2947 2467 2999 admonitiones
2497 2960 2647 3015 papa:
2677 2944 2937 3012 Simplicii
2961 2985 2976 3008 ,
3024 2959 3141 3013 qua:
3173 2945 3411 3012 p’erique
3441 2941 3562 2996 vilia

1982 3039 2265 3094 mstimant.
2300 3045 2354 3090 et
2380 3036 2622 3106 jndicant
2651 3036 3069 3090 contemnenda.
3096 3035 3225 3087 lilnd
3254 3034 3565 3087 oon-idere-

1903 3152 1949 3214 ρ
1985 3144 2100 3182 tnns
2123 3128 2398 3192 attentius,
2427 3127 2565 3192 quod
2590 3126 2656 3179 de
2677 3126 2866 3179 eodem
2895 3126 3073 3190 Petro,
3109 3135 3230 3176 tum-
3248 3140 3368 3178 Cum
3393 3123 3565 3174 adhuc

1981 3237 2168 3275 sanum
2202 3220 2340 3274 forte
2369 3228 2617 3287 εηρθιθι,
2646 3218 2899 3287 judicarit
2948 3216 3198 3281 Aeacius,
3243 3216 3565 3284 qualemque

1979 3312 2044 3364 «ις
2071 3326 2134 3364 co
2160 3310 2481 3365 sententiam
2515 3308 2579 3362 ad
2604 3308 2955 3379 apostolicam
2987 3308 3170 3361 sedem
3204 3306 3420 3361 dixerit.

2055 3445 2271 3498 Domino
2316 3454 2493 3497 sancto
2516 3485 2528 3505 ,
2568 3455 2619 3498 et
2650 3444 2936 3497 beatissimo
2965 3442 3135 3510 Patri,
3184 3442 3566 3511 archiepiscopo

1980 3534 2248 3604 Simplicio
2271 3538 2503 3589 Aeacius.

2053 3628 2463 3682 Sollicitudinem
2494 3627 2723 3681 omnium
2745 3625 3092 3681 Ecclesiarum
3119 3626 3391 3680 seruudum
3430 3626 3565 3691 Apo-

1985 3722 2169 3776 stolum
2196 3725 2211 3783 (
2230 3717 2287 3772 ll
2321 3721 2438 3775 Cor.
2485 3721 2580 3790 XI)
2621 3720 3061 3789 circumferentes,
3101 3736 3193 3773 nos
3230 3718 3571 3773 indesinenter

1985 3814 2292 3881 hortamini,
2320 3814 2553 3883 quamvis
2591 3821 2770 3881 sponte
2807 3813 3067 3882 vigilantes
3095 3827 3153 3863 ac
3185 3826 3472 3877 prtvcurrcn
3497 3825 3569 3861 es.

1984 3904 2091 3960 Sed
2111 3921 2197 3959 vos
2223 3906 2449 3958 divinum
2479 3905 2644 3958 zelum
2665 3904 2814 3957 solito
2843 3904 3219 3965 demonstratis,
3242 3911 3430 3954 statum
3453 3900 3566 3953 Alei

1981 3996 2249 4049 xandrinw
2280 3996 2520 4049 Ecclesia:
2545 3995 2731 4047 certius
2756 3997 3100 4062 requirentes,
3132 4003 3186 4045 ut
3214 4009 3308 4062 pro
3344 3991 3571 4060 paternis

1983 4091 2263 4144 canonibus
2298 4089 2588 4159 suscipiatis
2632 4087 2879 4151 laborem,
2930 4087 3156 4155 piissimo
3199 4083 3450 4138 stillantes
3478 4098 3570 4134 su-

1983 4183 2106 4237 dore
2129 4198 2221 4250 pro
2247 4183 2345 4246 his,
2373 4181 2502 4235 sicut
2527 4196 2725 4248 semper
2744 4188 2818 4232 est
2843 4179 3199 4247 approbatum.
3221 4175 3327 4230 Sed
3340 4174 3573 4230 Christus

1986 4272 2121 4326 Deus
2149 4282 2337 4334 uoster,
2383 4271 2471 4341 qui
2506 4270 2834 4340 diligentibus
2874 4285 2928 4321 se
2958 4270 3009 4321 in
3057 4267 3241 4321 bonum
3272 4274 3573 4335 cooperator

1984 4372 2000 4427 l
2027 4366 2170 4419 llam.
2203 4366 2347 4433 vnt).
2380 4364 2567 4417 nostris
2607 4361 2996 4431 cogitationibus
3036 4360 3295 4421 insidens,
3338 4367 3384 4411 et
3416 4374 3572 4409 unam

1985 4460 2127 4513 nobs
2152 4462 2203 4512 in
2231 4458 2311 4513 his
2335 4468 2573 4522 mentent,
2598 4466 2747 4525 atque
2775 4457 3003 4509 eamdem
3036 4470 3128 4522 pro
3153 4453 3318 4524 gloria
3344 4468 3439 4505 sua
3466 4466 3575 4504 esse

295 4544 706 4596 communionem
729 4545 915 4597 durare
933 4546 1254 4610 catholicam,
1273 4563 1503 4616 scepequc
1520 4566 1612 4603 nos
1629 4553 1689 4603 de
1703 4553 1877 4605 eodem
1908 4523 1957 4581 Β
1984 4568 2286 4621 cognoscens
2311 4592 2326 4616 ,
2369 4567 2569 4605 omnem
2597 4550 2860 4603 victoriam
2890 4564 2996 4602 esse
3035 4546 3273 4616 perfecit,
3316 4552 3573 4596 consortes

294 4651 359 4687 εις
385 4636 477 4687 illa
505 4634 628 4687 urbe
655 4634 890 4699 pellendo
925 4637 1185 4702 scripsisse
1212 4639 1275 4691 sit
1305 4649 1517 4707 certum,
1555 4642 1624 4693 ad
1656 4654 1881 4709 irae/atra

302 4724 541 4777 Ecclesia
562 4726 783 4792 regimen
814 4726 1060 4778 existimet
1086 4726 1462 4794 provehendam
1477 4746 1497 4794 ;
1522 4746 1733 4798 eumque
1763 4749 1875 4797 pro-

298 4819 458 4870 mittat
494 4826 645 4871 recta:
686 4817 806 4883 ﬁdei
835 4817 1210 4885 deﬁnitionibus
1240 4822 1524 4885 convenire,
1544 4838 1577 4873 a
1602 4826 1750 4892 cujus
1784 4824 1876 4875 uti-

298 4923 413 4970 que.
445 4911 577 4959 sicut
598 4906 833 4974 superius
859 4908 968 4961 dixi
983 4948 998 4971 ,
1026 4913 1283 4962 consortio
1305 4920 1408 4964 tam
1432 4911 1565 4981 degit
1592 4924 1880 4983 extraneas,

297 5015 450 5064 quam
483 4998 549 5051 ab
571 4998 688 5066 ejus
718 4999 1072 5052 communione
1096 5001 1345 5055 discretus
1373 5012 1466 5056 est.
1520 5004 1599 5056 Ad
1645 5022 1799 5073 quam
1838 5010 1882 5060 si

299 5106 436 5140 nunc
456 5090 627 5143 redire
654 5090 931 5154 contendit,
948 5091 1045 5143 nisi
1063 5107 1152 5159 per
1165 5093 1565 5161 satisfactionem
1582 5098 1885 5152 Christianis

298 5181 486 5247 regulis
507 5192 872 5247 competentem
901 5199 997 5235 non
1021 5196 1102 5252 po:
1112 5197 1181 5235 est
1202 5187 1413 5237 introire
1432 5203 1449 5238 :
1472 5203 1531 5239 ac
1551 5190 1760 5255 perinde
1784 5206 1884 5241 non

298 5272 372 5320 ad
399 5272 661 5341 fastigium
691 5273 1019 5327 sacerdotalis
1063 5276 1325 5344 dignitatis
1366 5281 1625 5341 accedere,
1656 5283 1744 5333 sed
1774 5298 1882 5335 me-

298 5362 451 5421 dela3.
479 5380 595 5431 qua:
620 5376 733 5433 post
766 5367 1131 5430 paenitudinem
1162 5372 1433 5438 praebenda
1455 5383 1549 5438 est,
1582 5390 1887 5445 consequen~

297 5468 379 5504 ter
405 5457 573 5521 aptari
599 5472 615 5507 :
640 5458 827 5507 auium:
853 5473 961 5510 sua:
982 5459 1195 5526 cupiens
1226 5465 1584 5517 reconciliatus
1610 5468 1883 5534 auxilium,

298 5561 403 5595 non
424 5548 642 5614 gradum
666 5547 851 5597 summi
877 5546 1087 5601 honoris
1114 5551 1380 5617 affectans,
1405 5556 1489 5622 qui
1512 5558 1600 5607 diu
1628 5561 1887 5611 convinci-

301 5646 390 5687 tur
418 5640 571 5703 fuisse
617 5656 877 5706 perversus
907 5656 925 5693 :
952 5659 1012 5695 ne
1061 5661 1150 5710 per
1197 5648 1412 5715 speciem
1466 5652 1736 5704 remeantis
1788 5672 1887 5706 non

300 5730 583 5783 remedium
612 5733 823 5785 sincera:
846 5734 1141 5790 salvationis
1172 5738 1416 5808 inquirat,
1462 5741 1548 5794 sed
1577 5743 1875 5810 facultatem

1985 4663 2075 4698 nos
2103 4661 2216 4697 cum
2239 4643 2659 4712 tranquillissima
2688 4642 2916 4709 principe
2944 4641 3153 4711 faciens.
3174 4646 3220 4689 et
3255 4635 3574 4689 Timotheum

1983 4740 2190 4808 quidem
2212 4738 2304 4810 [aL
2325 4737 2451 4791 add.
2470 4734 2736 4805 Hilarum]l
2755 4738 3062 4787 decessorem
3081 4732 3360 4802 spirantem
3374 4728 3574 4795 procel-

1987 4834 2063 4885 lus
2083 4873 2098 4896 ,
2136 4843 2181 4883 et
2208 4830 2607 4885 ecclesiasticam
2640 4827 3093 4897 tranquillitatem,
3136 4825 3267 4877 sicut
3302 4821 3543 4893 apparuit

1987 4923 2369 4976 conturbantem
2397 4922 2513 4975 vita:
2541 4920 2783 4974 subduxit
2823 4922 3083 4980 humanm,
3115 4918 3285 4969 dicens
3313 4916 3357 4967 ei
3384 4931 3401 4967 :
3433 4914 3574 4967 Tace

1991 5022 2046 5066 et
2073 5015 2383 5066 obmutesce
2413 5011 2623 5081 (Matth.
2648 5026 2775 5072 vui;
2818 5008 2983 5062 Marc.
3017 5006 3109 5078 tv).
3142 5006 3351 5060 Petrum
3375 5021 3574 5074 quoque

1994 5101 2314 5172 (Mongum),
2344 5104 2432 5168 qui
2460 5102 2523 5155 ab
2549 5101 2867 5156 Alexandria
2901 5114 3040 5151 more
3076 5099 3308 5151 similiter
3336 5098 3570 5163 procella:

1991 5206 2299 5258 surrexerat,
2327 5195 2609 5263 dissipavit,
2639 5206 2791 5260 atque
2818 5194 2872 5247 in
2901 5204 3139 5245 aeternam
3164 5191 3340 5259 fugam
3371 5188 3571 5259 Spiritu

1993 5298 2171 5339 sancto
2198 5289 2353 5355 flante
2382 5292 2648 5348 convertit,
2681 5301 2837 5337 unum
2862 5295 2909 5337 et
2950 5285 3112 5352 ipsum
3142 5283 3206 5336 de
3234 5281 3312 5335 his
3337 5280 3423 5350 qui
3449 5280 3570 5331 olim

1998 5383 2267 5447 fueruntet
2295 5389 2412 5433 ante
2439 5380 2690 5433 damnati.
2722 5378 2868 5433 Sicut
2890 5379 3027 5432 enint
3058 5378 3109 5428 in
3145 5377 3327 5429 nostris
3355 5372 3573 5425 archivis

1992 5470 2248 5523 inventum
2267 5478 2363 5533 est,
2394 5478 2439 5521 et
2469 5469 2533 5520 de
2562 5468 2736 5521 vestris
2766 5466 2984 5529 scriniis,
3017 5466 3059 5517 si
3092 5462 3375 5534 dignamini
3400 5460 3570 5524 requi-

1993 5577 2128 5622 rere,
2170 5562 2397 5629 poteritis
2432 5577 2733 5630 agnoscere,
2776 5575 2887 5626 qua!
2924 5560 2976 5611 in
3025 5571 3243 5619 tempore
3281 5554 3345 5604 de
3391 5549 3568 5602 eodem

1994 5654 2294 5714 subsecuta,
2330 5652 2392 5703 ab
2430 5652 2774 5704 Alexandrino
2812 5650 3047 5717 episcopo
3082 5646 3292 5697 llomam
3315 5641 3384 5692 ad
3413 5640 3572 5692 alter-

1995 5759 2163 5803 utrum
2196 5748 2293 5801 sint
2322 5748 2500 5800 relata.
2534 5744 2634 5809 Qui
2666 5744 2845 5797 Petrus
2880 5743 3014 5807 ﬁlius
3042 5746 3201 5791 noctis
3237 5737 3481 5800 existens,“
3521 5743 3569 5787 α
