4098 6172
460 312 527 366 87
1821 281 2086 342 GELASII
2126 280 2326 335 PAPIE
2365 278 2383 332 l
3662 266 3733 320 εις

459 437 667 495 operum
694 419 794 473 diei
823 415 1097 472 lucentium
1122 413 1319 465 alienus
1348 420 1620 477 apparens,
1647 402 1852 457 omnino
1887 408 2026 452 tene-
2067 397 2112 453 Α
2141 395 2375 466 quandiu
2427 391 2894 462 prmvaricatorttm
2960 386 3172 439 nomina
3221 383 3289 438 de
3341 381 3579 438 Ecclesia
3626 394 3733 432 non

2223 485 2245 495 Α
2386 494 2389 495 ,
2635 483 2646 493 ο
2759 480 2771 492 ι
2886 479 2898 495 I
2948 493 2986 495 η,
3042 494 3045 495 ,
3080 477 3200 495 ._|IAA
3222 490 3338 495 μέ---
3368 473 3733 495 ..ΑᾸΞ-ιιιι-..Α-ιι

461 520 575 571 bras
599 514 667 568 ad
696 511 1020 565 latrocinium
1051 499 1397 575 peragendum
1424 512 1675 568 congruas
1710 508 1886 547 eorum
1924 506 2043 542 coo-

462 615 663 675 perator
682 602 957 665 inveniens,
984 597 1150 649 media
1173 604 1336 655 nocte,
1369 589 1540 644 adhuc
1563 590 1771 655 jacente
1799 584 2047 636 cadavere

464 698 623 760 illius,
656 696 742 765 qui
763 702 996 761 paternos
1018 702 1238 740 canones
1264 683 1589 743 subverterat,
1620 675 1900 746 insepulta,
1929 670 2048 725 sub-

464 791 620 858 repsit
650 789 702 841 in
731 786 928 848 sedem,
971 781 1099 833 sicut
1133 779 1242 843 ipse
1275 774 1547 830 arbitratus
1588 779 1693 835 est,
1730 783 1835 822 uno
1859 776 1904 819 et
1934 764 2045 818 solo

466 888 743 943 prasente,
779 884 822 928 et
853 891 911 928 eo
939 872 1027 942 qui
1068 884 1276 924 consors
1314 867 1453 919 illius
1488 861 1746 916 insistebat
1790 856 2004 910 insaniit
2026 867 2047 907 :

466 975 537 1025 ita
559 979 614 1025 ut
641 974 846 1039 prapter
876 966 969 1017 huc
993 961 1271 1033 majoribus
1295 954 1559 1028 suppliciis
1584 951 1921 1013 subderetur;
1961 961 2055 999 nec

468 1061 605 1132 quod
637 1059 871 1130 sperabat
900 1056 1133 1122 effectum
1170 1062 1264 1106 est.
1305 1050 1410 1103 Sed
1445 1047 1532 1100 itte
1569 1044 1775 1112 quidem
1808 1042 1870 1094 de
1903 1054 1957 1093 se
1992 1051 2056 1091 ea:

473 1162 617 1223 parte
652 1153 727 1206 vel
764 1152 974 1203 minima
1019 1147 1255 1215 iudicans
1304 1153 1559 1209 nusquam
1600 1136 1803 1207 penitus
1849 1129 2060 1184 omnino

473 1222 783 1313 comparuit.
816 1241 1107 1295 Timotheus
1141 1229 1568 1307 (Salophaciolus
1603 1226 1715 1281 sive
1745 1222 1936 1292 Albus)
1963 1236 2056 1272 au-

473 1349 573 1392 tem
600 1347 927 1408 paternorum
969 1344 1222 1384 canonum
1265 1336 1464 1391 custos,
1496 1325 1582 1389 qui
1614 1318 1875 1373 Davidica:
1912 1330 2061 1367 man-

474 1405 760 1485 suetudinis
784 1423 1018 1490 exemplo
1047 1419 1302 1483 subditur,
1322 1426 1369 1468 et
1397 1428 1557 1483 usque
1581 1412 1635 1463 in
1656 1411 1809 1477 ﬁnem
1840 1405 2055 1475 patiens,

476 1536 626 1594 atque
676 1516 909 1589 potestati
950 1512 1169 1585 propria:
1214 1508 1476 1562 restitutus
1514 1520 1544 1556 a
1587 1500 1816 1561 Christo,
1842 1495 2063 1568 propria:

478 1617 611 1670 sedis
648 1613 844 1665 honore
891 1609 1097 1662 (letatur
1133 1620 1151 1657 :
1189 1610 1238 1656 et
1275 1598 1617 1671 spiritualium
1666 1593 1894 1661 filiorum
1920 1602 2063 1640 voces

480 1707 755 1774 occipiens,
789 1702 1003 1773 gratiam
1032 1695 1311 1750 rurationis
1338 1697 1618 1761 exspectnt,
1646 1682 1985 1751 multiplicato
2010 1679 2064 1730 in

482 1816 534 1855 se
562 1798 753 1851 honore
777 1812 807 1847 α
836 1792 1037 1848 Christo
1062 1788 1288 1860 principe
1315 1784 1656 1839 sacerdotum.

556 1979 695 2030 Ecce
740 1967 1100 2025 testimonium
1134 1963 1310 2018 Acacii
1358 1957 1775 2019 validissimum,
1826 1949 1952 2021 quid
2002 1950 2068 2004 de

485 2066 802 2130 Timotheo,
831 2060 953 2132 quid
985 2060 1051 2113 de
1082 2057 1241 2111 Petro
1271 2050 1520 2107 senserit.
1558 2051 1692 2101 Vere
1722 2046 1862 2099 enim
1884 2083 1899 2107 ,
1930 2042 2071 2095 sicut

486 2161 742 2230 scriptum
785 2167 867 2211 est
911 2154 964 2208 in
995 2148 1287 2219 Etangelio
1324 2146 1391 2199 de
1429 2142 1629 2211 Caipha
1676 2138 1768 2192 illo
1798 2134 2067 2202 pontiﬁce,

487 2253 663 2308 evenit
693 2247 906 2305 Acacio.
946 2243 1149 2296 Dicitur
1175 2238 1318 2293 enim
1356 2235 1423 2289 de
1461 2233 1584 2296 illo,
1626 2231 1747 2298 quia
1778 2242 1898 2281 cum
1931 2234 2073 2279 esset

490 2346 740 2415 princeps
774 2336 1115 2394 sacerdotum
1159 2329 1288 2382 anni
1332 2326 1507 2387 illius,
1539 2324 1606 2376 de
1639 2319 1845 2375 Domini
1875 2315 2076 2372 dixerit

494 2438 738 2507 passione
774 2450 789 2488 :
822 2428 1039 2499 Expedit
1061 2436 1114 2479 ut
1137 2439 1268 2477 unus
1290 2422 1439 2473 homo
1464 2418 1717 2470 morittur
1741 2428 1833 2482 pro
1860 2410 2071 2482 populo,

495 2504 548 2581 ut
579 2544 680 2580 mm
711 2533 815 2577 tota
835 2537 957 2593 gens
980 2524 1145 2587 pereat
1178 2510 1365 2583 (Joan.
1401 2509 1498 2575 tt).
1527 2509 1591 2562 Et
1616 2504 1885 2573 subiungit
1912 2516 2079 2555 evan-

496 2619 679 2685 pelista
715 2617 899 2669 beatus
928 2603 1314 2671 Joannes,hoc,
1346 2601 1661 2670 inquiens,a
1681 2596 1950 2659 semetipso
1975 2606 2078 2645 non

499 2712 626 2764 dixit
651 2751 666 2773 ,
716 2704 805 2758 sed
835 2718 949 2756 cum
979 2709 1106 2753 esset
1151 2697 1386 2767 princeps
1429 2690 1748 2745 sacerdotum
1791 2685 1912 2738 anni
1938 2684 2079 2736 illius

502 2798 832 2870 prop/tenuit.
860 2793 931 2846 Ita
964 2802 1013 2845 et
1048 2789 1153 2852 hic,
1176 2802 1297 2840 cum
1324 2785 1376 2837 in
1404 2782 1595 2837 summi
1623 2786 1768 2833 esset
1790 2773 2079 2831 sacerdmii

501 2866 753 2962 tl‘gnitate
779 2888 1011 2944 locatus,
1059 2890 1235 2933 utrum
1265 2876 1452 2929 nolens
1482 2887 1548 2926 an
1580 2870 1811 2933 invitus,
1839 2866 2082 2921 dubitare

500 2957 703 3055 quippe
721 2992 819 3032 nos
845 2974 961 3044 citis
992 2971 1217 3024 \‘ttt‘iel'ls
1244 2976 1297 3022 et
1331 2961 1685 3019 incuustantia
1719 2958 1871 3025 fecit,
1908 2957 2079 3010 veris-

501 3045 690 3131 sim-am
740 3069 807 3123 de
854 3063 1081 3119 inimicis
1132 3061 1224 3115 Det
1273 3054 1393 3111 tulit
1436 3052 1785 3115 sententiam;
1826 3062 1982 3116 quam
2034 3045 2078 3099 si

505 3180 720 3223 scrvare
750 3161 1024 3215 voluisset,
1057 3170 1088 3223 p
1118 3151 1341 3207 ocellum
1371 3161 1528 3217 quam
1562 3146 1628 3197 ab
1657 3140 1896 3197 Ecclesia
1926 3152 2083 3193 vera.
2109 3125 2155 3188 C

506 3260 638 3314 eitcr
667 3254 948 3322 depulerat
972 3292 988 3315 ,
1025 3262 1211 3302 rursus
1239 3244 1292 3298 in
1325 3240 1620 3295 Ecclesium
1649 3237 1762 3305 ipse
1790 3248 1893 3288 non
1925 3245 2083 3286 revo-

508 3358 714 3413 casset;
752 3358 806 3401 et
831 3344 899 3399 de
928 3357 1034 3411 quo
1062 3340 1301 3397 dixerat,
1336 3347 1447 3387 tace
1470 3341 1519 3385 et
1559 3330 1840 3384 obmutesce
1866 3323 2084 3394 (Matth.

510 3456 637 3503 vnt;
680 3438 845 3492 Marc.
878 3430 975 3500 tv),
1004 3444 1191 3485 rursus
1223 3426 1365 3481 Petri
1400 3436 1682 3488 personam
1715 3418 1861 3485 loqui
1909 3418 1959 3470 itt
1990 3415 2088 3469 Ec-

511 3533 670 3589 clesia
702 3530 923 3584 minime
945 3522 1296 3595 permisisset.
1324 3518 1493 3582 Quam
1524 3513 1772 3569 similiter
1800 3509 2088 3579 procellunt

513 3642 541 3680 a
573 3630 759 3677 sancto
788 3617 990 3687 Spiritu
1022 3613 1332 3679 dissipatam
1362 3622 1481 3660 esse
1531 3603 1873 3671 praadixerat,
1902 3613 2091 3668 quem-

516 3730 617 3785 que
646 3714 811 3767 lillum
860 3695 1033 3762 noctis
1076 3705 1504 3765 asseveraverat,
1547 3703 1601 3750 et
1647 3707 1804 3763 quem
1836 3692 1902 3743 ab
1931 3703 2095 3757 opere

518 3804 735 3862 luminis
781 3801 1049 3863 alienum,
1100 3801 1476 3859 amantemque
1537 3786 1785 3843 tenebras
1830 3785 2094 3837 latronum

518 3893 770 3965 operibus
794 3900 1056 3960 congruas
1081 3898 1202 3941 esse
1235 3881 1485 3936 narrabat
1512 3894 1524 3930 :
1563 3879 1653 3947 qui
1698 3874 1889 3930 falsum
1920 3888 2100 3929 sacer-

520 3985 648 4042 dotii
676 3997 870 4040 nomen
896 4022 910 4044 ,
938 3980 1007 4035 ab
1033 3992 1100 4033 eo
1128 3974 1218 4045 qui
1249 3982 1499 4042 paternos
1526 4008 1540 4034 ,
1570 3978 1629 4022 ut
1659 3968 1772 4036 ipse
1807 3967 1900 4030 ait,
1934 3979 2100 4019 cauo-

523 4094 618 4135 nes
645 4077 1003 4135 subvcrterat,
1028 4067 1234 4123 artibus
1259 4062 1460 4118 dolosis
1485 4060 1585 4114 sibi
1612 4060 1728 4126 ipse
1750 4058 2101 4126 imposuerat.

524 4171 621 4227 llic
653 4171 868 4231 Petrus,
909 4166 978 4220 de
1017 4178 1123 4234 quo
1170 4161 1341 4216 beata:
1376 4158 1649 4215 memoria:
1675 4154 1988 4209 Timotheus
2017 4165 2106 4205 ca-

527 4263 776 4321 tholicus,
809 4268 868 4312 ut
900 4258 1016 4327 ipse
1044 4254 1201 4319 dixit,
1232 4256 1574 4321 paternorum
1604 4259 1786 4302 custos
1817 4260 2103 4308 canonum,

532 4350 904 4405 Alexandrina:
930 4345 1200 4416 quondam
1231 4342 1485 4396 Ecclesia:
1520 4338 1787 4409 pontifex,
1819 4335 1883 4389 ad
1925 4333 2105 4388 sedem

531 4440 876 4509 apostolicam
920 4437 1087 4492 multa
1132 4433 1316 4487 retulit
1354 4431 1620 4486 deteriora
1667 4442 1824 4497 quam
1864 4425 2109 4495 superius

532 4530 903 4593 continentur,
949 4536 1199 4579 asserens
1240 4520 1546 4589 specialiter
1587 4527 1643 4573 et
1681 4491 1959 4571 affirmans
2011 4514 2108 4569 ini-
2140 4491 2193 4553 Ῑ)

536 4621 730 4676 micum
782 4619 943 4684 fidei,
990 4615 1261 4668 inimicum
1289 4612 1739 4667 Chalcedonensis
1784 4608 1973 4681 synodi
2022 4622 2115 4676 per

536 4725 725 4767 omnes
784 4710 1051 4763 exstitisse
1099 4704 1424 4760 infelicitatis
1467 4711 1713 4755 conatus.
1768 4700 1903 4767 Quid
1958 4700 2117 4767 igitur

538 4803 694 4859 nobis
736 4800 1038 4856 faciendum
1088 4797 1210 4852 est?
1248 4796 1362 4850 Non
1413 4794 1684 4850 credimus
1730 4801 1809 4846 tot
1854 4801 1909 4845 et
1959 4792 2117 4844 tantis

538 4902 803 4948 tantarum
849 4891 1052 4945 sediutn
1086 4886 1486 4951 sacerdotibus,
1519 4885 1608 4954 qui
1653 4898 1841 4937 omnes
1868 4897 1976 4935 uno
2001 4895 2117 4946 ore,

541 5001 649 5041 uno
677 4998 943 5040 consensu
968 5023 981 5043 .
1014 4980 1278 5050 publicam
1306 4988 1362 5033 et
1403 4978 1624 5033 feralem
1656 4975 1904 5030 humanae
1930 4974 2121 5027 salutis

544 5076 771 5130 bestiam
798 5073 1013 5128 Petrum
1043 5087 1165 5126 esse
1192 5072 1445 5125 dixerunt
1468 5108 1485 5138 ,
1517 5070 1572 5124 in
1600 5066 1754 5137 cttjus
1796 5080 1856 5120 se
1882 5080 2123 5120 commu-

544 5169 725 5231 nioue,
751 5165 1047 5235 perniciosa
1078 5161 1478 5231 conjunctione,
1510 5159 1799 5214 suadentes
1824 5156 2125 5212 daemonica

547 5258 734 5329 spiritu
759 5295 776 5323 ,
806 5254 1089 5310 infeliciter
1116 5254 1417 5306 sociaverat
1456 5251 1682 5306 Aeacius
1705 5289 1721 5313 ,
1754 5250 1894 5303 male
1940 5264 2127 5302 rursus

548 5349 821 5405 aedificetis
873 5344 1015 5416 quod
1064 5342 1200 5397 bene
1240 5343 1618 5397 desuuxerat?
1656 5340 1767 5395 Nec
1809 5353 1943 5409 opus
1977 5339 2125 5407 plura

555 5450 678 5502 hinc
700 5445 901 5507 dicere,
929 5456 1053 5497 cum
1079 5439 1387 5494 timentibus
1415 5440 1581 5493 Deum
1614 5447 1666 5493 et
1712 5435 2127 5491 formidantibus

554 5540 693 5594 diem
721 5534 934 5608 iudicii,
974 5544 1029 5588 et
1056 5530 1309 5586 Ecclesia:
1338 5532 1595 5585 unitatem
1622 5528 1965 5598 diligentibus
2000 5525 2132 5580 satis

558 5639 844 5698 aperteque
876 5640 1034 5682 causa
1077 5626 1145 5679 sit
1180 5625 1345 5677 clara.
1381 5621 1504 5677 llaec
1533 5622 1676 5677 enim
1719 5622 1831 5676 sola
1878 5621 2017 5674 ratio
2045 5628 2129 5674 est

560 5736 678 5787 qua:
723 5723 977 5776 unitatem
1016 5714 1203 5774 dividit
1228 5725 1283 5773 et
1306 5712 1648 5771 concordiam
1691 5711 1916 5777 dissipat
1964 5709 2131 5775 :quia

2148 485 2486 548 auferuntur,
2533 483 2679 551 pacis
2724 479 2995 534 vinculum
3038 477 3341 529 nullatenus
3368 473 3737 539 redintegrare

2151 580 2485 651 permittunt.
2517 577 2572 631 Si
2605 576 2747 630 enim
2790 573 2917 627 licet
2957 581 3281 625 sectatorum
3312 569 3393 622 vel
3438 566 3736 620 communi-

2150 682 2390 727 caturum
2423 667 2731 739 Eutychetis
2754 706 2771 731 ,
2802 673 2861 718 ut
2890 662 2982 717 fuit
3016 663 3134 729 ejus
3164 670 3398 714 sectator
3423 658 3615 712 Petrus
3640 696 3655 718 ,
3683 662 3741 708 et

2152 766 2580 823 communicatur
2608 759 2833 815 Aeacius
2859 798 2874 823 ,
2924 758 2974 810 in
3011 754 3251 809 Ecclesia
3292 751 3506 805 nomina
3549 762 3740 803 recen-

2155 862 2260 917 seri
2286 902 2301 925 ,
2334 873 2431 914 cur
2458 856 2527 911 de
2570 852 2928 909 sectatoribus
2969 861 3022 903 et
3050 844 3594 902 ctuttmuoit-atoriluts
3626 841 3739 895 Arii

2156 955 2239 1012 vel
2263 963 2579 1009 caeterorum
2613 947 3010 1006 luereticorum,
3034 940 3194 997 simili
3223 948 3367 993 sorte
3397 952 3505 991 non
3542 932 3742 989 liceat’

2160 1053 2239 1103 An
2290 1044 2513 1101 minoris
2563 1038 2852 1111 impietatis
2896 1046 2951 1089 et
2994 1032 3231 1103 perﬁdiae
3274 1028 3535 1098 Eutyches
3578 1024 3746 1079 fuisse

2161 1146 2375 1207 putatur
2404 1150 2562 1204 quam
2595 1132 2789 1187 Arius?
2827 1127 2997 1184 Nemo
3030 1126 3131 1178 hoc
3163 1121 3379 1192 quidem
3409 1119 3523 1175 sani
3550 1115 3746 1185 capitis

2160 1229 2377 1285 audcbit
2417 1228 2619 1280 dicere.
2654 1223 2708 1279 Si
2747 1236 2879 1290 ergo
2914 1235 3011 1290 par
3043 1227 3123 1272 cst
3166 1215 3431 1285 impietas,
3467 1226 3562 1279 par
3592 1211 3664 1264 sit
3692 1217 3750 1262 et

2164 1336 2511 1388 utrorumque
2555 1317 2840 1373 detestatio
2882 1331 2896 1367 :
2941 1329 3008 1367 ne
3038 1312 3081 1365 si
3114 1308 3277 1363 semel
3311 1305 3429 1360 talis
3460 1302 3619 1358 fuerit
3666 1302 3751 1355 in-

2166 1418 2413 1473 tromissa
2457 1412 2669 1468 licentia
2695 1451 2710 1473 ,
2762 1406 3012 1461 omnibus
3056 1400 3249 1458 exinde
3294 1396 3473 1452 omnia
3520 1394 3746 1454 liceant,

2166 1510 2404 1569 nature,
2458 1504 2598 1573 quod
2645 1501 2825 1564 absit,
2877 1506 2981 1552 tam
3032 1494 3238 1562 passiva
3282 1504 3459 1544 rerum
3503 1484 3752 1541 confusio

2167 1613 2326 1671 atque
2355 1595 2688 1657 commiXtio,
2719 1602 2774 1645 ut
2815 1587 2956 1644 nulla
2989 1588 3129 1641 inter
3154 1582 3409 1636 mundum
3439 1586 3492 1631 ct
3520 1577 3754 1629 immun-

2168 1666 2293 1746 dum
2327 1691 2398 1743 sit
2424 1685 2714 1741 secundum
2750 1680 3059 1750 prophetam
3085 1672 3297 1744 (Ezech.
3332 1686 3461 1733 xm,
3484 1666 3578 1737 26)
3605 1675 3751 1719 certa

2097 1768 2142 1827 Β
2170 1781 2444 1837 discretio.
2493 1778 2609 1832 Non
2635 1785 2715 1829 est
2761 1771 2974 1842 quidem
3007 1774 3205 1822 nostra:
3236 1760 3552 1817 humilitatis
3578 1759 3644 1812 de
3671 1766 3755 1811 to-

2171 1877 2277 1931 tius
2304 1874 2450 1927 orbis
2496 1868 2829 1925 dissensione
2873 1864 3014 1917 ferre
3054 1857 3407 1920 sententiam;
3449 1860 3530 1907 est
3575 1860 3753 1905 tamen

2172 1978 2414 2025 nnrtrum
2455 1965 2521 2018 de
2566 1958 2774 2030 propria
2799 1958 2969 2011 salute
3016 1966 3136 2007 esse
3180 1950 3465 2010 sollicitos,
3497 1943 3753 2015 quoniam

2173 2061 2538 2129 unusquisque
2593 2070 2688 2123 pro
2745 2065 2804 2106 se
2851 2049 3113 2104 rationem
3161 2044 3464 2097 redditurus
3510 2045 3593 2090 est
3630 2044 3760 2089 ante

2173 2154 2301 2210 illud
2333 2126 2562 2205 tribunal
2587 2145 2777 2211 iudicis
2802 2151 2857 2196 et
2886 2140 3026 2209 regis
3057 2135 3241 2191 atterni
3275 2135 3293 2203 (
3323 2131 3380 2185 11
3417 2129 3539 2184 Cor.
3568 2144 3600 2183 v
3629 2128 3669 2195 ),
3704 2126 3758 2181 in

2175 2260 2283 2315 quo
2312 2244 2471 2299 etiam
2503 2240 2570 2294 de
2614 2236 2785 2291 verbo
2819 2235 3013 2297 otioso,
3062 2228 3392 2295 minimoque
3424 2221 3760 2291 quadrante,

2176 2350 2359 2392 sumus
2385 2341 2683 2387 nostroruzu
2714 2326 2973 2381 rationem
3004 2333 3214 2376 actuum
3240 2311 3761 2388 prmstituri(Matth.

2181 2450 2212 2486 v
2238 2444 2285 2486 et
2318 2429 2438 2498 κιτ).
2470 2427 2619 2482 Unde
2649 2434 2705 2477 et
2732 2430 2999 2490 Optamus,
3028 2414 3415 2483 qualiacunque
3456 2419 3509 2464 et
3538 2416 3765 2478 quanta-

2178 2538 2387 2593 cunque
2410 2533 2571 2587 super
2597 2531 2693 2571 nos
2716 2510 3083 2581 importaverit
3111 2507 3379 2568 inimicus,
3406 2502 3633 2557 tolerare
3660 2498 3764 2552 dis-

2179 2614 2400 2667 crimina
2426 2613 2476 2665 in
2494 2607 2692 2662 smculo
2710 2603 2976 2671 praesenti,
2993 2608 3194 2654 tantum
3225 2612 3292 2649 uc
3314 2608 3500 2649 causas
3525 2593 3767 2646 incurra-

2182 2723 2301 2763 mus
2324 2704 2507 2757 mortis
2541 2712 2774 2753 u-Iernze.
2798 2694 2903 2751 Sed
2936 2695 3130 2747 dicitur
3158 2690 3224 2744 de
3254 2688 3433 2750 Petro,
3467 2697 3768 2753 quanquam

2182 2800 2298 2854 sine
2344 2791 2727 2863 approbatione
2793 2787 3036 2846 dicatur,
3089 2779 3384 2849 praesertim
3433 2775 3501 2830 de
3548 2772 3769 2827 homine

2184 2884 2646 2961 perspicacissimo
2687 2873 3153 2951 [pervicacissimo
3198 2869 3468 2940 legendum
3511 2859 3770 2932 videtur],

2185 2985 2270 3045 qui
2306 2997 2396 3050 per
2429 2978 2498 3033 50
2541 2988 2712 3028 annos
2746 2970 2981 3022 famosus
3014 2970 3347 3032 expugnator
3378 2958 3550 3012 fuerat
3579 2953 3772 3008 verita-

2187 3077 2254 3131 tis
2281 3043 2320 3138 ,.
2342 3069 2481 3143 quod
2514 3064 2824 3137 paenitentia
2875 3072 2987 3115 acta
3019 3063 3300 3122 susceptus
3329 3052 3398 3103 sit.
3427 3050 3476 3102 itt
3508 3043 3770 3100 Ecclesia.

2188 3136 2463 3232 Nunquam
2496 3136 2653 3229 igitur
2684 3171 2781 3225 per
2806 3153 2876 3209 '50
2902 3162 3076 3204 annos
3115 3159 3274 3215 agere
3303 3141 3470 3206 potuit
3499 3136 3763 3207 poeniten-

2190 3259 2337 3319 tiam,
2369 3253 2467 3308 nisi
2501 3264 2627 3305 tunc
2654 3262 2776 3301 cum
2804 3246 3145 3313 episcopatus
3171 3249 3351 3290 amore
3383 3243 3434 3283 et
3462 3226 3769 3283 ambitionis

2190 3349 2384 3403 ardore
2425 3338 2704 3399 fervebat?
2734 3336 2779 3393 0
2809 3350 2921 3389 rem
2965 3337 3208 3384 monstro
3253 3320 3611 3377 simillimam!
3650 3325 3777 3371 ante

2192 3440 2343 3495 illum
2374 3435 2611 3505 potuisse
2639 3430 2812 3484 locum
2839 3440 2991 3479 suum
3020 3416 3302 3475 sacerdotii
3328 3414 3592 3473 obtinere,
3613 3424 3776 3479 quam

2194 3539 2373 3602 posset
2403 3525 2487 3580 vel
2533 3521 2683 3577 brevi
2730 3533 2825 3588 pro
2864 3527 2968 3569 tam
3001 3507 3218 3566 immani
3248 3506 3471 3560 crimine
3512 3501 3779 3571 pmnitens

2196 3592 2388 3679 videri.
2413 3619 2516 3675 Sed
2545 3614 2704 3671 solvit
2727 3613 2896 3673 i!lum,
2931 3606 3100 3671 inquit
3124 3643 3139 3668 ,
3168 3599 3483 3655 auc'oritate
3507 3608 3600 3648 sua
3631 3592 3780 3661 prius

2198 3714 2444 3774 Aeacius,
2475 3718 2526 3762 et
2551 3706 2630 3761 sic
2658 3702 2910 3769 suscepit.
2936 3698 3150 3752 Utinam
3182 3692 3413 3758 seipsqu
3445 3683 3783 3740 miserrimus

2199 3807 2463 3866 omnium,
2487 3810 2775 3866 secumque
2802 3787 3241 3862 quamplurimas,
3269 3798 3374 3836 non
3402 3786 3616 3833 aeternae
3644 3788 3785 3828 mor-

2201 3899 2271 3954 tis
2333 3891 2685 3963 compedibus
2742 3883 3013 3954 alligaret!
3074 3878 3174 3945 Qui
3229 3889 3350 3929 cum
3397 3866 3784 3940 superbissimo

2205 3960 2477 4062 prreﬂatus
2519 3982 2711 4052 spiritu
2758 3981 3009 4033 thronum
3059 3968 3373 4026 humilitatis
3404 3965 3559 4019 altius
3588 3960 3782 4015 ederre

2206 4050 2429 4139 conatur
2459 4050 2615 4146 quam
2647 4070 2828 4126 deruit
2848 4112 2863 4135 ,
2907 4076 2960 4121 ct
3000 4057 3505 4133 prtesumptionibus
3533 4052 3643 4108 suis
3670 4050 3789 4105 adi—

2210 4180 2318 4228 tum
2342 4141 2697 4231 unde-cunque
2726 4151 3301 4227 cnnqttirit,simulque
3330 4162 3424 4215 per
3452 4146 3531 4199 fas
3559 4151 3613 4199 et
3640 4141 3792 4196 nefas

2210 4266 2382 4320 calcat
2411 4272 2463 4315 et
2494 4254 2690 4312 transit
2719 4246 3047 4306 inviolabilia
3081 4249 3275 4297 statuta
3303 4246 3639 4295 sanctorum,
3667 4247 3790 4288 cum

2211 4357 2328 4425 ipso
2358 4366 2515 4420 quem
2545 4346 2784 4401 imitatus
2812 4348 2895 4394 est
2927 4346 3145 4392 auctore
3172 4330 3458 4401 superbiae,
3493 4328 3543 4381 in
3577 4322 3797 4395 profun-

2214 4445 2486 4501 dissimam
2531 4440 2740 4493 ruinam
2771 4432 3048 4499 deiectus,
3101 4424 3152 4479 id
3198 4419 3481 4491 dereliquit
3519 4416 3798 4479 Ecclesite,

2221 4534 2361 4588 unde
2393 4532 2636 4598 lugerent
2660 4521 2865 4591 paciﬁci
2890 4561 2904 4584 ,
2936 4517 3225 4584 fidelesque
3249 4522 3302 4567 et
3331 4509 3557 4564 humiles
3587 4507 3798 4561 ﬂerent.

2220 4624 2275 4676 Si
2305 4619 2447 4675 enim
2480 4618 2568 4671 ille
2613 4612 2829 4667 modqu
2880 4612 3172 4675 temperata
3218 4608 3481 4670 potestate
3510 4602 3801 4660 servasset,

2224 4726 2321 4767 nec
2351 4711 2567 4764 Petrum
2597 4702 2905 4760 hareticum
2931 4740 2947 4764 ,
2981 4698 3126 4750 nullo
3171 4691 3400 4760 regulari
3430 4687 3619 4743 ordine
3646 4685 3806 4740 abso-

2226 4806 2391 4859 lutum
2418 4843 2433 4867 ,
2468 4815 2564 4869 pro
2594 4798 2709 4864 ejus
2736 4792 2923 4848 audaci
2950 4787 3251 4844 temeritate.
3281 4829 3294 4849 ,
3327 4786 3380 4838 in
3423 4796 3518 4836 sua
3549 4780 3810 4835 societate

2228 4894 2389 4950 hodie
2421 4889 2653 4945 Ecclesia
2686 4885 2974 4952 suspiraret
3009 4887 3374 4945 assumptum;
3415 4887 3514 4927 nec
3547 4870 3811 4937 caritatis,

2224 5000 2342 5057 quae
2373 4981 2610 5038 omnium
2640 4978 2892 5030 virtutum
2920 4980 3001 5027 est
3027 4967 3285 5039 perfectio
3305 5006 3319 5028 ,
3352 4975 3407 5018 et
3452 4964 3569 5015 sine
3596 4976 3699 5028 qua
3729 4973 3816 5012 se-

2225 5072 2457 5129 cundum
2508 5066 2822 5138 Apostolum
2868 5060 3043 5117 inania
3075 5065 3198 5111 sunt
3244 5053 3493 5108 universa
3539 5065 3661 5119 qua:
3690 5049 3817 5101 taci-

2232 5180 2350 5219 mus
2373 5162 2417 5231 (I
2446 5156 2974 5222 Cor.XIII),tautattlii
3009 5149 3154 5220 pacis
3178 5145 3452 5215 dispendia
3483 5149 3817 5210 paterentur,

2232 5268 2332 5310 nec
2356 5248 2654 5306 mordendo
2680 5246 2927 5305 invicem,
2958 5245 3403 5295 consumerentur
3428 5235 3675 5288 invicem.
3710 5231 3818 5283 Sed

2233 5343 2473 5414 quolibet
2501 5338 2659 5393 modo
2686 5336 2896 5390 dicatur
2915 5335 3101 5386 Petrus
3130 5343 3251 5384 esse
3281 5329 3821 5393 susceptus,apparut

2235 5443 2414 5488 tamen
2458 5444 2579 5486 eum
2631 5425 2793 5480 fuisse
2840 5419 3147 5476 lubreticum
3175 5458 3190 5483 ,
3240 5418 3327 5485 qui
3382 5413 3697 5483 paenituisse
3730 5425 3823 5478 pro

2238 5523 2589 5593 perversitate
2636 5515 2976 5575 defenditur;
3017 5520 3070 5565 et
3115 5510 3254 5578 quod
3288 5520 3483 5577 pravus
3512 5513 3565 5559 et
3596 5502 3825 5557 inﬁdelis

2237 5617 2389 5670 fuerit
2418 5654 2433 5677 ,
2465 5620 2521 5666 et
2564 5610 2631 5663 de
2661 5606 2902 5662 Ecclesia
2948 5600 3318 5659 ecclesiastico
3360 5598 3480 5663 jure
3530 5593 3696 5663 proje
3720 5602 3824 5653 tus,

2239 5706 2434 5769 ambigi
2478 5700 2818 5765 dubitarique
2866 5714 2977 5754 non
3035 5705 3227 5762 potest.
3290 5690 3401 5749 Sed
3464 5686 3826 5746 concelatuus
