4120 6186
310 291 383 348 89
1527 277 1882 335 EPISTOLE
1925 278 2013 334 ΕΤ
2053 279 2392 336 DECllETA.
3522 285 3594 342 90

312 405 587 475 pattlispt'l'
632 397 947 467 paenituisse
996 407 1118 449 eum
1138 433 1153 457 ,
1188 388 1329 460 quod
1381 388 1688 443 nullatenus
1718 367 1901 441 verum
1932 396 1979 451 Α
2009 389 2134 445 lites
2180 390 2278 458 ipsi
2324 389 2413 460 qui
2442 389 2725 445 Dominum
2755 390 3140 447 cruciﬁxernnt
3162 430 3178 457 ,
3212 391 3453 449 dividere
3476 398 3594 453 ausi

311 506 428 558 est;
470 492 756 545 videndum
785 502 915 556 ergo
960 495 1043 540 est
1072 481 1362 552 quomodo,
1396 480 1446 534 id
1477 490 1559 533 est
1605 487 1783 532 utrum
1814 481 1902 547 qui

313 586 503 639 ordine
552 580 919 648 competenti,
966 573 1199 644 regulari
1260 572 1547 626 severitate
1590 570 1802 625 excisus
1853 578 1906 622 et

314 675 647 743 cxstirpatus
676 680 762 723 est
787 710 801 733 ,
836 666 1101 736 paenitens
1138 672 1287 717 recte
1314 672 1371 715 et
1398 669 1792 729 consequenter
1822 674 1906 713 re-

312 777 502 838 ceptus
546 767 633 818 sit.
670 763 772 819 Sed
806 774 1073 828 nunquam
1115 755 1412 817 docebitur,
1448 768 1719 821 nunquam
1755 768 1907 805 mun-

313 862 594 922 strabitur,
628 868 899 923 nunquam
946 851 1164 905 omnino
1206 849 1519 920 probabitur
1558 848 1675 916 ejus
1716 862 1907 915 purga-

316 953 517 1005 tionem
552 950 712 1002 fuisse
744 944 1057 1014 legitimam,
1082 955 1202 1008 quae
1233 954 1337 993 non
1367 948 1449 992 est
1478 938 1906 1005 competentibus

317 1044 519 1112 regulis
564 1040 855 1094 celebrata.
924 1033 1188 1090 Secundae
1229 1032 1373 1087 enim
1423 1030 1569 1087 sedis
1612 1030 1904 1084 antistitem

317 1150 419 1187 nec
450 1133 724 1201 expellere
751 1128 1029 1196 quisquam
1052 1165 1067 1190 ,
1102 1138 1202 1181 nec
1230 1136 1485 1177 revocare
1506 1162 1522 1185 ,
1572 1122 1687 1175 sine
1718 1122 1907 1189 prima:

317 1225 463 1279 sedis
492 1236 739 1282 assensu,
773 1219 854 1273 vel
883 1216 1076 1286 potuit,
1109 1214 1191 1269 vel
1219 1213 1420 1268 debuit.
1454 1212 1566 1265 Nisi
1607 1211 1745 1266 forte
1777 1226 1908 1266 con-

318 1318 435 1369 luso
461 1316 572 1382 jam
606 1312 796 1367 ordine
827 1323 1007 1364 rerum
1049 1315 1213 1375 atque
1268 1304 1521 1366 turbato,
1567 1318 1667 1358 nec
1708 1308 1903 1371 prima,

319 1423 417 1461 nec
458 1404 693 1460 secunda
722 1443 737 1469 ,
765 1416 864 1455 nec
895 1400 1049 1454 tertia
1079 1397 1239 1452 sedes
1278 1396 1470 1449 debeat
1494 1395 1792 1461 observari,
1822 1394 1906 1447 vel

316 1498 517 1566 suscipi
567 1495 863 1551 secundum
912 1491 1131 1559 antiqua
1167 1497 1365 1543 statuta
1417 1486 1699 1554 majorum,
1733 1496 1785 1540 et
1816 1500 1904 1539 su-

320 1596 464 1647 blato
490 1593 687 1659 capite,
737 1600 795 1642 ut
821 1588 1084 1647 videmus,
1114 1584 1292 1638 omnia
1320 1581 1560 1635 membra
1592 1581 1739 1633 vario
1769 1580 1909 1634 inter

317 1702 375 1740 se
399 1688 770 1752 compugnent
796 1678 1109 1738 certamine,
1142 1675 1340 1741 liatque
1381 1672 1507 1725 illud
1537 1671 1676 1738 quod
1709 1671 1776 1725 de
1807 1684 1904 1739 p0-

2008 480 2231 536 l'uissent
2259 482 2439 553 (Joan.
2486 482 2624 553 xu).
2657 482 2785 548 Quae
2817 497 2959 539 nunc
2985 484 3028 537 si
3070 493 3291 554 propter
3320 486 3596 555 perﬁdiam

2009 574 2369 637 Petri,Acacii
2403 575 2731 645 tyrannicam
2760 576 3086 643 superbiam,
3111 576 3433 646 impiumque
3460 593 3597 645 pra:-

2006 669 2361 737 sumptionem
2389 668 2525 738 ejus,
2559 669 2787 723 violatur
2814 679 2975 739 atque
3002 672 3390 738 conscinditur,
3420 675 3598 731 videte

2008 770 2063 815 et
2106 760 2381 829 sapienter
2428 759 2719 828 expendite
2747 798 2763 822 ,
2814 760 2867 813 in
2914 776 3073 827 quam
3103 777 3269 830 grave
3300 764 3595 831 periculum

2009 864 2188 910 nostra
2235 854 2515 909 deducitur
2560 843 2889 908 conscientia
2917 893 2932 918 ,
2980 854 3105 907 dum
3159 863 3301 907 tanta
3333 856 3596 925 majorum

2008 947 2232 1002 solvitur
2278 946 2647 1002 observantia.
2701 946 2830 1011 Quis
2856 952 3000 999 enim
3034 962 3140 999 non
3170 959 3289 1015 agat
3317 950 3597 1017 quodcuu-

2008 1053 2112 1105 que
2139 1037 2399 1101 libuerit,
2446 1038 2490 1091 si
2541 1036 2708 1093 semel
2750 1038 2800 1090 in
2831 1036 3277 1091 consuetudinem
3318 1050 3600 1108 cirruptus

2008 1128 2145 1182 ordo
2175 1128 2520 1197 pervenerit?
2556 1128 2612 1182 Si
2640 1136 2817 1182 autem
2846 1127 2948 1181 hoc
2980 1130 3295 1197 sacrilegum
3328 1142 3411 1184 εει
3438 1132 3598 1186 etiam

2008 1225 2283 1290 cogitare,
2326 1239 2423 1277 cur
2453 1238 2559 1277 non
2604 1239 2722 1277 cum
2775 1221 3180 1290 diligentiSsima
3223 1224 3600 1279 observatione

2010 1330 2252 1374 teneatur
2284 1320 2394 1372 lucc
2424 1318 2592 1371 forma
2639 1317 2932 1387 majorum,
2964 1332 3084 1371 cum
3132 1318 3201 1370 sit
3254 1319 3306 1371 in
3356 1318 3455 1373 hoc
3503 1323 3601 1374 oh-

2008 1411 2322 1465 servationis
2366 1419 2547 1464 tenore
2592 1409 2873 1463 ineil'abilis
2922 1408 3337 1478 indubitata~que
3385 1411 3600 1467 unitatis

2009 1503 2236 1556 evidens
2278 1510 2333 1554 et
2381 1500 2582 1569 grande
2632 1499 2984 1568 mysterium?
3035 1501 3116 1553 An
3157 1500 3275 1552 duae
3328 1510 3454 1554 sunt
3494 1501 3592 1555 Ec.

2008 1594 2187 1648 elesize
2247 1602 2301 1646 et
2342 1592 2449 1645 duo
2510 1590 2798 1658 pastores?
2857 1588 3029 1644 Absit.
3106 1589 3253 1643 Unus
3305 1599 3388 1644 est
3453 1592 3596 1644 enim

2008 1688 2093 1753 qui
2124 1685 2243 1754 fecit
2273 1694 2487 1753 utraque
2516 1699 2674 1735 unum
2702 1684 2719 1751 (
2748 1680 2938 1751 Epltes.
2968 1698 3001 1735 ιι
3027 1680 3067 1751 ),
3105 1683 3297 1737 tollens
3326 1682 3392 1736 de
3424 1685 3602 1739 medio

319 1777 447 1844 pulo
468 1778 727 1842 scriptum
758 1780 843 1824 est
886 1768 1048 1823 Israel
1087 1784 1099 1819 :
1145 1764 1210 1817 In
1258 1764 1351 1818 illo
1389 1776 1641 1831 tempore.
1670 1780 1773 1815 non
1800 1770 1908 1816 erat

2020 1776 2412 1831 inimicitiarum
2462 1773 2719 1843 parietem
2774 1773 2824 1827 in
2874 1788 3100 1841 corpore
3153 1788 3269 1827 suo.
3317 1773 3427 1826 Cur
3471 1790 3602 1841 t-igo

319 1870 429 1920 dux
458 1866 511 1918 in
536 1863 700 1919 Israel
720 1878 740 1916 :
765 1862 1107 1930 unusquisque
1134 1859 1268 1925 quod
1295 1855 1541 1926 placitum
1567 1865 1676 1908 erat
1706 1856 1757 1908 in
1789 1870 1914 1908 ocu-

318 1958 383 2009 tis
408 1956 518 2007 suis
550 1954 771 2024 faciebat
802 1948 1024 2019 (ludic.
1055 1965 1142 2002 ut
1174 1948 1213 2018 ).
1258 1948 1373 2013 Qua
1402 1948 1543 2001 enim
1594 1946 1803 1999 ratione
1832 1946 1911 1999 vel

318 2045 703 2115 consequentia
751 2043 872 2097 aliis
918 2041 1138 2096 sedibus
1182 2039 1580 2093 defendendum
1627 2036 1719 2109 [al.
1762 2036 1911 2090 defe-

320 2135 573 2206 rendum]
602 2146 713 2198 est,
747 2136 791 2188 si
824 2135 1008 2202 primze
1046 2131 1339 2186 beatissimi
1380 2132 1520 2183 l’etri
1551 2130 1665 2183 sedi
1697 2129 1910 2196 antiqua

319 2243 369 2285 et
390 2240 606 2284 vetusta
635 2228 936 2283 reverentia
962 2241 1065 2278 non
1094 2224 1350 2289 delertur,
1378 2239 1472 2292 per
1491 2237 1650 2291 quam
1671 2220 1912 2276 omnium

318 2323 660 2378 sacerdotum
690 2320 923 2386 dignitas
953 2330 1166 2384 semper
1213 2326 1296 2369 est
1347 2316 1595 2368 roborata
1636 2322 1795 2381 atque
1823 2314 1915 2365 lir-

319 2424 484 2475 mata,
518 2420 987 2478 treeentorumque
1015 2409 1197 2461 docent
1227 2417 1282 2460 et
1310 2418 1431 2461 octo
1468 2406 1683 2460 Patrum
1715 2405 1914 2459 invieto

319 2515 373 2561 et
418 2503 679 2569 singulari
715 2500 917 2569 judicio
963 2497 1352 2554 vetustissimus
1376 2497 1644 2565 judicatus
1672 2494 1768 2567 [al.
1798 2495 1916 2549 vin-

318 2593 551 2664 dicatus]
586 2602 667 2647 est
697 2590 903 2645 honor?
966 2591 1159 2658 Utpote
1187 2591 1275 2657 qui
1302 2588 1512 2641 Domini
1552 2588 1911 2641 recordaban-

322 2702 407 2742 tur
436 2685 760 2741 sententiam
798 2699 813 2737 :
845 2682 921 2735 Tu
958 2698 1010 2735 es
1050 2680 1250 2743 Petrus,
1276 2688 1322 2733 et
1367 2678 1520 2749 super
1555 2678 1687 2733 hanc
1718 2688 1915 2747 petram

320 2785 358 2847 ρ
380 2778 552 2831 ndubo
584 2775 867 2827 Ecclesium
897 2788 1080 2836 meam,
1124 2781 1173 2824 et
1218 2781 1381 2840 portae
1408 2770 1562 2840 inferi
1587 2769 1690 2824 non
1721 2785 1915 2840 prama-

319 2871 495 2923 lebunt
525 2868 769 2919 adversus
795 2863 1008 2918 eum.Et
1031 2863 1119 2916 tibi
1138 2862 1269 2916 dabo
1293 2862 1456 2916 claves
1486 2863 1630 2934 regni
1653 2863 1913 2926 calorum,

319 2975 368 3017 et
396 2977 715 3031 quiscunque
743 2957 979 3029 ligaveris
1013 2956 1089 3010 vel
1131 2955 1341 3009 solveris
1383 2955 1436 3007 in
1467 2964 1600 3007 terra
1623 2994 1638 3018 ,
1676 2965 1822 3007 erant
1853 2955 1916 3007 li-

321 3066 443 3126 gata
486 3054 567 3108 rel
612 3052 782 3107 soluta
809 3053 862 3105 in
904 3052 1030 3104 caelo
1060 3050 1079 3119 (
1104 3048 1290 3101 Matth.
1338 3062 1425 3102 xvi
1451 3046 1491 3118 ).
1527 3049 1593 3103 Et
1634 3064 1819 3103 rursus
1846 3049 1912 3101 ad

2017 1882 2110 1934 per
2166 1865 2306 1919 Petri
2357 1872 2412 1917 et
2460 1864 2638 1919 Acacii
2690 1863 2905 1917 nomina
2952 1878 3138 1916 rursus
3203 1863 3411 1916 inimica
3458 1865 3601 1931 st-pis

2015 1960 2293 2025 intexitur,
2323 1972 2484 2028 quam
2512 1957 2679 2011 semel
2719 1955 2913 2010 Christi
2945 1971 3097 2019 crux,
3131 1970 3275 2008 mors
3303 1967 3357 2009 et
3386 1957 3601 2025 sanguis

2014 2050 2318 2113 destruxit,
2364 2048 2526 2103 solvit
2573 2058 2627 2101 et
2657 2049 2883 2102 evertit?
2922 2046 3036 2100 Non
3079 2062 3209 2115 ergo
3253 2046 3454 2100 dividat
3504 2062 3600 2102 eos

2016 2145 2388 2213 interpositum
2420 2143 2561 2197 Petri
2610 2152 2663 2196 et
2695 2142 2871 2196 At-acii
2919 2156 3134 2206 nomen,
3165 2157 3297 2211 quos
3326 2142 3455 2195 tanti
3485 2157 3600 2195 me-

2014 2237 2238 2292 diatoris
2280 2236 2546 2306 pretiosus
2592 2235 2807 2304 sanguis
2848 2236 3037 2289 univit.
3074 2235 3350 2288 Postremo
3391 2252 3599 2303 atqnnnt

2015 2336 2099 2383 est
2123 2338 2180 2382 ut
2208 2328 2296 2397 qui
2323 2327 2458 2381 alios
2488 2326 2716 2380 libenter
2744 2336 2797 2378 et
2821 2334 3188 2392 competenter
3216 2327 3374 2379 vultis
3406 2326 3602 2379 habere

2015 2420 2289 2490 subjectos
2317 2464 2330 2487 ,
2363 2419 2569 2474 cedatis
2596 2427 2650 2472 et
2680 2418 2775 2487 ipsi
2824 2417 3045 2484 antiquo
3091 2432 3241 2471 more
3287 2419 3600 2487 majorilms,

2018 2520 2077 2565 ut
2103 2510 2437 2565 conﬁdenter
2462 2510 2727 2578 imperare
2770 2510 2987 2577 possitis
3036 2509 3336 2563 minoribus
3384 2514 3600 2564 vestris.

2022 2604 2307 2659 Duodecim
2340 2613 2485 2659 certe
2532 2603 2679 2656 fuere
2710 2602 2958 2670 apostoli,
2990 2603 3203 2671 paribus
3254 2603 3482 2666 meritis,
3512 2620 3604 2672 pa-

2019 2699 2171 2768 rique
2223 2698 2481 2767 dignitate
2528 2695 2752 2751 sulTu'ti.
2802 2694 3044 2765 Cumque
3088 2709 3277 2748 omnes
3327 2699 3604 2765 mqtialiter

2016 2790 2278 2857 spirituali
2310 2790 2426 2844 luce
2459 2788 2740 2858 lulgcrent,
2768 2803 2929 2840 unum
2956 2796 3133 2841 tamen
3163 2788 3453 2856 principem
3481 2803 3603 2845 esse

2018 2897 2081 2935 ex
2108 2880 2212 2934 illis
2241 2880 2409 2933 voluit
2439 2878 2686 2932 Christus
2706 2918 2721 2942 ,
2751 2893 2983 2943 eumque
3008 2876 3407 2945 diSpensationc
3438 2880 3597 2932 mira-

2018 2972 2111 3026 bili
2142 2973 2193 3026 in
2220 2972 2489 3025 dominam
2519 2972 2757 3039 gentium
2791 2968 3013 3021 Romam
3042 2968 3258 3032 direxit,
3290 2979 3345 3021 ut
3386 2971 3437 3023 in
3467 2986 3604 3037 pras-

2017 3065 2172 3134 cipna
2199 3064 2329 3118 urbe
2354 3063 2436 3117 vel
2469 3063 2636 3129 prima
2666 3060 2893 3129 primum
2919 3071 2971 3114 et
3000 3061 3323 3130 praecipuum
3348 3061 3602 3130 dirigeret

322 3147 577 3200 eumdem
604 3158 619 3195 :
647 3142 777 3196 Ecce
804 3156 898 3210 ego
924 3139 1098 3210 rogavi
1123 3152 1216 3207 pro
1245 3146 1317 3201 te,
1340 3147 1393 3191 ut
1420 3152 1525 3189 non
1553 3136 1756 3205 deﬁciat
1784 3136 1909 3204 ﬁdes

2018 3158 2253 3211 Petrum.
2302 3154 2484 3223 Ibique
2525 3152 2667 3207 sicut
2692 3152 2952 3207 doctrinae
2979 3152 3175 3205 virtute
3199 3152 3443 3207 sublimis
3469 3153 3604 3208 emi-

326 3248 411 3289 tua
433 3279 450 3303 ,
507 3246 551 3288 et
599 3245 652 3287 tu
699 3230 975 3299 aliquando
1001 3238 1294 3282 convertere
1316 3264 1333 3293 ,
1374 3236 1425 3281 et
1453 3227 1701 3295 conﬁrma
1730 3230 1914 3295 fratres

326 3337 441 3383 tuos
471 3326 625 3398 (Luc.
669 3327 833 3394 xm),
873 3332 927 3378 et
954 3322 1082 3377 illud
1119 3340 1132 3374 :
1176 3321 1237 3378 Si
1266 3337 1409 3376 amas
1454 3338 1535 3377 me
1558 3363 1573 3387 ,
1613 3336 1765 3391 pasce
1802 3336 1916 3374 ovrs

326 3418 693 3489 mras(loan.
732 3432 819 3471 ut
843 3417 882 3485 ).
919 3416 1095 3483 Quare
1136 3415 1298 3485 igitur
1322 3414 1390 3469 ad
1418 3415 1629 3468 Petrum
1672 3424 1778 3467 tam
1809 3412 1911 3467 fre-

328 3528 499 3585 quens
536 3512 746 3567 Domini
774 3526 953 3566 sermo
995 3508 1283 3578 dirigitur?
1321 3506 1685 3576 nunquidnam
1729 3504 1918 3572 reliqui

330 3606 501 3665 sancti
541 3615 599 3664 et
639 3604 778 3665 beati
810 3602 1038 3679 apostoli
1072 3623 1174 3661 non
1206 3615 1356 3662 erant
1387 3600 1546 3659 simili
1578 3600 1770 3658 virtute
1800 3614 1922 3657 sue-

332 3702 532 3757 cinci?
571 3700 701 3768 Quis
726 3702 827 3754 hoc
854 3700 1045 3752 audeat
1070 3698 1371 3751 nlilrmare?
1401 3696 1506 3752 Sed
1532 3705 1587 3749 ut
1612 3698 1777 3761 capite
1807 3711 1924 3747 con-

333 3799 533 3857 stituto,
581 3794 867 3846 srhismatis
895 3791 1153 3844 tolleretur
1190 3792 1384 3844 occasio
1429 3790 1516 3861 (S.
1554 3788 1775 3843 Hieron.
1805 3804 1919 3856 cap.

338 3887 443 3951 Η,
491 3888 583 3939 lib.
631 3901 648 3939 t
696 3889 813 3937 adv.
865 3882 1259 3950 Jovin.'anum),
1300 3889 1357 3934 et
1386 3896 1485 3933 una
1534 3886 1925 3933 monstraretur

334 3994 598 4045 compago
622 3976 863 4045 corporis
896 3974 1129 4038 Christi,
1163 3989 1282 4042 quin
1322 3974 1385 4026 ad
1429 3988 1590 4027 unum
1621 3981 1781 4041 caput
1806 3972 1925 4040 glo-

334 4070 634 4123 riosissima
676 4067 978 4121 dilt'CllOIIiS
1012 4065 1266 4119 societate
1315 4072 1700 4126 concurreret;
1741 4069 1796 4115 et
1824 4077 1924 4115 una

336 4170 481 4215 esset
509 4159 785 4227 Ecclesia,
816 4160 899 4213 cui
943 4157 1171 4211 lideliler
1213 4156 1542 4222 crederetur,
1581 4169 1793 4223 unaque
1832 4154 1931 4207 do-

337 4266 458 4305 mus
509 4250 666 4303 nnius
719 4248 929 4303 Domini
974 4258 1029 4301 et
1086 4246 1241 4300 unius
1286 4245 1682 4313 redemptoris,
1730 4245 1783 4298 in
1826 4259 1927 4313 qua

338 4344 406 4395 de
432 4356 543 4395 uno
572 4354 711 4408 pane
753 4348 806 4392 et
831 4338 899 4393 de
930 4354 1035 4391 uno
1064 4337 1230 4391 calice
1258 4338 1583 4391 nutriremur
1610 4334 1662 4407 (ι
1703 4335 1825 4391 Cor.
1851 4338 1926 4404 κ).

339 4437 453 4498 Qua
482 4431 691 4486 ratione
714 4470 729 4495 ,
770 4430 904 4484 sicut
937 4429 1045 4483 dixi
1071 4468 1086 4492 ,
1120 4428 1351 4496 majores
1389 4429 1558 4480 nostri
1583 4468 1598 4492 ,
1640 4427 1918 4481 reverendi

339 4528 416 4581 ili
450 4524 809 4580 Ecclesiarum
855 4523 1137 4592 magistri,
1186 4522 1585 4587 clarissimaque
1626 4519 1715 4574 illa
1748 4518 1927 4590 populi
1957 4504 2011 4563 Ι)

338 4617 631 4673 Christiani
681 4615 925 4683 lumina,
974 4627 1111 4684 quos
1156 4613 1346 4668 merita
1401 4614 1660 4667 virtutum
1709 4626 1928 4665 suarum

341 4727 512 4779 usque
542 4710 608 4762 ad
636 4706 992 4762 confessionis
1021 4706 1435 4777 gloriosissimas
1464 4705 1686 4774 palmas,
1709 4715 1761 4759 et
1790 4718 1932 4757 mar-

340 4808 463 4877 tyrii
488 4806 755 4875 fulgentes
773 4803 1014 4858 extulere
1035 4814 1283 4866 coronas,
1309 4801 1373 4853 ad
1400 4800 1545 4854 illam
1568 4797 1747 4853 sedem
1771 4810 1930 4863 quam

345 4902 594 4969 princeps
620 4896 986 4967 apostolorum
1020 4893 1236 4948 sederat
1268 4893 1476 4957 Petrus,
1523 4891 1604 4945 sui
1646 4888 1934 4945 sacerdotii

344 5000 551 5056 sumpta
584 4986 845 5056 principia
884 4985 1071 5053 repleti
1110 4984 1311 5039 Christi
1353 4984 1577 5038 caritate
1621 4981 1925 5046 mittebant,

344 5097 452 5136 sua:
477 5082 602 5134 inde
626 5079 907 5133 soliditatis
931 5076 1243 5146 gravissima
1270 5074 1532 5131 lirmitatis
1557 5074 1928 5128 roboramenta

347 5185 654 5241 poscentes.
706 5170 772 5225 Ut
814 5184 911 5240 per
956 5168 1093 5222 hanc
1138 5165 1372 5235 speciem
1404 5165 1652 5220 omnibus
1680 5173 1937 5234 appareat

349 5280 470 5318 vere
502 5276 661 5315 uitam
692 5275 810 5316 esse
837 5274 929 5327 per
958 5258 1161 5325 omnia,
1193 5267 1245 5312 et
1284 5255 1706 5311 indissolubilem
1735 5254 1935 5309 Christi

352 5356 646 5411 Ecclesiam
672 5395 689 5421 ,
719 5369 837 5423 quae
867 5351 1170 5407 concordia:
1197 5350 1413 5403 vinculo
1455 5348 1789 5417 mirabilique
1841 5360 1934 5400 ca-

352 5451 520 5505 ritatis
568 5454 775 5502 textura
820 5441 1159 5513 compesita,
1200 5440 1311 5495 SOlt
1361 5451 1415 5494 et
1459 5439 1682 5493 indivisa
1730 5453 1827 5506 per
1857 5449 1937 5493 to-

354 5552 461 5596 tum
491 5536 870 5594 ostenderetur
898 5547 1020 5587 esse
1048 5534 1221 5587 tunica
1249 5530 1473 5597 Christi,
1506 5543 1664 5598 quam
1711 5542 1808 5584 nec
1840 5528 1938 5582 mi-

426 5660 441 5688 ¹
482 5657 538 5710 In
569 5670 673 5708 ms.
705 5652 892 5707 codice
946 5657 1254 5719 pervetusto
1287 5646 1610 5719 Veronensis
1666 5642 1913 5719 capituli,

353 5744 473 5783 cum
502 5742 609 5795 quo
638 5725 829 5780 collata
859 5712 963 5777 fuit
985 5736 1015 5775 a
1039 5720 1322 5776 Francisco
1349 5717 1647 5772 Blancltino
1689 5713 1803 5769 haec
1828 5712 1932 5769 Ge-

2016 3250 2146 3312 cuit,
2162 3248 2230 3300 ita
2253 3245 2528 3316 sanguinis
2548 3245 2779 3315 gloriosa
2802 3243 3059 3298 cﬂ‘usione
3082 3243 3385 3309 decoratus,
3400 3255 3603 3299 teterno

2021 3342 2249 3409 hospitio
2278 3339 2631 3409 conquiescit,
2666 3346 2925 3405 prtestans
2951 3337 3083 3401 sedi,
3114 3352 3271 3406 quam
3300 3337 3412 3405 ipse
3440 3339 3602 3393 bene-

2018 3436 2174 3502 dixit,
2205 3443 2262 3487 ut
2309 3447 2338 3486 a
2383 3432 2549 3502 portis
2594 3430 2749 3484 inferi
2782 3443 3049 3494 nunquam
3095 3442 3194 3497 pro
3224 3428 3435 3483 Domini
3480 3444 3606 3499 pro-

2022 3526 2275 3580 missione
2306 3525 2548 3578 vincatur
2580 3521 2806 3587 (Matth.
2836 3535 2923 3574 va
2947 3519 2991 3590 ),
3029 3520 3378 3589 omniumque
3407 3521 3475 3572 sit
3506 3519 3606 3573 llu-

2022 3618 2313 3677 ttttattlium
2357 3613 2651 3669 tntissitnus
2683 3623 2886 3679 pontus.
2920 3612 2974 3665 In
3000 3624 3107 3679 quo
3133 3609 3221 3675 qui
3257 3611 3602 3679 requieverit,

2026 3715 2177 3768 beata
2205 3723 2258 3767 et
2285 3720 2484 3766 :eterna
2515 3703 2747 3762 statione
2773 3701 3027 3775 gaudebit
3050 3718 3063 3754 :
3087 3702 3178 3770 qui
3209 3715 3339 3755 vero
3364 3712 3608 3754 eontem-

2027 3807 2229 3876 pserit,
2281 3807 2395 3874 ipse
2439 3801 2639 3855 videbit
2667 3801 2841 3868 qualia
2881 3812 3074 3867 genera
3115 3793 3518 3851 excusatiomim
3554 3793 3605 3845 in

2026 3904 2113 3958 die
2144 3899 2401 3954 obtendat
2422 3894 2629 3965 judicii.
2678 3894 2760 3949 Me
2799 3892 2938 3946 enim
2966 3890 3153 3951 credo,
3185 3905 3364 3958 spero,
3395 3884 3608 3940 t-onlitlo

2026 3996 2081 4051 in
2112 3992 2347 4055 Chri~to,
2379 3988 2517 4059 quod
2544 3987 2612 4041 ab
2641 3986 2757 4055 ejus
2798 3985 3020 4039 caritate
3049 3996 3148 4035 nec
3190 3982 3478 4045 tribulatio,
3512 3993 3610 4033 nec

2028 4087 2291 4156 angustia,
2326 4098 2424 4137 nec
2452 4080 2684 4150 gladius,
2713 4092 2809 4132 nec
2848 4075 3173 4145 persecutio,
3206 4087 3303 4126 nec
3350 4072 3476 4135 vita,
3511 4086 3611 4125 nec

2032 4191 2176 4231 tnors
2205 4188 2438 4243 unquam
2471 4171 2663 4238 poterit
2687 4179 2937 4235 separare
2964 4164 3142 4231 (Rom.
3170 4163 3306 4230 vni).
3336 4160 3612 4215 lncumbat

2032 4264 2358 4338 persecutio,
2379 4259 2600 4315 saeviant
2628 4255 2962 4326 leges,militi
2993 4252 3187 4308 Christi
3218 4253 3503 4321 gloriosius
3531 4260 3613 4306 est

2035 4359 2167 4413 mori
2217 4369 2376 4426 quam
2414 4353 2551 4407 vinci
2593 4366 2609 4403 :
2655 4346 2885 4403 fraudari
2933 4345 3272 4415 praesentium
3318 4343 3615 4399 commodis

2037 4452 2231 4508 melius
2259 4462 2416 4518 quam
2446 4458 2633 4500 carere
2659 4442 2869 4495 futuris.

2585 4547 2914 4607 EPISTOLA
2951 4545 3067 4601 XV.

2207 4663 2413 4708 σιειΑειι
2467 4661 2615 4701 ΡΑΡΕ
2654 4660 2720 4698 AD
2775 4653 3048 4696 EPISCOPOS
3087 4649 3432 4692 OBIENTALES.

2038 4764 2187 4832 Quod
2228 4763 2281 4815 ἱη
2322 4749 3228 4832 Acqciiolim-umque“damnatione
3265 4746 3461 4832 synodo
3493 4762 3619 4832 ηοςα

2106 4817 2233 4901 opus
2261 4848 2360 4884 non
2395 4829 2575 4901 fuerit,
2608 4837 2653 4901 et
2690 4817 2830 4901 quod
2859 4817 3513 4901 PetrumhAlexandri-num
3532 4817 3619 4869 ab-

2110 4889 2304 4958 solvere
2347 4889 2570 4952 Aeacius
2585 4889 2858 4949 sine'sedis
2884 4889 3179 4960 apostolica:
3198 4890 3503 4960 auctoritate
3521 4903 3621 4960 non

2105 4974 2342 5040 potuerit.
2378 4970 2507 5022 Tum
2535 4968 2598 5019 de
2650 4964 2892 5035 episcopis
2920 4958 3207 5014 catholicis
3244 4959 3361 5012 sede
3395 4974 3491 5011 sua
3515 4958 3622 5011 sine

2107 5039 2423 5098 discussione
2451 5039 2677 5103 deiectis.

2112 5154 2479 5213 Dilectissimis
2505 5149 2756 5204 fratribus
2781 5144 3045 5199 universis
3083 5141 3349 5211 episcopis
3378 5142 3626 5197 Orienw

2038 5251 2177 5307 libus
2199 5244 2463 5301 Gelasius.

2700 5329 2967 5363 vves;

2118 5433 2132 5464 ¹
2176 5428 2470 5496 Quidergo
2495 5424 2580 5479 isti
2613 5422 2897 5493 prudentes
2922 5417 3040 5484 viri,
3069 5427 3119 5473 et
3141 5423 3340 5486 argutis
3364 5409 3636 5467 mentibus-

2044 5527 2208 5583 totius
2236 5521 2511 5591 religionis
2532 5520 2738 5572 interna
2767 5515 3045 5579 rimantes,
3075 5513 3125 5565 in
3142 5508 3372 5564 Orientis
3387 5504 3627 5575 partibus

2026 5640 2144 5696 Iasii
2172 5636 2421 5706 cpistola,
2460 5632 2562 5689 hoc
2591 5631 2708 5706 ejus
2731 5629 2925 5706 legitur
2968 5613 3630 5706 argumentummzﬂlncipit

2044 5689 2305 5767 Elatiae.
2332 5689 2530 5761 ratione
2552 5689 2813 5759 reddenda
2838 5698 2906 5751 ad
2945 5689 3203 5764 episcopos
3237 5689 3477 5744 Orientis.
