4098 6172
438 304 500 361 9|
1771 293 2041 351 GEI.ASII

2149 295 2284 350 λΡιῈ
2325 295 2343 348 I
3646 296 3714 347 92

433 410 1487 483 constituti,sicognoverunthuiusmodi
1508 424 1792 479 personam
1819 412 1833 442 ¹
1856 411 1905 463 in
1926 414 2037 465 An-
2063 419 2109 478 Α
2140 413 2192 467 in
2219 415 2441 467 istorum
2472 412 2815 467 damnatione
2841 413 2907 468 de
2933 411 3139 483 synodo
3177 427 3283 466 non
3317 412 3447 465 facta
3480 416 3712 477 causari,

436 509 681 563 tiocheua
708 505 941 559 Ecclesia
958 502 1319 567 constitutam,
1334 517 1431 556 cur
1445 503 1889 558 communicando
1901 503 2024 557 tali-

437 599 537 653 bus
564 599 838 667 prtebuere
859 608 1175 648 consensum
1194 592 1217 645 ?
1233 592 1341 647 Cur
1359 609 1465 647 non
1490 594 1632 648 illico
1646 595 2023 661 reclamarunt,

438 704 536 743 cur
582 704 685 741 non
734 702 794 741 se
837 703 864 738 a
920 686 1008 738 tali
1040 685 1287 753 contagio
1330 696 1712 749 removerunt,
1762 702 1883 740 cutn
1918 699 2024 741 tam

442 782 544 853 [aL
606 779 750 850 jam]
814 779 1087 833 evidenter
1157 777 1498 832 adverterent
1557 777 1681 831 ideo
1743 780 2029 833 Calendio-

442 888 563 929 nem
592 873 870 939 depulsum
903 870 1066 939 (anno
1093 870 1221 941 485)
1275 880 1332 924 ut
1383 868 1649 923 luereticis
1704 872 2027 937 panderetur

443 965 742 1020 introitus?
782 962 960 1030 Quare
1009 964 1094 1018 hic
1136 966 1155 995 ’
1203 962 1336 1017 nihil
1403 962 1472 1016 de
1521 976 1579 1016 re
1632 960 1761 1015 nihil
1816 965 1884 1017 de
1926 963 2026 1018 file

441 1056 744 1110 Christiana
795 1095 811 1119 ,
869 1055 999 1109 nihil
1067 1055 1135 1110 de
1208 1071 1557 1123 personarmn
1634 1057 2027 1112 examinatione

446 1155 743 1204 tractarunt
792 1148 816 1201 ’ἒ
864 1149 916 1203 Si
972 1163 1100 1203 vero
1168 1149 1241 1203 illi
1316 1166 1499 1206 eorum
1547 1167 1607 1205 sc
1665 1152 2027 1207 communioni

447 1242 746 1297 voluntarie
779 1240 1169 1308 subdiderunt,
1226 1243 1293 1297 ab
1352 1243 1645 1312 apostolica
1699 1243 1827 1297 sede
1883 1252 2029 1296 certe

447 1332 679 1404 separati
732 1340 876 1397 sunt,
930 1348 1049 1387 cum
1100 1334 1293 1389 talibus
1321 1344 1375 1390 et
1425 1336 1564 1405 apud
1617 1336 1773 1405 tales,
1819 1334 2028 1391 etiamsi

447 1434 594 1481 esset
641 1438 860 1478 necesse
912 1424 1058 1486 ﬁeri,
1095 1426 1233 1479 nulla
1282 1435 1465 1496 posset
1519 1429 1738 1481 omnino
1793 1429 2033 1499 synodus

452 1515 737 1581 provenire
786 1514 937 1580 Quod
960 1515 1002 1567 si
1035 1516 1308 1583 ignorasse
1327 1532 1385 1570 se
1414 1518 1644 1572 dixerint
1671 1519 1843 1587 qualis
1871 1519 1892 1550 ³
1919 1519 2033 1573 An-

452 1604 662 1659 tiochite
689 1603 1213 1672 postCalendionem
1262 1610 1610 1662 successisset
1636 1610 1880 1673 antistes,
1910 1611 2034 1679 quid

453 1698 672 1759 mirum,
702 1696 746 1749 si
774 1697 863 1765 qui
891 1697 944 1750 itt
967 1696 1183 1753 Oriente
1216 1699 1397 1766 positi,
1445 1716 1564 1767 quae
1591 1702 1641 1753 in
1701 1702 1917 1769 regione
1944 1717 2037 1756 sua

2131 525 2254 564 cum
2279 509 2542 562 scianttot
2561 516 2843 576 tantosque
2868 507 3144 574 pontifices
3171 505 3312 558 nulla
3332 504 3537 573 synodo
3551 503 3717 558 fuisse

2130 600 2398 664 depuISos.
2438 598 2493 653 Si
2522 598 2574 652 in
2608 598 2829 652 istorum
2864 597 3155 666 rejectione
3180 597 3248 650 de
3277 612 3382 649 non
3411 596 3542 649 inito
3586 610 3719 650 con-

2129 690 2252 745 cilio
2278 700 2700 757 conquerantur,
2735 696 3059 757 cognoscant
3098 702 3157 741 se
3182 704 3277 741 cur
3312 703 3414 739 non
3448 696 3501 739 et
3533 687 3633 739 hoc
3659 684 3713 738 in

2130 784 2197 837 ali
2240 799 2354 835 rum
2387 782 2671 850 rejectione
2712 779 3075 849 quaesiverint,
3124 778 3384 832 accusari.
3415 778 3469 830 Si
3504 792 3636 829 vero
3661 775 3717 829 in

2130 886 2443 929 eteterorum
2476 873 2765 940 rejeCtione
2782 871 3005 925 concilia
3030 868 3452 923 necessarianon
3478 865 3716 929 fuerunt,

2131 984 2228 1021 nec
2254 968 2305 1019 in
2336 966 2451 1019 istis
2479 964 2778 1018 necessaria
2828 961 2989 1016 fu'sse
3028 968 3377 1028 cognoscant.
3434 960 3514 1011 An
3548 957 3601 1010 in
3630 972 3720 1007 ca-

2132 1060 2453 1114 tholictirum
2481 1055 2780 1125 dejemione
2810 1069 2914 1107 non
2973 1052 3064 1106 fuit
3092 1066 3246 1119 opus,
3273 1058 3329 1103 et
3358 1048 3455 1103 fuit
3500 1062 3720 1114 magno-

2134 1165 2261 1218 pere
2322 1146 2691 1215 congreganda
2766 1146 2816 1197 in
2885 1141 3310 1212 praevaricatoris
3376 1138 3721 1193 damnatione

2134 1240 2366 1296 confessi
2397 1238 2577 1305 ?Quid
2612 1237 2768 1305 igitur
2790 1245 2978 1299 reSIat,
3012 1233 3113 1287 nisi
3152 1241 3207 1285 ut
3227 1232 3407 1285 dicant
3435 1229 3722 1283 hazreticos

2134 1346 2239 1385 non
2268 1329 2431 1384 fuisse
2457 1329 2480 1380 ?
2524 1328 2638 1382 Non
2664 1340 2791 1394 ergo
2831 1325 2898 1379 de
2926 1322 3132 1395 synodo
3175 1328 3593 1389 conquerantur,
3627 1318 3719 1385 qui

2134 1438 2193 1477 se
2218 1422 2390 1489 palam
2426 1416 2821 1474 communionis
2860 1423 3097 1469 externa:
3133 1409 3225 1482 [αι.
3269 1408 3555 1479 lnereticze]
3601 1422 3721 1476 per-

2139 1513 2322 1566 hibent
2348 1519 2661 1566 sectatores.
2696 1510 2714 1540 ⁷
2748 1508 2853 1562 Cur
2881 1506 3022 1559 enim
3052 1504 3131 1558 eis
3153 1503 3389 1564 synodus
3419 1500 3723 1554 necessaria

2141 1603 2308 1657 fuisse
2330 1601 2593 1667 videatur,
2621 1598 2708 1668 qui
2732 1614 2791 1652 se
2814 1606 2999 1651 contra
3030 1592 3522 1649 Chalcedonensem
3556 1606 3720 1660 syno-

2141 1698 2265 1747 dum
2297 1694 2479 1748 venire
2504 1698 2853 1761 cognoscunt,
2878 1704 2978 1757 qua
3016 1685 3377 1755 Eutychianus
3404 1697 3558 1737 error
3594 1695 3720 1734 cum

452 1788 775 1857 contigerint
814 1787 953 1843 scire
984 1790 1355 1858 nequiverunt,
1384 1805 1444 1844 ea
1486 1807 1605 1860 qua:
1634 1792 1770 1859 apttd
1819 1803 2032 1859 aposto-
2069 1796 2111 1852 Β
2139 1788 2159 1817 ⁸
2191 1785 2499 1838 auctoribus
2527 1781 2761 1851 generali
2816 1777 3073 1834 Ecclesia:
3123 1789 3255 1828 voce
3296 1774 3579 1827 damnatus
3605 1773 3727 1823 est?

456 1882 612 1935 licam
649 1880 831 1934 sedem
866 1892 1014 1950 gesta
1052 1882 1262 1935 fuerant
1317 1884 1658 1951 ignorari-nt?
1702 1882 1806 1937 Cur
1839 1894 2039 1951 tamen,

454 1980 799 2040 po~teaquam
827 1972 891 2023 ad
933 1987 1117 2025 eorum
1148 1973 1387 2026 notitiam
1420 1974 1659 2041 pervenit
1708 1974 1878 2043 qualis
1898 1981 2042 2027 essiet

457 2061 710 2114 sacerdos
737 2060 878 2127 apud
908 2061 1237 2115 Antiochiam
1267 2064 1612 2129 couSIitutus,
1638 2080 1743 2117 non
1764 2064 1880 2132 ejus
1907 2078 2040 2117 con-

455 2153 615 2204 SOI‘IIJ
648 2153 901 2205 continuo
933 2163 1251 2220 reSpu'erunt
1282 2154 1303 2205 ?
1359 2155 1493 2218 Quid
1546 2156 1945 2209 excusationem
1976 2156 2042 2210 de

457 2241 773 2307 ignorantiae
800 2242 985 2296 colore
1011 2245 1369 2310 prmtcndunt,
1403 2259 1523 2297 cum
1556 2244 1820 2313 hodieque
1842 2255 1893 2299 et
1925 2261 2040 2298 ma-

457 2331 703 2385 ui'estata
748 2334 992 2398 contagia
1042 2334 1408 2399 perfidorum,
1466 2347 1518 2387 et
1557 2350 1584 2387 a
1643 2336 1796 2390 nobis
1847 2336 2043 2404 saepius

456 2426 777 2491 exprobrata
814 2428 1132 2479 si-ctentur?
1182 2427 1298 2491 Quo
1348 2429 1477 2480 satis
1505 2441 1762 2497 apparet,
1811 2430 1930 2497 quia
1976 2445 2044 2484 ne

459 2523 583 2568 lttnc
612 2514 824 2581 quidem
853 2515 1062 2569 etiamsi
1088 2528 1471 2585 cognoscerent
1495 2518 1806 2583 refutareut,
1833 2522 2045 2589 quando

460 2618 601 2657 nunc
622 2605 779 2658 etiam
810 2604 1073 2673 publicata
1106 2622 1208 2659 non
1242 2618 1491 2662 renuunt.
1523 2609 1753 2664 Prorsus
1777 2612 1826 2665 in
1858 2629 2044 2681 quam-

459 2696 589 2749 libet
627 2710 685 2749 se
713 2704 917 2763 partem
961 2699 1431 2767 causationemque
1481 2695 1573 2771 [αι.
1608 2704 2038 2757 emusationetn-

458 2783 583 2855 que]
607 2795 937 2851 convertant,
967 2787 1265 2843 manifesta:
1292 2792 1531 2844 veritatis
1564 2792 1633 2844 ita
1659 2792 1861 2862 laqueis
1882 2794 2047 2848 suffo-

458 2888 670 2943 cantur,
695 2886 752 2932 ut
777 2878 886 2933 suis
916 2880 1012 2948 ipsi
1044 2882 1218 2935 verbis
1246 2883 1455 2950 possint
1482 2883 1797 2954 actibusque
1817 2890 2043 2942 conclu-

461 2972 538 3037 di,
566 2987 663 3025 nec
691 2972 792 3026 nisi
825 2971 993 3026 solam
1029 2973 1321 3043 perniciem
1367 2977 1649 3031 obstinate
1700 2979 1935 3047 perfidia:
1962 2994 2045 3033 re-

461 3062 665 3118 siduam
695 3064 974 3119 ventilare.
1021 3066 1147 3119 lIa-c
1191 3074 1391 3131 autem,
1448 3083 1567 3135 qua:
1608 3067 1675 3122 de
1719 3070 2045 3125 Calendioue

2145 1876 2252 1929 Nec
2272 1874 2490 1927 dubium
2522 1871 2660 1940 quod
2709 1870 2849 1923 sicut
2890 1867 2943 1920 in
2994 1878 3309 1934 unaquaque
3342 1862 3554 1927 haeresi,
3585 1860 3725 1929 quod

2144 1961 2533 2017 iucessabiliter
2588 1958 2936 2027 repetendum
2991 1963 3113 2018 cst,
3162 1955 3286 2022 quia
3341 1954 3549 2005 firmum
3606 1965 3730 2005 esse

2145 2056 2322 2108 nullus
2362 2052 2586 2121 ambigit
2623 2052 2990 2109 Christianus,
3045 2061 3236 2100 omnes
3261 2044 3588 2112 complices,
3648 2060 3731 2092 se.-

2143 2159 2400 2207 ctatores,
2434 2141 2916 2196 communicatores
2956 2138 3219 2190 damnatae
3250 2134 3415 2188 semel
3452 2132 3731 2198 pravitatis

2145 2240 2257 2309 pari
2294 2247 2438 2289 sorte
2464 2241 2770 2287 censentur.
2807 2231 3038 2296 Ideoque
3069 2229 3125 2280 fit
3170 2240 3528 2293 consequens,
3560 2234 3613 2276 ιιι
3647 2223 3727 2276 si-

2144 2339 2231 2385 cut
2272 2329 2587 2383 Timotheus
2616 2334 2776 2394 atqtte
2806 2325 2995 2379 Petrus
3054 2324 3234 2375 talium
3291 2327 3608 2380 sectatores,
3639 2329 3731 2368 sc-

2145 2420 2374 2476 cundum
2429 2419 2569 2471 illius
2614 2427 2854 2471 tenorem
2897 2413 3109 2483 synodi,
3153 2411 3294 2463 nulla
3347 2408 3551 2463 recenti
3598 2406 3735 2459 facta

2146 2515 2464 2585 pontificum
2497 2510 2907 2579 congregatione
2930 2507 3166 2561 damnati
3196 2513 3321 2559 sunt
3349 2521 3363 2557 :
3423 2504 3501 2557 sic
3533 2512 3584 2555 et
3640 2500 3735 2569 qui

2146 2608 2304 2663 Petro
2334 2603 2752 2660 communicat-it
2792 2601 3039 2664 Aeacius,
3083 2608 3139 2652 ut
3164 2597 3405 2651 criminis
3447 2594 3735 2662 particeps,

2147 2700 2217 2755 ita
2253 2712 2476 2752 consors
2505 2698 2574 2749 sit
2613 2694 2780 2748 factus
2816 2702 2869 2746 et
2920 2706 3110 2760 ptente.
3159 2689 3293 2756 Quid
3351 2688 3511 2757 igitur
3556 2684 3737 2738 amba-

2146 2790 2296 2859 gibus
2342 2799 2396 2842 et
2446 2786 2653 2841 nebulis
2710 2790 2807 2837 ista
2860 2788 3198 2851 prtetexuut,
3248 2790 3305 2833 ut
3351 2776 3735 2845 impudentiam

2146 2895 2321 2944 suam,
2361 2888 2700 2943 mentemque
2740 2888 2988 2927 vesanam
3038 2872 3286 2925 inanibus
3328 2869 3505 2939 potius
3542 2866 3738 2922 fabulis

2146 2974 2167 3005 ³
2208 2973 2387 3024 velare
2439 2967 2725 3028 lethaliter,
2772 2980 2929 3033 qttam
3004 2962 3279 3029 prodendo
3351 2957 3737 3015 medicinalitcr

2147 3076 2338 3115 sanare
2364 3059 2690 3115 contendant
2719 3057 2741 3108 ?
2772 3057 2910 3110 Nihil
2940 3055 3081 3109 enim
3114 3054 3267 3108 nobis
3294 3067 3578 3107 commune
3613 3064 3735 3103 cum

462 3155 754 3210 venerabili
786 3155 924 3210 dicta
956 3168 1098 3220 sunt,
1130 3167 1184 3211 et
1212 3160 1260 3212 in
1292 3159 1514 3213 Joannis
1542 3159 1887 3215 Alexandrini
1916 3176 2045 3215 cou-
2073 3153 2116 3213 C
2152 3150 2461 3204 hominibus
2502 3146 2893 3203 «ommtmionis
2943 3156 3200 3199 externae.
3252 3141 3375 3196 Ideo
3419 3148 3639 3194 vocatur
3667 3141 3736 3191 ad

463 3245 681 3300 veniunt
707 3256 852 3301 ccta
882 3248 1087 3301 ratione
1117 3263 1417 3316 personam.
1450 3248 1582 3316 lmo,
1607 3250 1652 3303 si
1676 3265 1836 3305 causa
1858 3250 2044 3305 eadem

466 3336 624 3390 latius
655 3337 969 3407 inquiratur,
1009 3348 1171 3393 tanta:
1204 3340 1312 3394 illic
1368 3340 1659 3409 tragoedia»,
1712 3344 1842 3395 tanti
1895 3358 2050 3410 repe-

466 3426 676 3479 riuntur
702 3440 937 3487 errores,
980 3436 1035 3479 ut
1088 3427 1132 3481 si
1182 3428 1282 3495 ipsi
1311 3429 1416 3482 sint
1465 3430 1678 3494 judices
1728 3433 1815 3498 qui
1862 3433 2048 3486 eadem

466 3522 860 3583 perpetrarunt,
891 3530 1010 3570 cum
1033 3518 1308 3572 evidenter
1353 3520 1552 3574 fui-rint
1594 3522 1874 3587 confutati,
1907 3540 1937 3577 a
1969 3524 2051 3578 sui

467 3604 808 3659 damnatione
840 3621 943 3660 non
984 3618 1301 3675 temperent.
1365 3611 1545 3664 Palam
1573 3613 1715 3666 enim
1750 3614 1855 3667 illic
1897 3630 2051 3679 aper-

470 3707 627 3766 teque
656 3705 999 3762 monstratur,
1051 3698 1179 3753 nihil
1230 3701 1370 3755 aliud
1404 3718 1562 3771 quam
1605 3707 1883 3772 qumsitam
1928 3722 2052 3760 cau-

467 3802 606 3853 sam,
636 3787 1108 3856 quemadmodum,
1136 3790 1401 3846 eatho‘ico
1426 3795 1779 3864 qualicunque
1833 3797 2055 3862 depulso

471 3878 745 3945 pontiﬁce,
779 3878 1031 3933 literetiro
1060 3881 1217 3936 Petro
1242 3893 1573 3938 reseraretur
1608 3902 1874 3941 accessus.
1908 3889 2056 3943 Tunc

472 3969 612 4023 istud
669 3985 828 4025 nemo
873 3970 1216 4037 discutiebat,
1263 3975 1525 4044 synodum
1571 3992 1729 4030 nemo
1782 3981 2053 4044 posceb-t,

472 4062 668 4131 passim
691 4064 866 4118 omnia
899 4064 1045 4119 licito
1070 4065 1185 4119 fieri
1212 4081 1240 4118 a
1267 4067 1671 4138 quibo—cunque
1700 4069 2016 4125 videbantur
2041 4090 2053 4123 :

472 4152 676 4207 nullum
718 4154 1006 4210 discrimen
1038 4173 1237 4222 rerum,
1266 4160 1406 4213 nulla
1448 4163 1775 4217 examinatio
1825 4165 2058 4230 postula-

472 4246 629 4300 batur
658 4246 939 4312 Ecclesim;
985 4250 1079 4302 sed
1111 4260 1265 4316 prout
1291 4252 1356 4305 de
1392 4268 1712 4323 unoquoque
1742 4256 1973 4309 venisset
2007 4257 2057 4308 in

475 4346 730 4401 tuentem,
771 4338 839 4393 de
880 4340 992 4392 suis
1022 4341 1243 4394 urbibus
1271 4344 1569 4399 catholicus
1621 4347 1914 4414 pellebatur
1949 4347 2059 4416 cpi-

476 4442 694 4495 scopus,
733 4442 838 4481 non
872 4430 1043 4482 solum
1088 4434 1549 4499 metrOpolitanus,
1578 4436 1671 4489 sed
1703 4439 1860 4491 etiam
1893 4441 2061 4492 tertize

2150 3242 2406 3312 judicium
2435 3251 2583 3295 certe
2611 3250 2945 3309 quaecunque
2993 3248 3242 3302 persona,
3295 3240 3472 3287 utaut
3510 3231 3738 3283 fateatur

2154 3334 2385 3401 objecta,
2417 3339 2507 3383 aut
2534 3329 2880 3383 convincatur
2904 3325 3149 3394 objectis.
3181 3323 3310 3376 Post
3343 3322 3737 3375 confessionem

2156 3437 2315 3493 porro
2342 3422 2635 3474 litterarum
2686 3426 2873 3471 tenore
2923 3416 3291 3483 depromptam
3343 3427 3438 3465 cur
3480 3410 3545 3463 ad
3594 3410 3739 3476 judi-

2154 3518 2293 3570 cium
2326 3523 2607 3566 vocaretnr
2638 3511 2886 3572 Aeacius,
2912 3508 2999 3575 qui
3037 3521 3096 3561 se
3149 3506 3428 3560 confessus
3455 3514 3530 3557 cci
3558 3502 3737 3563 Petro,

2157 3623 2312 3668 quem
2346 3607 2507 3675 petita
2534 3606 2677 3659 sedis
2704 3603 3013 3672 apostolicae
3050 3600 3409 3669 princeptionc
3438 3598 3740 3660 damnarat,

2158 3699 2533 3752 rotutnnuione
2586 3695 2859 3749 sociasse:
2911 3708 3009 3747 nec
3054 3691 3103 3745 ei
3152 3691 3297 3746 credi
3340 3691 3449 3757 jam
3507 3699 3745 3743 externa:

2158 3789 2549 3843 communionis
2573 3786 2785 3849 effecto,
2830 3785 2915 3838 vel
2939 3800 3035 3853 pro
3064 3800 3194 3847 sua,
3238 3784 3321 3837 vel
3358 3798 3451 3849 pro
3503 3781 3742 3840 illorum,

2160 3882 2240 3933 vel
2281 3896 2374 3947 pro
2425 3881 2568 3933 l’etri
2629 3878 2943 3932 defensione
2977 3878 3085 3944 jam
3140 3884 3341 3944 posset,
3374 3875 3456 3929 cui
3484 3889 3543 3927 se
3595 3873 3743 3941 prius

2164 3976 2453 4028 miscuerat
2481 3971 2710 4026 nefando
2732 3971 3032 4031 consortio,
3060 3969 3361 4031 feceratque
3385 3982 3445 4020 se
3472 3981 3594 4020 cum
3625 3968 3744 4031 ejus

2161 4082 2320 4121 eausa
2349 4066 2466 4119 sine
2486 4064 2818 4119 dubitatione
2843 4076 3184 4116 communem
3208 4060 3230 4112 ?
3281 4060 3321 4090 ¹⁰
3349 4057 3443 4111 Cui
3472 4059 3747 4111 examina-

2165 4160 2309 4212 tione
2336 4154 2971 4226 prtemissa,etlegitima
3022 4153 3063 4205 si
3098 4152 3169 4204 ita
3230 4160 3373 4206 esset
3424 4150 3747 4217 purgatione

2161 4259 2438 4321 suscepto,
2492 4249 2812 4320 regulariter
2859 4248 3199 4301 misceretur.
3247 4245 3353 4300 Sed
3384 4258 3502 4297 cum
3557 4242 3745 4296 eodem

2166 4345 2400 4398 nondum
2460 4342 2697 4411 legitime
2734 4339 2978 4393 discusso
3031 4348 3190 4404 atque
3237 4346 3461 4405 purgato
3502 4348 3747 4387 commu-

2167 4437 2325 4489 uioue
2352 4435 2605 4501 snciatus,
2639 4446 2796 4501 quam
2828 4430 3001 4484 adhuc
3025 4444 3117 4481 reo
3146 4443 3204 4482 se
3248 4428 3481 4489 miscuit,
3520 4433 3628 4478 tant
3653 4440 3748 4490 pro

475 4530 530 4572 et
563 4519 810 4573 secundae
850 4520 993 4575 sedis
1021 4523 1242 4577 antistes
1274 4523 1314 4577 ⁸.
1350 4526 1404 4578 In
1455 4528 1536 4579 his
1558 4529 1700 4581 nulla
1754 4546 1927 4583 rerum
1974 4546 2062 4583 ve-
2092 4523 2141 4583 D
2167 4528 2352 4582 eodem
2382 4542 2487 4579 non
2518 4526 2701 4579 habuit
2724 4523 2976 4590 loquendi
3010 4522 3271 4575 fiduciam.
3303 4520 3434 4572 Nam
3464 4533 3587 4572 cum
3615 4520 3750 4571 Aca-

479 4611 698 4679 stigatio
739 4615 1110 4679 quierebatur,
1161 4616 1303 4669 nulla
1356 4619 1593 4674 facienda
1631 4624 1857 4676 concilia
1899 4624 2063 4689 jacta-

484 4703 746 4756 bantur."
791 4703 1162 4773 Subrogantur
1207 4706 1463 4772 haeretici,
1519 4725 1676 4762 nemo
1728 4711 2062 4766 resultabat:

482 4793 577 4849 sed
609 4793 750 4847 velut
778 4801 921 4847 muta
946 4809 1134 4863 pecora
1168 4796 1218 4850 in
1266 4799 1567 4865 captionem
1612 4800 1788 4863 ducta,
1840 4802 2067 4855 subditis

485 4885 848 4940 voluntatibus
879 4887 1150 4955 perfidiam
1183 4890 1547 4945 sectabantur.
1591 4892 1703 4947 Non
1738 4895 1929 4947 mirum
1953 4894 2069 4963 qui-

484 4977 632 5040 dem,
654 4977 697 5031 si
724 4993 862 5031 nunc
878 4994 972 5034 eos
996 4981 1288 5035 defendere
1342 4982 1649 5048 moliantur,
1681 5000 1905 5053 quorum
1930 4984 2069 5038 indi-

488 5084 729 5123 scussam
782 5071 940 5124 czecis
990 5072 1093 5144 [αι.
1147 5072 1527 5144 schismaticis]
1574 5076 1842 5129 mentibus
1898 5074 2063 5128 secuti

488 5170 615 5217 sunt
637 5161 657 5192 °
689 5162 989 5217 utilitatem.
1013 5162 1118 5219 Sed
1144 5166 1400 5219 miramur
1454 5179 1549 5219 cur
1577 5182 1671 5221 eos
1720 5182 1826 5220 non
1875 5167 2068 5235 pudeat

565 5317 580 5349 '
624 5317 872 5379 Intelligit
903 5318 1118 5372 Petrum
1151 5319 1465 5386 Cnapheum
1501 5319 1611 5373 sive
1661 5322 1960 5374 Fullonem.

567 5388 586 5417 ³
609 5387 756 5460 tiod.
798 5388 1017 5460 Veron.,
1050 5388 1179 5441 nihil
1210 5390 1272 5443 de
1303 5406 1375 5452 re,
1410 5389 1539 5443 nihil
1590 5392 1651 5443 tle
1677 5394 1893 5460 synodo,
1948 5392 2076 5445 nihil

497 5460 561 5513 de
585 5458 684 5523 ﬁde
712 5457 1020 5511 Christiana.

570 5529 591 5607 ξ
630 5528 887 5610 Id._cod.,
928 5530 1065 5594 apud
1091 5529 1550 5610 ᾼΙιιῑὲιζςΙιξαηι-ροιι
1584 5530 1975 5610 Kalendionrnt.
2006 5545 2073 5610 tu

500 5599 694 5671 ubique
709 5599 767 5671 in
791 5598 977 5671 eodem
1022 5600 1204 5650 codice
1232 5598 1524 5671 Kalcndion
1555 5603 1807 5655 scribitur
1837 5618 1957 5655 cum
2004 5602 2070 5656 Κ.

575 5667 593 5697 ⁸
631 5668 1274 5725 Caleudiii'Autiochenus
1297 5682 1348 5725 et
1381 5670 1614 5726 Joannes
1646 5672 1822 5726 Talaia
1852 5676 2073 5727 Alexan-

499 5738 704 5793 dtiuus.
747 5740 1006 5793 Issaeos.

2168 4620 2282 4672 eius
2348 4617 2497 4670 nullo
2572 4615 2851 4682 privilegio
2902 4613 3219 4676 fulciretur,
3271 4619 3328 4664 ttt
3393 4610 3460 4663 de
3515 4608 3749 4663 secunda

2169 4707 2572 4780 (Alexandrina)
2596 4706 2723 4760 sede
2751 4714 2933 4774 posset
2960 4703 3098 4758 ferre
3121 4704 3400 4772 judicium,
3440 4701 3478 4731 ¹¹
3513 4716 3619 4753 non
3651 4714 3751 4768 po-

2171 4803 2270 4855 tuit
2291 4801 2411 4869 jure
2441 4812 2763 4868 quemquam
2794 4797 3071 4850 damnare.
3103 4794 3273 4850 Simili
3307 4792 3487 4858 modo,
3519 4790 3617 4845 nisi
3648 4807 3753 4858 prt-

2171 4910 2273 4947 mrc
2302 4890 2600 4959 (Romanae)
2632 4890 2776 4943 sedis
2824 4888 3139 4942 auctoritate
3169 4894 3440 4953 percepta,
3485 4899 3585 4938 nec
3624 4897 3755 4936 exa-

2173 4983 2407 5041 minandi
2442 4982 2585 5036 Petri
2610 4981 2699 5048 jus
2722 4980 2928 5044 habuit,
2962 4994 3058 5034 nec
3096 4977 3387 5047 recipiendi
3413 4974 3621 5043 penitus
3659 4988 3748 5040 po-

2177 5086 2440 5130 testatem.
2464 5073 2579 5139 Otto
2606 5072 2929 5138 regulariter
2962 5071 3277 5133 constituto,
3322 5084 3421 5121 nec
3466 5068 3601 5134 apud
3660 5079 3756 5118 nos

2178 5168 2336 5223 Petro
2367 5167 2636 5220 ullatenus
2664 5163 2930 5227 absoluto,
2961 5178 3118 5232 quem
3147 5162 3431 5215 damnasse
3460 5172 3557 5212 nos
3606 5156 3757 5210 ttovi~

2256 5323 2276 5351 ³
2319 5323 2393 5374 Id.
2419 5321 2566 5383 τιθείη
2600 5319 3023 5392 subrogabantur.

2258 5392 2277 5421 ⁶
2316 5393 2391 5445 Id.
2422 5393 2568 5453 βοά..
2599 5391 2860 5442 ili/itam».

2254 5463 2274 5491 ⁷
2319 5463 2390 5513 ItI.
2434 5461 2580 5521 (‘Ot|.,
2608 5462 2709 5513 Car
2737 5475 2877 5516 ωηο.

2257 5532 2276 5561 ⁸
2321 5532 2394 5583 Id.
2425 5532 2571 5594 eod"
2598 5547 2710 5580 rum
2741 5529 2846 5581 suis
2886 5529 3176 5582 auctoribus
3207 5530 3456 5598 generalis

2258 5604 2276 5633 ⁹
2321 5601 2396 5653 Id.
2423 5602 2566 5659 etnl.,
2594 5601 2775 5651 (clare.

2264 5674 2301 5700 "
2344 5671 2416 5724 Id.
2446 5670 2564 5722 rod.
2592 5710 2605 5733 ,
2648 5670 2757 5732 Qua
2788 5686 2850 5721 ex
2886 5669 3174 5719 minutione.

2261 5744 2296 5773 ”
2340 5742 2415 5798 Id.
2457 5741 2603 5805 cod.,
2628 5742 2919 5807 potuiljure
2942 5741 3203 5791 damnare.
