4098 6172
494 280 562 335 95
1808 264 2079 321 causa
2114 264 2319 319 eam
2356 264 2376 317 ι
3689 264 3761 319 9ου,

492 404 677 460 terque
721 388 975 459 probasse
1026 384 1389 451 retinendum,
1437 382 1579 452 quod
1626 377 2070 435 communionem
2100 380 2147 438 Α
2181 389 2276 443 pro
2308 374 2590 428 mundanae
2620 373 2874 442 polentia:
2893 371 3190 436 voluntate,
3222 371 3392 427 sacris
3414 370 3763 442 dignitatibus

492 484 806 537 catholicam
838 490 1195 547 reservantes,
1238 489 1293 533 et
1337 491 1431 533 eos
1460 476 1549 545 qui
1586 474 1902 544 apostolica:
1948 470 2069 526 sedi

490 572 822 626 communica
832 581 969 637 rent,
982 572 1191 639 elegere
1202 576 1497 633 consortes;
1512 575 1567 622 et
1578 566 1696 622 illos
1707 564 1899 636 quibus
1910 564 2067 618 sedes

492 663 785 731 apostolica
810 662 827 693 ί
858 663 1169 716 decreverat
1198 659 1417 713 minime
1442 658 1840 736 communicare
1858 698 1873 721 ,
1900 672 2069 726 usque

493 753 562 807 ad
596 751 986 822 persecutionis
1006 750 1252 805 incursus
1280 752 1301 781 ²
1341 764 1566 805 renuere
1586 759 1885 803 consortes.
1911 750 2069 801 Certe

489 859 609 913 qna:
639 843 794 897 sedes
824 841 1115 911 apostolica
1157 841 1500 904 decreverat,
1547 840 1909 896 Orientalibus
1948 840 2067 908 epi-

463 922 666 1003 scopis
688 947 793 986 non
826 933 1127 987 innotuisse
1163 932 1411 1000 iactatur.
1440 931 1591 999 Unde
1617 946 1744 997 ergo
1787 938 1866 983 tot
1909 930 2069 983 tanti-

491 1040 598 1094 que
645 1026 927 1093 pontilices
971 1038 1135 1077 unum
1186 1022 1433 1092 idemque
1456 1037 1576 1076 cum
1608 1021 1736 1076 sede
1777 1021 2070 1090 apostolica

491 1115 785 1169 sentientes
806 1158 820 1181 ,
872 1127 1100 1183 eamque
1126 1113 1415 1182 probantes
1443 1122 1564 1182 apta
1612 1111 1851 1182 religioni
1883 1127 2069 1166 sacro-

491 1216 691 1262 sanctre
735 1220 968 1275 veraque
1004 1207 1281 1269 sanxisse,
1312 1220 1431 1275 qua:
1462 1220 1566 1258 non
1592 1204 1766 1259 solum
1792 1206 2065 1275 sequenda

491 1297 592 1350 sibi
635 1298 656 1328 ³
687 1297 1097 1366 judicaverunt,
1128 1296 1219 1351 sed
1248 1295 1408 1351 etiam
1436 1310 1604 1365 usque
1634 1297 1701 1351 ad
1733 1300 2067 1363 persecutio-

454 1450 463 1457 .
493 1404 615 1442 nem
671 1388 898 1442 viriliter
944 1388 1211 1442 exerenda
1243 1387 1349 1459 [αι.
1380 1386 1777 1459 exsecranda]?
1805 1388 1946 1445 Ecce
1978 1390 2071 1443 ha-

493 1483 685 1536 buistis
712 1482 801 1551 qui
833 1482 1142 1551 apostolicae
1173 1483 1571 1537 constitutionis
1590 1525 1604 1549 ,
1639 1491 1694 1539 et
1718 1483 1956 1538 notitiam
1982 1499 2072 1540 vo-

494 1573 576 1627 bis
606 1574 930 1640 ingererent,
952 1582 1005 1626 et
1026 1574 1291 1629 retinendi
1308 1576 1660 1629 constantiam
1680 1575 2066 1643 ministrarent,

493 1664 538 1716 si
577 1663 864 1731 apostolica
908 1664 1067 1719 sedes
1109 1665 1371 1731 misisset,
1405 1666 1491 1719 vix
1520 1667 1655 1721 duos
1681 1676 1773 1721 aut
1802 1678 1910 1722 tres
1936 1669 2068 1722 diri-

2178 465 2540 534 privari-ntur.
2573 466 2646 518 Ex
2679 464 2820 518 nulla
2852 462 3019 516 veteri
3050 478 3234 527 causa,
3259 479 3323 519 ex
3357 465 3504 517 nullo
3534 465 3762 533 collegio

2175 566 2389 617 reatus,
2443 571 2543 609 nec
2592 556 2873 624 participio
2918 554 3206 621 ciijuslibct
3247 556 3447 609 erroris
3482 556 3592 623 jam
3634 568 3763 612 ante

2175 644 2453 710 damnati,
2490 645 2660 700 teneri
2706 662 2799 700 eos
2837 645 3151 712 convicique
3184 656 3498 710 consortes,
3545 656 3600 699 ut
3646 656 3761 700 tan-

2174 751 2331 800 quam
2364 753 2425 792 et
2463 740 2727 805 praeterita
2755 736 3065 791 definitione
3090 736 3464 805 iudicarentur
3491 737 3758 793 obstricti.
3826 730 3833 760 "

2175 828 2246 883 Et
2280 831 2430 891 ideo.
2464 831 2586 900 quia
2626 830 2789 883 nullis
2819 841 2941 884 ante
2973 829 3401 897 pra‘cedentibus
3430 831 3605 885 causis
3630 832 3652 859 ⁸
3677 848 3761 885 re-

2175 925 2302 978 tenli
2334 933 2541 987 essent,
2572 940 2667 979 cur
2688 925 3031 994 eicerentur,
3051 922 3297 977 incursus
3325 925 3413 993 qui
3445 923 3521 978 illi
3551 937 3757 990 essent,

2174 1015 2374 1071 debere
2404 1018 2689 1071 monstrari
2708 1058 2723 1084 ,
2751 1025 2805 1070 ct
2844 1016 3223 1071 ecclesiasticis
3254 1016 3492 1086 legibus,
3519 1026 3579 1071 ut
3619 1033 3759 1071 sem-

2176 1124 2301 1177 per,
2348 1120 2601 1178 oportere
2642 1118 2916 1165 constare.
2949 1110 3151 1165 Saltem
3179 1109 3263 1165 vel
3290 1124 3388 1179 pro
3412 1122 3595 1164 vestro
3642 1112 3760 1165 loro

2173 1202 2385 1256 illorum
2415 1202 2684 1259 duceretis
2716 1202 2947 1256 miseriis
2970 1202 3379 1270 consulendum,
3409 1202 3760 1258 formidantes

2173 1293 2226 1348 in
2257 1294 2407 1349 vobis
2436 1294 2575 1365 quod
2605 1295 2655 1348 in
2684 1294 2805 1350 aliis
2831 1295 3126 1349 cerneretis
3146 1302 3341 1359 praeter
3361 1295 3524 1347 ullum
3550 1310 3757 1349 morem

2174 1387 2437 1442 violenter
2464 1388 2692 1440 admitti.
2725 1387 2779 1441 Si
2817 1387 3041 1440 crimine
3073 1387 3308 1455 respersi
3351 1398 3506 1441 erant
3553 1388 3758 1457 aliquo,

2174 1483 2535 1536 ecclesiastica
2562 1482 2746 1536 debuit
2771 1480 3163 1535 etaminatione
3181 1480 3453 1549 cognosci.
3480 1482 3502 1514 ’
3527 1480 3759 1534 Taceam

2174 1581 2229 1626 et
2250 1572 2314 1624 ad
2342 1573 2525 1628 sedem
2558 1572 2906 1640 apostolicam
2934 1587 2999 1626 ex
3032 1585 3182 1627 more
3211 1570 3442 1635 deferri,
3478 1587 3545 1625 ne
3577 1583 3758 1626 nostra

2179 1665 2456 1734 privilegia
2502 1680 2693 1720 curare
2725 1666 3024 1718 videamur.
3051 1664 3193 1719 Satis
3219 1664 3290 1717 sit
3313 1662 3600 1718 ostendere
3629 1663 3757 1732 quid

493 1772 619 1826 gere
651 1768 912 1825 ροιηει-ειι,
947 1757 1085 1813 Ecce
1112 1767 1188 1813 ιοι
1223 1760 1533 1828 pontiﬁces,
1575 1760 1882 1827 apostolica:
1927 1760 2070 1816 sedis
2103 1750 2148 1809 Β
2175 1755 2468 1809 secundum
2502 1756 2713 1823 regulas
2752 1764 2807 1808 et
2832 1755 3046 1809 Patrum
3077 1768 3313 1808 canones
3363 1756 3540 1809 facere
3587 1754 3756 1808 debe-

494 1849 625 1902 scita
647 1858 911 1903 sectantes
932 1892 945 1914 ,
984 1850 1232 1917 ingerunt
1265 1850 1419 1905 vobis
1446 1852 1687 1905 notitiam
1706 1892 1719 1914 ,
1752 1864 1799 1905 et
1829 1852 2069 1921 praebent

498 1939 775 1991 servandis
804 1941 1042 1993 veritatis
1071 1942 1338 2009 exempla.
1370 1940 1468 2007 Qui
1508 1954 1692 1997 contra
1724 1952 1896 1998 tantos
1924 1944 2072 1998 clau-

495 2028 642 2082 sistis
667 2029 851 2083 oculos
892 2030 1087 2084 ibidem
1129 2033 1483 2094 constitutos,
1527 2034 1795 2101 quomodo
1823 2035 1956 2089 duos
1987 2038 2067 2090 vel

495 2126 605 2171 tres
627 2117 814 2174 audire
842 2120 1102 2187 possetis?
1130 2121 1243 2176 lloc
1271 2121 1387 2191 ipso
1408 2123 1528 2178 sine
1555 2125 1718 2179 dubio
1746 2127 2071 2194 cognovistis

496 2208 617 2261 illos
662 2212 972 2276 apostolica}
1015 2212 1129 2266 sedi
1161 2213 1403 2281 placere,
1454 2217 1597 2283 qttod
1644 2231 1742 2271 vos
1784 2218 2072 2285 displicere

495 2298 775 2353 ‘tidebatis.
805 2300 912 2354 Aut
940 2300 1058 2356 illos
1081 2317 1208 2369 ergo
1236 2304 1550 2371 sectamini,
1584 2319 1678 2374 per
1704 2321 1840 2374 quos
1870 2308 2071 2363 intelli-

502 2390 709 2457 gebatis
760 2391 906 2446 sedis
950 2394 1256 2459 apostolica:
1298 2396 1623 2451 voluntatem
1658 2416 1671 2452 :
1704 2410 1797 2454 aut
1828 2401 1958 2455 nihil
1991 2411 2073 2457 est

499 2483 643 2548 quod
676 2482 742 2536 de
774 2483 1072 2551 ignorantia
1119 2487 1296 2541 velitis
1325 2489 1646 2553 obtendere,
1687 2506 1807 2546 cum
1859 2492 2071 2548 indiciis

502 2572 662 2625 tantis
691 2582 743 2626 et
782 2574 976 2627 talibus
1005 2575 1287 2632 abutentes
1306 2618 1322 2644 ,
1353 2580 1497 2633 sedis
1535 2582 1843 2649 apostolicae
1868 2586 2067 2640 Consti-

499 2670 638 2727 tuta,
674 2664 834 2717 tantis
866 2666 1184 2721 testimoniis
1223 2670 1631 2735 praedicantibus
1651 2717 1665 2739 ,
1697 2687 1950 2742 respuere
1979 2690 2070 2744 po-

496 2754 605 2806 tius
644 2769 800 2823 quarn
849 2758 1091 2826 recipere
1138 2761 1423 2815 maluistis.
1473 2762 1718 2833 Nunquid
1749 2780 1937 2819 omnes
1982 2768 2069 2823 isti

494 2860 627 2912 quos
696 2850 1111 2903 memoravimus
1173 2854 1411 2922 episcopi
1476 2856 1787 2925 imperatori
1859 2862 2068 2914 mentiti

492 2934 695 2989 sunt"?
725 2939 960 3007 nunquid
988 2956 1176 2998 omnes
1209 2946 1545 3014 imperatoris
1572 2964 1767 3005 nomen
1798 2967 1863 3005 ex
1893 2951 2071 3022 dipty-

491 3027 609 3080 chis
653 3029 991 3085 abstulerunt
1021 3034 1075 3086 εἳ
1104 3033 1233 3088 Cum
1283 3037 1443 3105 igitur
1481 3041 1826 3108 pellerentur,
1855 3054 1908 3097 et
1938 3044 2069 3099 vivis

2175 1848 2324 1900 retis.
2358 1847 2628 1913 l'rzecipne
2673 1862 2792 1900 cum
2822 1846 2981 1900 etiam
3016 1846 3146 1915 ips:c
3175 1847 3320 1914 leges
3348 1846 3572 1915 publica:
3605 1847 3647 1878 ‘°
3671 1863 3759 1901 ec-

2173 1936 2487 1990 clesiasticis
2532 1938 2729 2006 regulis
2756 1938 3137 2004 obsequentes,
3168 1939 3301 1992 tales
3348 1952 3603 2006 pchonas
3650 1955 3758 1993 non

2175 2025 2278 2079 nisi
2309 2026 2375 2079 ab
2402 2028 2668 2097 episcopis
2700 2028 2974 2082 sanxerint
3021 2029 3268 2097 judicari.
3299 2030 3353 2083 Si
3389 2045 3516 2083 vero
3541 2030 3608 2084 de
3627 2046 3762 2099 qua-

2175 2114 2305 2169 libet
2334 2117 2523 2171 haeresi
2556 2117 2766 2172 fuerant
2803 2118 3051 2187 impetiti,
3087 2128 3234 2171 tanto
3262 2120 3429 2189 magis
3456 2135 3548 2172 eos
3578 2120 3759 2174 deruit

2176 2203 2275 2257 ista
2312 2222 2663 2274 cognoscere,
2696 2209 2785 2277 qui
2814 2221 2868 2263 et
2892 2209 3185 2263 secundum
3220 2209 3491 2277 religionis
3517 2220 3757 2265 tcuori-m

2176 2306 2396 2364 possent
2440 2298 2535 2350 ista
2575 2299 2884 2368 discutere,
2927 2308 2983 2354 et
3028 2299 3287 2353 haberent
3330 2300 3646 2368 pristinum,
3691 2316 3759 2355 ex

2174 2401 2279 2453 quo
2331 2399 2414 2440 est
2458 2386 2762 2442 Christiana
2816 2389 3039 2458 religio,
3086 2390 3416 2459 pontificium
3458 2390 3759 2459 jndicandi.

2173 2481 2278 2530 Aut
2306 2479 2551 2533 catholici
2582 2481 2727 2535 enim
2769 2490 2955 2547 erant,
3000 2493 3090 2534 aut
3135 2481 3404 2543 haeretici,
3445 2481 3514 2536 de
3560 2482 3759 2549 quibus

2178 2571 2375 2637 passim
2426 2572 2513 2625 illa
2560 2572 2785 2627 ludibria
2817 2577 3163 2643 gerebantur,
3212 2582 3270 2629 et
3306 2574 3579 2629 latrocinia
3610 2576 3762 2630 dcte-

2173 2658 2363 2711 standa
2395 2661 2708 2714 saeviebant.
2739 2661 2796 2715 Si
2827 2662 3065 2717 hmretici
3087 2704 3100 2725 ,
3133 2662 3313 2731 prodi,
3346 2663 3571 2726 discuti,
3602 2675 3660 2720 et
3686 2664 3763 2719 le-

2172 2750 2358 2818 gitime
2388 2752 2635 2806 convinci
2667 2754 2839 2808 modis
2870 2755 3117 2808 omnibus
3155 2754 3483 2820 debuerant,
3523 2756 3604 2809 vel
3648 2756 3761 2811 suis

2175 2842 2611 2898 confessionibus
2655 2846 2735 2898 vel
2767 2846 2992 2899 aliorunt
3023 2846 3241 2900 vocibus
3267 2846 3552 2900 confutari.
3585 2848 3761 2901 Taceo

2174 2933 2297 3001 quia
2324 2934 2388 2985 ad
2416 2950 2515 2988 nos
2539 2949 2758 3005 paterna
2790 2938 2962 2992 fuerat
2990 2938 3377 2993 consuetudine
3398 2938 3764 3008 referendum,

2175 3031 2489 3094 tantumque
2539 3041 2859 3084 commoneo
2903 3031 3032 3100 quid
3080 3032 3194 3085 fieri
3244 3031 3611 3087 ecclesiastico
3637 3032 3763 3100 jure

491 3118 834 3184 pontificibus
864 3121 1141 3178 catholicis
1170 3139 1510 3183 successores
1556 3130 1792 3188 haeretici
1820 3148 2066 3190 creareu-
2095 3116 2142 3180 (ἶ
2173 3130 2519 3173 οοηνθηθτδί·
2562 3120 2617 3174 Si
2647 3137 2774 3175 νενο
2814 3122 3061 3177 ο³ι¹¹⁰¹ίεί
3094 3122 3479 3190 βτοδειιθηίυνο
3511 3138 3639 3187 νοδν
3670 3129 3763 3192 qui

492 3217 598 3275 tur,
643 3220 697 3265 et
740 3227 846 3266 non
891 3214 959 3269 de
997 3215 1340 3274 inferioribus
1384 3222 1678 3291 quibusque
1720 3225 2063 3293 civitatibus,

489 3300 586 3351 sed
618 3302 778 3354 etiam
820 3307 1215 3373 metropolitani
1250 3310 1527 3377 pontiﬁces
1558 3312 1608 3366 in
1640 3313 1901 3369 catholica
1924 3315 2067 3386 jugi-

492 3398 573 3441 let‘
600 3393 978 3448 communione
1016 3396 1272 3453 durantes
1293 3444 1306 3466 ,
1340 3400 1360 3430 ⁶
1388 3417 1484 3453 cur
1510 3406 1776 3472 compassi
1805 3422 1909 3460 non
1938 3410 2067 3463 estis

492 3480 654 3533 tantis
707 3482 960 3537 fratribus
990 3489 1218 3541 vestris?
1259 3505 1354 3544 cur
1389 3508 1492 3546 non
1536 3495 1723 3549 adistis
1775 3497 2067 3567 imperato-

492 3570 649 3623 rem?
698 3586 796 3625 cur
827 3588 932 3627 non
968 3576 1219 3633 Ecclesiae
1248 3596 1461 3636 causam
1504 3594 1557 3638 et
1591 3588 1872 3641 sacerdotii
1906 3590 2067 3644 misc-

489 3660 710 3714 rabilcrn
760 3661 1122 3719 deroloration
1161 3685 1210 3721 m
1245 3674 1566 3728 continuatis
1595 3677 1812 3732 vocibus
1844 3678 2066 3736 deﬂevi-

487 3752 619 3806 stis?
645 3754 940 3824 allegantes
972 3774 1240 3828 nunqmm
1269 3765 1336 3817 de
1365 3769 1704 3833 pontificibus
1735 3771 1837 3825 nisi
1884 3774 2068 3828 Eccle-

485 3842 618 3896 siam
652 3845 921 3913 judicasse
968 3865 983 3903 :
1031 3866 1137 3904 non
1193 3868 1313 3908 esse
1368 3856 1717 3914 humanarum
1769 3862 1944 3933 legum
1997 3867 2065 3920 de

487 3933 681 3988 talibus
731 3934 875 3991 ferre
922 3942 1241 3998 sententiam
1274 3945 1476 4014 absque
1508 3949 1761 4007 Ecclesiae
1792 3956 2062 4025 principa-

486 4023 609 4080 liter
629 4027 931 4086 constitutis
956 4034 1324 4101 pontiticibus;
1354 4040 1576 4111 obsequi
1599 4045 1773 4099 solere
1796 4023 2064 4117 principes

485 4115 818 4174 Christianos
846 4121 1078 4179 decretis
1110 4124 1401 4195 Ecclesiae,
1433 4147 1538 4186 non
1570 4148 1720 4187 suam
1752 4115 2063 4208 praeponere

488 4216 801 4273 potestatein
823 4253 837 4277 ,
867 4215 1132 4284 episcOpis
1158 4229 1318 4285 caput
1345 4222 1577 4279 subdere
1607 4228 1897 4297 principem
1928 4232 2058 4285 seli-

484 4306 627 4362 tum,
659 4318 764 4356 non
796 4304 864 4359 de
893 4321 1077 4362 eorum
1105 4311 1366 4379 capitibus
1412 4314 1675 4383 judicare.
1714 4320 1918 4387 Quibus
1960 4323 2058 4377 Ec-

483 4387 660 4443 clesia:
684 4393 953 4461 conciliis,
988 4412 1089 4465 qua
1120 4401 1328 4469 synodo
1367 4404 1692 4471 pellerentur
1718 4412 1874 4478 ?quid
1905 4414 2057 4467 deni-

2172 3226 2277 3264 non
2327 3212 2501 3267 solum
2545 3213 2597 3268 in
2651 3229 2834 3267 corum
2885 3214 3202 3283 depulsione
3254 3216 3294 3246 ¹¹
3344 3216 3614 3275 cessistis,
3666 3218 3764 3270 sed

2170 3302 2331 3357 etiam
2357 3305 2660 3374 subrogatis
2689 3308 3089 3361 communicare
3117 3305 3393 3377 delegistis
3411 3346 3425 3371 ,
3456 3307 3764 3367 indubitan-

2171 3405 2251 3448 ter
2285 3397 2326 3427 ¹²
2358 3395 2615 3451 Ιιαιτθιὶοἱ.
2654 3398 2755 3464 Qui
2803 3399 3039 3468 depulsis
3080 3400 3359 3455 catholicis
3388 3400 3432 3432 “
3460 3401 3764 3456 secedenti-

2169 3488 2304 3555 bus,
2355 3506 2459 3543 non
2511 3491 2796 3558 ignorastis
2837 3509 3055 3548 causam
3108 3495 3230 3549 fidei
3260 3498 3762 3566 communioniqu

2170 3578 2452 3632 catholicae
2484 3595 2580 3649 per
2606 3589 2784 3635 tantos
2810 3585 3079 3640 antistites
3102 3594 3215 3638 toto
3239 3586 3368 3638 orbe
3399 3585 3760 3654 patefactam;

2168 3672 2262 3723 sed
2292 3671 2449 3739 plane
2477 3672 2709 3727 scientes
2739 3675 3110 3745 volentesque,
3141 3677 3260 3730 sine
3291 3676 3396 3730 ulla
3426 3676 3761 3733 discussione

2168 3781 2381 3829 rerum,
2433 3767 2549 3820 sine
2596 3768 2700 3820 nl'a
2750 3768 2996 3837 synodali
3045 3769 3474 3833 examinatione,
3506 3769 3625 3824 sine
3654 3770 3761 3826 ulla

2167 3859 2313 3913 sedis
2353 3861 2662 3928 apostolicae
2715 3864 3048 3927 reverentia,
3100 3866 3410 3920 assensistis
3453 3866 3758 3931 haereticis;

2168 3949 2398 4004 libenter
2437 3952 2726 4018 habentes,
2758 3955 3126 4025 patienterque
3156 3958 3398 4012 sinentes
3419 3998 3433 4024 ,
3463 3959 3759 4015 catholicos

2167 4040 2438 4095 antistites
2470 4040 2705 4096 inaudita
2739 4046 2886 4112 prius
2915 4054 2967 4099 et
3009 4047 3299 4102 miserabili
3341 4060 3488 4103 sorte
3514 4048 3754 4112 detrudi.

2166 4128 2313 4194 Quos
2344 4131 2388 4185 si
2420 4146 2450 4185 a
2479 4131 2581 4186 fide
2613 4134 2815 4203 integra
2847 4137 3333 4210 communioneque
3361 4142 3628 4196 catholica
3662 4160 3760 4214 pu-

2168 4224 2351 4278 taretis
2371 4240 2575 4289 errare.
2600 4227 2664 4280 ad
2685 4232 3037 4297 apostolicam
3064 4233 3269 4299 sedem,
3291 4237 3589 4292 secundum
3618 4241 3754 4295 scita

2168 4313 2430 4381 majorum
2451 4358 2464 4381 ,
2499 4327 2552 4372 et
2581 4317 2720 4373 sicut
2746 4335 2960 4389 semper
2975 4334 3058 4378 est
3087 4324 3306 4392 factum,
3340 4329 3542 4386 referre
3562 4331 3757 4387 debui-

2164 4409 2263 4461 stis
2297 4425 2311 4462 :
2342 4410 2479 4464 sicut
2509 4411 2577 4467 de
2608 4412 2768 4468 Petro
2821 4416 3085 4487 (Mongo)
3138 4419 3541 4487 Alexandrino,
3571 4425 3657 4479 vel
3687 4425 3756 4480 de

482 4492 586 4546 que
610 4483 1002 4540 commisissent
1032 4530 1045 4553 ,
1098 4499 1155 4542 ut
1194 4492 1311 4545 sine
1344 4494 1449 4546 ulla
1477 4496 1809 4554 discussione
1839 4518 2055 4575 rerum,

2171 4496 2502 4554 Aotiocheno
2529 4501 2692 4557 Petro
2713 4504 2733 4571 (
2746 4483 3012 4575 Gnapheo
3024 4483 3073 4575 ),⁷
3090 4509 3159 4563 de
3184 4510 3494 4579 (Apameno
3509 4483 3758 4582 )VJoanne

483 4579 558 4623 tot
584 4573 944 4630 Ecclesiarum
985 4581 1242 4647 prtesules
1298 4599 1394 4653 pro
1434 4588 1667 4645 humano
1703 4592 1852 4648 libitu
1885 4607 1937 4650 et
1966 4573 2059 4653 sze-

482 4662 684 4718 mularis
732 4670 1011 4734 potestatis
1061 4673 1281 4727 arbitrio
1343 4677 1717 4743 pellerentur?
1752 4685 2055 4758 inauditos,

486 4752 835 4822 indiscussos,
869 4760 887 4790 ⁷
915 4764 1189 4817 convictos
1214 4781 1317 4818 non
1342 4767 1537 4823 debere
1561 4774 1798 4839 percelli.
1828 4752 2056 4835 Maxime

462 4856 601 4926 cum
647 4861 796 4901 novae
825 4864 1002 4906 causzc
1048 4865 1101 4907 et
1138 4871 1272 4911 nova
1319 4874 1495 4913 rerum
1526 4862 1687 4918 facies
1735 4880 2053 4936 appareret,

483 4943 536 4986 ut
586 4950 824 4995 rec:ores
876 4943 959 4997 isti
1006 4945 1237 5014 plebium
1285 4952 1579 5019 repentinis
1620 4953 2052 5032 incursionibus,

548 5122 562 5151 '
601 5119 677 5173 id.
706 5121 853 5188 cod.,
883 5124 1092 5180 minime
1119 5130 1539 5187 communicaret.

548 5193 567 5255 ξ
600 5192 672 5244 Id.
706 5193 849 5255 cod.,
879 5203 1107 5251 tenuere.

706 5250 852 5327 cod.,
874 5250 1239 5335 judicaverint.

483 5333 575 5459 as“
600 5332 1008 5458 Hringzestextu
1051 5337 1284 5395 Joannes
1336 5342 1655 5402 Alexandria
1708 5347 1916 5419 ejectus
1962 5369 2052 5408 an.

552 5472 580 5562 ξ
611 5473 1013 5562 H'iicuprietexlu
1053 5477 1307 5538 Calandio
1362 5485 1640 5544 Anticchia
1698 5494 1900 5562 circius
1963 5509 2049 5548 an.

480 5540 603 5601 £33.
636 5543 895 5598 Lanaeus.

551 5611 727 5689 ﬁlled.
765 5615 981 5689 V_eroti.,
1013 5618 1115 5672 Cur
1136 5621 1289 5689 igitur

554 5681 573 5715 '
598 5682 673 5739 Id.
711 5687 857 5753 cod.,
882 5681 1206 5745 incent't'ctovs.

2165 4595 2220 4639 ct
2268 4588 2429 4642 Paulo
2462 4591 2651 4647 fecisse
2699 4608 3031 4652 monstratur
3060 4600 3306 4656 Aeacius.
3351 4603 3457 4659 Sed
3500 4608 3753 4676 quoniam

2166 4680 2439 4735 noveratis
2485 4697 2579 4736 eos
2628 4700 2748 4739 cum
2781 4691 3073 4757 apostolica
3104 4693 3233 4746 sede
3278 4696 3512 4761 sentire,
3546 4708 3601 4752 et
3629 4700 3753 4768 quid

2165 4768 2324 4823 sedes
2377 4774 2673 4838 apostolica
2717 4792 2809 4830 sua
2857 4779 3169 4837 definitione
3196 4799 3476 4851 censeret,
3508 4804 3606 4858 per
3634 4791 3758 4845 illos

2167 4869 2342 4912 tantos
2370 4875 2434 4915 ac
2462 4864 2594 4917 tales
2618 4868 2899 4937 episcopos
2928 4883 3138 4925 constat
3164 4875 3462 4932 Orientales
3487 4881 3757 4937 antistites

2165 4950 2478 5009 nullatenus
2509 4955 2806 5027 ignorasse,
2843 4960 2888 4991 “'
2913 4970 2969 5016 et
2997 4978 3095 5019 vos
3123 4966 3402 5022 catholica:
3431 4979 3592 5039 atque
3619 4986 3756 5042 apo-

2241 5152 2261 5181 ⁸
2290 5150 2364 5204 Id.
2398 5151 2547 5218 cod.,
2575 5166 2817 5212 ret-entes.

2238 5222 2256 5253 ³
2286 5222 2358 5273 Id.
2389 5224 2534 5286 cod.,
2565 5223 2747 5281 Taceo.

2240 5291 2281 5321 ¹⁰
2305 5290 2674 5374 qod._1‘heo_d.
2706 5298 2773 5351 de
2808 5298 3087 5374 Episcopls
3115 5317 3235 5372 cap.
3263 5306 3323 5358 sl
3361 5312 3413 5357 et
3444 5307 3755 5374 appendicis

2164 5376 2281 5444 cap:
2438 5368 2562 5444 Item
2597 5365 2686 5419 lib.
2724 5364 2949 5444 xvi,'tit_.
2979 5364 3035 5437 (Ξ,
3065 5364 3307 5444 ωρξῖδ.
3342 5364 3602 5432 ΙιΑαιιίἰιε.

2238 5433 2275 5463 ¹¹
2303 5433 2438 5485 Cod.
2472 5434 2694 5498 Veron.,
2724 5442 2980 5494 ressastis.

2239 5503 2279 5532 "
2314 5503 2388 5555 ld.
2421 5504 2568 5568 cod.,
2604 5507 2873 5561 hwreticis.

2238 5573 2278 5603 ³³
2312 5572 2387 5624 Id.
2421 5574 2568 5636 cod.,
2600 5578 2999 5634 succedentibus.

2257 5642 2275 5672 ⁸
2307 5643 2380 5697 id.
2410 5644 2555 5711 cod.,
2588 5656 2632 5700 et
2656 5663 2745 5716 per
2767 5646 2903 5704 illos.
