4098 6172
316 228 387 286 97
1490 225 1850 285 EPISTOLAI
1894 226 1979 281 ΕΤ
2020 226 2359 286 DECRETA.
3516 239 3588 297 93

311 342 520 399 stolicze
550 340 915 397 communioni
942 340 1241 412 prodidisse
1270 340 1599 407 contrarios,
1632 350 1681 396 et
1707 341 1774 395 ab
1806 355 1896 394 ea-
1925 342 1975 403 Α
2004 341 2371 412 Eutyehianos
2392 345 2725 405 manifestos.
2748 355 2840 402 aut
2860 362 3043 403 eorum
3065 350 3418 409 sectatoribus
3440 368 3585 411 com-

310 436 432 489 dem
459 433 726 489 defecisse
744 474 761 499 ,
788 449 910 487 cum
944 449 1049 486 non
1094 434 1197 487 illis
1221 436 1352 488 estis
1397 434 1648 501 passione
1674 434 1901 500 conjun-

310 531 412 593 cti,
444 527 541 580 sed
588 526 764 593 potius
808 526 1244 594 persecutoribus
1270 541 1453 580 eorum
1485 526 1742 580 societate
1771 540 1901 580 con-

310 618 454 671 nexi.
493 618 589 671 ilic
619 616 768 670 vobis
796 616 1031 687 synodus
1061 633 1328 686 nunquam
1360 619 1505 671 venit
1539 619 1592 671 in
1624 624 1894 679 mentem;

307 719 358 764 et
390 718 545 764 certe
572 709 641 763 de
673 708 937 776 personis,
968 718 1026 763 ut
1053 709 1253 763 dictum
1284 720 1385 776 est,
1420 711 1561 763 nulla
1590 710 1756 765 veteri
1783 709 1897 777 lege

306 799 635 856 constrictis.
670 800 765 855 llic
793 801 941 856 nullo
962 801 1220 867 consilio,
1267 818 1372 856 non
1417 802 1575 859 unius
1619 803 1764 857 urbis
1810 801 1895 856 vel

307 893 468 946 unius
501 891 774 961 cpiscOpi,
806 893 903 946 sed
933 894 1090 947 totius
1119 892 1356 947 Orientis
1394 892 1695 960 Ecclesias,
1733 891 1898 947 subiit

306 983 554 1035 animum
588 991 821 1036 vestrum
868 982 1008 1035 facto
1054 982 1376 1036 sacerdotali
1426 982 1657 1037 concilio
1697 981 1895 1037 debere

310 1074 517 1125 iurari.
552 1072 658 1127 Sed
692 1072 961 1138 homines,
990 1074 1079 1142 qui
1110 1073 1161 1126 in
1193 1073 1516 1128 contrariam
1548 1084 1751 1143 partem
1784 1080 1895 1127 toto

312 1164 594 1231 proposito
613 1204 629 1228 ,
656 1172 711 1219 et
743 1173 854 1218 toto
883 1164 1226 1220 recesseratis
1253 1163 1359 1236 [αι.
1396 1162 1740 1235 recideratis]
1768 1163 1895 1218 all‘e-

304 1264 394 1306 ctu
415 1293 434 1317 ,
484 1254 709 1308 concilia
742 1254 917 1323 potius
948 1255 1252 1311 necessaria
1276 1255 1435 1309 etiam
1460 1256 1637 1310 studio
1660 1255 1895 1311 declina-

306 1346 428 1407 stis,
458 1356 529 1396 ne
548 1357 641 1410 per
666 1344 854 1397 eadem
884 1345 987 1399 tale
1014 1344 1211 1414 aliquid
1229 1355 1557 1411 censeretur,
1588 1362 1692 1417 quo
1719 1347 1891 1411 vobis,

307 1435 470 1488 rebus
500 1434 785 1490 evidenter
811 1436 1042 1491 ostensis
1082 1445 1139 1490 et
1189 1436 1427 1505 legitime
1470 1437 1786 1502 confutatis,
1838 1438 1891 1493 in

303 1528 685 1582 haereticorum
740 1544 846 1583 non
892 1529 1077 1584 liceret
1125 1532 1310 1584 venire
1353 1530 1701 1584 consortium.
1753 1528 1889 1595 Quid

302 1620 465 1688 igitur
517 1620 586 1673 de
646 1619 943 1686 ignorantia
994 1620 1353 1689 praztenditis,
1402 1635 1524 1673 cum
1577 1634 1670 1688 per
1722 1629 1888 1673 totum

2003 437 2378 493 municantes?
2411 439 2534 495 Haec
2566 443 2729 507 pestis
2749 444 2886 510 apud
2908 460 3002 499 eos
3025 447 3289 517 hodieque
3310 451 3579 518 perdurat.

2001 524 2274 595 Siquidem
2306 537 2362 584 et
2387 544 2506 585 cum
2538 529 2698 585 Petr'o
2727 534 3119 601 Alcxnndrino,
3151 546 3205 591 et
3232 552 3351 593 cum
3394 542 3582 597 Antio-

1998 621 2172 674 cheno
2213 621 2397 688 Petro,
2447 622 2815 679 indiﬁ'erenter
2846 624 2877 680 ii
2909 627 2998 694 qui
3028 628 3279 685 catho‘iei
3311 647 3583 689 successe-

1998 717 2119 763 rant
2162 713 2541 769 communione
2588 717 2833 782 permixti
2882 716 3036 779 sunt.
3082 727 3137 774 et
3177 726 3578 779 successoribus

1999 801 2276 870 utriusque
2304 803 2448 859 Petri
2479 805 2741 876 hodieque
2773 810 3081 865 miscentur.
3123 812 3214 866 llis
3242 814 3379 869 adde
3415 819 3576 871 etiam

1998 890 2121 945 illos
2154 895 2265 961 qui,
2302 894 2423 948 licet
2450 896 2731 952 catholicis
2766 916 2869 952 non
2900 904 3277 968 successerint,
3313 908 3406 959 sed
3450 908 3577 963 dum

1995 984 2241 1040 catholici
2274 988 2551 1054 pontiﬁces
2596 988 2940 1057 haberentur,
2997 986 3181 1047 talium
3232 1010 3292 1049 se
3338 1010 3579 1051 commn-

1996 1074 2157 1130 nione
2180 1077 2490 1144 junxerunt.
2525 1079 2649 1135 Haec
2681 1081 2767 1135 illa
2799 1082 3051 1151 mixtura,
3087 1085 3200 1140 hmc
3228 1098 3310 1143 est
3339 1090 3423 1142 illa
3446 1105 3579 1144 con-

1997 1166 2164 1231 fusio,
2221 1183 2321 1237 qua
2380 1185 2473 1238 per
2523 1172 2796 1227 Orientem
2854 1184 3016 1229 totum
3070 1176 3212 1231 inter
3256 1180 3574 1235 catholicam

1997 1256 2408 1327 hmreticamqne
2462 1263 2896 1317 communionem
2956 1265 3097 1319 nulla
3150 1268 3405 1323 discretio
3444 1281 3573 1329 est:

1995 1345 2105 1399 imo
2134 1347 2219 1410 qui
2251 1348 2483 1403 discerni
2526 1354 2840 1422 teutaverit,
2887 1356 3063 1424 potius
3105 1358 3332 1415 habetur
3365 1364 3576 1417 lucreti-

1993 1452 2089 1493 cus
2112 1481 2126 1506 ,
2178 1445 2550 1509 persecutione
2581 1447 2909 1512 percellitur,
2938 1451 3142 1504 exsiliis
3188 1462 3243 1507 et
3287 1453 3579 1510 alnitt'one

1995 1531 2266 1587 multatur.
2317 1532 2500 1587 Restat
2539 1550 2668 1603 ergo
2700 1547 2755 1589 ttt
2789 1538 2840 1590 in
2884 1539 2983 1593 hac
3018 1540 3320 1596 colluvione
3358 1556 3576 1599 cuncto-

1997 1638 2132 1686 tum,
2166 1625 2300 1677 sicut
2331 1626 2571 1695 quisquis
2602 1627 2670 1681 ab
2695 1630 2882 1683 eadem
2914 1641 3193 1700 separatus
3214 1643 3319 1701 est,
3346 1637 3575 1691 sincerus

299 1714 579 1767 Orientem
608 1712 932 1767 catholicam
963 1712 1119 1766 ﬁdem
1156 1712 1689 1780 communionemque
1718 1712 1891 1767 since-
1924 1698 1966 1758 Β
1992 1714 2385 1769 communionis
2428 1726 2483 1770 et
2521 1717 2642 1772 ideo
2688 1721 2985 1776 catholicus
3040 1726 3420 1793 comprobatur
3451 1743 3466 1782 :
3500 1728 3571 1782 ita

301 1822 416 1859 ram
450 1806 566 1860 sedi
594 1806 840 1875 apostolo
858 1821 904 1860 at
929 1816 1337 1876 congruentem,
1366 1822 1471 1859 non
1494 1806 1666 1859 solum
1689 1820 1887 1875 cogno-

298 1900 443 1954 visse
493 1909 572 1954 tot
614 1899 896 1969 pontiﬁces
927 1898 1215 1963 videbatis.
1266 1898 1362 1954 sed
1412 1898 1571 1953 etiam
1614 1912 1782 1965 usque
1822 1896 1888 1951 ad

305 1999 617 2042 extremum
672 1988 1107 2041 constantissime
1148 1986 1487 2041 defendisse?
1536 1987 1590 2042 Si
1640 2000 1736 2042 nos
1783 2000 1888 2041 non

296 2078 602 2131 audieratis
632 2079 757 2145 quid
786 2078 853 2132 de
887 2078 990 2132 ﬁde
1033 2088 1085 2132 et
1113 2079 1488 2132 communione
1518 2076 1779 2131 catholica
1810 2086 1890 2130 at-

296 2184 405 2237 que
432 2168 733 2237 apostolica
761 2182 1132 2232 censeremus,
1181 2168 1300 2224 illos
1325 2170 1563 2235 aspicere
1592 2168 1852 2222 debuistis
1870 2207 1885 2231 ,

296 2271 349 2315 et
381 2270 474 2315 aut
507 2261 684 2329 sequi,
718 2263 760 2314 si
789 2261 1088 2315 credebatis
1118 2275 1237 2314 esse
1264 2260 1557 2314 catholicos
1577 2305 1590 2327 ,
1625 2270 1717 2313 aut
1745 2260 1884 2329 apud

295 2352 653 2420 apostolicam
704 2351 885 2405 sedem
933 2353 1108 2420 potius
1156 2368 1442 2419 accusare,
1494 2354 1537 2406 si
1589 2353 1887 2407 credebatis

296 2458 537 2497 errasse.
565 2443 701 2509 Quid
730 2443 849 2497 illos
870 2443 1023 2513 juvat
1063 2445 1143 2499 vel
1188 2459 1285 2498 suo
1327 2445 1600 2512 proposito
1632 2444 1774 2497 illam
1808 2456 1885 2499 te-

294 2534 487 2589 nuisse
537 2536 892 2601 senlentiam,
953 2539 967 2567 ³
1014 2546 1105 2590 aut
1149 2537 1517 2605 cognoscendo
1566 2536 1689 2606 quid
1730 2538 1886 2592 sedes

293 2628 592 2696 apostolica
641 2628 927 2683 deﬁniret?
956 2631 1060 2682 Ant
1091 2629 1251 2697 igitur
1277 2629 1507 2697 collegas
1526 2638 1580 2683 et
1603 2628 1790 2683 fratres
1818 2631 1885 2684 de

293 2719 547 2787 proximo
593 2719 644 2772 in
690 2732 981 2789 conspectu
1014 2734 1228 2786 vestro,
1264 2721 1351 2775 vel
1393 2720 1685 2775 catholicos
1734 2721 1885 2792 sequi

293 2809 577 2873 debuistis,
611 2810 690 2863 vel
717 2810 975 2879 impetere
998 2810 1043 2865 si
1067 2811 1370 2866 credebatis
1397 2827 1610 2878 crare;
1646 2829 1744 2868 nee
1779 2813 1885 2869 illis

294 2915 321 2955 a
354 2902 555 2971 quibus
597 2903 741 2956 nullo
772 2903 1081 2958 discrimine
1109 2905 1459 2970 vexabantur,
1493 2908 1732 2973 pra-here
1757 2922 1887 2963 con-

295 3005 551 3056 sensum,
594 2994 765 3048 donec
796 2996 993 3050 veritas
1014 3011 1076 3049 ex
1106 2997 1353 3052 omnibus
1392 2998 1651 3066 patefacta
1677 3008 1886 3054 consta-

1993 1803 2234 1873 quisquis
2280 1806 2423 1862 illius
2455 1810 2753 1864 detestandi
2792 1817 3097 1869 commercii
3131 1818 3395 1888 particeps
3427 1820 3574 1874 inve-

1994 1894 2196 1962 nietur,
2244 1908 2499 1965 quantum
2531 1914 2559 1952 a
2590 1902 2797 1956 sincera
2851 1908 3261 1974 communione,
3296 1920 3497 1965 tantum
3540 1928 3570 1966 a

1992 1986 2255 2041 catholica
2303 1997 2463 2057 atque
2493 1994 2789 2059 apostolica
2819 1995 2890 2049 sit
2918 2008 3175 2052 remotus.
3204 2000 3315 2055 Nec
3340 2013 3573 2070 [muten-

1990 2076 2083 2130 dat
2108 2079 2427 2149 quisquam,
2478 2083 2618 2149 quod
2650 2085 2805 2138 alicui
2841 2086 3060 2142 forsitan
3101 2091 3413 2146 evidentior;
3465 2109 3571 2148 non

1989 2170 2444 2224 communicassct
2479 2174 2558 2225 vcl
2599 2177 2995 2231 communicare
3022 2179 3265 2234 videatur
3297 2182 3571 2238 hanedeo.

1989 2258 2125 2324 Quid
2161 2261 2303 2314 enim
2329 2260 2515 2330 juvat,
2550 2265 2592 2317 si
2626 2266 2700 2319 illi
2729 2282 2833 2320 non
2878 2272 3265 2339 communicet,
3292 2282 3347 2328 et
3378 2275 3459 2328 his
3487 2285 3567 2329 ta-

1989 2364 2111 2404 men
2141 2355 2515 2409 communione
2544 2354 2565 2385 ⁸
2588 2356 2846 2427 jungitur,
2875 2364 2963 2429 qni
2997 2362 3065 2416 ab
3106 2364 3249 2420 illius
3294 2382 3397 2419 non
3443 2377 3569 2422 sunt

1987 2445 2364 2499 communione
2411 2445 2646 2502 diversi?
2677 2450 2823 2515 Quod
2856 2452 2898 2505 si
2929 2467 3113 2506 eorum
3152 2456 3278 2509 nulli
3330 2470 3570 2512 vontmu-

1988 2534 2213 2599 nicavit,
2264 2538 2347 2592 vel
2388 2552 2491 2593 non
2547 2545 2766 2595 omnino
2813 2546 3208 2610 communicat,
3239 2546 3323 2601 hic
3352 2548 3449 2602 erit
3480 2549 3575 2605 ille

1988 2626 2239 2689 sincerze,
2286 2629 2564 2683 catholicae
2584 2671 2599 2695 ,
2646 2633 3059 2704 apostolicteqne
3084 2640 3480 2693 communionis
3506 2654 3563 2696 et

1989 2717 2148 2787 ﬁdei,
2193 2720 2389 2791 alioqui
2437 2722 2587 2778 nullo
2635 2724 2794 2778 modo
2838 2728 3032 2795 poterit
3076 2728 3381 2785 indiscreta:
3427 2733 3569 2786 illius

1989 2812 2264 2867 mixtionis
2314 2814 2638 2869 insincernm
2672 2816 2843 2872 vitare
2883 2821 3211 2889 contagium.
3254 2822 3364 2875 Hoc
3410 2823 3573 2877 modo

1987 2904 2148 2960 etiam
2180 2903 2269 2959 ille
2299 2904 2380 2958 vir
2405 2904 2575 2960 bonus
2601 2906 2831 2961 Aeacius
2874 2909 3213 2964 Antiocheno
3258 2911 3451 2976 Petro,
3482 2913 3567 2967 cni

1989 3009 2049 3048 se
2078 2995 2253 3064 palam
2287 3011 2390 3049 mn
2418 2996 2816 3052 communicare
2852 2998 3116 3067 jactahat,
3167 3016 3263 3069 pcr
3289 3002 3424 3057 alios
3452 3003 3571 3058 sine

298 3093 413 3146 ret,
444 3094 499 3139 et
529 3087 847 3153 regulariter
876 3091 944 3140 de
987 3087 1065 3140 eis
1109 3088 1449 3143 ecclesiastici
1486 3091 1670 3159 jndicii
1718 3092 1887 3147 forma
1919 3068 1966 3132 ο
1994 3087 2243 3157 ambiguo
2270 3089 2697 3143 etm'municasse
2745 3089 3029 3157 detegitur.
3083 3091 3264 3160 Neque
3311 3093 3453 3146 enim
3501 3098 3569 3146 ah

298 3175 642 3244 procederet.
674 3176 768 3231 Sin
803 3192 930 3232 vero
968 3178 1110 3232 sedis
1147 3181 1457 3248 apostolica:
1490 3182 1729 3252 regulam
1759 3187 1887 3237 sub-

298 3272 579 3338 sequendo
611 3270 1015 3339 perspiciebatis
1064 3271 1186 3328 illos
1228 3272 1365 3327 hanc
1412 3282 1598 3329 tenere
1640 3286 1892 3331 constan-

300 3361 452 3427 tiam,
475 3370 873 3431 consequenter
902 3377 996 3430 per
1026 3362 1168 3429 illos,
1200 3374 1253 3418 et
1282 3364 1406 3434 quid
1436 3375 1619 3420 nostra
1647 3367 1891 3422 detinitio

301 3457 621 3522 contineret,
654 3471 760 3510 non
793 3456 1049 3511 habuistis
1102 3457 1402 3525 incertum;
1433 3469 1488 3514 et
1514 3460 1733 3515 illorum
1766 3478 1889 3532 pcr-

303 3545 642 3599 secutoribus
672 3546 991 3615 annuendo,
1022 3561 1050 3600 a
1081 3548 1222 3602 sedis
1246 3551 1577 3619 apostoliczc,
1604 3567 1709 3606 non
1740 3554 1891 3623 igno-

306 3650 487 3693 rantes
511 3639 629 3707 ejus
660 3640 979 3694 sententiam
1003 3679 1019 3706 ,
1068 3642 1339 3696 consortio
1368 3646 1752 3699 retrocessistis
1783 3644 1887 3717 [αι.

306 3745 402 3785 vos
437 3729 797 3800 retraxistis].
832 3730 897 3784 Et
925 3731 1101 3785 adhuc
1126 3730 1304 3786 dicitis
1334 3732 1610 3802 ignorasse
1639 3750 1736 3789 vos
1763 3738 1887 3806 quid

308 3822 465 3876 sedes
484 3822 778 3890 apostolica
808 3822 1123 3890 censuisset,
1152 3836 1273 3877 cum
1304 3823 1371 3876 ah
1400 3824 1451 3877 ill
1477 3839 1503 3878 s
1523 3827 1891 3881 sacerdotibus

308 3913 570 3968 catholica
601 3912 707 3968 ﬁde
734 3924 789 3967 et
817 3914 1191 3967 communione
1213 3914 1558 3983 pollentibus,
1585 3931 1689 3971 non
1714 3918 1891 3972 verbis

310 4020 393 4059 aut
441 4007 673 4073 litteris,
723 4007 817 4061 sed
868 4008 1110 4076 personis
1162 4010 1552 4077 praesentibus,
1601 4011 1890 4067 didiceritis

312 4101 555 4153 universa
581 4138 597 4161 ,
626 4111 681 4152 et
708 4098 777 4152 ab
802 4098 987 4153 eadem
1021 4114 1116 4153 vos
1150 4102 1366 4169 proprio
1386 4101 1587 4169 judicio
1612 4117 1891 4171 separasse

310 4192 618 4247 videamini.
644 4192 667 4224 ³
699 4190 887 4246 Dicitis
923 4192 1083 4247 etiam
1112 4193 1133 4224 ³
1154 4195 1418 4265 synodum
1456 4197 1507 4249 in
1536 4196 1694 4250 unius
1722 4198 1892 4251 homi-

312 4285 387 4339 nis
416 4299 648 4354 persona
698 4285 946 4340 debuisse
975 4287 1226 4350 tractari,
1274 4302 1431 4357 quam
1477 4287 1531 4341 in
1576 4288 1891 4343 damnandis

311 4377 471 4429 tantis
518 4375 861 4442 pontiﬁcibus
905 4375 1185 4431 catholicis
1223 4392 1326 4431 non
1358 4378 1642 4445 quaesistis.
1689 4378 1889 4443 Quibus

311 4474 485 4519 autem
518 4464 711 4527 vultis,
745 4473 803 4518 ut
829 4463 897 4520 de
928 4466 1113 4520 talium
1154 4481 1434 4521 causarum
1483 4470 1742 4524 relatione
1770 4486 1887 4526 cre-

309 4553 538 4609 damus?
587 4554 867 4609 catholicis
892 4570 958 4609 an
990 4556 1291 4612 haereticis?
1324 4558 1390 4611 ab
1417 4560 1560 4613 omni
1610 4559 1889 4615 haeretico-

306 4657 422 4701 rum
469 4648 793 4715 contagione
832 4647 1109 4714 discretis,
1140 4664 1207 4701 an
1240 4649 1608 4705 hmreticorum
1649 4667 1888 4709 commu-

309 4737 469 4792 nione
495 4736 717 4806 pollutis
741 4737 763 4789 'I
792 4738 924 4804 Quis
951 4747 1130 4792 autem
1162 4754 1266 4793 non
1292 4740 1469 4795 videat
1499 4742 1618 4797 illos
1650 4758 1770 4798 esse
1794 4760 1886 4799 ca-

309 4829 536 4884 tholicos
579 4843 631 4883 et
672 4830 741 4883 ab
767 4830 913 4883 omni
943 4830 1194 4885 haeretica
1228 4842 1374 4901 peste
1399 4848 1619 4902 prorsus
1654 4837 1878 4902 alienos,

305 4922 389 4987 qui
420 4922 655 4990 propriis
710 4920 928 4975 urbibus
972 4921 1197 4989 detrusi,
1226 4931 1280 4976 et
1306 4923 1358 4975 in
1387 4926 1630 4979 exsilium
1663 4938 1783 4981 sunt
1806 4943 1890 4983 re-

305 5010 445 5063 dacti
473 5027 488 5063 :
515 5021 573 5064 et
599 5024 694 5064 eos
721 5011 808 5079 qui
837 5010 1216 5079 superstitibus
1242 5013 1521 5068 catholicis
1549 5031 1886 5073 successores

306 5100 417 5157 ﬁeri
442 5102 561 5156 ausi
588 5116 707 5157 sunt
732 5146 747 5171 ,
794 5102 1091 5158 catholicos
1112 5104 1330 5158 omnino
1360 5120 1465 5159 non
1494 5120 1615 5163 esse
1635 5149 1648 5173 ,
1679 5110 1771 5165 sed
1796 5121 1888 5165 aut

377 5306 393 5337 ³
421 5303 497 5359 Id.
527 5304 672 5369 cod.,
703 5320 769 5357 an
787 5305 1154 5371 cognoscendo.

374 5378 394 5407 ²
423 5375 599 5447 Hicin
622 5375 751 5447 _co_d.
784 5374 1075 5447 Veronensi
1114 5374 1422 5447 inseruntur
1448 5391 1511 5431 ea
1541 5393 1660 5447 qua:
1694 5394 1878 5446 protu-

305 5445 365 5499 lit
408 5447 480 5517 cl.
525 5443 767 5498 Maﬁeius
796 5445 973 5517 insita
1006 5444 1317 5517 praefatione
1347 5446 1411 5499 ad
1442 5443 1874 5517 supplementum

306 5516 623 5569 Acacianum
644 5556 658 5577 ,
690 5524 822 5567 tom.
853 5513 969 5578 VII,
1000 5513 1118 5583 pag.
1164 5515 1318 5570 1069.
1372 5517 1477 5572 Sed
1510 5513 1640 5573 cum
1688 5524 1875 5576 eadem

305 5586 522 5639 omnino
577 5587 821 5655 legantur
877 5584 929 5637 in
983 5587 1207 5653 epistola
1254 5586 1450 5641 Gelasii
1491 5590 1556 5642 ad
1603 5592 1879 5646 Dardania:

307 5659 583 5723 episcopos
639 5670 745 5711 non
822 5657 993 5711 solum
1062 5658 1113 5711 in
1160 5657 1394 5712 editione
1448 5659 1730 5716 Labbcaua
1782 5664 1877 5718 sed

1991 3179 2261 3245 omnium,
2305 3181 2393 3248 qui
2454 3179 2791 3234 Antiocheno
2850 3180 3008 3235 Petro
3063 3182 3569 3247 communicabant,

1992 3280 2163 3325 semet
2194 3270 2422 3326 Aeacius
2448 3271 2773 3325 communio:
2797 3287 2827 3327 e
2869 3274 3169 3341 suspendit.
3216 3276 3293 3329 Ac
3333 3290 3428 3344 per
3452 3275 3571 3330 hoc

1990 3361 2115 3431 quid
2160 3362 2386 3431 proluit,
2433 3362 2573 3433 quod
2617 3362 2781 3419 videri
2834 3364 3045 3419 volebat
3094 3365 3169 3419 illi
3228 3365 3403 3434 palam
3463 3383 3567 3423 neu

1990 3455 2409 3519 communicare,
2442 3455 2528 3510 cui
2559 3470 2656 3525 per
2680 3471 2807 3511 suos
2836 3456 3129 3526 complices
3158 3458 3438 3512 subsiciva:
3465 3457 3571 3530 [ιιι.

1990 3544 2091 3598 sub
2126 3543 2313 3615 signo]
2368 3546 2761 3600 communionis
2811 3546 3163 3601 nectebatur?
3209 3547 3574 3603 Alexandrino

1990 3634 2151 3692 Petro
2178 3636 2595 3692 communicavit
2614 3638 2862 3693 Aeacius.
2895 3637 3002 3694 Sed
3030 3640 3202 3696 donec
3226 3639 3437 3693 advixit
3465 3645 3574 3694 An-

1990 3718 2271 3783 tiOchenus
2300 3728 2521 3795 Petrus,
2563 3730 2650 3800 qui
2685 3731 2865 3801 utique
2913 3740 3034 3800 post
3077 3734 3401 3787 Aeaeiannm
3449 3748 3571 3788 cum

1993 3822 2153 3876 Petro
2181 3820 2547 3877 Alexandrino
2589 3821 2763 3876 foedus
2810 3822 2998 3877 initum
3027 3823 3309 3879 defunctus
3338 3827 3573 3879 ostendi-

1992 3920 2099 3979 tur,
2124 3927 2393 3981 nunquam
2425 3911 2763 3967 Autiocheno
2788 3912 2948 3967 Petro
2969 3914 3361 3968 Alexandrinus
3382 3914 3574 3969 Petrus

1991 4006 2390 4061 communicare
2419 4004 2597 4059 desiit.
2620 4003 2772 4070 Quod
2800 4004 3184 4059 catholicorum
3221 4003 3458 4058 continet
3488 4021 3572 4059 re-

1994 4096 2121 4150 latio
2148 4095 2508 4160 sacerdotum,
2534 4104 2960 4164 czeterorumqne
2979 4098 2997 4127 ⁸
3022 4094 3075 4150 in
3092 4096 3349 4151 catholica
3373 4097 3571 4151 duran-

1994 4189 2147 4255 tium,
2182 4201 2279 4241 nec
2303 4186 2685 4241 conscientiam
2727 4184 2894 4239 latere
2930 4194 3103 4253 potest
3128 4186 3291 4241 totius
3310 4186 3571 4243 Orientis.

1994 4282 2057 4334 Et
2086 4288 2144 4333 ut
2172 4288 2373 4333 taceam
2394 4318 2410 4343 ,
2442 4276 2581 4345 quod
2616 4291 2708 4344 per
2748 4275 2923 4343 ipsum
2970 4276 3236 4332 Zenonem
3284 4278 3570 4346 imperato-

1993 4387 2129 4437 rem,
2159 4369 2246 4439 qui
2279 4371 2460 4437 utique
2492 4365 2835 4427 Antiocheuo,
2855 4367 3046 4437 Petro,
3078 4382 3234 4435 quem
3260 4367 3569 4422 introduxe-

1997 4473 2108 4530 rat,
2134 4474 2181 4517 et
2214 4463 2366 4528 cujus
2401 4459 2755 4514 sacerdotium
2781 4459 3244 4527 con-probaverat,
3272 4460 3387 4515 sine
3411 4461 3572 4515 dubio

1995 4553 2373 4609 communione
2430 4552 2757 4620 permixtus,
2825 4550 3255 4605 communicabat
3313 4551 3568 4617 Aeacius,

1995 4647 2252 4716 plurimus
2317 4643 2648 4696 diversarum
2712 4639 2922 4694 urbium
2975 4641 3231 4710 praesules
3289 4657 3571 4711 possumus

1994 4741 2382 4799 demonstrare,
2412 4734 2605 4804 quibus
2629 4748 2750 4787 cum
2781 4734 3117 4787 Antiocheno
3144 4733 3301 4787 Petro
3328 4748 3569 4788 commu-

1996 4830 2295 4887 nicantibus
2346 4825 2693 4881 nihilominus
2744 4824 3172 4878 communicabat
3219 4828 3470 4889 Aeacius,
3517 4836 3573 4881 et

1999 4940 2093 4993 per
2122 4924 2241 4978 illos
2281 4919 2619 4975 Antiocheno
2650 4916 3072 4973 communicabat
3101 4927 3490 4986 consequenter
3517 4926 3572 4971 et

1997 5018 2172 5070 Petro.
2203 5012 2308 5066 Sed
2347 5011 2460 5063 haec
2485 5008 2621 5074 apud
2656 5005 2871 5060 Gnaeos
2922 5006 3093 5061 facilis
3136 5016 3193 5061 et
3236 5008 3571 5076 inculpabilis

1998 5117 2211 5179 putatur
2240 5117 2359 5159 esse
2388 5099 2689 5171 permixtio,
2719 5098 2859 5167 apud
2890 5113 3023 5168 quos
3049 5098 3192 5152 nulla
3218 5110 3300 5153 est
3329 5100 3441 5154 veri
3470 5098 3571 5152 l‘al-

1987 5312 2145 5366 etiam
2196 5308 2248 5363 itt
2289 5304 2686 5374 Quesnelliana,
2719 5318 2782 5358 ac
2837 5304 2888 5356 in
2943 5303 3244 5357 eodemmet
3274 5302 3567 5358 Veronensi

1983 5381 2199 5443 codice,
2231 5378 2281 5431 in
2305 5392 2413 5447 quo
2441 5376 2559 5447 solo
2584 5375 2669 5428 hic
2697 5384 2975 5442 repetitur,
3005 5376 3092 5427 illa
3118 5375 3292 5444 potius
3321 5374 3561 5441 epistulae

1985 5454 2050 5506 ad
2088 5445 2360 5503 Dardanas
2383 5445 2765 5514 adjudicarem.

2059 5522 2078 5551 ³
2113 5520 2184 5573 ld.
2219 5520 2364 5580 cod.,
2396 5516 2458 5567 Et
2480 5514 2649 5568 adhuc
2676 5515 2847 5567 dicitis
2867 5516 3140 5585 synodum.

2060 5590 2079 5620 ⁸
2108 5591 2182 5644 ld.
2214 5590 2358 5653 cod.,
2387 5589 2655 5657 jungatur.

2061 5662 2080 5690 '
2109 5662 2181 5715 ld.
2215 5659 2361 5723 cod.,
2389 5655 2439 5711 Ϊη
2460 5655 2713 5710 catholica
2745 5655 2866 5721 ﬁde.
