4098 6172
497 249 567 308 99
1840 238 2091 296 GELASII

2196 234 2345 292 ΑΗΕ
2387 235 2407 289 I

3667 217 3770 274 100

494 366 647 434 sique
670 359 951 423 discretio;
974 364 1029 413 et
1052 370 1174 412 cum
1201 355 1448 410 omnibus
1478 352 1723 423 reprobis
1748 352 1934 407 volunt
1954 366 2075 406 esse
2105 356 2156 414 Α
2182 366 2332 404 mens
2353 346 2722 401 Theodericus
2751 360 2847 398 rex
2888 342 2955 397 ad
3005 348 3251 395 nostrum
3290 342 3634 392 contumaces
3658 334 3769 389 cie-

497 466 828 518 communes,
860 452 912 505 in
941 450 1079 504 nulla
1111 457 1477 503 monstrantur
1507 447 1774 517 probitate
1808 456 2077 501 constare.

499 549 595 603 llic
615 554 789 600 autem
816 544 909 599 ille
931 552 1013 597 est
1036 542 1223 597 Petrus
1244 541 1634 604 Antiocltenus,
1666 553 1824 609 quem
1859 553 1957 593 nec
1989 553 2083 605 per

499 637 861 709 penitentiam
916 634 983 688 ad
1035 634 1467 687 communionem
1537 630 1859 685 catholicam
1916 629 2082 696 recipi

501 730 655 783 etiam
682 741 711 779 a
737 725 864 779 sede
888 724 1179 793 apostolica
1205 723 1445 792 poposcit
1471 722 1721 775 Aeacius.
1754 720 1832 773 Ac
1866 734 1960 785 per
1984 718 2084 771 hoc

502 823 517 851 ‘
549 828 845 889 queruntur
869 830 899 869 a
922 815 1077 869 nobis
1118 814 1372 868 Acacium
1403 813 1563 866 fuisse
1584 812 1927 873 damnatum;
1962 823 2082 862 cunt

503 910 600 963 ltac
633 906 960 977 professione
988 904 1296 974 prmmissa,
1338 913 1392 956 et
1432 904 1453 933 ³
1498 917 1591 970 per
1631 901 1859 955 infectos
1888 900 2083 953 Antio-

501 997 658 1051 cheni
690 996 830 1050 Petri
864 1007 1076 1062 recepta
1115 993 1522 1055 comnmnione,
1573 1007 1631 1045 se
1676 992 1931 1044 doceatur
1971 990 2084 1056 ipse

503 1091 808 1143 damnasse.
857 1087 957 1141 Ubi
1015 1096 1190 1140 tamen
1226 1100 1329 1138 non
1360 1086 1529 1138 solum
1563 1099 1688 1136 reus
1715 1092 1922 1136 tenetur
1954 1085 2086 1135 Ara-

504 1181 639 1247 cius,
676 1176 770 1232 sed
802 1191 989 1229 omnes
1015 1176 1294 1242 pontitices
1323 1172 1643 1237 Orientales,
1673 1173 1761 1241 qui
1789 1171 1897 1238 pari
1928 1172 2086 1222 mnth

504 1270 557 1323 in
611 1270 725 1322 hinc
772 1267 1016 1321 cecidere
1045 1263 1287 1332 contagia
1308 1304 1323 1327 ,
1358 1265 1656 1330 meritoque
1684 1261 1841 1313 simili
1870 1260 2087 1312 damna-

506 1361 649 1414 tione
682 1357 703 1387 ³
737 1368 984 1410 tenentur
1010 1354 1272 1417 obstricti,
1304 1367 1403 1405 nec
1437 1352 1557 1403 inde
1588 1350 1791 1418 possint
1818 1348 2086 1403 ullatenus

505 1446 786 1517 expediri,
835 1448 935 1500 nisi
982 1445 1108 1498 dum
1156 1452 1443 1509 supersunt
1470 1457 1497 1493 a
1528 1442 1722 1493 talibus
1751 1440 2083 1493 abstinendo.

508 1539 619 1593 Nec
666 1554 763 1591 nos
807 1547 1020 1605 Oportet
1053 1540 1101 1588 in
1149 1534 1343 1587 talibus
1368 1534 1544 1585 causis
1574 1532 1674 1585 nisi
1705 1532 1806 1584 illis
1830 1530 2049 1583 credere
2071 1569 2086 1592 ,

508 1629 596 1697 qui
639 1638 730 1681 aut
779 1626 998 1680 omnino
1027 1641 1085 1679 se
1113 1625 1288 1678 sciunt
1315 1625 1381 1676 ab
1410 1623 1564 1692 hujus
1593 1621 1826 1689 perﬁdiae
1857 1621 2087 1674 nexibus

2186 442 2327 496 ricos
2357 439 2562 494 remisit
2589 451 2834 491 examen.

2600 525 2834 580 Gelasius
2865 521 3059 577 Victori
3094 521 3347 588 episcopo.

2704 616 2846 687 (Lib.
2880 632 2958 679 ιιι,
2999 628 3117 682 cap.
3145 610 3261 681 95.)

2265 732 2471 786 Dudum
2502 732 2570 786 de
2600 730 2807 786 Sancta:
2848 726 3066 796 Agatha}
3112 722 3349 789 basilica,
3398 735 3517 790 quae
3561 719 3613 772 in
3663 719 3769 771 ("a-

2186 827 2346 877 clauo
2378 824 2539 875 fundo
2568 821 2695 875 olim
2738 820 2975 873 noscitur
3007 815 3316 880 constituta,
3364 812 3766 891 processiouem

2186 915 2287 967 sub
2317 924 2494 965 nostra
2525 912 2919 966 consultatione
2956 906 3335 974 suspenderas,
3370 916 3621 957 asserens
3649 917 3768 968 pos-

2184 1004 2444 1058 sessionis
2470 1002 2745 1055 domiuum
2775 1001 2954 1053 omnia
2985 1015 3103 1065 qua:
3139 997 3214 1050 illi
3247 994 3658 1049 conferebantur
3682 1007 3770 1042 ac-

2187 1100 2386 1166 cipere,
2423 1107 2476 1150 et
2504 1097 2620 1150 suis
2645 1095 2830 1148 usibus
2861 1092 3161 1162 applicare;
3204 1104 3302 1143 nec
3331 1087 3438 1141 illic
3468 1098 3627 1154 po~se
3670 1082 3769 1136 tui-

2190 1190 2478 1242 nistrorum
2508 1187 2598 1239 liei
2628 1187 2837 1253 aliquos
2862 1183 2924 1236 ad
2971 1182 3371 1250 processionem
3407 1177 3616 1239 venire,
3644 1188 3767 1227 cum

2189 1278 2330 1333 nulla
2360 1277 2466 1330 illic
2502 1277 2751 1329 alimenta
2802 1275 3154 1341 susciperent.
3206 1270 3310 1324 Sed
3340 1283 3509 1337 nuper
3536 1268 3617 1319 vir
3647 1281 3767 1335 spe

2188 1368 2396 1422 ctabilis
2427 1369 2615 1421 Petrus
2648 1374 2829 1419 noster
2870 1362 3023 1416 nobis
3056 1359 3444 1414 rationabiliter
3483 1358 3769 1421 intimavit,

2192 1462 2292 1514 lzoc
2322 1461 2459 1522 quod
2486 1460 2537 1512 in
2568 1458 2778 1526 culpam
2811 1464 3029 1510 venerat
3057 1470 3118 1509 se
3159 1454 3335 1506 taliter
3371 1451 3669 1513 ordinasse,
3712 1459 3771 1502 ut

2192 1552 2438 1605 diversa
2467 1567 2583 1619 quae
2613 1551 2667 1602 in
2701 1550 2937 1602 Ecclesia
2965 1562 3126 1614 supra
3151 1548 3271 1598 Iicta
3296 1544 3636 1597 diversorum
3661 1543 3773 1595 fne-

2193 1646 2301 1696 rint
2352 1643 2622 1695 oblatione
2659 1640 2871 1704 collata,
2920 1639 2986 1693 ad
3029 1638 3339 1706 episeopum
3390 1645 3483 1688 aut
3527 1637 3593 1686 ad
3648 1648 3769 1684 eum

509 1719 689 1772 ⁶¹ίνῖ¹τ⁰
719 1719 978 1772 ῧθηθίίοίο
1010 1732 1226 1771 Servare
1250 1715 1535 1780 discretos,
1567 1721 1659 1767 θυι
1687 1714 1767 1767 “is
1794 1713 1881 1781 qui
1910 1728 1937 1764 ³
1969 1727 2084 1778 pe"
2124 1729 2167 1787 Β
2194 1737 2275 1789 cui
2309 1736 2583 1788 basilicam
2616 1732 2947 1800 deputaverit
2973 1770 2987 1793 ,
3038 1731 3291 1782 universa
3323 1726 3621 1795 pertineant
3655 1738 3667 1775 :
3702 1725 3771 1776 i'a

511 1811 735 1863 tidorum
777 1808 1050 1861 consortio
1102 1814 1459 1861 recesserunt.
1490 1804 1620 1858 Nam
1667 1806 1721 1858 itt
1769 1804 2089 1873 perﬁdorum

510 1900 755 1969 Contagio
784 1899 1120 1964 constitutis,
1162 1914 1320 1968 quam
1369 1898 1523 1952 tidem
1557 1913 1653 1967 pro
1682 1898 1906 1952 sincera:
1938 1913 2089 1951 cont-

511 1994 777 2048 munionis
807 1993 1177 2046 tesdficatione
1208 2005 1487 2059 possumus
1530 1990 1788 2044 adbibere
1811 2030 1825 2055 ,
1860 1991 1947 2058 qui
1980 1990 2001 2019 ⁸
2036 1991 2089 2041 in

512 2084 721 2138 sincera
746 2083 1121 2136 communione
1157 2090 1283 2135 sunt
1313 2081 1334 2111 ⁸
1360 2081 1578 2147 polluti?
1604 2080 1713 2134 Nec
1733 2095 1917 2135 eorum
1946 2080 2095 2133 testi-

513 2175 709 2228 moniis
753 2175 849 2226 niti
898 2188 995 2242 pro
1039 2174 1264 2226 veritate
1294 2174 1617 2239 poterimus,
1650 2172 1737 2239 qui
1783 2171 2095 2239 impugnare

514 2282 620 2319 non
670 2275 921 2319 Verentur
954 2264 1060 2335 [aL
1096 2259 1375 2329 nituntur]
1426 2261 1747 2314 falsitatibus
1792 2262 2091 2315 veritatem.

514 2358 698 2411 Ilestat
748 2367 801 2409 ut
852 2372 954 2409 non
998 2356 1097 2408 nisi
1152 2356 1253 2408 illis
1305 2355 1527 2407 credere
1555 2352 1844 2408 debeamus
1910 2355 1998 2423 qui
2028 2355 2095 2408 ab

516 2449 658 2501 omni
686 2448 1003 2516 contagione
1032 2456 1154 2499 sunt
1183 2447 1359 2499 liberi.

1067 2538 1551 2593 EPISTOLARUM

830 2624 1031 2663 CELASII
1062 2626 1205 2663 PARE
1232 2625 1405 2663 DECEH
1440 2625 1775 2665 FRAGMENTA.

704 2704 803 2768 (Ex
835 2702 1054 2773 Collecl.
1082 2718 1345 2773 canonum
1376 2702 1523 2756 card.
1560 2702 1902 2773 Deusdedit.)

905 2772 1139 2826 Gelusins
1163 2772 1431 2827 διείρειὶηο
1459 2775 1719 2841 episcopo.

1051 2844 1193 2911 (Lib.
1226 2859 1263 2905 I,
1297 2859 1418 2911 cap.
1452 2845 1601 2910 HI.)

588 2911 645 2968 In
676 2913 903 2967 ecclts‘a
936 2914 1072 2967 beati
1107 2914 1356 2981 martyris
1390 2914 1710 2981 Eleutlterii,
1740 2930 1856 2984 quae
1905 2914 1956 2968 in
2008 2914 2098 2968 Ili-

518 3006 870 3061 stoniensium
912 3007 1142 3061 civitatis
1195 3010 1447 3074 paronhia
1499 3009 1754 3076 prolatur
1801 3021 1922 3061 esse
1967 3021 2097 3061 con-

519 3108 740 3165 structa,
771 3096 1036 3151 Juliauum
1069 3099 1372 3162 diaconum,
1416 3098 1461 3152 si
1510 3098 1585 3151 nil
1639 3098 1689 3151 in
1720 3111 1786 3152 eo
1831 3108 1914 3153 est
1956 3098 2095 3167 quod

519 3200 706 3243 contra
739 3204 1003 3242 canonum
1046 3189 1220 3242 veniat
1264 3190 1523 3254 instituta,
1565 3189 1858 3259 presbyteri
1897 3189 2098 3243 honore

520 3282 794 3336 decorabi.
831 3300 840 3332 :
882 3284 1112 3335 sciturus
1156 3296 1277 3333 eum
1324 3282 1619 3336 visitatoris
1644 3292 1693 3336 te
1722 3284 1958 3347 nomine,
1992 3298 2097 3337 non

521 3371 807 3426 cardinalis
834 3387 1049 3427 creasse
1082 3372 1373 3440 pontiﬁcis.

981 3462 1128 3515 Idem
1164 3464 1356 3517 Sabino
1379 3464 1635 3532 episcopo.

1224 3554 1409 3625 (una)

591 3646 843 3711 Quartum
875 3645 1212 3701 defensorem
1235 3648 1513 3699 diaconum
1550 3648 1765 3700 sibimet
1796 3650 2099 3702 consecrari

522 3736 748 3805 populus
770 3735 1131 3789 Grumentinaa
1152 3737 1382 3791 civitatis
1404 3742 1661 3805 exposcit.
1697 3738 1846 3792 Ilnnc
1875 3755 2024 3807 ergo,
2056 3741 2099 3792 si

525 3830 599 3882 nil
635 3837 719 3882 est
765 3829 905 3905 quod
949 3829 1068 3897 ejus
1118 3845 1359 3897 persona:
1399 3830 1567 3898 possit
1608 3831 1823 3899 opponi,
1874 3832 2100 3885 diaconii

521 3919 863 3988 provectioue
903 3918 1183 3973 decorabis
1239 3938 1252 3974 :
1304 3930 1361 3974 ut
1404 3923 1615 3975 noverit
1663 3933 1838 3976 tamen
1884 3922 2102 3977 dilectio

521 4022 609 4065 tua
646 4012 747 4066 hoc
782 4027 841 4067 se
870 4013 1241 4083 delcgantibus
1278 4015 1431 4069 nobis
1460 4015 1680 4084 exsequi
1711 4016 1998 4071 visitatoris
2021 4016 2102 4071 of-

521 4101 663 4166 ticio,
696 4118 799 4158 non
832 4114 1095 4173 potestate
1124 4106 1321 4175 pr0prii
1353 4108 1669 4160 sacerdotis.

555 4193 788 4250 Gelasius
822 4197 1123 4267 Quinigesio
1154 4208 1200 4249 et
1238 4195 1571 4251 Constantino
1614 4199 1901 4266 episcopis,
1933 4199 2066 4252 inter

1201 4279 1402 4321 ca'tera.

1034 4358 1173 4424 (Lib.
1203 4374 1274 4421 tv,
1319 4374 1436 4425 cap.
1469 4359 1586 4429 56.)

2194 1838 2251 1881 ut
2280 1843 2342 1881 ex
2370 1827 2468 1880 ltoc
2489 1823 2807 1893 compendio
2833 1830 2973 1875 sarta
3013 1832 3151 1875 tecta
3192 1819 3438 1873 ecclesia:
3478 1831 3771 1885 procuren-

2195 1928 2299 1971 tur.
2355 1918 2420 1969 Et
2451 1918 2571 1970 ideo
2619 1916 2779 1969 frater
2825 1913 3193 1968 saluberrima)
3239 1909 3603 1978 diSpositionis
3650 1922 3775 1974 pro-

2198 2011 2429 2065 fessione
2454 2018 2720 2075 suscepta,
2752 2007 3148 2076 processionem
3177 2003 3497 2073 supradicta:
3532 2001 3779 2056 ecclesia:

2195 2111 2248 2155 te
2286 2101 2537 2155 convenit
2561 2099 2831 2153 ordinare.

2410 2189 2643 2245 Gelasins
2675 2190 2914 2256 llespccto
2956 2197 3002 2242 et
3035 2186 3262 2239 Leonino
3292 2183 3563 2254 episcopis.

2693 2303 2817 2370 (Lib
2870 2318 2945 2363 tu,
2980 2317 3097 2369 cap.
3124 2300 3240 2368 93.)

2266 2419 2501 2474 Joannes
2545 2416 2956 2470 archidiaconus
2996 2411 3390 2467 Falerioneusis
3438 2409 3585 2463 urbis
3628 2424 3783 2464 evor-

2198 2511 2401 2565 sionem
2436 2510 2677 2563 ecclesiae
2705 2508 2771 2560 ab
2792 2523 2857 2561 eo
2883 2509 2971 2576 qui
3008 2504 3254 2574 praesulis
3284 2502 3500 2555 nomine
3528 2510 3784 2553 censetur

2198 2604 2438 2659 ell'ectam
2468 2603 2651 2670 grandi
2680 2600 2833 2653 nobis
2876 2597 3270 2667 supplicatione
3313 2604 3637 2663 eoaquestus
3661 2602 3783 2655 est;

2200 2696 2270 2749 ita
2304 2705 2360 2748 ut
2381 2710 2438 2748 se
2462 2693 2710 2747 videlicet
2738 2691 2803 2745 de
2833 2690 2931 2745 loci
2956 2688 3038 2743 Sui
3064 2687 3527 2742 administratione
3549 2684 3784 2753 deiecto,

2202 2787 2304 2840 iter
2331 2786 2429 2839 sibi
2456 2785 2680 2840 liberum
2710 2783 2774 2837 ad
2804 2779 3206 2851 dep0pulandas
3238 2779 3520 2833 facultates
3552 2776 3784 2846 aperiret

2199 2876 2458 2931 ecclesiae.
2494 2875 2622 2929 Nam
2651 2873 2963 2928 ministeriis
2992 2880 3047 2926 et
3090 2880 3278 2925 ornata
3321 2886 3416 2937 pro
3459 2884 3556 2923 sua
3596 2869 3785 2923 volun-

2203 2977 2309 3021 tate
2341 2968 2630 3026 distracto,
2678 2964 2934 3033 praedium
2980 2965 3142 3017 etiam
3192 2972 3491 3030 paternum,
3537 2960 3679 3029 quod
3733 2960 3785 3013 in

2126 3089 2172 3151 ο
2204 3058 2511 3112 alimoniam
2544 3056 2860 3111 clericorum
2890 3053 3149 3109 decessor
3178 3054 3292 3120 ejus
3338 3054 3650 3121 reliquerat,
3692 3067 3787 3104 ve-

2203 3152 2279 3204 lut
2310 3151 2582 3218 proprium
2607 3149 2718 3202 suis
2746 3147 3066 3201 utilitatibus
3094 3144 3376 3200 vindicavit
3411 3162 3423 3195 :
3449 3145 3787 3198 obviantem-

2200 3258 2301 3312 que
2333 3242 2693 3310 supradictum
2744 3240 3213 3304 archidiaconum,
3266 3245 3598 3305 czeterosque
3634 3251 3788 3290 com-

2203 3335 2405 3402 plures,
2438 3334 2525 3401 qui
2558 3332 2756 3400 pariter
2805 3329 3204 3392 reclamabant,
3246 3328 3313 3381 ab
3357 3327 3630 3381 ordinibus
3676 3330 3790 3381 suis

2203 3426 2431 3478 credidit
2478 3423 2868 3477 excludendos.
2937 3422 2998 3474 Iit
3048 3421 3209 3484 ideo,
3261 3421 3785 3485 fratresxarissimi,

2205 3514 2506 3569 Divinitatis
2530 3514 2719 3567 intuitu
2744 3512 2997 3566 Ecclesia:
3024 3526 3240 3566 causam
3263 3526 3467 3565 summa
3491 3510 3790 3566 attentione

2207 3606 2546 3668 trutinantes,
2576 3606 2719 3657 omni
2754 3604 2977 3658 veritate
2996 3603 3255 3667 discussa,
3276 3602 3343 3657 de
3370 3604 3659 3670 compertis
3680 3603 3787 3656 cita

2205 3697 2403 3749 nostris
2452 3696 2672 3750 auribus
2713 3695 2977 3749 relatione
3007 3695 3243 3765 signate;
3283 3705 3338 3748 ut
3384 3705 3660 3763 perspecta
3701 3695 3788 3748 in-

2202 3789 2495 3844 Structione
2520 3790 2809 3859 diligentia:
2861 3800 3053 3843 vestra:
3096 3790 3221 3859 quid
3269 3789 3381 3843 ficri
3428 3789 3620 3843 debeat
3661 3803 3789 3843 cen-

2202 3893 2347 3933 SCIIIII
2356 3896 2435 3933 IIS.

2453 3969 2685 4025 Gelasius
2711 3971 2863 4025 Justo
2891 3982 2937 4025 (ι
2968 3972 3231 4042 Stephano
3264 3972 3536 4041 episcopis.

2728 4081 2869 4151 (Lib.
2906 4097 2977 4147 In,
3012 4097 3131 4150 cap.
3160 4081 3274 4150 97.)

2276 4192 2463 4247 Frater
2490 4202 2545 4247 et
2591 4194 2942 4261 coepiscopus
2992 4206 3175 4246 noster
3227 4192 3502 4246 I‘rofieuus
3549 4191 3788 4259 Salpinrc

2204 4285 2459 4337 sacerdos
2493 4283 2744 4337 Ecclesia:
2772 4284 3003 4352 pt-titorii
3050 4283 3202 4336 nobs
3250 4281 3609 4336 insinuatione
3656 4297 3788 4347 sug-

2204 4377 2389 4445 gessit,
2429 4377 2759 4428 lirumariutn
2816 4374 3157 4442 spectabilem
3205 4375 3406 4436 virum,
3460 4388 3578 4424 cum
3628 4372 3788 4425 nullis

590 4446 739 4503 Felix
770 4459 822 4503 ct
852 4448 1039 4504 Petrus
1070 4451 1321 4504 Ecclesia:
1349 4452 1566 4505 Nolana:
1601 4452 1781 4507 clerici
1817 4463 2091 4509 contuma-

2203 4466 2537 4519 exstantibus
2563 4468 2741 4519 causis
2773 4480 2986 4518 servum
3020 4465 3264 4518 ecclesiae
3298 4463 3610 4531 gravissima
3639 4464 3789 4517 czede

520 4540 654 4593 citer
696 4551 749 4594 et
776 4550 959 4593 contra
1010 4541 1361 4594 constitutum
1404 4542 1629 4596 rebelles
1675 4545 1741 4597 ad
1787 4546 2095 4599 comitatum

523 4628 616 4683 filii
646 4632 747 4683 mei
776 4632 916 4698 regis
949 4639 1263 4696 putaverunt
1292 4646 1410 4685 esse
1456 4634 1872 4700 properandum,
1915 4636 2098 4689 dicen-

522 4729 605 4775 tes
639 4721 738 4774 sibi
788 4723 893 4774 vim
926 4721 1086 4775 fuisse
1115 4731 1443 4791 generatam,
1492 4723 1651 4776 tacito
1692 4724 1972 4779 clericatus
2018 4726 2097 4779 of-

524 4812 645 4864 licio
673 4827 686 4864 :
718 4820 774 4866 ct
800 4827 842 4864 at
869 4817 1118 4867 ctoritate
1146 4817 1433 4881 promerita
1467 4823 1651 4867 contra
1674 4814 1982 4868 civilitatem
2014 4832 2099 4871 re-

448 4898 481 4973 )",
520 4901 749 4969 demptis
769 4903 868 4956 sibi
894 4903 1133 4958 barbaris
1157 4906 1574 4973 suprascriptum
1608 4904 1918 4973 episcopum
1941 4921 2094 4960 suum

520 4991 769 5062 gravibus
815 4993 1022 5061 injuriis
1060 5004 1114 5048 et
1153 4993 1450 5063 diSpendiis
1498 4996 1810 5049 affecerunt.
1860 4996 2090 5051 Proinde

520 5085 885 5138 necessarium
943 5085 1041 5138 fuit
1087 5096 1145 5139 ut
1189 5086 1257 5140 ad
1309 5086 1556 5141 eumdem
1611 5086 1889 5142 dominum
1932 5089 2095 5143 lilium

522 5188 699 5228 meum
738 5174 1076 5243 supradictus
1114 5176 1277 5232 frater
1317 5187 1497 5232 noster
1536 5179 1771 5233 Serenus
1815 5180 2098 5249 episcOpus

520 5266 851 5329 convolaret,
878 5276 1200 5335 ostensaqae
1244 5267 1430 5323 fraude
1471 5269 1762 5323 secundum
1809 5271 2095 5325 beatitudi-

518 5370 642 5410 nem
681 5366 979 5425 temporum
1010 5372 1227 5413 suorum
1270 5364 1351 5415 vir
1388 5360 1909 5430 praecel!eutissimus
1953 5362 2092 5419 filius

595 5494 610 5523 ί
638 5492 711 5546 Id.
736 5494 881 5557 cod.,
907 5493 1026 5559 quid
1043 5504 1343 5562 queruntur.

592 5563 614 5593 ’
642 5562 717 5617 Id.
741 5564 886 5630 cod.,
911 5580 998 5631 per
1025 5566 1306 5631 anfractus.

593 5631 614 5661 ³
639 5634 714 5687 Id.
740 5636 882 5699 cod.,
908 5646 1191 5688 teneantur.

2203 4565 2511 4622 mactasset,
2543 4567 2669 4612 tunc
2709 4558 2871 4610 etiam
2899 4557 2964 4609 ad
3014 4556 3309 4623 augendam
3353 4554 3624 4608 violentia:
3675 4569 3789 4608 sum

2203 4647 2555 4714 pervicaciam
2585 4649 2946 4711 supradictnm
2978 4646 3270 4699 antistitem
3298 4646 3631 4713 gravissimis
3657 4660 3789 4699 con-

2204 4735 2436 4788 tumeliis
2461 4734 2728 4788 affecisse.
2765 4736 2826 4789 Et
2855 4736 2997 4800 ideo,
3032 4736 3224 4790 fratres
3249 4735 3533 4799 carissimi,
3562 4737 3606 4789 si
3635 4752 3661 4785 a
3697 4750 3790 4787 vo-

2202 4826 2283 4881 bis
2307 4823 2612 4878 admonitus
2641 4828 2704 4878 ad
2747 4826 2999 4896 judicium
3023 4838 3257 4881 vestrum
3284 4826 3793 4894 inquisitionemque

2202 4919 2535 4980 convenerit,
2568 4919 2792 4971 veritate
2828 4918 3066 4971 discussa
3101 4919 3241 4972 unde
3289 4926 3469 4970 tantus
3520 4918 3791 4985 superbia:

2203 5007 2422 5075 spiritus
2444 5016 2535 5061 aut
2564 5008 2827 5061 violentia:
2853 5011 3133 5077 eonceptio
3165 5008 3401 5074 ﬂuxerit,
3449 5008 3649 5077 quidve
3678 5007 3793 5061 fue-

2206 5099 2272 5154 rit
2304 5099 2444 5167 quod
2472 5098 2705 5167 pontifex
2739 5109 2885 5153 tanta
2908 5100 3237 5154 laceraretur
3260 5101 3563 5163 insolentia,
3589 5098 3792 5154 nostris

2207 5189 2425 5243 auribus
2456 5190 2715 5244 relatione
2752 5191 2980 5260 signate.
3040 5192 3145 5245 Aut
3189 5193 3233 5246 si
3282 5194 3414 5245 forte
3452 5192 3609 5245 simili
3652 5206 3788 5260 pra:-

2205 5281 2508 5348 sumptione
2537 5284 2940 5349 contempserit,
2973 5292 3290 5351 potestatem
3319 5284 3418 5338 sibi
3444 5283 3787 5353 supradictus

2204 5370 2447 5439 pontifex
2482 5373 2694 5426 noverit
2721 5386 2842 5425 esse
2869 5387 3200 5440 eottcessam,
3230 5383 3490 5444 quatenus
3526 5372 3667 5442 apud
3707 5375 3765 5443 ju

2279 5503 2299 5531 ⁸
2332 5503 2405 5555 Id.
2438 5503 2584 5568 cod.,
2620 5505 2672 5555 in
2697 5504 2968 5557 insincera.

2277 5573 2295 5601 ⁸
2328 5573 2398 5625 Id.
2427 5574 2571 5636 Cod.,
2606 5576 2773 5643 positi.
