4098 6172
284 154 374 211 {Ol

1500 154 1853 214 EPISTOLzE
1894 156 1981 211 ET
2022 158 2366 216 DECRETA.

3467 176 3566 232 102

278 270 451 326 dicem
477 264 765 336 provinciae
784 265 1047 321 atrocium
1085 265 1408 336 injuriarum
1442 277 1646 336 qurerat
1678 282 1876 337 propo-
1906 273 1951 327 Α
1982 269 2245 326 obvuntes
2268 274 2550 345 episcopos
2582 276 2632 330 in
2656 278 2843 332 eadem
2874 277 3094 348 regione
3127 288 3564 355 metropolitanum

276 364 469 419 sitione
497 360 794 414 undictam.

370 454 610 509 Gelasius
646 450 921 521 Majorico,
965 450 1159 505 Sereno
1200 462 1247 507 ct
1275 450 1471 505 Joamti
1501 453 1772 520 episcOpis.

791 542 932 612 (Lib.
966 558 1042 605 ιιι,
1076 558 1196 612 cap.
1232 544 1347 609 98.)

341 638 443 705 Qui
470 646 527 691 et
553 635 802 688 humanis
834 634 1041 703 legibus
1075 633 1275 688 iucivili
1305 635 1608 690 temeritate
1628 635 1868 699 calcatis,

271 742 321 785 et
351 729 653 783 reverentia
678 726 951 792 religionis
982 725 1213 794 abjecta,
1252 726 1334 781 vel
1367 727 1730 781 ecclesiastica
1762 730 1871 798 pri-

274 823 473 890 vilegia
500 820 712 873 calt-are
740 817 1098 883 contendunt,
1127 817 1210 871 vel
1244 817 1466 872 ubilibet
1500 819 1550 871 iu
1574 834 1865 887 pauperum

272 911 522 979 prosilire
553 909 915 977 dispendium,
946 923 1044 962 nec
1070 906 1373 975 hujusmodi
1397 911 1585 962 saltem
1624 923 1868 963 commo-

271 1005 367 1055 niti
398 999 741 1067 convictique
768 998 1065 1067 nequitiam
1095 1001 1277 1065 sopire
1316 998 1677 1063 consentiunt,
1706 1007 1867 1068 atque

271 1096 416 1147 illata
449 1090 619 1146 sacris
646 1092 808 1144 rebus
834 1089 1156 1142 detrimenta
1199 1092 1433 1152 sancire,
1466 1091 1661 1144 merito
1702 1092 1865 1147 divini

270 1186 511 1240 muneris
537 1193 663 1237 sunt
692 1185 1102 1253 participatione
1140 1183 1382 1251 privandi
1419 1201 1433 1238 :
1464 1194 1518 1236 ttt
1553 1185 1707 1253 hujus
1741 1198 1865 1252 per-

269 1279 518 1345 ceptione
550 1290 614 1328 ne
637 1280 873 1335 careant,
904 1273 1044 1340 quod
1076 1273 1348 1342 sacrilegis
1378 1274 1596 1328 ausibus
1633 1275 1865 1328 habuere

268 1367 571 1434 despectui.
631 1366 967 1431 Quapropter
1016 1364 1295 1433 Dionysii,
1346 1365 1435 1433 qui
1490 1366 1626 1419 sicut
1670 1378 1863 1419 vestra:

268 1470 449 1513 textus
499 1458 778 1511 relationis
827 1454 1103 1520 ostendit,
1169 1470 1275 1509 non
1321 1457 1492 1510 solum
1540 1457 1862 1513 Viboneusis

268 1551 530 1605 Ecclesia:
573 1550 692 1617 jura
727 1548 974 1613 turbare,
1021 1548 1115 1601 sed
1156 1549 1314 1601 etiam
1366 1562 1673 1618 repensare,
1718 1552 1856 1618 quod

1977 376 2105 415 suus
2138 363 2631 432 delzeatordinare;
2663 370 3018 439 eumdemqtte
3047 373 3217 442 ipsum
3250 382 3560 447 metropoli—

1977 459 2183 517 tanum,
2216 454 2259 508 si
2293 455 2523 508 humana
2554 473 2726 514 morte
2770 462 3062 529 transierit,
3111 479 3215 518 non
3266 468 3368 521 nisi
3416 485 3563 525 com-

1976 546 2331 613 provinciales
2358 547 2596 617 episc0pi
2619 549 2771 618 juxta
2798 551 3021 606 fortnam
3045 564 3283 610 veterem
3313 560 3561 616 studeant

1973 636 2257 701 ordinare;
2290 649 2552 707 quatenus
2582 658 2699 710 quae
2733 646 3034 700 veneranda
3064 648 3305 704 decrevit
3332 656 3562 721 antiqui-

1973 734 2054 781 tas
2085 730 2259 782 uultus
2282 729 2494 784 sibimet
2523 745 2708 787 contra
2736 734 2812 787 fas
2842 751 3101 804 usurpare
3131 743 3443 797 contendat.

2172 818 2409 877 Gclasius
2436 827 2593 887 clero,
2627 828 2797 881 ordin.
2829 837 2876 881 et
2914 830 3050 897 plebi
3085 829 3371 887 Brettdes'i.

2297 913 2396 982 (Ex
2432 916 2672 968 Anselm.
2702 916 2795 970 lib.
2836 933 2910 985 vr,
2951 934 3069 985 cap.
3100 922 3219 990 46.)

2041 995 2313 1054 Concesso
2344 1002 2497 1056 vobis
2528 1020 2685 1071 quem
2720 1008 2925 1075 petistis
2969 1010 3209 1065 antistite
3239 1012 3402 1069 fratre
3445 1015 3557 1084 jam

1968 1098 2020 1140 et
2051 1092 2371 1160 coepiscopo
2401 1108 2522 1147 meo
2549 1094 2779 1159 Juliano,
2828 1100 3191 1154 necessarium
3234 1102 3331 1157 luit
3366 1107 3554 1159 eodem

1966 1178 2032 1232 ad
2064 1182 2345 1236 ecclesiam
2371 1198 2522 1237 suam
2557 1201 2675 1241 mox
2727 1188 2952 1243 remisso
2983 1190 3049 1243 ad
3084 1207 3177 1245 vos
3207 1205 3388 1249 nostra
3419 1200 3554 1252 80ιί-

1969 1280 2055 1337 pta
2106 1272 2304 1339 pariter
2365 1273 2679 1342 destinare;
2731 1280 2923 1340 quibus
2974 1288 3333 1351 agnosceretis
3377 1290 3552 1344 eidem

1966 1362 2131 1416 fuisse
2163 1376 2512 1434 pratceptum,
2567 1385 2632 1421 ne
2682 1384 2915 1438 unquam
2947 1375 3313 1432 ordinationes
3345 1395 3551 1447 pracsu—

1966 1463 2072 1506 mat
2097 1454 2325 1510 illicitas.
2375 1459 2454 1511 Ne
2492 1460 2757 1528 bigatuutn
2790 1472 2842 1516 et
2874 1465 2964 1533 qui
3010 1466 3269 1534 virginem
3318 1486 3423 1525 non
3470 1484 3553 1528 est

1963 1545 2187 1600 sortitus
2233 1564 2478 1617 uxorem,
2532 1561 2691 1619 atque
2740 1554 3064 1611 illitteratum
3118 1560 3201 1613 vel
3240 1562 3551 1631 obnoxium,

267 1642 520 1710 nequiter
542 1640 891 1702 admiserant,
917 1649 1254 1706 respuerant,
1274 1654 1444 1692 sacra:
1465 1641 1854 1694 communionis

1963 1637 2014 1689 in
2037 1638 2210 1706 aliqua
2243 1652 2392 1709 parte
2438 1658 2549 1711 cor;
2572 1645 2680 1698 Oris
2712 1646 2966 1713 debilem,
3002 1660 3344 1720 notatumque
3376 1657 3553 1712 modis

265 1746 557 1788 arceantur
585 1746 825 1792 accessu,
858 1732 1028 1784 donec
1067 1746 1184 1798 qua:
1218 1730 1404 1783 honori
1428 1731 1608 1784 divino
1636 1746 1855 1800 compe-

266 1838 379 1881 tunt
413 1827 617 1879 dist-ant
639 1824 826 1878 devota
858 1833 1035 1876 mente
1064 1822 1293 1876 deferre.
1319 1822 1513 1877 Contra
1540 1839 1672 1892 quos
1697 1824 1855 1877 etiam

265 1916 525 1987 quidquid
559 1913 784 1983 publicis
815 1912 1021 1981 legibus
1054 1912 1136 1981 agi
1170 1914 1381 1979 poterit,
1426 1913 1645 1967 minime
1692 1915 1859 1983 negli-

264 2016 441 2078 gatur.
478 2008 539 2061 Ut
567 2006 655 2075 qui
679 2016 967 2073 utrumque
990 2012 1323 2073 tetupscruut
1352 2007 1589 2074 utrisque
1610 2005 1854 2070 cohibiti,

267 2112 382 2155 LIIII
427 2099 532 2153 sibi
582 2114 742 2167 quam
783 2098 996 2150 ca-teris
1041 2099 1311 2165 prmbt-aut
1365 2097 1506 2164 quod
1558 2100 1856 2152 necessaria

264 2200 553 2268 disciplina
588 2198 1112 2267 poscitexemplum.
1135 2194 1455 2250 lecstinus
1489 2210 1615 2248 vero
1639 2193 1856 2264 presby-

264 2301 353 2347 ter
388 2290 571 2343 fratris
616 2300 671 2343 et
718 2289 1018 2357 coepiscopi
1069 2286 1241 2341 nostri
1293 2286 1480 2341 Sereui
1538 2286 1626 2353 qui
1670 2295 1855 2339 contra

264 2382 576 2451 pontiﬁcale
599 2382 879 2449 judicium,
903 2389 1192 2448 contraque
1219 2378 1525 2448 apostolica:
1549 2377 1693 2432 sedis
1716 2394 1859 2430 man-

260 2474 387 2529 data
428 2487 788 2541 prorumpens
831 2471 1152 2541 supradictis
1183 2470 1612 2525 communionem
1650 2484 1854 2522 sacram

262 2564 577 2618 ministrare
625 2563 999 2631 prmsumpsit;
1048 2577 1166 2616 cum
1199 2578 1303 2615 non
1341 2561 1574 2630 potuerit
1611 2560 1858 2629 ignorare

260 2658 591 2712 sententiam
649 2657 849 2726 proprii
892 2656 1226 2724 sacerdotis,
1274 2655 1343 2709 ab
1388 2654 1567 2710 ofﬁcio
1613 2658 1857 2724 protinus

262 2752 645 2809 ecclesiastico
676 2752 927 2819 pellatur.
963 2750 1031 2806 Ut
1070 2749 1248 2804 nullus
1278 2748 1536 2803 Ecclesia:
1587 2748 1857 2803 tuittiStro-

262 2861 386 2900 rum
407 2854 599 2900 contra
630 2845 954 2912 pontiﬁcalia
984 2843 1224 2897 instituta
1255 2842 1435 2894 venire
1464 2840 1772 2896 contendat.

590 2936 827 2990 Helusius
852 2935 1043 2989 Joatmi
1071 2936 1308 3004 episcopo
1336 2930 1551 2988 Pisano.

788 3027 930 3098 (Lib.
965 3042 1041 3092 ttt,
1075 3041 1193 3093 cap.
1226 3024 1339 3088 99.)

336 3123 719 3179 Eccleiasliea
760 3122 1079 3183 ministeria,
1125 3135 1244 3189 quae
1286 3118 1576 3188 unicuique
1625 3117 1858 3173 basdirze

264 3219 503 3272 ﬁdelium
531 3217 750 3271 devotio
781 3215 1075 3283 deputavit,
1112 3213 1175 3265 ad
1209 3214 1366 3266 aliam
1397 3213 1678 3267 ecclesiam
1712 3214 1859 3265 nullo

263 3307 465 3363 debent
491 3308 819 3373 surripiente
842 3304 1141 3360 transferri.
1174 3304 1239 3357 Et
1271 3304 1415 3370 ideo,
1446 3304 1492 3357 si
1526 3303 1681 3370 hujus
1719 3304 1856 3371 juris

263 3398 549 3467 portitoris
601 3399 787 3466 petitio
835 3399 1062 3450 veritate
1102 3395 1375 3459 subsistit,
1430 3393 1650 3448 calicem
1695 3410 1855 3463 qu.-m

264 3491 526 3545 decessor
575 3498 698 3544 tuus
738 3489 978 3551 abstulit,
1020 3487 1261 3543 ecclesia:
1305 3487 1456 3557 cujus
1490 3485 1592 3542 fuit
1638 3488 1857 3543 restitue

264 3584 383 3640 siue
412 3584 841 3639 intermissione.

701 3673 932 3729 Gelasitts
960 3672 1141 3726 Natali
1167 3673 1420 3744 episcopo.

610 3764 711 3844 (Ex
746 3765 983 3819 Anselm.
1016 3764 1110 3818 lib.
1138 3779 1214 3832 γι,
1255 3777 1373 3834 cap.
1405 3762 1523 3834 39.)

333 3857 470 3926 Quia
502 3872 599 3927 per
629 3856 949 3911 ambitiones
988 3855 1201 3909 illicitas
1248 3870 1353 3909 non
1405 3856 1567 3924 pudet
1594 3855 1852 3924 quasdam

265 3951 617 4006 ecclesiarum
644 3948 762 4017 jura
789 3948 1027 4011 turbare,
1053 3962 1116 4002 ac
1142 3947 1411 4018 privilegia
1443 3963 1563 4017 quze
1587 3959 1854 4016 metropo-

268 4041 448 4096 litanis
468 4041 552 4095 vel
586 4038 999 4109 provincialibus
1042 4038 1305 4108 episcopis
1345 4039 1584 4093 decrevit
1626 4040 1855 4108 antiqui-

268 4143 346 4188 tas
381 4176 397 4202 ,
457 4130 743 4187 temeraria
791 4130 1206 4200 praesumptione
1258 4130 1583 4200 pervadere;
1635 4141 1855 4200 propter

266 4224 407 4293 quod
432 4225 596 4278 etiam
628 4221 1021 4277 communionis
1060 4221 1371 4291 apostolicae
1417 4220 1725 4276 desiderant
1776 4234 1857 4278 te-

267 4331 397 4371 uere
425 4316 863 4385 dissidium,quo
888 4315 1093 4370 scilicet
1137 4314 1206 4370 ab
1253 4315 1368 4384 ejus
1408 4317 1727 4370 auctoritate
1773 4317 1854 4370 di-

1961 1731 2212 1785 omnibus
2241 1734 2305 1786 ad
2340 1749 2521 1788 sacros
2552 1737 2769 1792 ordines
2798 1740 3065 1807 permittat
3097 1745 3373 1799 accedere.
3397 1746 3547 1813 Quod

1958 1820 2118 1874 etiam
2151 1823 2217 1876 de
2248 1827 2544 1895 peregrinis
2570 1838 2728 1897 atque
2760 1830 3043 1900 incognitis
3067 1834 3148 1887 vel
3176 1840 3549 1903 expeteanus

1959 1925 2152 1966 cavere
2198 1915 2456 1981 debebit;
2526 1920 2646 1985 quia
2707 1920 3012 1987 hujusmodi
3071 1937 3099 1975 a
3152 1928 3548 1985 venerabillbus

1959 2002 2313 2069 prohibentur
2338 2004 2564 2071 ofﬁciis,
2614 2022 2677 2061 ac
2730 2010 2860 2062 nihil
2910 2026 2976 2064 ex
3030 2013 3341 2070 minis:eriis
3385 2029 3548 2088 atque

1958 2102 2147 2146 ornatu
2183 2103 2452 2163 postremo
2478 2099 2545 2152 de
2575 2114 2891 2170 quacunque
2921 2117 2977 2156 re
3024 2120 3183 2172 quam
3231 2118 3439 2163 constat
3479 2113 3545 2163 ad

1958 2184 2237 2239 ecclesiam
2274 2189 2559 2251 pertinere.
2588 2191 2781 2244 audeat
2824 2194 2872 2243 in
2907 2193 3131 2247 alterum
3183 2200 3415 2262 qualibet
3461 2216 3545 2256 ra-

1959 2277 2110 2331 tione
2140 2280 2448 2333 transferre.
2494 2281 2712 2335 lteditus
2766 2292 2819 2336 et
2864 2284 3166 2340 oblationes
3216 2290 3447 2344 lidclium
3493 2294 3545 2346 in

1958 2378 2186 2437 quatuor
2215 2381 2390 2438 partes
2418 2374 2638 2436 dividat,
2667 2392 2886 2444 quorum
2914 2378 3018 2432 sibi
3060 2395 3218 2434 unam
3255 2382 3370 2450 ipse
3416 2386 3547 2437 reti-

1960 2471 2103 2526 neat,
2134 2463 2359 2515 alteram
2386 2464 2597 2519 clericis
2631 2482 2725 2533 pro
2750 2468 3052 2523 ofﬁciorum
3101 2484 3318 2526 suorum
3345 2473 3547 2528 seduli-

1960 2562 2065 2608 tate
2095 2555 2399 2622 distribuat,
2452 2558 2664 2613 fabricis
2718 2561 2952 2625 tertiam,
3006 2578 3233 2631 quarum
3284 2568 3549 2623 rationein

1956 2645 2139 2699 divino
2165 2658 2248 2700 est
2279 2650 2584 2703 redditurus
2618 2654 2874 2708 examini.
2926 2656 3109 2712 Sacris
3156 2674 3371 2729 quoque
3400 2663 3546 2716 ordi-

1958 2737 2115 2790 nibus
2138 2738 2483 2807 applicandos
2526 2742 2624 2796 hac
2672 2746 3054 2801 observatione
3103 2762 3434 2817 promoveat,
3491 2765 3547 2807 ut

1952 2831 2159 2899 jejunio
2209 2835 2406 2901 quarti,
2454 2836 2671 2904 septimi
2723 2850 2777 2890 et
2827 2839 3021 2893 decimi
3073 2845 3276 2896 mensis
3324 2860 3548 2913 vespere

1961 2922 2164 2976 Sabbati
2200 2924 2539 2993 presbytvros
2579 2935 2736 2995 atque
2779 2928 3035 2983 diaconos
3076 2931 3402 2987 ordinandas
3427 2949 3547 2989 esse

1886 3002 1931 3063 C
1963 3029 2273 3085 cognoscat.
2311 3019 2640 3073 Venerabilis
2670 3019 2829 3073 etiam
2872 3023 3118 3090 baptismi
3147 3036 3545 3082 sacramentum

1966 3108 2065 3161 nisi
2120 3112 2169 3161 in
2214 3107 2501 3163 festivitate
2556 3111 2794 3178 paschali
2842 3122 2895 3166 et
2941 3114 3287 3169 Peutecostes
3332 3116 3547 3173 tradere

1964 3216 2068 3253 non
2102 3213 2409 3268 praesumat,
2440 3205 2687 3271 exceptis
2732 3205 3048 3273 egritudine
3086 3207 3470 3264 laborantibu~.

2484 3339 2497 3370 ²
2528 3338 2794 3395 GELASII
2825 3342 3052 3397 TOMUS

2395 3447 2460 3484 DE
2487 3448 2860 3487 ANATIIEMATIS
2885 3449 3131 3489 VINCULO.

1960 3522 2083 3575 Acta
2113 3523 2546 3596 Chalcedonensis
2570 3527 2772 3577 concilii
2799 3543 2856 3580 ea
2884 3538 3083 3580 tantum
3114 3538 3229 3580 rata
3258 3546 3370 3596 qua!
3394 3534 3542 3588 sedes

2031 3597 2311 3667 apostolica
2340 3595 2674 3664 approbavit;
2698 3599 2843 3666 justo
2889 3615 3005 3667 qua:
3052 3599 3105 3650 in
3149 3600 3388 3653 Acacium
3432 3615 3539 3657 sta-

2031 3674 2177 3738 tuta;
2206 3674 2260 3738 et
2288 3665 2491 3718 Petrum
2522 3665 2924 3721 Alexandrinum
2950 3686 2983 3721 a
3001 3670 3119 3723 sede
3147 3673 3428 3738 apostolica
3453 3692 3541 3728 so-

2031 3735 2293 3789 lummodo
2317 3739 2540 3804 potuisse
2564 3738 2777 3790 absolvi.

2031 3848 2152 3903 ‘Ne
2185 3850 2319 3904 forte
2344 3850 2483 3918 quod
2530 3849 2723 3913 solent,
2774 3850 2976 3917 dicant,
3025 3854 3164 3922 quod
3214 3855 3257 3908 si
3333 3859 3543 3927 yuodus

1957 3937 2408 3993 Chalcedonensis
2433 3941 2750 4003 admittitur.
2795 3943 2971 3996 omnia
3020 3954 3267 3998 constare
3313 3947 3542 4002 debeant

1957 4047 2076 4101 quae
2105 4032 2212 4086 illic
2238 4032 2489 4087 videntur
2517 4047 2638 4087 esse
2664 4034 3002 4102 deprompta.
3033 4038 3139 4089 Aut
3165 4036 3307 4089 enim
3335 4051 3400 4090 ex
3429 4048 3543 4093 toto

1958 4126 2166 4180 admitti
2210 4135 2481 4192 oportere,
2528 4136 2619 4179 aut
2650 4126 2693 4178 si
2737 4141 2800 4181 ex
2848 4132 2998 4194 parte
3041 4126 3387 4196 repudiabilis
3434 4142 3543 4195 est,

1960 4217 2168 4272 ﬁrmam
2196 4232 2259 4271 es
2294 4225 2405 4270 toto
2430 4226 2677 4270 constare
2706 4232 2812 4270 non
2853 4231 3030 4286 posse.
3082 4218 3419 4289 Coguosraut
3444 4223 3542 4290 igi-

1962 4319 2047 4363 tur
2076 4307 2203 4362 illud
2236 4308 2525 4361 secnudutu
2560 4307 2862 4375 Scripturas
2912 4317 3125 4364 sanctas
3175 4311 3541 4366 traditionem-

268 4408 365 4462 visi
395 4408 546 4463 velut
575 4408 793 4477 impune
819 4408 1060 4477 proprias
1099 4410 1472 4477 usurpationes
1514 4418 1800 4464 exerceant
1834 4428 1845 4461 :
1882 4375 1935 4435 Β
1959 4416 2062 4469 que
2093 4400 2376 4466 majorum,
2406 4398 2697 4452 secundum
2742 4412 2977 4452 canones
3008 4399 3322 4469 regulasque
3354 4400 3540 4456 Eccle-

267 4514 373 4554 non
402 4498 761 4569 respicientes
799 4499 939 4568 quod
981 4510 1183 4552 aeterno
1222 4498 1388 4568 judici
1439 4500 1699 4554 rationem
1743 4510 1848 4554 tam

266 4589 334 4646 de
358 4590 646 4645 catholicae
669 4589 992 4645 sinceritatis
1039 4589 1254 4659 injuria,
1298 4604 1456 4659 quam
1499 4590 1567 4645 de
1612 4591 1853 4645 traditio—

268 4699 390 4736 num
422 4682 735 4753 prmjudicio
763 4691 1102 4753 paternarum
1130 4697 1236 4737 non
1279 4685 1394 4737 sine
1430 4694 1701 4753 perpetuae
1744 4685 1856 4739 sint

266 4773 630 4829 damnationis
673 4775 890 4829 interitu
933 4774 1213 4829 reddituri.
1260 4775 1314 4831 Si
1368 4777 1417 4829 in
1465 4774 1565 4830 hac
1613 4776 1851 4831 obstina-

268 4864 414 4919 tione
467 4866 894 4933 permanserint,
948 4866 1224 4919 raritatem
1280 4875 1422 4919 tuam
1477 4868 1723 4921 duximus
1773 4868 1853 4922 in-

266 4956 613 5019 struendam,
659 4969 760 5009 nos
798 4956 997 5024 pariter
1046 4956 1111 5008 ad
1168 4956 1609 5024 metropolitanos
1663 4968 1854 5014 vestra:

265 5046 581 5114 provincite,
610 5045 725 5101 sive
764 5046 1075 5117 cujusquam
1116 5047 1380 5117 contiguae
1404 5087 1420 5112 ,
1464 5063 1581 5117 quae
1630 5049 1855 5104 catholi-

263 5152 384 5193 cam
442 5148 665 5194 servant
715 5140 1006 5207 unitatem,
1056 5156 1377 5211 magtwpere
1420 5141 1698 5211 delegasse
1731 5185 1746 5210 ,
1802 5152 1858 5197 ut

341 5300 358 5330 ⁸
383 5298 440 5353 In
463 5298 831 5353 vetustissimo
871 5296 1058 5352 codice
1089 5295 1415 5366 Frisingensi
1457 5298 1558 5352 iste
1597 5307 1857 5352 tractatus

264 5369 478 5437 legitur,
534 5380 589 5423 et
633 5370 684 5421 in
730 5384 799 5423 eo
835 5368 1032 5436 pariter
1068 5368 1252 5436 incipit
1288 5369 1355 5421 ab
1401 5368 1485 5421 his
1512 5370 1690 5423 verbis
1724 5387 1736 5421 :
1776 5369 1857 5421 Ne

263 5442 350 5510 {or
371 5457 398 5495 c
422 5441 558 5507 quod
587 5441 775 5493 sulcat.
798 5438 1031 5510 Tttulutn
1059 5446 1235 5491 autem
1261 5437 1415 5510 _hunc
1462 5439 1678 5507 prmfert
1702 5462 1717 5492 .
1754 5438 1857 5492 Το.

262 5507 379 5563 suus
400 5513 460 5563 de
482 5510 822 5563 anathematis
850 5508 1051 5579 vinculo
1077 5524 1222 5577 papre
1252 5507 1445 5562 Pelusii
1475 5510 1621 5579 (sic).

340 5584 359 5611 ²
391 5582 488 5636 Ms.
509 5582 682 5635 codex
717 5578 1037 5633 Veronensis
1066 5579 1313 5647 capituli,
1350 5578 1606 5647 cumquo
1627 5580 1855 5633 collatus

1961 4495 2077 4557 site,
2134 4507 2231 4561 pro
2282 4491 2385 4544 ﬁde
2418 4492 2437 4520 '
2466 4506 2565 4544 eoo
2591 4491 2759 4555 ιιιιιιιί,
2807 4503 2855 4544 et
2910 4492 3132 4545 veritate
3174 4492 3432 4547 catholica
3488 4501 3544 4549 es

1961 4583 2272 4652 apostolica,
2304 4596 2401 4650 pro
2430 4596 2531 4648 qua
2578 4580 2713 4635 hanc
2752 4580 2865 4635 ﬁeri
2898 4582 3052 4637 sedes
3076 4583 3366 4650 apostoltCa
3394 4583 3544 4637 dele-

1961 4679 2125 4749 gavit,
2159 4678 2457 4743 factamque
2487 4675 2735 4741 ﬁrmavit,
2766 4690 2795 4728 a
2827 4684 2932 4728 tota
2968 4676 3207 4730 Ecclesia
3231 4674 3535 4730 ἱιιιιιιιιῐιειιγ

1964 4781 2045 4825 ter
2098 4769 2347 4831 admitti;
2398 4768 2499 4820 alia
2554 4777 2731 4820 autem
2778 4783 2895 4835 quae
2950 4781 3043 4834 per
3096 4766 3542 4836 incompetentem

1961 4863 2432 4928 pra'smuptionem
2459 4858 2561 4912 illic
2589 4857 2794 4926 prolata
2820 4871 2973 4922 sunt,
3016 4858 3100 4911 vel
3143 4859 3321 4926 potius
3365 4862 3541 4914 venti-

1958 4952 2086 5015 lata,
2119 4967 2237 5019 quze
2267 4950 2423 5004 sedes
2454 4949 2742 5016 apostolica
2783 4948 3015 5016 gerenda
3051 4949 3358 5003 nuliatetms
3384 4950 3537 5004 dele-

1958 5048 2122 5115 gavit,
2157 5045 2177 5076 ³
2221 5057 2341 5097 tuos
2372 5056 2400 5094 a
2431 5040 2641 5094 vicariis
2678 5040 2821 5094 sedis
2846 5041 3156 5109 apostolica:
3175 5041 3531 5105 contradicts,

1961 5140 2301 5193 manifestum
2323 5143 2440 5199 est;
2469 5149 2587 5202 qua:
2612 5131 2770 5187 sedes
2801 5131 3113 5201 apostolica,
3144 5132 3304 5186 etiam
3328 5140 3544 5201 petente

1960 5306 2044 5351 est
2071 5313 2098 5350 a
2134 5292 2419 5349 Francisco
2450 5289 2742 5345 Blancbino
2792 5288 2878 5342 hic
2924 5296 3181 5342 tractatus
3207 5332 3223 5356 ,
3279 5287 3364 5341 hic
3393 5286 3537 5356 legit.

1961 5385 2052 5437 pro
2083 5367 2185 5435 [itte
2205 5363 2574 5437 communione,
2600 5373 2704 5414 etc.

2033 5438 2053 5468 ³
2083 5429 2159 5491 id.
2184 5436 2330 5497 cod.,
2365 5446 2477 5500 qua
2506 5446 2621 5482 mox
2650 5447 2680 5481 ιι
2705 5429 2936 5484 vicariis.

2031 5510 2059 5541 “
2090 5495 2386 5571 Abruptqu
2430 5500 2745 5567 principium
2784 5502 2911 5554 tomi
2979 5500 3085 5553 imo
3138 5496 3313 5565 potius
3354 5495 3547 5555 deesse

1965 5576 2281 5645 principium
2309 5571 2560 5625 credibile.
2587 5582 2688 5625 est.
