4098 6172
507 247 604 299 1οἸ

1838 234 2108 295 GELASII
2149 233 2349 289 PAPxE
2391 235 2409 287 l

3664 232 3761 286 ΗΜ

504 354 768 408 Marciano
800 352 1057 423 princ.pc,
1088 352 1389 407 nullatenus
1412 348 1766 419 approbavit;
1798 363 1915 418 qua:
1939 362 2075 415 pr;c-
2104 346 2157 405 Α
2181 360 2336 399 error
2365 344 2680 399 absolvitur.
2718 344 2882 399 Error
2910 345 3052 400 enim
3087 346 3204 413 ipse
3243 359 3515 415 nunquam
3554 347 3765 399 veniam

500 445 580 497 sul
604 445 889 498 "Ecclesia:
947 441 1551 510 CouSIantinopolitana:
1597 448 1727 494 tunc
1781 437 2081 500 Anatolius,

503 550 601 588 nec
631 550 687 587 sc
723 535 1123 603 prtesumpsisse
1151 531 1422 602 professus
1458 539 1563 595 est,
1603 540 1657 585 et
1688 531 1738 584 in
1774 528 2084 597 apostolica:

502 627 647 680 sedis
685 628 943 679 antistitis
994 640 1097 678 non
1145 624 1354 691 negavit
1407 626 1573 690 posita
1626 629 1931 690 potestate:
1964 632 2082 686 quae

505 716 647 778 ideo,
671 718 807 770 sicut
842 717 1043 769 dictum
1073 723 1176 777 est,
1200 714 1357 768 sedes
1383 712 1681 781 apostolica
1714 727 1818 764 non
1852 709 2078 776 rei-epit,

504 808 625 875 quia
662 823 779 876 qua}
826 806 1114 874 priuilegiis
1154 804 1473 858 universalis
1526 802 1776 855 Ecclesia:
1816 798 2081 854 contraria

505 897 816 967 probantur,
851 896 995 949 nulla
1027 897 1228 948 ratione
1262 895 1276 924 ί
1300 895 1547 948 sustinet.
1573 891 1711 959 Quid
1734 893 1915 945 enim?
1943 888 2075 955 Quia

504 989 557 1041 in
584 989 729 1042 libris
754 989 971 1051 sanctis,
1003 1001 1137 1056 quos
1159 986 1339 1054 utique
1368 1000 1689 1039 veneramur
1710 994 1761 1037 et
1786 984 2078 1050 sequimur,

505 1081 754 1147 quoniam
778 1080 1129 1149 quorumdam
1161 1078 1269 1131 illic
1298 1086 1353 1131 et
1381 1077 1725 1144 profanitates
1754 1089 1876 1129 eSSe
1905 1074 2084 1127 ferun-

506 1179 610 1237 tur,
643 1181 694 1223 et
723 1171 922 1223 scelera
974 1180 1119 1237 gesta
1172 1179 1474 1234 narrantur,
1522 1168 1642 1220 ideo
1689 1166 1841 1218 nobis
1888 1166 2083 1232 pariter

505 1272 595 1315 aut
626 1262 930 1315 veneranda
957 1271 1100 1325 sunt,
1134 1270 1226 1313 aut
1246 1259 1538 1328 sequenda,
1575 1259 1697 1326 quia
1735 1259 1786 1308 in
1825 1257 1929 1309 illis
1958 1272 2082 1308 san-

503 1355 604 1410 ctis
636 1355 782 1408 libris
807 1366 860 1410 et
902 1353 1295 1408 venerabilibus
1314 1352 1674 1406 continentur.
1722 1351 1949 1403 Sanctus
1982 1350 2079 1402 Pe-

505 1456 618 1499 trus
644 1448 845 1514 primus
873 1444 1257 1514 apostolorum,
1290 1442 1365 1495 sic
1391 1442 1700 1495 existimans
1733 1440 1863 1494 Now
1895 1439 2080 1493 Teata-

505 1536 666 1589 menti
692 1536 913 1601 gratiam
947 1534 1358 1602 praedicandam,
1406 1539 1464 1585 ut
1507 1548 1537 1584 a
1578 1530 1710 1599 legis
1743 1531 1939 1584 veteris
1973 1546 2077 1583 non

504 1624 781 1678 recederet
805 1624 1080 1688 institutis,
1108 1624 1348 1692 quaedam
1397 1636 1494 1690 per
1522 1622 1913 1675 simulationem
1948 1621 2077 1689 legi-

2186 444 2558 501 promeretur;
2585 434 2678 489 sed
2710 436 2798 504 qui
2822 450 2888 489 eo
2914 436 3176 489 veraciter
3195 436 3447 496 caruerit.
3497 448 3658 505 atque
3697 437 3768 491 ab

2184 524 2301 589 ejus
2331 524 2737 593 participatione
2762 526 3010 579 discedit.
3044 525 3288 593 Quaudiu
3310 541 3439 594 ergo
3466 528 3517 580 in
3549 527 3628 582 eis
3658 538 3764 594 est,

2183 629 2334 667 error
2363 614 2762 669 damnationem
2791 629 2946 670 suam
2976 626 3143 681 tenet,
3174 632 3551 686 nunquamque
3592 618 3767 672 tesol-

2183 705 2342 769 vitur,
2374 708 2497 774 quia
2527 721 2679 761 error
2705 721 2919 775 semper
2950 721 3162 776 pinnam
3194 721 3450 763 meretur.
3475 710 3765 776 l'aricipes

2183 809 2309 847 vero
2340 794 2478 862 ejus,
2508 806 2594 849 aut
2628 812 2841 865 semper
2868 808 2997 851 sunt
3020 808 3073 850 et
3101 798 3217 865 ejus
3247 812 3419 866 pmnu:
3451 800 3762 866 participes,

2182 886 2226 939 si
2259 887 2310 938 in
2337 887 2524 941 eodem
2556 898 2797 956 perstare
2828 903 2930 941 non
2962 888 3243 942 desinant:
3276 898 3368 941 aut
3398 889 3441 941 si
3474 890 3541 941 ab
3570 890 3765 943 eodem

2183 975 2525 1038 recesserint,
2588 992 2746 1045 quam
2785 976 2941 1031 alieni
2975 976 3095 1030 facti
3124 989 3249 1031 sunt
3278 979 3345 1031 ab
3372 993 3578 1042 errore,
3609 990 3661 1033 et
3689 979 3759 1032 ab

2182 1066 2298 1134 ejus
2322 1067 2727 1135 participatione
2754 1068 2997 1132 discreti,
3027 1081 3130 1121 tam
3164 1077 3219 1122 et
3248 1083 3421 1136 pinna:
3456 1070 3571 1137 cju<
3603 1083 3763 1123 erunt

2182 1168 2572 1225 censequenter
2600 1158 2782 1211 alieni.
2810 1158 2833 1188 ‘
2862 1158 2959 1212 Cui
3001 1160 3201 1212 erranti
3251 1175 3404 1228 paena
3444 1162 3757 1229 prmligitttr,

2182 1247 2619 1313 quandiumanet
2664 1263 2871 1314 errans,
2925 1250 3110 1303 eadem
3139 1265 3291 1316 pinna
3335 1252 3755 1320 constringitur;

2182 1340 2302 1403 quia
2331 1352 2516 1391 errans
2537 1354 2657 1393 esse
2681 1356 2785 1393 non
2822 1350 2994 1408 potest
3039 1340 3157 1394 sine
3208 1356 3363 1410 ptena
3394 1344 3579 1395 errati.
3634 1344 3760 1397 Haec

2182 1425 2370 1479 eadem
2424 1442 2578 1496 ptena
2612 1439 2861 1497 perpetua
2918 1441 3021 1494 est,
3075 1447 3449 1500 nunquamque
3500 1434 3758 1487 solvenda

2182 1520 2417 1587 quandiu
2444 1534 2631 1575 errans
2663 1536 2786 1576 esse
2818 1523 3131 1591 perstiterit.
3171 1525 3272 1588 Qui
3329 1525 3371 1577 si
3416 1539 3607 1578 errans
3641 1542 3764 1580 esse

2185 1610 2473 1666 destiterit.
2501 1625 2680 1679 poena,
2704 1628 2822 1681 quae
2849 1616 3044 1666 erranti
3077 1622 3162 1667 θκι
3202 1616 3416 1681 ρταειίκει
3464 1625 3715 1682 perpetua
3742 1655 3759 1681 ,

510 1724 597 1769 tur
626 1725 762 1769 mter
789 1715 1000 1769 Judzeos
1029 1716 1359 1783 gentilesque
1388 1712 1640 1781 gessisse.
1693 1712 1937 1780 Nunquid
1964 1715 2080 1764 ideo

2188 1715 2290 1752 non
2319 1702 2537 1766 erranti,
2588 1702 2637 1754 id
2669 1712 2750 1755 est
2777 1702 2929 1755 alteri
2978 1702 3169 1756 eﬂ‘ecto
3219 1719 3375 1771 qttatn
3407 1705 3489 1758 cui
3536 1707 3757 1772 praeﬁxa

507 1816 597 1860 aut
625 1807 711 1859 illa
740 1807 858 1874 ejus
878 1807 1145 1869 sequenda
1172 1814 1316 1868 sunt,
1349 1819 1464 1873 qua:
1506 1803 1696 1857 merito
1724 1812 1778 1856 et
1797 1812 2082 1869 coapusto-

504 1900 585 1950 lus
607 1917 617 1945 ι
634 1896 721 1964 jus
752 1895 888 1950 facta
919 1897 1207 1964 redarguit,
1252 1905 1431 1963 postea
1458 1904 1847 1963 consequenter
1870 1895 1978 1962 ipsa
2004 1896 2085 1947 vi-

505 1990 658 2053 tavit,
693 1997 993 2057 pariterque
1037 1986 1359 2040 assmncnda
1390 1995 1516 2039 sunt
1549 1999 1670 2039 cum
1714 1985 1796 2039 his
1832 2001 1953 2054 qua:
2003 1993 2085 2048 (ut

509 2087 632 2146 pote
676 2079 877 2147 primus
918 2077 1213 2147 apostolus)
1267 2077 1497 2129 salubria
1541 2075 1884 2144 pra'dicavit?
1938 2074 2084 2129 Nun-

504 2172 754 2240 quidnam
786 2170 878 2225 aut
907 2172 1022 2240 ejus
1046 2184 1186 2224 reeta
1219 2172 1458 2223 doctrina
1485 2186 1604 2223 cuin
1640 2171 1721 2223 his
1742 2186 1860 2239 quae
1891 2170 2085 2223 Imma-

504 2264 643 2317 nitus
695 2262 1000 2315 acciderant
1046 2262 1371 2329 repudianda
1401 2270 1506 2325 est,
1536 2269 1626 2313 aut
1663 2260 1753 2313 illa
1778 2260 1954 2313 adhuc
1986 2276 2084 2313 ill]-

507 2352 714 2406 becillis
746 2351 984 2415 inscitia,
1037 2366 1157 2404 cum
1190 2352 1421 2416 perfecta
1467 2349 1583 2418 ejus
1625 2348 1960 2416 suscipienda
2003 2358 2086 2404 est

508 2443 789 2495 doctrina?
820 2442 1194 2510 Nttnquidnatn
1243 2440 1294 2493 in
1330 2443 1561 2509 ipsorum
1610 2439 1978 2493 ha~reticorunn
2017 2439 2084 2493 li-

508 2538 618 2590 bris
645 2551 749 2588 non
779 2536 938 2587 multa
970 2550 1085 2603 qua:
1128 2535 1193 2586 ad
1245 2537 1524 2587 veritatem
1574 2532 1874 2600 pertineant
1914 2533 2082 2599 posita

508 2626 849 2694 releguntur?
874 2624 1245 2692 Nunquidnam
1280 2623 1397 2677 ideo
1428 2622 1623 2677 veritas
1659 2622 1933 2675 refutanda
1976 2630 2082 2690 est,

506 2717 630 2787 quia
650 2717 857 2770 illorum
874 2716 1016 2780 libri,
1038 2718 1126 2770 ubi
1151 2717 1172 2746 ⁸
1192 2720 1424 2785 pravitas
1444 2716 1604 2781 inest,
1629 2714 1962 2769 refutantur?
1980 2717 2085 2769 Aut

508 2808 630 2863 ideo
653 2806 801 2876 pravi
822 2807 942 2861 libri
964 2806 1286 2877 suscipiendi
1328 2816 1453 2860 sunt
1477 2820 1689 2869 eorum,
1715 2807 1836 2874 quia
1866 2806 2084 2874 veritas,

507 2899 1204 2968 quaillicinsertaestmon
1224 2897 1579 2968 negatur?Ait
1600 2898 1883 2966 Apostolus
1916 2916 1928 2950 :
1962 2896 2081 2951 0m-

509 2994 596 3047 m'a
619 2993 829 3063 probate
854 3008 874 3058 ;
903 3007 1017 3061 qua:
1042 2992 1175 3045 bona
1204 3003 1320 3045 sunt
1353 3000 1513 3045 tenete
1552 2988 1603 3058 (Ι
1635 2988 1812 3043 Thess.
1854 2994 1928 3058 v).
1972 2990 2086 3045 Sti-

509 3098 627 3138 mus
667 3083 981 3153 Apostolum
1029 3083 1186 3155 (Act.
1237 3096 1325 3134 xu
1364 3080 1383 3151 )
1439 3080 1598 3136 etiam
1645 3080 1713 3135 de
1762 3094 2083 3148 paganorum

508 3174 657 3229 libris
686 3176 860 3242 aliqtta
906 3175 1170 3241 posuisse.
1222 3171 1467 3240 Nunquid
1515 3171 1634 3225 ideo
1680 3173 1839 3225 etiam
1894 3184 2083 3225 cuncta

513 3266 813 3333 recipienda
843 3274 986 3329 sunt,
1012 3280 1131 3333 quae
1173 3280 1293 3318 cum
1324 3264 1404 3316 his
1434 3262 1631 3331 pariter
1677 3275 1797 3315 sunt
1847 3261 1992 3329 prula
2020 3260 2085 3313 all

514 3357 632 3424 ipse
652 3358 941 3425 Apostolus
990 3356 1243 3426 (Philipp.
1274 3373 1288 3409 t
1316 3358 1333 3425 )
1382 3354 1457 3406 ait
1482 3353 1677 3405 multos
1707 3354 2084 3421 prasdicatorrs

510 3447 669 3499 aliter
724 3454 885 3514 atque
937 3446 1092 3500 aliter
1138 3443 1404 3497 Christum
1457 3444 1771 3512 prmdicare,
1825 3443 1910 3495 ubi
1963 3443 2086 3496 licet

509 3551 826 3607 quocunque
850 3535 1032 3600 modo,
1056 3535 1325 3590 Christum
1358 3534 1698 3600 praedicatum
1746 3542 1954 3602 oportet
1985 3534 2081 3587 ad-

514 3630 675 3688 mitti,
698 3636 882 3681 tamen
915 3641 1020 3680 non
1071 3626 1192 3680 ideo
1232 3626 1379 3679 illum
1406 3639 1633 3689 tuorem,
1664 3639 1769 3690 quo
1805 3640 1908 3676 non
1942 3634 2086 3679 rei-te

512 3718 855 3788 pmdicatntn
876 3726 982 3783 est,
1017 3731 1122 3770 non
1163 3716 1410 3769 admonet
1452 3717 1673 3768 evitare.
1697 3713 1864 3767 Malos
1887 3728 2081 3781 opera-

515 3813 625 3865 rios
655 3812 767 3879 ipse
793 3811 1140 3878 conqueritur
1169 3804 1774 3879 (Philipp.ttt),quorum
1805 3806 1906 3858 alia
1940 3807 2082 3860 refu-

520 3902 701 3967 tanda,
724 3900 825 3953 alia
855 3899 1012 3953 docet
1054 3913 1174 3954 esse
1228 3898 1499 3952 sectanda.
1544 3898 1669 3951 Haec
1695 3909 1748 3952 et
1781 3896 2081 3964 hujusmodi

508 3993 757 4062 exempla
809 4005 905 4045 nos
948 3991 1207 4053 edocent,
1260 4000 1313 4044 et
1363 3988 1661 4043 testimonia
1690 3988 1864 4041 divina
1891 3989 2085 4041 contir-

508 4095 677 4148 mam,
710 4098 815 4137 non
844 4083 1022 4136 omnia
1056 4082 1252 4150 passim
1273 4097 1303 4134 a
1325 4096 1641 4149 quocunque
1664 4080 1824 4145 dicta,
1857 4080 1938 4132 vel
1968 4079 2084 4133 ubi-

503 4190 722 4245 cunque
751 4176 971 4244 scripta.
1013 4174 1383 4229 indifferenter
1409 4174 1654 4241 accipere
1675 4210 1690 4236 ,
1740 4172 1836 4227 sed
1864 4173 2084 4226 retentis

508 4268 685 4333 bonis,
726 4282 846 4336 qua:
873 4276 1101 4320 noceant
1125 4265 1376 4321 refutare.
1405 4265 1676 4319 Peccatori
1708 4264 1907 4317 homini
1938 4280 2082 4319 mors

508 4358 655 4412 illata
680 4365 781 4421 est,
812 4366 867 4411 et
895 4366 1071 4411 tamen
1103 4355 1305 4409 homini
1345 4355 1473 4410 Jesu
1493 4355 1711 4409 Christo
1751 4368 1895 4408 mors
1935 4355 2079 4408 illata

2168 3720 2510 3789 .deperirent,
2546 3732 2602 3775 ut
2649 3722 3078 3777 substantialiter
3134 3738 3240 3777 non
3283 3723 3566 3778 subesscnt
3609 3743 3621 3776 :

2182 1802 2283 1858 est,
2310 1810 2413 1845 non
2432 1793 2603 1846 solum
2637 1810 2741 1846 non
2767 1802 2939 1861 potest
2959 1808 3077 1847 esse
3104 1808 3381 1862 perpetua.
3402 1796 3493 1849 sed
3520 1812 3615 1849 nec
3638 1812 3761 1852 esse

2178 1883 2285 1951 jam
2320 1898 2496 1953 pinna.
2527 1883 2642 1937 Non
2666 1895 2747 1939 est
2772 1888 2912 1939 enim
2956 1885 3070 1952 ipse
3118 1886 3203 1940 cui
3247 1886 3470 1955 prmlixa
3519 1898 3618 1941 est.
3658 1889 3759 1941 Er-

2183 1974 2319 2027 ranti
2349 1975 2490 2027 enim
2530 1976 2744 2042 prtulixa
2773 1986 2876 2039 est,
2928 1991 3032 2028 non
3072 1991 3177 2029 non
3207 1976 3425 2030 erranti.
3458 1979 3588 2043 Qua:
3617 1980 3760 2033 enim

2183 2068 2379 2121 erranti
2410 2070 2626 2135 pra~lixa
2656 2078 2909 2137 perpetua
2940 2077 3045 2133 est,
3076 2078 3128 2122 et
3160 2081 3415 2138 perpetuo
3445 2072 3763 2141 conStringit

2182 2167 2473 2224 errantem,
2508 2174 2611 2213 non
2637 2169 2907 2214 errantem
2933 2175 3034 2214 non
3067 2170 3241 2229 potest
3268 2161 3378 2230 jam
3430 2173 3635 2218 tenere.
3677 2164 3762 2217 Sit

2182 2248 2381 2302 erranti
2402 2248 2542 2302 dicta
2574 2249 2685 2304 fore
2712 2259 2986 2319 perpetua,
3014 2252 3084 2305 sit
3105 2256 3301 2307 erranti
3326 2252 3463 2306 dcta
3489 2268 3760 2323 nunquam

2183 2355 2304 2396 esse
2329 2343 2601 2396 solvenda.
2653 2343 2825 2398 Manet
2868 2347 3087 2399 omnino
3137 2354 3192 2401 et
3232 2362 3374 2414 vere,
3427 2359 3743 2418 certumque

2183 2443 2285 2499 est,
2316 2435 2457 2504 quod
2488 2436 2508 2466 ³
2539 2437 2591 2489 in
2621 2450 2683 2490 ea
2724 2436 2995 2505 praeﬁxum
3027 2450 3143 2503 eSt;
3186 2454 3285 2493 nec
3323 2448 3497 2507 potest
3536 2456 3761 2508 prorsus

2184 2527 2409 2593 absolvi,
2425 2529 2905 2598 quandiu'nianent:
2928 2532 3139 2598 przelixa
3163 2530 3387 2586 debetur
3406 2533 3624 2586 erranti.
3641 2533 3758 2588 Non

2184 2618 2382 2673 erranti
2406 2631 2583 2674 autem
2608 2635 2707 2675 nec
2736 2636 2891 2690 pinna
2925 2632 3098 2691 potest
3120 2638 3263 2688 esse,
3292 2638 3410 2690 qua:
3430 2638 3535 2678 non
3559 2628 3760 2680 erranti

2187 2725 2293 2763 lton
2320 2710 2546 2766 debetur
2574 2711 2783 2765 inferri.
2838 2712 2949 2767 Nec
2988 2723 3225 2768 mutatur
3278 2714 3364 2768 illa
3411 2716 3629 2768 omnino
3658 2731 3761 2772 nec

2186 2803 2410 2856 solvitur
2433 2819 2551 2873 quae
2581 2804 2805 2859 debetur
2836 2805 3056 2859 erranti.
3093 2806 3148 2860 In
3186 2820 3285 2861 suo
3310 2822 3439 2877 ergo
3464 2819 3647 2864 tenore
3672 2811 3761 2863 illa

2190 2897 2401 2963 praeﬁxa
2430 2905 2531 2959 e-t,
2560 2895 2609 2950 in
2637 2912 2735 2951 suo
2758 2897 2879 2966 jure
2908 2911 3011 2950 nou
3041 2906 3219 2967 potest
3257 2900 3476 2953 omnino
3522 2902 3718 2956 resolvi
3742 2919 3757 2966 ;

2192 2989 2240 3041 in
2273 3006 2375 3042 non
2407 3005 2506 3042 suo
2538 3000 2742 3054 tenere,
2772 3006 2889 3056 quae
2913 3005 3033 3047 esse
3062 3007 3166 3046 non
3198 3002 3392 3061 potest,
3440 2994 3551 3063 jam
3602 2995 3758 3050 doce-

2114 3060 2159 3122 Ο
2193 3088 2277 3132 tur
2315 3093 2436 3133 esse
2479 3090 2731 3133 vacuata:
2774 3090 2827 3135 et
2872 3082 2958 3149 jus
2991 3082 3102 3136 illic
3142 3085 3354 3152 penitus
3406 3100 3508 3137 non
3538 3084 3760 3150 habere,

2190 3171 2275 3222 ubi
2299 3184 2510 3224 causam
2542 3187 2646 3224 non
2681 3172 2839 3225 habet
2859 3172 3144 3228 existendi.
3182 3173 3358 3228 Plena:
3396 3184 3521 3230 sunt
3560 3186 3763 3231 Sancte

2186 3262 2472 3329 Scriptura.-
2502 3261 2591 3315 tali
2619 3260 2786 3315 forma
2828 3263 3070 3331 justiti-as.
3107 3264 3307 3318 Dicitur
3338 3282 3353 3320 :
3378 3259 3611 3333 ,Pereant
3642 3283 3762 3335 pec-

2186 3362 2383 3408 catores
2408 3371 2437 3407 α
2464 3363 2623 3418 terra,
2651 3357 2723 3408 ita
2744 3364 2797 3408 ut
2828 3372 2929 3409 non
2949 3357 3050 3409 sint
3075 3374 3093 3420 ;
3118 3366 3405 3425 peccatores
3432 3368 3486 3410 ut
3515 3361 3762 3413 desistant

2184 3460 2293 3498 esse
2315 3458 2621 3513 peccatores.
2652 3445 2717 3500 In
2748 3449 2843 3500 hoc
2874 3458 3101 3518 pereant,
3135 3460 3190 3502 ut
3220 3466 3327 3505 esse
3353 3452 3595 3518 deﬁciant
3634 3469 3756 3522 pec-

2186 3548 2381 3591 catores
2407 3537 2574 3607 (Paul.
2679 3539 2816 3608 cm).
2861 3539 3126 3594 CiBlt'l'llm
3163 3541 3209 3594 si
3252 3556 3465 3609 prorsus
3516 3555 3763 3611 peccatu.

2186 3643 2296 3694 res,
2324 3629 2616 3683 secundum
2644 3631 2921 3699 propheta:
2965 3630 3326 3696 sententiam,
3380 3647 3763 3703 usquequaque

3670 3726 3762 3794 qui

2186 3813 2377 3866 salvari
2409 3812 2707 3881 potuissent
2732 3829 2761 3866 a
2784 3813 3141 3882 Redemptme
3171 3824 3371 3883 nostro,
3391 3816 3477 3882 qui
3504 3818 3633 3869 venit
3659 3833 3762 3869 mm

2175 3901 2346 3970 justas
2368 3917 2562 3966 vocare,
2589 3902 2677 3956 sed
2707 3913 2992 3970 peccatores
3031 3903 3184 3972 (Luc.
3215 3904 3307 3971 v)?
3348 3904 3429 3957 vel
3459 3905 3526 3960 de
3568 3906 3763 3974 quibus

2184 3991 2313 4045 dicit
2336 3993 2622 4060 Apostolus
2643 4009 2656 4045 :
2689 3991 2919 4048 Christus
2936 3996 3066 4047 venit
3087 3994 3141 4048 in
3160 3998 3294 4047 hunc
3321 3995 3562 4047 mundum
3587 4012 3761 4061 perra-

2183 4090 2316 4135 tores
2333 4081 2497 4135 salvos
2527 4086 2716 4152 facere,
2745 4099 2958 4150 quorum
2988 4085 3184 4152 primus
3212 4099 3304 4155 ego
3329 4099 3442 4137 sum
3469 4082 3523 4155 (Ι
3554 4083 3682 4139 Tim.
3710 4101 3759 4151 t;

2184 4174 2338 4228 Rom.
2374 4174 2482 4245 v)?
2509 4184 2605 4231 et:
2637 4174 2767 4228 Cum
2809 4188 3095 4243 peccatores
3142 4190 3385 4239 essemus,
3437 4176 3571 4227 misit
3619 4175 3759 4231 Deus

2184 4265 2378 4320 Filium
2399 4284 2549 4320 suum
2568 4265 2931 4335 (Galat.tv),et
2957 4277 3153 4319 caetera
3187 4263 3527 4333 h-ajusnioJi?
3553 4265 3647 4319 Hic
3678 4282 3761 4318 re-

2186 4372 2311 4411 vera
2343 4357 2733 4425 plurimietiam
2765 4355 3184 4412 substantialiter
3211 4356 3488 4424 perierunt
3518 4366 3761 4424 peccata.-

508 4463 664 4504 reum
690 4449 814 4504 fecit
840 4462 962 4504 esse
987 4448 1255 4502 diabolum
1280 4464 1292 4499 :
1319 4447 1441 4515 quia
1466 4447 1553 4500 ubi
1577 4461 1736 4501 causa
1768 4450 1955 4501 mortis
1976 4465 2079 4502 non
2114 4419 2164 4481 θ
2190 4464 2299 4515 res,
2332 4451 2383 4503 in
2414 4451 2646 4517 peccatis
2669 4450 2781 4504 suis
2804 4450 2987 4518 utique
3018 4458 3412 4517 permanentes,
3437 4463 3673 4514 veraque
3704 4448 3757 4502 in

509 4548 628 4594 erat
658 4542 808 4608 (puta
830 4538 1133 4608 peccatum)
1160 4552 1264 4592 non
1293 4538 1588 4591 debebatur
1632 4550 1686 4593 et
1734 4554 1911 4607 paena.
1948 4541 2082 4597 Sen-

511 4630 677 4683 tentia
707 4632 1016 4698 przetigitur,
1032 4629 1116 4683 vel
1144 4628 1359 4697 prmlixa
1389 4638 1471 4683 est
1490 4643 1706 4698 semper
1734 4632 1926 4687 errori.
1951 4633 2081 4699 Quae

508 4718 773 4772 sententia
796 4719 920 4774 huic
947 4720 1116 4774 errori
1148 4720 1385 4788 przehsa,
1430 4735 1695 4789 nunquam
1738 4724 1957 4777 omnino
1996 4738 2081 4779 re-

512 4808 777 4862 solvetur.
829 4809 979 4863 Sieut
1019 4810 1183 4873 enim,
1236 4809 1287 4862 in
1334 4818 1589 4876 quantmn
1621 4821 1702 4863 est
1740 4812 1855 4878 ipse
1884 4828 2037 4867 error
2060 4852 2079 4881 ,

514 4912 785 4966 nunquam
824 4914 977 4954 error
1000 4915 1121 4954 esse
1140 4900 1368 4964 desistit,
1409 4900 1487 4956 sic
1515 4916 1545 4955 a
1579 4905 1837 4956 sententia
1866 4906 2080 4973 praefixa

515 5002 783 5056 nunquam
809 4990 1129 5054 resolvetur,
1158 4991 1279 5058 quia
1309 5005 1463 5044 error
1491 4994 1580 5061 qui
1625 4994 1933 5062 agnoscitur
1963 5011 2086 5053 esse

513 5080 815 5143 damnatus,
844 5089 901 5135 et
923 5081 1110 5135 eadem
1136 5083 1370 5150 quandiu
1400 5095 1581 5138 manet
1604 5101 1781 5149 error,
1829 5088 2087 5155 probatur

514 5174 786 5228 astrictus.
822 5175 1006 5241 Itaque
1046 5174 1137 5241 qui
1185 5173 1236 5227 in
1290 5189 1356 5228 eo
1400 5191 1586 5230 errore
1639 5187 1784 5242 sunt,
1815 5181 2084 5234 sententia

512 5263 715 5318 erroris
741 5263 980 5317 obstricti
1012 5273 1165 5329 sunt;
1194 5272 1251 5319 et
1274 5264 1502 5332 quandiu
1523 5267 1573 5319 in
1602 5282 1668 5321 eo
1696 5279 1934 5337 manent,
1967 5274 2087 5324 nul-

516 5355 724 5412 latenus
751 5352 977 5409 absoluti
1009 5364 1154 5420 sunt,
1201 5354 1338 5412 sicut
1379 5369 1477 5410 nec
1514 5356 1627 5426 ipse
1677 5357 1697 5389 ³
1745 5357 1798 5413 in
1825 5376 1930 5431 quo
1955 5374 2082 5420 sunt

591 5493 606 5524 ¹
641 5491 716 5545 Id.
740 5493 884 5559 cod.,
906 5494 1202 5549 subsistunt.

588 5564 610 5634 ἦ
635 5561 708 5634 id.
739 5564 882 5627 cod.,
905 5566 1167 5634 pravitatis
1195 5567 1417 5619 interest.

590 5632 610 5663 ³
639 5633 712 5687 Id.
744 5637 888 5700 cod.,
907 5632 971 5687 in
1002 5652 1097 5704 quo
1120 5648 1234 5689 sunt
1263 5652 1473 5704 errores,
1499 5638 1787 5693 absolvitur.

2188 4541 2269 4593 eis
2304 4550 2564 4595 sententia
2597 4541 2738 4593 dicta
2773 4542 3083 4608 permansit,
3124 4554 3497 4608 nunquamque
3524 4539 3759 4593 resoluta

2188 4641 2309 4696 est;
2338 4643 2391 4686 et
2418 4641 2595 4687 tamen
2620 4633 2809 4687 eadem
2854 4631 2907 4686 iu
2960 4632 3174 4697 talzbus,
3201 4631 3392 4701 quibus
3416 4631 3629 4701 praeﬁxa
3652 4641 3757 4696 est,

2187 4735 2533 4791 permanente
2560 4730 2839 4791 perpetua,
2888 4723 3120 4791 quodam
3171 4735 3369 4792 genere
3423 4720 3621 4775 factum
3653 4730 3755 4784 est,

2190 4824 2247 4867 ut
2276 4814 2326 4867 in
2357 4814 2548 4869 talibus
2577 4827 2680 4868 non
2711 4827 3088 4883 usquequaque
3115 4812 3474 4880 manentibus,
3510 4810 3560 4865 id
3582 4822 3685 4874 est,
3706 4811 3760 4865 in

2190 4907 2423 4976 peccatis
2445 4906 2555 4960 suis
2587 4921 2690 4960 non
2722 4919 3100 4973 usquequaque
3127 4903 3461 4967 durantibus,
3492 4909 3616 4956 seut
3650 4910 3759 4955 nt:a

2190 5010 2366 5054 tamen
2400 4997 2617 5067 przrlixa
2648 4998 2844 5052 talibus
2874 5005 3227 5065 permaneret.
3279 4995 3411 5049 Nam
3451 5003 3504 5049 et
3535 4994 3633 5062 ipsi
3662 5008 3760 5062 pe-

2190 5102 2344 5147 reunt
2366 5108 2381 5157 ;
2406 5090 2498 5145 sed
2528 5106 2648 5145 esse
2676 5101 3006 5159 peccatores,
3034 5098 3093 5142 ut
3121 5088 3319 5141 dictum
3363 5094 3466 5152 est,
3500 5100 3603 5138 non
3639 5098 3757 5152 pw-

2190 5183 2402 5248 naliter,
2434 5182 2526 5237 sed
2557 5181 2942 5243 remedialiter,
2971 5177 3199 5248 quodam
3233 5185 3288 5231 et
3317 5175 3414 5245 ipsi
3443 5190 3637 5244 genere
3669 5188 3761 5241 pc-

2190 5275 2424 5339 rierunt;
2451 5273 2679 5343 quodam
2729 5284 2928 5341 genere
2956 5278 3011 5325 et
3056 5270 3108 5323 in
3150 5267 3281 5338 ipsis
3307 5266 3502 5320 mansit
3540 5264 3759 5333 prmlixa

2190 5362 2477 5426 sententia,
2510 5362 2684 5416 donec
2733 5371 3050 5430 permanens
3088 5371 3184 5414 eos
3223 5353 3466 5411 efﬁceret
3507 5366 3613 5409 non
3640 5365 3762 5407 esse

2256 5506 2279 5537 ⁸
2302 5505 2376 5559 Id.
2406 5502 2551 5569 cod.,
2598 5499 2748 5553 Cum.

2259 5579 2279 5607 ⁸
2302 5577 2377 5631 Id.
2407 5573 2553 5641 cod.,
2582 5571 2635 5625 in
2661 5585 2739 5624 eo.
