4098 6172
257 315 351 369 1⁸ιῖ
1458 306 1815 368 EI‘ISTOLE
1856 308 1941 362 ET
1980 305 2295 361 DECRETA
2309 347 2322 361 .
3431 309 3526 363 106

254 434 586 490 peccatores,
616 423 697 478 rel
724 428 1031 493 peccatores
1055 439 1158 480 non
1186 438 1306 481 esse
1340 424 1641 492 perﬁceret.
1666 423 1837 478 Com-
1865 423 1913 480 Α
1939 422 2113 489 jectus
2135 421 2261 476 est?
2291 421 2473 491 Itaque
2520 422 2634 492 ipse
2666 420 2717 476 in
2748 433 2806 477 se
2854 419 3188 475 insolubilem
3238 420 3359 475 fecit
3405 436 3528 479 esse

254 525 390 586 plc-ta
421 530 505 572 est
533 528 587 572 et
608 518 659 571 in
687 520 767 573 eis
794 519 1079 583 sententia,
1101 519 1116 548 ί
1143 532 1239 573 nec
1265 531 1370 586 quo
1395 525 1582 572 tenOre
1622 525 1839 586 peracto
1943 515 2287 577 sententiam,
2339 514 2426 583 qui
2460 514 2582 570 talis
2630 530 2946 585 permanere
2976 514 3200 585 delegit,
3231 517 3407 585 qualis
3436 533 3528 571 ve-

254 626 575 677 permanens
624 610 709 663 illa
763 613 1033 665 sententia
1063 609 1409 679 pereuntibus
1441 608 1837 679 peccatoribus,
1944 607 2139 659 raciter
2170 621 2274 659 non
2307 617 2483 674 posset
2511 608 2715 661 absolvi
2735 624 2748 671 ;
2768 616 2822 662 et
2847 608 3016 663 noluit
3048 610 3167 663 talis
3195 608 3358 673 efﬁci,
3385 613 3526 665 circa

254 704 318 754 ita
343 711 529 754 utnon
560 711 744 755 essent
768 704 954 769 utique
982 712 1312 768 peccatores.
1344 699 1413 753 At
1438 715 1499 752 ea
1522 699 1630 766 jam
1661 699 1712 752 in
1736 714 1842 751 non
1946 698 2182 765 qualem,
2216 708 2564 767 permanente
2597 702 2861 754 Sententia
2907 701 3047 754 t-irca
3092 702 3247 765 tales,
3279 703 3527 757 ell'ectum

255 807 379 861 pecc
417 792 628 844 toribus
672 808 887 846 manete
929 808 1035 846 non
1074 793 1280 860 potuit,
1312 792 1431 858 quia
1465 792 1514 844 in
1545 792 1623 844 eis
1653 791 1845 859 quibus

255 884 451 936 inlltcta
488 900 594 935 non
630 884 799 936 fuerat
830 885 913 953 jus
944 885 1189 938 manendi
1222 886 1429 951 penitus
1461 898 1564 937 non
1594 882 1843 937 habebat.

268 977 339 1028 lta
376 990 477 1028 nec
520 978 570 1028 in
598 992 696 1028 suo
736 976 859 1043 jure
901 979 980 1030 vel
1016 978 1227 1029 tramite
1271 977 1535 1029 ullatenus
1583 974 1846 1028 sententia

256 1068 492 1118 resoluta
525 1078 628 1129 est,
659 1075 714 1118 et
743 1068 932 1119 eadem
965 1066 1017 1118 in
1035 1063 1116 1117 his
1142 1065 1333 1132 quibus
1367 1064 1561 1118 inﬂicta
1590 1072 1693 1125 est,
1724 1078 1850 1132 per-

257 1175 286 1207 n
312 1170 531 1219 attente,
566 1161 633 1208 ah
657 1157 737 1209 his
767 1158 855 1224 qui
884 1157 949 1207 ab
972 1155 1087 1222 ejus
1108 1156 1224 1222 jure
1249 1154 1463 1208 discreti
1494 1163 1637 1214 sunt,
1669 1153 1844 1207 aliena

188 1229 197 1238 ’
256 1263 318 1314 pr
344 1262 481 1301 .rsns
512 1246 702 1299 ιπεεω
737 1254 837 1299 est.
882 1246 989 1300 Nec
1022 1246 1072 1299 in
1106 1247 1206 1310 his,
1239 1246 1384 1299 salva
1415 1244 1495 1298 sui
1519 1245 1848 1308 conditione,

257 1341 335 1391 las
366 1337 472 1390 hab
493 1346 593 1390 iret
623 1336 911 1401 manendi,
943 1336 1137 1405 quibus
1170 1334 1366 1387 inﬂicta
1405 1349 1509 1387 non
1540 1343 1674 1389 erat.
1710 1334 1852 1387 Dixit

260 1431 553 1493 llmnmus,
598 1427 741 1497 quod
790 1428 839 1480 in
887 1427 1145 1491 S,.iritum
1190 1433 1430 1478 sanctum
1472 1424 1869 1492 peccantibus,

257 1538 355 1575 nec
401 1522 489 1573 hic
533 1530 679 1574 esset
724 1534 826 1573 nec
884 1518 934 1571 in
1000 1518 1178 1571 futuro
1226 1532 1284 1570 sa
1303 1518 1424 1571 culo
1471 1516 1849 1571 remittendum

257 1610 477 1683 (Jlotth.
507 1614 629 1677 xu).

325 1704 578 1767 Quantos
622 1710 803 1753 autem
836 1698 1213 1767 cognoscimus
1240 1698 1291 1752 in
1326 1698 1580 1767 Spiritum
1607 1710 1848 1753 sanctum

1949 802 2054 842 non
2089 790 2245 843 talem
2296 790 2595 844 instiluhilis
2635 792 2900 845 sententia
2956 808 3062 845 non
3114 806 3374 857 maneret,
3409 811 3529 863 qua-

1950 879 2088 932 circa
2140 879 2387 934 echctum
2442 898 2545 935 non
2606 881 2763 935 talem
2816 900 2919 936 non
2974 884 3195 939 haberet
3256 885 3527 939 lii-entiam

1952 970 2319 1033 permanendi.
2354 972 2469 1038 Quo
2499 974 2668 1042 magis
2698 974 2775 1042 (ut
2803 973 2999 1028 dictum
3032 976 3135 1043 est}
3158 979 3405 1042 ext-mplo
3454 989 3535 1027 at-

1951 1074 2055 1127 que
2095 1061 2335 1128 periculo
2367 1062 2503 1115 adnn
2529 1064 2650 1127 niti,
2679 1065 2767 1132 qui
2800 1062 2987 1119 eodem
3021 1076 3205 1120 tenore
3252 1081 3369 1120 sunt
3407 1084 3533 1121 enn-

1952 1153 2154 1219 stricti,
2190 1154 2442 1208 festinare
2482 1154 2681 1209 debent
2726 1166 2782 1211 ut
2831 1172 2932 1211 non
2984 1159 3116 1212 tales
3158 1174 3277 1214 esse
3322 1175 3532 1229 perma-

1956 1251 2114 1295 neant
2164 1242 2357 1311 quibus
2402 1245 2663 1298 sententia
2717 1245 2804 1299 illa
2855 1263 2958 1300 non
3010 1248 3261 1302 solvenda
3316 1251 3530 1318 pra'ﬁxa

1954 1341 2054 1397 est,
2089 1344 2139 1386 et
2168 1349 2286 1388 esse
2327 1335 2457 1389 tales
2497 1334 2753 1404 incipiant
2801 1338 3047 1404 qualibus
3099 1354 3201 1392 n0n
3233 1341 3533 1393 insolubilis

1956 1424 2172 1491 praeﬁxa
2212 1426 2475 1479 sententia
2512 1427 2678 1493 possit
2705 1441 2824 1482 esse
2852 1427 3115 1483 solubilis.
3148 1429 3410 1497 Quoniam
3443 1447 3534 1484 au-

1958 1524 2062 1568 tem
2091 1514 2283 1569 ell‘ecto
2301 1530 2405 1569 non
2434 1517 2523 1570 tali
2558 1517 2701 1587 quali
2734 1534 2837 1571 non
2872 1519 3122 1573 solvenda
3159 1521 3370 1588 prazﬁxa
3407 1536 3535 1575 sen-

1956 1605 2122 1659 tentia
2157 1615 2259 1674 est,
2288 1605 2499 1675 ellecto,
2535 1608 2771 1677 inquam,
2799 1626 2903 1663 non
2938 1610 3047 1675 tali,
3080 1620 3259 1680 potest
3298 1612 3536 1665 solubilis

1958 1712 2075 1751 esse
2124 1700 2416 1764 sententia;
2476 1702 2598 1769 quia
2626 1700 2736 1768 jam
2770 1701 2984 1765 Aeacio,
3044 1718 3148 1756 non
3180 1704 3377 1757 volenti
3432 1720 3536 1757 non

258 1793 324 1846 de
352 1794 666 1860 inquentes,
698 1794 836 1845 sicut
866 1793 1147 1846 haereticos
1176 1793 1436 1857 diversos,
1468 1792 1712 1858 Arianos,
1745 1791 1853 1846 Eu-
1882 1770 1930 1833 Β
1960 1791 2119 1845 talem
2149 1806 2291 1857 esse,
2322 1792 2451 1845 sicut
2476 1793 2563 1846 tali
2594 1794 2829 1863 usquein
2858 1794 3014 1849 ﬁnem
3039 1796 3394 1864 permanenti,
3421 1811 3542 1864 per-

260 1884 565 1949 nomianos,
620 1883 1059 1948 Macedoniauos,
1087 1881 1153 1936 ad
1183 1883 1340 1937 ﬁdem
1384 1883 1706 1938 catholicam
1757 1899 1849 1938 re-

259 1985 565 2040 vertentes,
600 1986 653 2028 et
696 1973 782 2029 hic
808 1976 1178 2031 remissionem
1230 1990 1341 2030 suae
1383 1977 1683 2046 percepisse
1712 1976 1855 2032 blas-

260 2072 306 2137 pl
334 2068 521 2130 emi:e,
552 2076 609 2121 et
634 2067 687 2120 in
712 2066 945 2120 futurum
974 2083 1125 2137 spem
1169 2069 1464 2138 sumpsisse
1511 2068 1853 2138 indulgentia:

258 2165 700 2235 coiiseqm-ndml
728 2165 836 2220 Nec
865 2165 983 2219 ideo
1013 2180 1119 2219 non
1141 2180 1265 2220 vera
1291 2173 1374 2219 est
1398 2162 1606 2219 Domini
1634 2176 1853 2219 senten-

260 2260 356 2323 tia,
390 2268 486 2311 aut
515 2257 791 2325 potabitur
814 2271 934 2311 esse
964 2257 1229 2312 ullatenus
1257 2258 1513 2323 resoluta,
1546 2271 1666 2309 cum
1712 2257 1852 2310 circa

263 2352 403 2403 tales
451 2349 498 2402 si
532 2336 636 2402 bne
661 2363 782 2402 esse
810 2357 1177 2417 permaneant,
1204 2363 1474 2417 nunquam
1499 2347 1718 2401 omnino
1742 2346 1855 2401 sol~

260 2444 438 2494 renda
475 2442 723 2507 persistat
750 2482 764 2504 ,
810 2438 1015 2492 ellectis
1055 2447 1230 2491 autem
1265 2453 1372 2491 non
1421 2437 1614 2491 talibus
1644 2452 1747 2491 non
1779 2437 1854 2490 ir-

262 2542 474 2601 rogata.
506 2533 659 2585 Sicut
698 2533 861 2585 etiam
910 2543 992 2585 est
1022 2542 1419 2598 consequenter
1459 2541 1514 2585 et
1544 2530 1672 2585 illud
1712 2530 1855 2585 beati

260 2623 498 2679 Joannis
527 2623 792 2690 apn~toli:
827 2623 1188 2693 Estpeccatunt
1230 2624 1298 2675 ad
1330 2631 1536 2675 mortem
1561 2639 1579 2677 :
1608 2639 1711 2676 non
1738 2623 1856 2676 dico

262 2729 315 2770 ut
367 2727 545 2771 oretur
586 2734 680 2778 pro
729 2733 822 2780 eo;
872 2726 917 2769 et
947 2727 1019 2771 est
1050 2726 1311 2787 peccatum
1350 2733 1451 2771 non
1483 2718 1550 2771 ad
1599 2729 1811 2772 mortem
1836 2733 1854 2770 :

262 2810 383 2861 dico
413 2818 467 2860 ut
520 2818 694 2861 oretur
729 2825 822 2875 pro
867 2824 925 2862 eo
957 2805 1008 2878 (I
1038 2805 1196 2861 Juau.
1227 2812 1313 2878 v):
1349 2818 1430 2862 est
1472 2819 1743 2878 peccatum
1788 2810 1855 2863 ad

266 2910 525 2957 mortem.
559 2900 611 2951 in
646 2898 831 2953 eodem
867 2912 1086 2967 percato
1124 2899 1495 2964 manentibus;
1540 2911 1621 2953 est
1668 2914 1855 2967 pecca-

262 2998 378 3044 tum
402 3006 513 3043 non
552 2990 617 3043 ad
642 2999 891 3053 mortem,
914 2990 980 3043 ab
1004 2990 1189 3044 eodem
1217 2998 1433 3059 peccato
1462 2990 1852 3047 recedentibus.

268 3082 488 3135 Nullum
520 3083 822 3150 i-stqnippe
853 3089 1126 3147 peccatum
1174 3098 1268 3148 pro
1314 3096 1420 3151 quo
1448 3092 1540 3136 aut
1586 3098 1689 3137 non
1740 3091 1856 3139 oret

270 3172 517 3225 Ecclesia
546 3173 566 3202 ²
594 3172 937 3236 remittendo,
980 3181 1070 3226 aut
1098 3172 1258 3239 quod,
1302 3172 1421 3226 data
1455 3174 1556 3228 sibi
1600 3174 1855 3230 divinitus

268 3274 559 3333 potestate,
588 3264 964 3319 desistentibus
991 3264 1057 3317 ab
1088 3265 1279 3319 eodem
1321 3281 1426 3319 non
1469 3268 1638 3335 possit
1678 3266 1855 3322 absol-

269 3372 418 3417 vere,
456 3359 538 3411 vel
586 3358 968 3423 parnitentibus
1016 3358 1279 3421 relaxare,
1311 3357 1395 3411 cui
1430 3358 1625 3413 dicitur
1655 3376 1667 3411 :
1702 3359 1856 3426 Qua:-

268 3466 470 3518 cunque
508 3450 799 3503 diruiseritis
850 3464 1001 3518 super
1036 3461 1252 3517 terram,
1287 3452 1500 3505 dimissa
1538 3461 1688 3505 erunt
1727 3453 1856 3506 etin

269 3543 446 3603 ralis;
475 3550 523 3593 et
542 3556 856 3610 qutrcunque
878 3541 1124 3594 sciveritis
1164 3558 1319 3605 super
1348 3551 1566 3607 terram,
1597 3554 1742 3597 erunt
1771 3559 1857 3598 εο-

268 3629 375 3682 luta
403 3632 529 3683 etin
561 3631 699 3682 caelis
747 3628 957 3697 (Matth.
987 3640 1139 3694 xvm,
1169 3630 1283 3700 18).
1338 3631 1392 3684 In
1448 3633 1856 3703 quibuscunqne

269 3720 445 3771 oninia
471 3727 1046 3787 snnt,quantacnnque
1067 3719 1195 3780 sint,
1217 3728 1271 3773 et
1300 3721 1693 3792 qualiacunque
1714 3725 1851 3779 sint:

268 3808 444 3861 veraci
474 3809 824 3861 nihilominus
847 3823 1028 3862 eorum
1079 3820 1329 3864 manente
1370 3814 1656 3877 sententia,
1680 3812 1701 3844 ³
1732 3829 1854 3884 quae

269 3914 543 3968 nunquam
588 3899 845 3952 solvenda
894 3913 1016 3954 esse
1044 3899 1388 3954 denuntiatur
1429 3919 1440 3953 :
1475 3901 1525 3956 in
1556 3917 1743 3958 eorum
1777 3914 1855 3959 te-

271 4005 402 4043 nore
428 3990 760 4048 consistens.
792 4005 895 4043 non
926 3992 1087 4044 etiam
1111 3989 1179 4043 ab
1206 3989 1308 4045 hoc
1336 3990 1524 4045 eodem
1556 4004 1677 4062 post
1706 4011 1855 4051 rece-

266 4078 419 4133 dens.
466 4080 621 4144 Quod
650 4079 889 4133 etiamin
934 4079 1111 4133 Acacii
1164 4082 1426 4135 sententia
1471 4084 1857 4141 rationabiliter

270 4168 585 4224 inzuendum
616 4180 717 4236 est,
749 4170 801 4224 in
833 4186 936 4240 qua
982 4172 1191 4226 etiamsi
1241 4172 1293 4226 ei
1339 4174 1537 4229 dictum
1586 4185 1687 4242 est,
1720 4192 1853 4231 nun~

268 4277 535 4331 quamque
552 4262 868 4325 solvendus,
894 4277 998 4315 non
1024 4270 1106 4316 est
1131 4262 1394 4332 adjectum
1421 4275 1620 4329 tamen,
1644 4267 1854 4323 etiamsi

267 4353 583 4421 resipu»-ris,
609 4354 818 4406 t-tinmSi
847 4353 913 4407 ab
926 4368 1107 4408 errore
1121 4353 1455 4420 discesseris,
1479 4358 1689 4413 etiamsi
1720 4374 1853 4429 prte-

275 4445 537 4496 varicator
577 4458 698 4498 esse
746 4444 1035 4498 destiteris.
1078 4445 1416 4516 Quapropter
1456 4448 1507 4501 in
1540 4459 1726 4519 aperto
1772 4460 1853 4505 est

270 4534 344 4587 ita
380 4535 611 4597 dictum,
645 4551 915 4604 nunquam
959 4537 1267 4605 solvendus,
1312 4539 1406 4593 sed
1443 4541 1592 4608 talis,
1622 4543 1847 4607 scilicet,

268 4626 437 4690 qualis
471 4633 557 4677 est
604 4634 660 4678 et
714 4627 939 4695 ligatus,
969 4643 1073 4681 non
1105 4640 1283 4682 autem
1328 4630 1450 4685 talis
1498 4631 1720 4687 effectus
1750 4634 1851 4705 'qui

270 4712 406 4767 sicut
433 4716 678 4781 ligandus
711 4732 814 4769 non
854 4727 988 4782 erat,
1020 4720 1097 4772 sic
1143 4719 1423 4777 absolutus
1473 4738 1594 4781 esse
1623 4724 1849 4781 doceba-

270 4812 368 4855 tur.
395 4804 549 4859 Sicut
570 4806 781 4859 (arebat
807 4807 1152 4876 obligaione,
1176 4825 1297 4865 cum
1320 4812 1663 4882 obligationis
1688 4824 1851 4871 'causa

266 4895 525 4948 caruiset
556 4913 570 4947 :
600 4898 679 4950 sic
708 4899 891 4967 utique
909 4899 1185 4954 abso'utns
1208 4903 1484 4969 existeret,
1510 4914 1771 4973 quatenus
1797 4920 1850 4962 et

266 4981 380 5052 ipse
406 5000 512 5039 non
560 4990 876 5042 necessitate
922 4989 1079 5044 dictse
1128 4995 1411 5049 sententiae
1441 4998 1713 5054 videretur
1743 5017 1847 5054 non

264 5088 422 5140 posse
448 5076 848 5144 quodammodo
873 5080 981 5149 jam
1014 5082 1179 5149 salvi;
1210 5081 1231 5113 ⁸
1261 5100 1381 5138 nam
1403 5087 1522 5142 talis
1552 5090 1773 5147 ell‘ectus
1800 5104 1855 5149 et

261 5162 591 5233 obligatione
640 5181 850 5235 carens,
906 5171 1057 5225 ﬁeret
1111 5173 1405 5237 absolutus,
1432 5186 1488 5231 et
1533 5180 1672 5235 circa
1720 5185 1854 5239 tales

261 5255 482 5312 praeﬁxa
515 5260 780 5314 sententia
831 5262 977 5317 nullo
1014 5263 1173 5318 modo
1206 5266 1226 5295 ⁸
1254 5265 1553 5324 insolubilis
1594 5274 1853 5330 reddere-

220 5346 369 5443 itur.
393 5346 645 5418 Nunquid
676 5353 820 5407 enim
864 5354 1041 5421 misit,
1086 5358 1356 5426 qumsivit,
1382 5364 1634 5433 expetiit,
1670 5376 1722 5423 et
1749 5369 1847 5423 ab-

334 5502 350 5577 ?
379 5502 477 5556 llic
506 5503 729 5577 subesse
757 5506 1006 5562 mendum
1039 5509 1277 5577 videtur,
1314 5513 1399 5567 cui
1432 5516 1689 5573 medelam
1738 5540 1841 5577 non

254 5572 490 5626 aﬂ'ernnt
517 5588 649 5627 mss.
683 5575 941 5631 "annum.

331 5645 353 5672 ⁸
387 5643 461 5695 Id.
498 5647 642 5705 cud.,
677 5650 823 5698 remit
847 5648 1051 5702 cndum.

331 5711 352 5742 ³
378 5712 454 5767 Η.
472 5714 620 5775 coal”
654 5730 753 5780 (μα
779 5734 1059 5780 nunquam.

552 5807 819 5868 PnaoL.
871 5808 1035 5869 LIX.

1956 1883 2150 1937 mansit
2176 1884 2225 1936 in
2259 1883 2500 1937 absoluta
2529 1887 2791 1939 sententia
2825 1904 2836 1937 :
2872 1885 2941 1940 ita
2980 1887 3090 1955 jam
3121 1902 3224 1940 non
3274 1887 3364 1941 tali
3400 1887 3541 1942 elﬁci

1957 1991 2061 2029 non
2108 1976 2308 2030 volenti
2364 1976 2607 2031 slubilis
2676 1993 2781 2031 non
2840 1989 3016 2048 potest
3079 1994 3199 2033 esse
3248 1982 3539 2035 sententia.

1957 2068 2144 2124 Nonne
2183 2077 2361 2121 tantos
2402 2067 2629 2121 habebat
2682 2068 2910 2123 Aeacius
2962 2084 3193 2136 quorum
3237 2071 3539 2134 exemplum

1956 2161 2107 2227 sequi
2142 2160 2422 2228 potuisset.
2452 2160 2741 2228 antistites,
2775 2161 2885 2229 qtti,
2914 2160 2967 2214 in
2997 2160 3271 2228 Ephesino
3304 2161 3541 2229 prolapsi

1959 2251 2262 2316 latrocinio,
2297 2251 2541 2319 quolibet
2589 2250 2747 2304 modo
2782 2252 2830 2305 in
2880 2251 3290 2306 consensionem
3337 2251 3542 2306 recide-

1957 2351 2076 2396 rant
2109 2340 2428 2410 pravitatis?
2463 2340 2655 2409 Utique
2687 2349 2864 2395 tamen
2890 2341 3017 2411 (etsi
3050 2342 3250 2395 dictum
3271 2357 3375 2396 non
3401 2343 3540 2411 erat)

1958 2443 2010 2489 et
2069 2438 2377 2502 perpetuam
2426 2430 2822 2486 damnationem
2883 2432 3024 2488 ferre
3074 2434 3387 2502 potuis<ent,
3440 2433 3541 2487 nisi

1958 2524 2372 2593 res'piscentes,
2405 2532 2463 2578 et
2514 2539 2617 2577 non
2677 2523 2811 2577 tales
2846 2523 3018 2578 ell'ecti
3060 2525 3244 2594 quales
3285 2524 3361 2578 illi
3418 2525 3540 2578 facti

1959 2619 2189 2684 fuerant,
2224 2616 2732 2685 damnationemqae
2790 2629 3101 2686 perpetuam
3162 2616 3541 2678 merebantur,

1960 2709 2152 2763 resolvi
2180 2708 2321 2763 circa
2369 2723 2429 2763 se
2459 2706 2878 2774 damnationem,
2929 2708 3242 2762 recedentes
3290 2722 3317 2758 a
3352 2720 3541 2775 perpe-

1959 2809 2065 2854 tuae
2114 2798 2471 2853 damnationis
2510 2812 2706 2866 causa,
2760 2799 2779 2830 ⁸
2826 2801 3195 2854 meruissent:
3243 2813 3399 2864 quam
3447 2796 3538 2866 qui

1962 2893 2245 2963 perstitere
2292 2893 2434 2946 circa
2487 2905 2546 2946 se
2589 2891 2929 2945 insolubilem
2980 2889 3346 2943 reddiderunt.
3399 2887 3539 2941 Nihil

1962 2986 2184 3041 interest
2206 2985 2386 3054 igitur,
2418 2983 2550 3038 nihil
2581 2983 2778 3051 dil'l‘ert,
2810 2990 2989 3038 utrum
3019 2982 3229 3036 dicatur
3267 2996 3537 3049 nunquam

1962 3076 2273 3138 solvendus,
2307 3091 2373 3130 an
2402 3090 2507 3129 non
2532 3075 2740 3129 dicatur
2781 3090 2794 3133 :
2842 3075 2961 3144 quia
3014 3073 3379 3128 ectlesiastica
3415 3086 3537 3125 sen-

1966 3167 2125 3221 tentia
2156 3182 2277 3220 reos
2325 3176 2379 3220 et
2419 3166 2856 3236 prmvariratori-s
2894 3166 3121 3235 obligat;
3153 3165 3273 3234 quia
3306 3164 3439 3217 sicut
3487 3161 3538 3217 (ἰ

1960 3276 2065 3315 non
2101 3268 2271 3328 potest
2311 3259 2585 3328 suffragari
2626 3257 2766 3325 quod
2799 3272 2901 3311 non
2932 3266 3013 3310 est
3042 3257 3215 3309 dictus
3263 3269 3535 3321 nunquam

1959 3352 2279 3417 solvendus,
2319 3351 2412 3406 sed
2448 3353 2493 3405 si
2538 3353 2590 3405 in
2622 3365 2806 3405 errore
2851 3345 3539 3420 permanseritinsolubilis

1950 3444 2133 3513 ,ηιοάίε
2162 3442 2412 3497 omnibus
2438 3452 2782 3512 perseverat,
2812 3456 2910 3495 nec
2937 3448 3112 3507 potest
3140 3438 3263 3494 inde
3294 3437 3394 3492 nisi
3430 3453 3537 3491 non

1960 3536 2079 3591 talis
2109 3534 2330 3590 ell'ectus
2368 3535 2571 3589 absolvi
2606 3552 2619 3599 ;
2658 3533 2733 3589 sic
2776 3536 3022 3603 cuiquam
3054 3532 3402 3600 prmjttdicare
3431 3545 3539 3586 non

1960 3633 2156 3695 potest,
2194 3626 2401 3681 tametsi
2425 3624 2622 3679 dictum
2652 3633 2733 3680 est
2763 3639 3030 3693 nunquam
3053 3639 3177 3678 esse
3199 3624 3536 3689 solvendum,

1959 3719 2238 3773 manifesta
2293 3718 2501 3773 ratione
2566 3725 2898 3771 monstrante
2966 3716 3085 3785 quia
3145 3730 3416 3785 nunquam
3470 3717 3539 3769 sit

1959 3811 2177 3864 omnino
2203 3809 2512 3872 solvendus,
2537 3810 2579 3862 si
2607 3810 2724 3862 talis
2747 3809 2919 3877 qnafis
2948 3810 3139 3878 ligatus
3169 3820 3251 3863 est
3280 3824 3400 3864 esse
3420 3824 3539 3879 per-

1958 3900 2129 3961 sistat,
2162 3901 2242 3953 rel
2275 3900 2391 3953 talis
2421 3900 2605 3969 utique
2646 3914 2916 3968 nunquam
2945 3899 3232 3954 solvendus
3262 3899 3435 3969 qualis
3456 3909 3539 3954 est

1958 3990 2240 4059 obligatus.
2281 3989 2398 4043 Non
2437 3989 2645 4057 adgecto
2674 4000 2873 4055 autem,
2931 3990 3139 4045 etiamsi
3192 3991 3539 4058 resipiscatet

1958 4086 2209 4153 corrigat,
2238 4093 2418 4151 patere
2450 4097 2668 4151 prorsus
2696 4090 2751 4138 et
2781 4082 3007 4137 liberum
3042 4096 3160 4136 csse
3193 4098 3294 4135 non
3318 4083 3536 4137 dubium

1956 4182 2046 4240 sit,
2077 4188 2131 4229 ut
2163 4191 2265 4228 non
2292 4174 2412 4227 talis
2449 4173 2527 4228 el‘f
2554 4182 2672 4229 ctus
2711 4175 2882 4242 qualis
2931 4189 3197 4239 nunquam
3230 4175 3401 4227 dictus
3453 4185 3539 4229 est

1958 4287 2078 4326 esse
2116 4266 2427 4330 Stalvendtts,
2460 4268 2553 4320 sed
2595 4266 2713 4320 talis
2743 4265 2914 4334 qualis
2942 4280 3049 4318 non
3090 4275 3175 4320 est
3199 4266 3370 4319 dictus
3400 4281 3538 4320 nun-

1957 4379 2026 4432 qn
2046 4379 2113 4416 om
2136 4374 2255 4415 esse
2274 4359 2583 4427 solvendus,
2613 4358 2664 4413 id
2687 4368 2787 4422 est,
2811 4369 3086 4413 correctus
3116 4367 3170 4413 et
3196 4359 3533 4425 emendatus,

1958 4462 2350 4523 consequenter
2395 4460 2671 4507 correctus
2722 4459 2776 4505 et
2821 4450 2994 4520 possit
3039 4450 3195 4505 solvi.
3233 4451 3534 4505 Notandum

1957 4544 2098 4614 quod
2125 4542 2363 4612 quolibet
2400 4555 2598 4611 genere
2647 4540 3141 4610 blasphemantibus
3183 4541 3235 4594 in
3278 4541 3535 4609 Spiritum

1959 4644 2222 4698 sam-tum,
2249 4634 2291 4689 si
2321 4633 2713 4701 resipiscantet
2739 4632 3031 4701 corrigunt,
3073 4642 3127 4686 et
3156 4632 3241 4685 hic
3281 4634 3359 4685 eis
3387 4640 3442 4686 et
3483 4632 3536 4685 in

1959 4730 2139 4781 l'uturo
2195 4726 2393 4780 steculo
2446 4726 2793 4788 remittatur;
2838 4741 2934 4778 nec
2964 4724 3087 4779 inde
3133 4726 3297 4793 possit
3328 4722 3536 4779 Domini

1960 4829 2151 4873 nutare
2177 4818 2466 4880 sententia,
2491 4833 2610 4886 quas
2654 4816 2793 4871 circa
2840 4817 2971 4869 tales
3003 4818 3183 4886 utique
3220 4834 3537 4887 permanen-

1963 4922 2042 4963 les
2082 4925 2397 4977 permanere
2425 4911 2561 4964 dicta
2594 4918 2707 4975 est,
2755 4924 2858 4963 non
2907 4911 3047 4963 circa
3098 4924 3201 4965 non
3249 4913 3382 4966 tales
3410 4911 3538 4967 elle-

1960 5012 2098 5056 ctos.
2129 5001 2373 5066 Quandiu
2402 5010 2578 5055 autem
2605 5000 2659 5055 in
2690 5000 2788 5052 hoc
2825 5009 3069 5067 manent,
3088 5001 3218 5056 tales
3253 5012 3377 5058 sunt
3406 5019 3536 5075 qua.

1962 5094 2098 5147 libus
2118 5105 2225 5147 non
2238 5091 2619 5147 remittendum
2641 5105 2761 5146 esse
2785 5093 3058 5160 praeﬁxum
3086 5102 3185 5147 est.
3204 5091 3335 5149 Cum
3357 5104 3535 5155 autem

1959 5188 2027 5243 ab
2048 5186 2151 5242 hoc
2166 5184 2511 5248 recesserint,
2538 5198 2644 5238 non
2672 5184 2806 5239 tales
2829 5183 3132 5240 efﬁciuntur
3161 5187 3407 5255 qualibus
3429 5204 3536 5243 non

1962 5272 2337 5333 remittendum
2368 5272 2489 5331 esse
2521 5274 2830 5344 praedictum
2859 5285 2959 5329 est.
3000 5275 3061 5329 Et
3108 5277 3228 5332 ideo
3278 5295 3383 5333 non
3418 5280 3536 5333 tali-

1959 5369 2060 5425 bus
2088 5368 2290 5424 eﬂ‘ectis
2321 5350 2498 5441 poteSt
2524 5374 2581 5421 et
2606 5364 2691 5418 hic
2714 5374 2769 5420 et
2811 5365 2987 5418 futuro
3032 5368 3230 5421 smculo
3259 5371 3278 5400 "
3312 5386 3414 5424 non
3449 5385 3534 5423 re-

2030 5524 2050 5555 ‘
2085 5524 2160 5577 id.
2192 5521 2338 5587 c0tl.,
2365 5536 2467 5572 non
2498 5520 2618 5574 talis
2639 5520 2863 5587 effectus.

2035 5596 2055 5625 ⁵
2088 5595 2162 5647 ld.
2190 5590 2336 5653 cod.,
2365 5588 2632 5643 Soluhilt’s.

2035 5666 2053 5694 ⁸
2085 5663 2160 5715 Id.
2198 5662 2340 5723 cod.,
2374 5673 2683 5713 meruerunt.

2033 5737 2049 5765 ⁷
2081 5733 2156 5788 id.
2191 5731 2333 5797 (θύη
2365 5731 2468 5794 iam
2497 5733 2702 5785 remitti.
