  <div class='ocr_page' id='page_1' title='image "/cluster/home/n/w/nwhite01/storage/ocr_20150623/59/hvd.32044073505117/059.png"; bbox 0 0 4098 6172; ppageno 0'>
   <div class='ocr_carea' id='block_1_1' title="bbox 548 284 642 336">
    <p class='ocr_par' dir='ltr' id='par_1_1' title="bbox 548 284 642 336">
     <span class='ocr_line' id='line_1_1' title="bbox 548 284 642 336; baseline 0.011 -1"><span class='ocrx_word' id='word_1_1' title='bbox 548 286 569 335; x_wconf 69' lang='grc' dir='ltr'>ί</span> <span class='ocrx_word' id='word_1_2' title='bbox 581 284 642 336; x_wconf 64' lang='grc' dir='ltr'><strong>(ἦ</strong></span> 
     </span>
    </p>
   </div>
   <div class='ocr_carea' id='block_1_2' title="bbox 1894 274 2460 335">
    <p class='ocr_par' dir='ltr' id='par_1_2' title="bbox 1894 274 2460 335">
     <span class='ocr_line' id='line_1_2' title="bbox 1894 274 2460 335; baseline 0.004 -2"><span class='ocrx_word' id='word_1_3' title='bbox 1894 274 2161 333; x_wconf 78' lang='lat' dir='ltr'><strong>GELASII</strong></span> <span class='ocrx_word' id='word_1_4' title='bbox 2203 279 2402 334; x_wconf 59' lang='grc' dir='ltr'><strong>ΡΑΡίΕ</strong></span> <span class='ocrx_word' id='word_1_5' title='bbox 2445 282 2460 335; x_wconf 93' lang='lat' dir='ltr'><strong>l</strong></span> 
     </span>
    </p>
   </div>
   <div class='ocr_carea' id='block_1_3' title="bbox 3717 285 3825 342">
    <p class='ocr_par' dir='ltr' id='par_1_3' title="bbox 3717 285 3825 342">
     <span class='ocr_line' id='line_1_3' title="bbox 3717 285 3825 342; baseline 0.046 -5"><span class='ocrx_word' id='word_1_6' title='bbox 3717 285 3825 342; x_wconf 80' lang='lat' dir='ltr'><strong>I03</strong></span> 
     </span>
    </p>
   </div>
   <div class='ocr_carea' id='block_1_4' title="bbox 544 384 3857 481">
    <p class='ocr_par' dir='ltr' id='par_1_4' title="bbox 544 384 3857 481">
     <span class='ocr_line' id='line_1_4' title="bbox 544 384 3857 481; baseline 0.004 -40"><span class='ocrx_word' id='word_1_7' title='bbox 544 394 702 447; x_wconf 79' lang='lat' dir='ltr'><strong>mitti.</strong></span> <span class='ocrx_word' id='word_1_8' title='bbox 725 389 973 459; x_wconf 68' lang='lat' dir='ltr'><strong>Alioquin</strong></span> <span class='ocrx_word' id='word_1_9' title='bbox 998 386 1159 459; x_wconf 86' lang='lat' dir='ltr'><strong>(quod</strong></span> <span class='ocrx_word' id='word_1_10' title='bbox 1180 384 1851 456; x_wconf 76' lang='lat' dir='ltr'><strong>absit!)l‘rustravidcretut</strong></span> <span class='ocrx_word' id='word_1_11' title='bbox 1884 388 2117 445; x_wconf 82' lang='lat' dir='ltr'><strong>Ecclesia</strong></span> <span class='ocrx_word' id='word_1_12' title='bbox 2147 395 2195 452; x_wconf 76' lang='grc' dir='ltr'><strong>Α</strong></span> <span class='ocrx_word' id='word_1_13' title='bbox 2224 393 2456 460; x_wconf 85' lang='lat' dir='ltr'><strong>videant,</strong></span> <span class='ocrx_word' id='word_1_14' title='bbox 2487 404 2533 447; x_wconf 86' lang='lat' dir='ltr'><strong>et</strong></span> <span class='ocrx_word' id='word_1_15' title='bbox 2569 395 2829 449; x_wconf 60' lang='lat' dir='ltr'><strong>audientes</strong></span> <span class='ocrx_word' id='word_1_16' title='bbox 2870 414 2968 450; x_wconf 85' lang='lat' dir='ltr'><strong>non</strong></span> <span class='ocrx_word' id='word_1_17' title='bbox 3006 398 3246 465; x_wconf 78' lang='lat' dir='ltr'><strong>audiant,</strong></span> <span class='ocrx_word' id='word_1_18' title='bbox 3284 416 3346 453; x_wconf 87' lang='lat' dir='ltr'><strong>ne</strong></span> <span class='ocrx_word' id='word_1_19' title='bbox 3379 402 3581 469; x_wconf 84' lang='lat' dir='ltr'><strong>quando</strong></span> <span class='ocrx_word' id='word_1_20' title='bbox 3624 402 3819 456; x_wconf 74' lang='lat' dir='ltr'><strong>inteili-</strong></span> <span class='ocrx_word' id='word_1_21' title='bbox 3843 462 3857 481; x_wconf 40' lang='lat'><em>‘</em></span> 
     </span>
    </p>
   </div>
   <div class='ocr_carea' id='block_1_5' title="bbox 545 476 2119 551">
    <p class='ocr_par' dir='ltr' id='par_1_5' title="bbox 545 476 2119 551">
     <span class='ocr_line' id='line_1_5' title="bbox 545 476 2119 551; baseline -0.001 -15"><span class='ocrx_word' id='word_1_22' title='bbox 545 481 843 551; x_wconf 86' lang='lat' dir='ltr'><strong>bujusmodi</strong></span> <span class='ocrx_word' id='word_1_23' title='bbox 875 496 966 533; x_wconf 88' lang='lat' dir='ltr'><strong>sua</strong></span> <span class='ocrx_word' id='word_1_24' title='bbox 998 476 1434 533; x_wconf 75' lang='lat' dir='ltr'><strong>reconciliatione</strong></span> <span class='ocrx_word' id='word_1_25' title='bbox 1464 477 1753 548; x_wconf 73' lang='lat' dir='ltr'><strong>suscipere.</strong></span> <span class='ocrx_word' id='word_1_26' title='bbox 1778 479 1911 545; x_wconf 88' lang='lat' dir='ltr'><strong>Quia</strong></span> <span class='ocrx_word' id='word_1_27' title='bbox 1945 491 2119 535; x_wconf 90' lang='lat' dir='ltr'><strong>autem</strong></span> 
     </span>
    </p>
   </div>
   <div class='ocr_carea' id='block_1_6' title="bbox 542 567 2117 639">
    <p class='ocr_par' dir='ltr' id='par_1_6' title="bbox 542 567 2117 639">
     <span class='ocr_line' id='line_1_6' title="bbox 542 567 2117 639; baseline -0.004 -10"><span class='ocrx_word' id='word_1_28' title='bbox 542 573 786 630; x_wconf 82' lang='lat' dir='ltr'><strong>frustrari</strong></span> <span class='ocrx_word' id='word_1_29' title='bbox 817 587 920 625; x_wconf 87' lang='lat' dir='ltr'><strong>non</strong></span> <span class='ocrx_word' id='word_1_30' title='bbox 954 579 1146 639; x_wconf 88' lang='lat' dir='ltr'><strong>potest,</strong></span> <span class='ocrx_word' id='word_1_31' title='bbox 1176 569 1275 622; x_wconf 91' lang='lat' dir='ltr'><strong>hoc</strong></span> <span class='ocrx_word' id='word_1_32' title='bbox 1319 567 1592 623; x_wconf 89' lang='lat' dir='ltr'><strong>intellectu</strong></span> <span class='ocrx_word' id='word_1_33' title='bbox 1638 570 1811 623; x_wconf 93' lang='lat' dir='ltr'><strong>modis</strong></span> <span class='ocrx_word' id='word_1_34' title='bbox 1849 572 2117 637; x_wconf 79' lang='lat' dir='ltr'><strong>omnibus,</strong></span> 
     </span>
    </p>
   </div>
   <div class='ocr_carea' id='block_1_7' title="bbox 540 661 2118 732">
    <p class='ocr_par' dir='ltr' id='par_1_7' title="bbox 540 661 2118 732">
     <span class='ocr_line' id='line_1_7' title="bbox 540 661 2118 732; baseline -0.004 -9"><span class='ocrx_word' id='word_1_35' title='bbox 540 670 684 723; x_wconf 89' lang='lat' dir='ltr'><strong>salva</strong></span> <span class='ocrx_word' id='word_1_36' title='bbox 714 667 922 721; x_wconf 83' lang='lat' dir='ltr'><strong>Domini</strong></span> <span class='ocrx_word' id='word_1_37' title='bbox 950 662 1237 727; x_wconf 87' lang='lat' dir='ltr'><strong>sententia,</strong></span> <span class='ocrx_word' id='word_1_38' title='bbox 1270 661 1679 732; x_wconf 65' lang='lat' dir='ltr'><strong>praedicandum</strong></span> <span class='ocrx_word' id='word_1_39' title='bbox 1711 673 1815 731; x_wconf 88' lang='lat' dir='ltr'><strong>est,</strong></span> <span class='ocrx_word' id='word_1_40' title='bbox 1864 672 2118 731; x_wconf 79' lang='lat' dir='ltr'><strong>qttanlu&#39;n</strong></span> 
     </span>
    </p>
   </div>
   <div class='ocr_carea' id='block_1_8' title="bbox 539 753 2121 828">
    <p class='ocr_par' dir='ltr' id='par_1_8' title="bbox 539 753 2121 828">
     <span class='ocr_line' id='line_1_8' title="bbox 539 753 2121 828; baseline -0.003 -16"><span class='ocrx_word' id='word_1_41' title='bbox 539 767 604 815; x_wconf 84' lang='lat' dir='ltr'><strong>ad</strong></span> <span class='ocrx_word' id='word_1_42' title='bbox 632 775 727 814; x_wconf 87' lang='lat' dir='ltr'><strong>nos</strong></span> <span class='ocrx_word' id='word_1_43' title='bbox 760 758 1007 828; x_wconf 88' lang='lat' dir='ltr'><strong>pertinet,</strong></span> <span class='ocrx_word' id='word_1_44' title='bbox 1036 753 1255 809; x_wconf 89' lang='lat' dir='ltr'><strong>omnino</strong></span> <span class='ocrx_word' id='word_1_45' title='bbox 1279 754 1294 783; x_wconf 88' lang='grc'>¹</span> <span class='ocrx_word' id='word_1_46' title='bbox 1328 768 1501 823; x_wconf 83' lang='lat' dir='ltr'><strong>posse.</strong></span> <span class='ocrx_word' id='word_1_47' title='bbox 1549 754 1695 808; x_wconf 85' lang='lat' dir='ltr'><strong>Talis</strong></span> <span class='ocrx_word' id='word_1_48' title='bbox 1742 754 1901 824; x_wconf 83' lang='lat' dir='ltr'><strong>igitur</strong></span> <span class='ocrx_word' id='word_1_49' title='bbox 1946 754 2121 808; x_wconf 85' lang='lat' dir='ltr'><strong>dictus</strong></span> 
     </span>
    </p>
   </div>
   <div class='ocr_carea' id='block_1_9' title="bbox 540 847 2121 918">
    <p class='ocr_par' dir='ltr' id='par_1_9' title="bbox 540 847 2121 918">
     <span class='ocr_line' id='line_1_9' title="bbox 540 847 2121 918; baseline -0.004 -11"><span class='ocrx_word' id='word_1_50' title='bbox 540 864 621 907; x_wconf 86' lang='lat' dir='ltr'><strong>est</strong></span> <span class='ocrx_word' id='word_1_51' title='bbox 646 851 893 916; x_wconf 85' lang='lat' dir='ltr'><strong>Aeacius,</strong></span> <span class='ocrx_word' id='word_1_52' title='bbox 930 849 1101 918; x_wconf 82' lang='lat' dir='ltr'><strong>qualis</strong></span> <span class='ocrx_word' id='word_1_53' title='bbox 1124 848 1318 917; x_wconf 88' lang='lat' dir='ltr'><strong>ligatus</strong></span> <span class='ocrx_word' id='word_1_54' title='bbox 1349 855 1434 901; x_wconf 92' lang='lat' dir='ltr'><strong>est</strong></span> <span class='ocrx_word' id='word_1_55' title='bbox 1464 862 1734 914; x_wconf 85' lang='lat' dir='ltr'><strong>nunquam</strong></span> <span class='ocrx_word' id='word_1_56' title='bbox 1762 861 1882 901; x_wconf 88' lang='lat' dir='ltr'><strong>esse</strong></span> <span class='ocrx_word' id='word_1_57' title='bbox 1910 847 2121 901; x_wconf 80' lang='lat' dir='ltr'><strong>solven-</strong></span> 
     </span>
    </p>
   </div>
   <div class='ocr_carea' id='block_1_10' title="bbox 537 938 2120 1010">
    <p class='ocr_par' dir='ltr' id='par_1_10' title="bbox 537 938 2120 1010">
     <span class='ocr_line' id='line_1_10' title="bbox 537 938 2120 1010; baseline -0.004 -11"><span class='ocrx_word' id='word_1_58' title='bbox 537 946 655 1000; x_wconf 87' lang='lat' dir='ltr'><strong>dus.</strong></span> <span class='ocrx_word' id='word_1_59' title='bbox 689 942 833 997; x_wconf 81' lang='lat' dir='ltr'><strong>Talis</strong></span> <span class='ocrx_word' id='word_1_60' title='bbox 858 956 1024 1010; x_wconf 88' lang='lat' dir='ltr'><strong>usque</strong></span> <span class='ocrx_word' id='word_1_61' title='bbox 1052 940 1107 994; x_wconf 92' lang='lat' dir='ltr'><strong>in</strong></span> <span class='ocrx_word' id='word_1_62' title='bbox 1131 940 1286 993; x_wconf 89' lang='lat' dir='ltr'><strong>linem</strong></span> <span class='ocrx_word' id='word_1_63' title='bbox 1321 953 1443 993; x_wconf 87' lang='lat' dir='ltr'><strong>esse</strong></span> <span class='ocrx_word' id='word_1_64' title='bbox 1472 938 1794 1008; x_wconf 62' lang='lat' dir='ltr'><strong>permansit,</strong></span> <span class='ocrx_word' id='word_1_65' title='bbox 1853 939 1974 992; x_wconf 88' lang='lat' dir='ltr'><strong>ta‘is</strong></span> <span class='ocrx_word' id='word_1_66' title='bbox 1999 954 2120 994; x_wconf 78' lang='lat' dir='ltr'><strong>esse</strong></span> 
     </span>
    </p>
   </div>
   <div class='ocr_carea' id='block_1_11' title="bbox 540 1028 2115 1097">
    <p class='ocr_par' dir='ltr' id='par_1_11' title="bbox 540 1028 2115 1097">
     <span class='ocr_line' id='line_1_11' title="bbox 540 1028 2115 1097; baseline -0.007 -5"><span class='ocrx_word' id='word_1_67' title='bbox 540 1055 642 1092; x_wconf 90' lang='lat' dir='ltr'><strong>non</strong></span> <span class='ocrx_word' id='word_1_68' title='bbox 668 1035 891 1091; x_wconf 77' lang='lat' dir='ltr'><strong>destitit.</strong></span> <span class='ocrx_word' id='word_1_69' title='bbox 930 1032 1002 1086; x_wconf 89' lang='lat' dir='ltr'><strong>Ita</strong></span> <span class='ocrx_word' id='word_1_70' title='bbox 1051 1031 1171 1085; x_wconf 83' lang='lat' dir='ltr'><strong>talis</strong></span> <span class='ocrx_word' id='word_1_71' title='bbox 1214 1038 1298 1085; x_wconf 90' lang='lat' dir='ltr'><strong>est</strong></span> <span class='ocrx_word' id='word_1_72' title='bbox 1350 1028 1511 1083; x_wconf 85' lang='lat' dir='ltr'><strong>hodie</strong></span> <span class='ocrx_word' id='word_1_73' title='bbox 1556 1028 1732 1097; x_wconf 89' lang='lat' dir='ltr'><strong>qualis</strong></span> <span class='ocrx_word' id='word_1_74' title='bbox 1766 1037 1851 1084; x_wconf 54' lang='lat' dir='ltr'><strong>est</strong></span> <span class='ocrx_word' id='word_1_75' title='bbox 1879 1029 2115 1083; x_wconf 81' lang='lat' dir='ltr'><strong>‘dictus.</strong></span> 
     </span>
    </p>
   </div>
   <div class='ocr_carea' id='block_1_12' title="bbox 536 1120 2118 1194">
    <p class='ocr_par' dir='ltr' id='par_1_12' title="bbox 536 1120 2118 1194">
     <span class='ocr_line' id='line_1_12' title="bbox 536 1120 2118 1194; baseline -0.006 -9"><span class='ocrx_word' id='word_1_76' title='bbox 536 1133 650 1185; x_wconf 81' lang='lat' dir='ltr'><strong>Non</strong></span> <span class='ocrx_word' id='word_1_77' title='bbox 681 1132 798 1184; x_wconf 86' lang='lat' dir='ltr'><strong>talis</strong></span> <span class='ocrx_word' id='word_1_78' title='bbox 825 1141 946 1182; x_wconf 88' lang='lat' dir='ltr'><strong>esse</strong></span> <span class='ocrx_word' id='word_1_79' title='bbox 971 1124 1094 1194; x_wconf 54' lang='lat' dir='ltr'><strong>jami</strong></span> <span class='ocrx_word' id='word_1_80' title='bbox 1118 1137 1221 1176; x_wconf 88' lang='lat' dir='ltr'><strong>non</strong></span> <span class='ocrx_word' id='word_1_81' title='bbox 1254 1130 1451 1191; x_wconf 87' lang='lat' dir='ltr'><strong>potest,</strong></span> <span class='ocrx_word' id='word_1_82' title='bbox 1502 1136 1773 1190; x_wconf 91' lang='lat' dir='ltr'><strong>nunquam</strong></span> <span class='ocrx_word' id='word_1_83' title='bbox 1802 1122 1963 1191; x_wconf 82' lang='lat' dir='ltr'><strong>igitur</strong></span> <span class='ocrx_word' id='word_1_84' title='bbox 1996 1120 2118 1175; x_wconf 89' lang='lat' dir='ltr'><strong>talis</strong></span> 
     </span>
    </p>
   </div>
   <div class='ocr_carea' id='block_1_13' title="bbox 537 1212 2115 1295">
    <p class='ocr_par' dir='ltr' id='par_1_13' title="bbox 537 1212 2115 1295">
     <span class='ocr_line' id='line_1_13' title="bbox 537 1212 2115 1295; baseline -0.007 -17"><span class='ocrx_word' id='word_1_85' title='bbox 537 1221 901 1295; x_wconf 58' lang='lat' dir='ltr'><strong>permanendo</strong></span> <span class='ocrx_word' id='word_1_86' title='bbox 949 1215 1236 1273; x_wconf 88' lang='lat' dir='ltr'><strong>solvendus</strong></span> <span class='ocrx_word' id='word_1_87' title='bbox 1271 1223 1394 1270; x_wconf 86' lang='lat' dir='ltr'><strong>est:</strong></span> <span class='ocrx_word' id='word_1_88' title='bbox 1436 1214 1527 1283; x_wconf 91' lang='lat' dir='ltr'><strong>qui</strong></span> <span class='ocrx_word' id='word_1_89' title='bbox 1568 1213 1613 1268; x_wconf 91' lang='lat' dir='ltr'><strong>si</strong></span> <span class='ocrx_word' id='word_1_90' title='bbox 1670 1212 1788 1267; x_wconf 88' lang='lat' dir='ltr'><strong>talis</strong></span> <span class='ocrx_word' id='word_1_91' title='bbox 1823 1228 1941 1268; x_wconf 82' lang='lat' dir='ltr'><strong>esse</strong></span> <span class='ocrx_word' id='word_1_92' title='bbox 1970 1213 2115 1267; x_wconf 85' lang='lat' dir='ltr'><strong>desi-</strong></span> 
     </span>
    </p>
   </div>
   <div class='ocr_carea' id='block_1_14' title="bbox 534 1306 2118 1379">
    <p class='ocr_par' dir='ltr' id='par_1_14' title="bbox 534 1306 2118 1379">
     <span class='ocr_line' id='line_1_14' title="bbox 534 1306 2118 1379; baseline -0.007 -8"><span class='ocrx_word' id='word_1_93' title='bbox 534 1324 724 1379; x_wconf 88' lang='lat' dir='ltr'><strong>steret,</strong></span> <span class='ocrx_word' id='word_1_94' title='bbox 759 1327 858 1367; x_wconf 82' lang='lat' dir='ltr'><strong>nec</strong></span> <span class='ocrx_word' id='word_1_95' title='bbox 888 1311 939 1365; x_wconf 92' lang='lat' dir='ltr'><strong>in</strong></span> <span class='ocrx_word' id='word_1_96' title='bbox 971 1323 1075 1363; x_wconf 90' lang='lat' dir='ltr'><strong>non</strong></span> <span class='ocrx_word' id='word_1_97' title='bbox 1109 1307 1198 1361; x_wconf 91' lang='lat' dir='ltr'><strong>tali</strong></span> <span class='ocrx_word' id='word_1_98' title='bbox 1226 1306 1626 1376; x_wconf 63' lang='lat' dir='ltr'><strong>permansisset,</strong></span> <span class='ocrx_word' id='word_1_99' title='bbox 1658 1313 1712 1359; x_wconf 90' lang='lat' dir='ltr'><strong>et</strong></span> <span class='ocrx_word' id='word_1_100' title='bbox 1738 1320 2006 1373; x_wconf 88' lang='lat' dir='ltr'><strong>nunquam</strong></span> <span class='ocrx_word' id='word_1_101' title='bbox 2030 1320 2118 1360; x_wconf 90' lang='lat' dir='ltr'><strong>es-</strong></span> 
     </span>
    </p>
   </div>
   <div class='ocr_carea' id='block_1_15' title="bbox 535 1396 2115 1472">
    <p class='ocr_par' dir='ltr' id='par_1_15' title="bbox 535 1396 2115 1472">
     <span class='ocr_line' id='line_1_15' title="bbox 535 1396 2115 1472; baseline -0.008 -9"><span class='ocrx_word' id='word_1_102' title='bbox 535 1427 593 1463; x_wconf 90' lang='lat' dir='ltr'><strong>se</strong></span> <span class='ocrx_word' id='word_1_103' title='bbox 622 1404 956 1467; x_wconf 85' lang='lat' dir='ltr'><strong>solvendum,</strong></span> <span class='ocrx_word' id='word_1_104' title='bbox 989 1402 1110 1472; x_wconf 87' lang='lat' dir='ltr'><strong>quia</strong></span> <span class='ocrx_word' id='word_1_105' title='bbox 1152 1414 1256 1454; x_wconf 91' lang='lat' dir='ltr'><strong>non</strong></span> <span class='ocrx_word' id='word_1_106' title='bbox 1290 1398 1409 1451; x_wconf 89' lang='lat' dir='ltr'><strong>talis</strong></span> <span class='ocrx_word' id='word_1_107' title='bbox 1448 1397 1619 1466; x_wconf 90' lang='lat' dir='ltr'><strong>qualis</strong></span> <span class='ocrx_word' id='word_1_108' title='bbox 1648 1396 1822 1452; x_wconf 89' lang='lat' dir='ltr'><strong>dictus</strong></span> <span class='ocrx_word' id='word_1_109' title='bbox 1853 1406 1936 1451; x_wconf 74' lang='lat' dir='ltr'><strong>est</strong></span> <span class='ocrx_word' id='word_1_110' title='bbox 1976 1413 2115 1452; x_wconf 89' lang='lat' dir='ltr'><strong>nun-</strong></span> 
     </span>
    </p>
   </div>
   <div class='ocr_carea' id='block_1_16' title="bbox 536 1487 2116 1568">
    <p class='ocr_par' dir='ltr' id='par_1_16' title="bbox 536 1487 2116 1568">
     <span class='ocr_line' id='line_1_16' title="bbox 536 1487 2116 1568; baseline -0.006 -17"><span class='ocrx_word' id='word_1_111' title='bbox 536 1514 696 1568; x_wconf 88' lang='lat' dir='ltr'><strong>quam</strong></span> <span class='ocrx_word' id='word_1_112' title='bbox 740 1510 860 1550; x_wconf 73' lang='lat' dir='ltr'><strong>esse</strong></span> <span class='ocrx_word' id='word_1_113' title='bbox 907 1491 1213 1555; x_wconf 63' lang='lat' dir='ltr'><strong>solvendus,</strong></span> <span class='ocrx_word' id='word_1_114' title='bbox 1273 1496 1457 1558; x_wconf 78' lang='lat' dir='ltr'><strong>posset</strong></span> <span class='ocrx_word' id='word_1_115' title='bbox 1511 1487 1737 1551; x_wconf 77' lang='lat' dir='ltr'><strong>absolvi,</strong></span> <span class='ocrx_word' id='word_1_116' title='bbox 1787 1496 1841 1541; x_wconf 93' lang='lat' dir='ltr'><strong>ct</strong></span> <span class='ocrx_word' id='word_1_117' title='bbox 1880 1502 1986 1540; x_wconf 89' lang='lat' dir='ltr'><strong>non</strong></span> <span class='ocrx_word' id='word_1_118' title='bbox 2026 1487 2116 1541; x_wconf 90' lang='lat' dir='ltr'><strong>tali</strong></span> 
     </span>
    </p>
   </div>
   <div class='ocr_carea' id='block_1_17' title="bbox 537 1579 2117 1660">
    <p class='ocr_par' dir='ltr' id='par_1_17' title="bbox 537 1579 2117 1660">
     <span class='ocr_line' id='line_1_17' title="bbox 537 1579 2117 1660; baseline -0.008 -15"><span class='ocrx_word' id='word_1_119' title='bbox 537 1605 806 1660; x_wconf 85' lang='lat' dir='ltr'><strong>nunquam</strong></span> <span class='ocrx_word' id='word_1_120' title='bbox 838 1588 972 1642; x_wconf 88' lang='lat' dir='ltr'><strong>solvi</strong></span> <span class='ocrx_word' id='word_1_121' title='bbox 1003 1582 1309 1645; x_wconf 73' lang='lat' dir='ltr'><strong>recederet;</strong></span> <span class='ocrx_word' id='word_1_122' title='bbox 1344 1592 1397 1635; x_wconf 88' lang='lat' dir='ltr'><strong>et</strong></span> <span class='ocrx_word' id='word_1_123' title='bbox 1419 1579 1539 1634; x_wconf 86' lang='lat' dir='ltr'><strong>ideo</strong></span> <span class='ocrx_word' id='word_1_124' title='bbox 1566 1589 1621 1633; x_wconf 92' lang='lat' dir='ltr'><strong>ut</strong></span> <span class='ocrx_word' id='word_1_125' title='bbox 1649 1580 1782 1633; x_wconf 87' lang='lat' dir='ltr'><strong>solvi</strong></span> <span class='ocrx_word' id='word_1_126' title='bbox 1818 1590 1995 1648; x_wconf 77' lang='lat' dir='ltr'><strong>pos~et</strong></span> <span class='ocrx_word' id='word_1_127' title='bbox 2027 1594 2117 1633; x_wconf 88' lang='lat' dir='ltr'><strong>ac-</strong></span> 
     </span>
    </p>
   </div>
   <div class='ocr_carea' id='block_1_18' title="bbox 535 1671 2117 1751">
    <p class='ocr_par' dir='ltr' id='par_1_18' title="bbox 535 1671 2117 1751">
     <span class='ocr_line' id='line_1_18' title="bbox 535 1671 2117 1751; baseline -0.009 -12"><span class='ocrx_word' id='word_1_128' title='bbox 535 1679 946 1751; x_wconf 83' lang='lat' dir='ltr'><strong>ecderet.Quod</strong></span> <span class='ocrx_word' id='word_1_129' title='bbox 975 1676 1131 1732; x_wconf 85' lang='lat' dir='ltr'><strong>sedes</strong></span> <span class='ocrx_word' id='word_1_130' title='bbox 1180 1673 1474 1744; x_wconf 84' lang='lat' dir='ltr'><strong>apostolica</strong></span> <span class='ocrx_word' id='word_1_131' title='bbox 1502 1686 1607 1726; x_wconf 90' lang='lat' dir='ltr'><strong>non</strong></span> <span class='ocrx_word' id='word_1_132' title='bbox 1658 1671 1962 1735; x_wconf 83' lang='lat' dir='ltr'><strong>consensit,</strong></span> <span class='ocrx_word' id='word_1_133' title='bbox 2018 1686 2117 1727; x_wconf 89' lang='lat' dir='ltr'><strong>nec</strong></span> 
     </span>
    </p>
   </div>
   <div class='ocr_carea' id='block_1_19' title="bbox 534 1763 2117 1846">
    <p class='ocr_par' dir='ltr' id='par_1_19' title="bbox 534 1763 2117 1846">
     <span class='ocr_line' id='line_1_19' title="bbox 534 1763 2117 1846; baseline -0.009 -14"><span class='ocrx_word' id='word_1_134' title='bbox 534 1780 828 1846; x_wconf 76' lang='lat' dir='ltr'><strong>imperator</strong></span> <span class='ocrx_word' id='word_1_135' title='bbox 856 1768 1123 1840; x_wconf 86' lang='lat' dir='ltr'><strong>imposuit,</strong></span> <span class='ocrx_word' id='word_1_136' title='bbox 1148 1782 1245 1821; x_wconf 92' lang='lat' dir='ltr'><strong>nec</strong></span> <span class='ocrx_word' id='word_1_137' title='bbox 1275 1765 1552 1820; x_wconf 78' lang='lat' dir='ltr'><strong>Anatolius</strong></span> <span class='ocrx_word' id='word_1_138' title='bbox 1577 1763 1870 1828; x_wconf 82' lang='lat' dir='ltr'><strong>usurpavit.</strong></span> <span class='ocrx_word' id='word_1_139' title='bbox 1897 1763 2117 1818; x_wconf 85' lang='lat' dir='ltr'><strong>Totum-</strong></span> 
     </span>
    </p>
   </div>
   <div class='ocr_carea' id='block_1_20' title="bbox 535 1854 2116 1938">
    <p class='ocr_par' dir='ltr' id='par_1_20' title="bbox 535 1854 2116 1938">
     <span class='ocr_line' id='line_1_20' title="bbox 535 1854 2116 1938; baseline -0.008 -17"><span class='ocrx_word' id='word_1_140' title='bbox 535 1883 637 1938; x_wconf 85' lang='lat' dir='ltr'><strong>que</strong></span> <span class='ocrx_word' id='word_1_141' title='bbox 688 1866 770 1938; x_wconf 94' lang='lat' dir='ltr'><strong>(ut</strong></span> <span class='ocrx_word' id='word_1_142' title='bbox 793 1864 992 1918; x_wconf 90' lang='lat' dir='ltr'><strong>dictum</strong></span> <span class='ocrx_word' id='word_1_143' title='bbox 1015 1859 1120 1928; x_wconf 90' lang='lat' dir='ltr'><strong>est)</strong></span> <span class='ocrx_word' id='word_1_144' title='bbox 1160 1857 1215 1911; x_wconf 93' lang='lat' dir='ltr'><strong>in</strong></span> <span class='ocrx_word' id='word_1_145' title='bbox 1238 1856 1382 1911; x_wconf 88' lang='lat' dir='ltr'><strong>sedis</strong></span> <span class='ocrx_word' id='word_1_146' title='bbox 1410 1854 1720 1925; x_wconf 83' lang='lat' dir='ltr'><strong>apostolicae</strong></span> <span class='ocrx_word' id='word_1_147' title='bbox 1760 1854 1991 1923; x_wconf 90' lang='lat' dir='ltr'><strong>positum</strong></span> <span class='ocrx_word' id='word_1_148' title='bbox 2033 1865 2116 1910; x_wconf 92' lang='lat' dir='ltr'><strong>est</strong></span> 
     </span>
    </p>
   </div>
   <div class='ocr_carea' id='block_1_21' title="bbox 535 1944 2113 2029">
    <p class='ocr_par' dir='ltr' id='par_1_21' title="bbox 535 1944 2113 2029">
     <span class='ocr_line' id='line_1_21' title="bbox 535 1944 2113 2029; baseline -0.008 -18"><span class='ocrx_word' id='word_1_149' title='bbox 535 1966 815 2029; x_wconf 79' lang='lat' dir='ltr'><strong>pn:cstate.</strong></span> <span class='ocrx_word' id='word_1_150' title='bbox 853 1954 925 2007; x_wconf 90' lang='lat' dir='ltr'><strong>Ita</strong></span> <span class='ocrx_word' id='word_1_151' title='bbox 958 1951 1097 2022; x_wconf 90' lang='lat' dir='ltr'><strong>quod</strong></span> <span class='ocrx_word' id='word_1_152' title='bbox 1132 1947 1364 2002; x_wconf 83' lang='lat' dir='ltr'><strong>ﬁrmavit</strong></span> <span class='ocrx_word' id='word_1_153' title='bbox 1386 1947 1436 2000; x_wconf 92' lang='lat' dir='ltr'><strong>in</strong></span> <span class='ocrx_word' id='word_1_154' title='bbox 1467 1944 1676 2015; x_wconf 88' lang='lat' dir='ltr'><strong>synodo</strong></span> <span class='ocrx_word' id='word_1_155' title='bbox 1714 1944 1873 1999; x_wconf 82' lang='lat' dir='ltr'><strong>sedes</strong></span> <span class='ocrx_word' id='word_1_156' title='bbox 1904 1954 2113 2014; x_wconf 86' lang='lat' dir='ltr'><strong>aposto-</strong></span> 
     </span>
    </p>
   </div>
   <div class='ocr_carea' id='block_1_22' title="bbox 533 2033 2111 2113">
    <p class='ocr_par' dir='ltr' id='par_1_22' title="bbox 533 2033 2111 2113">
     <span class='ocr_line' id='line_1_22' title="bbox 533 2033 2111 2113; baseline -0.008 -10"><span class='ocrx_word' id='word_1_157' title='bbox 533 2052 658 2113; x_wconf 83' lang='lat' dir='ltr'><strong>lica,</strong></span> <span class='ocrx_word' id='word_1_158' title='bbox 692 2047 793 2099; x_wconf 89' lang='lat' dir='ltr'><strong>hoc</strong></span> <span class='ocrx_word' id='word_1_159' title='bbox 824 2045 989 2098; x_wconf 86' lang='lat' dir='ltr'><strong>robur</strong></span> <span class='ocrx_word' id='word_1_160' title='bbox 1010 2040 1271 2102; x_wconf 67' lang='lat' dir='ltr'><strong>obtinuit;</strong></span> <span class='ocrx_word' id='word_1_161' title='bbox 1300 2036 1442 2107; x_wconf 88' lang='lat' dir='ltr'><strong>qttod</strong></span> <span class='ocrx_word' id='word_1_162' title='bbox 1474 2033 1745 2101; x_wconf 82' lang='lat' dir='ltr'><strong>refutavit,</strong></span> <span class='ocrx_word' id='word_1_163' title='bbox 1779 2036 1976 2090; x_wconf 88' lang='lat' dir='ltr'><strong>habere</strong></span> <span class='ocrx_word' id='word_1_164' title='bbox 2005 2049 2111 2090; x_wconf 91' lang='lat' dir='ltr'><strong>non</strong></span> 
     </span>
    </p>
   </div>
   <div class='ocr_carea' id='block_1_23' title="bbox 532 2127 2117 2212">
    <p class='ocr_par' dir='ltr' id='par_1_23' title="bbox 532 2127 2117 2212">
     <span class='ocr_line' id='line_1_23' title="bbox 532 2127 2117 2212; baseline -0.006 -21"><span class='ocrx_word' id='word_1_165' title='bbox 532 2151 702 2212; x_wconf 72' lang='lat' dir='ltr'><strong>pntuzt</strong></span> <span class='ocrx_word' id='word_1_166' title='bbox 728 2138 1028 2192; x_wconf 89' lang='lat' dir='ltr'><strong>lirmitatem</strong></span> <span class='ocrx_word' id='word_1_167' title='bbox 1058 2151 1071 2189; x_wconf 89' lang='lat'><strong>:</strong></span> <span class='ocrx_word' id='word_1_168' title='bbox 1100 2141 1154 2187; x_wconf 92' lang='lat' dir='ltr'><strong>et</strong></span> <span class='ocrx_word' id='word_1_169' title='bbox 1186 2131 1298 2186; x_wconf 90' lang='lat' dir='ltr'><strong>sola</strong></span> <span class='ocrx_word' id='word_1_170' title='bbox 1330 2127 1590 2184; x_wconf 86' lang='lat' dir='ltr'><strong>rescindit</strong></span> <span class='ocrx_word' id='word_1_171' title='bbox 1618 2127 1759 2197; x_wconf 90' lang='lat' dir='ltr'><strong>quod</strong></span> <span class='ocrx_word' id='word_1_172' title='bbox 1795 2137 1989 2197; x_wconf 67' lang='lat' dir='ltr'><strong>praeter</strong></span> <span class='ocrx_word' id='word_1_173' title='bbox 2024 2143 2117 2182; x_wconf 85' lang='lat' dir='ltr'><strong>or-</strong></span> 
     </span>
    </p>
   </div>
   <div class='ocr_carea' id='block_1_24' title="bbox 530 2219 2109 2297">
    <p class='ocr_par' dir='ltr' id='par_1_24' title="bbox 530 2219 2109 2297">
     <span class='ocr_line' id='line_1_24' title="bbox 530 2219 2109 2297; baseline -0.009 -8"><span class='ocrx_word' id='word_1_174' title='bbox 530 2236 709 2289; x_wconf 67' lang='lat' dir='ltr'><strong>dinem</strong></span> <span class='ocrx_word' id='word_1_175' title='bbox 733 2227 1074 2297; x_wconf 75' lang='lat' dir='ltr'><strong>congregatio</strong></span> <span class='ocrx_word' id='word_1_176' title='bbox 1102 2222 1359 2295; x_wconf 89' lang='lat' dir='ltr'><strong>synodica</strong></span> <span class='ocrx_word' id='word_1_177' title='bbox 1394 2227 1676 2290; x_wconf 85' lang='lat' dir='ltr'><strong>putaverat</strong></span> <span class='ocrx_word' id='word_1_178' title='bbox 1704 2219 2066 2288; x_wconf 84' lang='lat' dir='ltr'><strong>usurpandum</strong></span> <span class='ocrx_word' id='word_1_179' title='bbox 2095 2235 2109 2274; x_wconf 84' lang='lat'><strong>:</strong></span> 
     </span>
    </p>
   </div>
   <div class='ocr_carea' id='block_1_25' title="bbox 529 2311 2112 2393">
    <p class='ocr_par' dir='ltr' id='par_1_25' title="bbox 529 2311 2112 2393">
     <span class='ocr_line' id='line_1_25' title="bbox 529 2311 2112 2393; baseline -0.01 -12"><span class='ocrx_word' id='word_1_180' title='bbox 529 2343 639 2381; x_wconf 74' lang='lat' dir='ltr'><strong>non</strong></span> <span class='ocrx_word' id='word_1_181' title='bbox 673 2318 1057 2393; x_wconf 76' lang='lat' dir='ltr'><strong>pt-otnulgattix</strong></span> <span class='ocrx_word' id='word_1_182' title='bbox 1091 2316 1298 2370; x_wconf 71' lang='lat' dir='ltr'><strong>iterata:</strong></span> <span class='ocrx_word' id='word_1_183' title='bbox 1346 2311 1654 2377; x_wconf 67' lang='lat' dir='ltr'><strong>sementim,</strong></span> <span class='ocrx_word' id='word_1_184' title='bbox 1704 2311 1799 2365; x_wconf 89' lang='lat' dir='ltr'><strong>sed</strong></span> <span class='ocrx_word' id='word_1_185' title='bbox 1830 2326 1950 2364; x_wconf 88' lang='lat' dir='ltr'><strong>cum</strong></span> <span class='ocrx_word' id='word_1_186' title='bbox 1982 2326 2112 2380; x_wconf 83' lang='lat' dir='ltr'><strong>apo-</strong></span> 
     </span>
    </p>
   </div>
   <div class='ocr_carea' id='block_1_26' title="bbox 529 2402 2114 2472">
    <p class='ocr_par' dir='ltr' id='par_1_26' title="bbox 529 2402 2114 2472">
     <span class='ocr_line' id='line_1_26' title="bbox 529 2402 2114 2472; baseline -0.009 -1"><span class='ocrx_word' id='word_1_187' title='bbox 529 2419 715 2472; x_wconf 75' lang='lat' dir='ltr'><strong>stolica</strong></span> <span class='ocrx_word' id='word_1_188' title='bbox 748 2415 874 2469; x_wconf 90' lang='lat' dir='ltr'><strong>sede</strong></span> <span class='ocrx_word' id='word_1_189' title='bbox 903 2410 1099 2465; x_wconf 77' lang='lat' dir='ltr'><strong>veteris</strong></span> <span class='ocrx_word' id='word_1_190' title='bbox 1129 2404 1457 2463; x_wconf 74' lang='lat' dir='ltr'><strong>esseeutrix.</strong></span> <span class='ocrx_word' id='word_1_191' title='bbox 1492 2403 1603 2458; x_wconf 88' lang='lat' dir='ltr'><strong>Hoc</strong></span> <span class='ocrx_word' id='word_1_192' title='bbox 1647 2411 1841 2465; x_wconf 81' lang='lat' dir='ltr'><strong>tamen,</strong></span> <span class='ocrx_word' id='word_1_193' title='bbox 1874 2402 2012 2472; x_wconf 84' lang='lat' dir='ltr'><strong>quud</strong></span> <span class='ocrx_word' id='word_1_194' title='bbox 2047 2402 2114 2457; x_wconf 89' lang='lat' dir='ltr'><strong>de</strong></span> 
     </span>
    </p>
   </div>
   <div class='ocr_carea' id='block_1_27' title="bbox 530 2492 2112 2572">
    <p class='ocr_par' dir='ltr' id='par_1_27' title="bbox 530 2492 2112 2572">
     <span class='ocr_line' id='line_1_27' title="bbox 530 2492 2112 2572; baseline -0.01 -10"><span class='ocrx_word' id='word_1_195' title='bbox 530 2526 636 2563; x_wconf 86' lang='lat' dir='ltr'><strong>uno</strong></span> <span class='ocrx_word' id='word_1_196' title='bbox 664 2506 961 2572; x_wconf 88' lang='lat' dir='ltr'><strong>eodemque</strong></span> <span class='ocrx_word' id='word_1_197' title='bbox 992 2499 1209 2554; x_wconf 88' lang='lat' dir='ltr'><strong>homine</strong></span> <span class='ocrx_word' id='word_1_198' title='bbox 1252 2498 1451 2550; x_wconf 88' lang='lat' dir='ltr'><strong>dictum</strong></span> <span class='ocrx_word' id='word_1_199' title='bbox 1502 2502 1609 2557; x_wconf 83' lang='lat' dir='ltr'><strong>est,</strong></span> <span class='ocrx_word' id='word_1_200' title='bbox 1656 2492 1768 2547; x_wconf 79' lang='lat' dir='ltr'><strong>sive</strong></span> <span class='ocrx_word' id='word_1_201' title='bbox 1800 2493 1891 2547; x_wconf 90' lang='lat' dir='ltr'><strong>tali</strong></span> <span class='ocrx_word' id='word_1_202' title='bbox 1944 2494 2112 2562; x_wconf 71' lang='lat' dir='ltr'><strong>persi-</strong></span> 
     </span>
    </p>
   </div>
   <div class='ocr_carea' id='block_1_28' title="bbox 527 2587 2111 2669">
    <p class='ocr_par' dir='ltr' id='par_1_28' title="bbox 527 2587 2111 2669">
     <span class='ocr_line' id='line_1_28' title="bbox 527 2587 2111 2669; baseline -0.011 -11"><span class='ocrx_word' id='word_1_203' title='bbox 527 2613 705 2658; x_wconf 87' lang='lat' dir='ltr'><strong>stente</strong></span> <span class='ocrx_word' id='word_1_204' title='bbox 749 2599 920 2669; x_wconf 81' lang='lat' dir='ltr'><strong>qualis</strong></span> <span class='ocrx_word' id='word_1_205' title='bbox 953 2592 1272 2650; x_wconf 89' lang='lat' dir='ltr'><strong>sententiam</strong></span> <span class='ocrx_word' id='word_1_206' title='bbox 1315 2597 1683 2657; x_wconf 82' lang='lat' dir='ltr'><strong>eumpetenter</strong></span> <span class='ocrx_word' id='word_1_207' title='bbox 1731 2588 1958 2655; x_wconf 87' lang='lat' dir='ltr'><strong>accepit,</strong></span> <span class='ocrx_word' id='word_1_208' title='bbox 1997 2587 2111 2641; x_wconf 84' lang='lat' dir='ltr'><strong>sive</strong></span> 
     </span>
    </p>
   </div>
   <div class='ocr_carea' id='block_1_29' title="bbox 529 2679 2109 2753">
    <p class='ocr_par' dir='ltr' id='par_1_29' title="bbox 529 2679 2109 2753">
     <span class='ocr_line' id='line_1_29' title="bbox 529 2679 2109 2753; baseline -0.011 -4"><span class='ocrx_word' id='word_1_209' title='bbox 529 2711 635 2749; x_wconf 88' lang='lat' dir='ltr'><strong>non</strong></span> <span class='ocrx_word' id='word_1_210' title='bbox 664 2696 752 2747; x_wconf 85' lang='lat' dir='ltr'><strong>ta‘i</strong></span> <span class='ocrx_word' id='word_1_211' title='bbox 783 2689 995 2753; x_wconf 75' lang='lat' dir='ltr'><strong>allecto,</strong></span> <span class='ocrx_word' id='word_1_212' title='bbox 1018 2686 1038 2716; x_wconf 87' lang='grc'>³</span> <span class='ocrx_word' id='word_1_213' title='bbox 1060 2694 1114 2741; x_wconf 93' lang='lat' dir='ltr'><strong>et</strong></span> <span class='ocrx_word' id='word_1_214' title='bbox 1143 2683 1226 2737; x_wconf 78' lang='lat' dir='ltr'><strong>illa</strong></span> <span class='ocrx_word' id='word_1_215' title='bbox 1256 2683 1544 2745; x_wconf 83' lang='lat' dir='ltr'><strong>sententia,</strong></span> <span class='ocrx_word' id='word_1_216' title='bbox 1574 2694 1692 2747; x_wconf 67' lang='lat' dir='ltr'><strong>qua:</strong></span> <span class='ocrx_word' id='word_1_217' title='bbox 1721 2695 1825 2732; x_wconf 86' lang='lat' dir='ltr'><strong>non</strong></span> <span class='ocrx_word' id='word_1_218' title='bbox 1863 2679 1952 2732; x_wconf 85' lang='lat' dir='ltr'><strong>tali</strong></span> <span class='ocrx_word' id='word_1_219' title='bbox 2003 2694 2109 2733; x_wconf 88' lang='lat' dir='ltr'><strong>non</strong></span> 
     </span>
    </p>
   </div>
   <div class='ocr_carea' id='block_1_30' title="bbox 526 2770 2107 2844">
    <p class='ocr_par' dir='ltr' id='par_1_30' title="bbox 526 2770 2107 2844">
     <span class='ocr_line' id='line_1_30' title="bbox 526 2770 2107 2844; baseline -0.014 0"><span class='ocrx_word' id='word_1_220' title='bbox 526 2790 663 2844; x_wconf 90' lang='lat' dir='ltr'><strong>dicta</strong></span> <span class='ocrx_word' id='word_1_221' title='bbox 699 2798 777 2840; x_wconf 85' lang='lat' dir='ltr'><strong>est</strong></span> <span class='ocrx_word' id='word_1_222' title='bbox 812 2781 1087 2842; x_wconf 74' lang='lat' dir='ltr'><strong>absoluto,</strong></span> <span class='ocrx_word' id='word_1_223' title='bbox 1119 2786 1174 2831; x_wconf 89' lang='lat' dir='ltr'><strong>et</strong></span> <span class='ocrx_word' id='word_1_224' title='bbox 1206 2775 1258 2828; x_wconf 88' lang='lat' dir='ltr'><strong>itt</strong></span> <span class='ocrx_word' id='word_1_225' title='bbox 1292 2787 1608 2843; x_wconf 83' lang='lat' dir='ltr'><strong>unaquaque</strong></span> <span class='ocrx_word' id='word_1_226' title='bbox 1646 2770 1861 2825; x_wconf 87' lang='lat' dir='ltr'><strong>civitate</strong></span> <span class='ocrx_word' id='word_1_227' title='bbox 1895 2771 2107 2841; x_wconf 82' lang='lat' dir='ltr'><strong>legitur,</strong></span> 
     </span>
    </p>
   </div>
   <div class='ocr_carea' id='block_1_31' title="bbox 526 2860 2109 2939">
    <p class='ocr_par' dir='ltr' id='par_1_31' title="bbox 526 2860 2109 2939">
     <span class='ocr_line' id='line_1_31' title="bbox 526 2860 2109 2939; baseline -0.013 -4"><span class='ocrx_word' id='word_1_228' title='bbox 526 2880 774 2935; x_wconf 84' lang='lat' dir='ltr'><strong>similiter</strong></span> <span class='ocrx_word' id='word_1_229' title='bbox 819 2888 940 2929; x_wconf 83' lang='lat' dir='ltr'><strong>esse</strong></span> <span class='ocrx_word' id='word_1_230' title='bbox 984 2869 1276 2939; x_wconf 75' lang='lat' dir='ltr'><strong>praeﬁxum,</strong></span> <span class='ocrx_word' id='word_1_231' title='bbox 1312 2876 1364 2919; x_wconf 90' lang='lat' dir='ltr'><strong>et</strong></span> <span class='ocrx_word' id='word_1_232' title='bbox 1403 2861 1599 2933; x_wconf 83' lang='lat' dir='ltr'><strong>populo</strong></span> <span class='ocrx_word' id='word_1_233' title='bbox 1639 2877 1701 2916; x_wconf 91' lang='lat' dir='ltr'><strong>ac</strong></span> <span class='ocrx_word' id='word_1_234' title='bbox 1749 2869 1910 2931; x_wconf 86' lang='lat' dir='ltr'><strong>gente</strong></span> <span class='ocrx_word' id='word_1_235' title='bbox 1954 2860 2109 2914; x_wconf 89' lang='lat' dir='ltr'><strong>simul</strong></span> 
     </span>
    </p>
   </div>
   <div class='ocr_carea' id='block_1_32' title="bbox 526 2955 1997 3042">
    <p class='ocr_par' dir='ltr' id='par_1_32' title="bbox 526 2955 1997 3042">
     <span class='ocr_line' id='line_1_32' title="bbox 526 2955 1997 3042; baseline -0.015 -15"><span class='ocrx_word' id='word_1_236' title='bbox 526 2974 897 3042; x_wconf 83' lang='lat' dir='ltr'><strong>depromptum</strong></span> <span class='ocrx_word' id='word_1_237' title='bbox 924 2964 1121 3034; x_wconf 89' lang='lat' dir='ltr'><strong>potius,</strong></span> <span class='ocrx_word' id='word_1_238' title='bbox 1158 2973 1276 3027; x_wconf 66' lang='lat' dir='ltr'><strong>quae</strong></span> <span class='ocrx_word' id='word_1_239' title='bbox 1304 2957 1353 3011; x_wconf 91' lang='lat' dir='ltr'><strong>in</strong></span> <span class='ocrx_word' id='word_1_240' title='bbox 1389 2966 1502 3010; x_wconf 89' lang='lat' dir='ltr'><strong>toto</strong></span> <span class='ocrx_word' id='word_1_241' title='bbox 1529 2956 1657 3009; x_wconf 86' lang='lat' dir='ltr'><strong>orbe</strong></span> <span class='ocrx_word' id='word_1_242' title='bbox 1683 2955 1861 3024; x_wconf 91' lang='lat' dir='ltr'><strong>portio</strong></span> <span class='ocrx_word' id='word_1_243' title='bbox 1893 2963 1997 3009; x_wconf 88' lang='lat' dir='ltr'><strong>est.</strong></span> 
     </span>
    </p>
   </div>
   <div class='ocr_carea' id='block_1_33' title="bbox 596 3044 2104 3118">
    <p class='ocr_par' dir='ltr' id='par_1_33' title="bbox 596 3044 2104 3118">
     <span class='ocr_line' id='line_1_33' title="bbox 596 3044 2104 3118; baseline -0.013 -1"><span class='ocrx_word' id='word_1_244' title='bbox 596 3061 740 3116; x_wconf 88' lang='lat' dir='ltr'><strong>Idem</strong></span> <span class='ocrx_word' id='word_1_245' title='bbox 770 3057 911 3113; x_wconf 89' lang='lat' dir='ltr'><strong>enim</strong></span> <span class='ocrx_word' id='word_1_246' title='bbox 937 3052 1166 3108; x_wconf 92' lang='lat' dir='ltr'><strong>mundus</strong></span> <span class='ocrx_word' id='word_1_247' title='bbox 1184 3064 1285 3112; x_wconf 72' lang='grc' dir='ltr'><strong>εει,</strong></span> <span class='ocrx_word' id='word_1_248' title='bbox 1308 3048 1398 3118; x_wconf 93' lang='lat' dir='ltr'><strong>qui</strong></span> <span class='ocrx_word' id='word_1_249' title='bbox 1422 3057 1473 3101; x_wconf 90' lang='lat' dir='ltr'><strong>et</strong></span> <span class='ocrx_word' id='word_1_250' title='bbox 1503 3046 1774 3115; x_wconf 81' lang='lat' dir='ltr'><strong>periturus</strong></span> <span class='ocrx_word' id='word_1_251' title='bbox 1803 3054 1885 3099; x_wconf 91' lang='lat' dir='ltr'><strong>est</strong></span> <span class='ocrx_word' id='word_1_252' title='bbox 1909 3044 2104 3110; x_wconf 92' lang='lat' dir='ltr'><strong>dictus,</strong></span> 
     </span>
    </p>
   </div>
   <div class='ocr_carea' id='block_1_34' title="bbox 2224 484 3821 561">
    <p class='ocr_par' dir='ltr' id='par_1_34' title="bbox 2224 484 3821 561">
     <span class='ocr_line' id='line_1_34' title="bbox 2224 484 3821 561; baseline 0.008 -28"><span class='ocrx_word' id='word_1_253' title='bbox 2224 489 2387 551; x_wconf 84' lang='lat' dir='ltr'><strong>gant;</strong></span> <span class='ocrx_word' id='word_1_254' title='bbox 2435 493 2480 536; x_wconf 89' lang='lat' dir='ltr'><strong>et</strong></span> <span class='ocrx_word' id='word_1_255' title='bbox 2513 484 2707 538; x_wconf 82' lang='lat' dir='ltr'><strong>obdura</strong></span> <span class='ocrx_word' id='word_1_256' title='bbox 2732 503 2816 539; x_wconf 81' lang='lat' dir='ltr'><strong>eor</strong></span> <span class='ocrx_word' id='word_1_257' title='bbox 2846 489 3022 556; x_wconf 83' lang='lat' dir='ltr'><strong>populi</strong></span> <span class='ocrx_word' id='word_1_258' title='bbox 3047 487 3226 560; x_wconf 83' lang='lat' dir='ltr'><strong>hujus,</strong></span> <span class='ocrx_word' id='word_1_259' title='bbox 3258 507 3318 543; x_wconf 87' lang='lat' dir='ltr'><strong>ne</strong></span> <span class='ocrx_word' id='word_1_260' title='bbox 3345 507 3565 561; x_wconf 56' lang='lat' dir='ltr'><strong>unquam</strong></span> <span class='ocrx_word' id='word_1_261' title='bbox 3604 509 3821 546; x_wconf 74' lang='lat' dir='ltr'><strong>conver-</strong></span> 
     </span>
    </p>
   </div>
   <div class='ocr_carea' id='block_1_35' title="bbox 2225 576 3825 648">
    <p class='ocr_par' dir='ltr' id='par_1_35' title="bbox 2225 576 3825 648">
     <span class='ocr_line' id='line_1_35' title="bbox 2225 576 3825 648; baseline 0.01 -25"><span class='ocrx_word' id='word_1_262' title='bbox 2225 582 2418 641; x_wconf 85' lang='lat' dir='ltr'><strong>tantur,</strong></span> <span class='ocrx_word' id='word_1_263' title='bbox 2452 585 2497 627; x_wconf 88' lang='lat' dir='ltr'><strong>et</strong></span> <span class='ocrx_word' id='word_1_264' title='bbox 2525 591 2697 629; x_wconf 80' lang='lat' dir='ltr'><strong>senem</strong></span> <span class='ocrx_word' id='word_1_265' title='bbox 2724 576 2841 630; x_wconf 86' lang='lat' dir='ltr'><strong>illos</strong></span> <span class='ocrx_word' id='word_1_266' title='bbox 2890 577 3043 645; x_wconf 83' lang='lat' dir='ltr'><strong>(Isai.</strong></span> <span class='ocrx_word' id='word_1_267' title='bbox 3075 580 3169 648; x_wconf 70' lang='lat' dir='ltr'><strong>vr).</strong></span> <span class='ocrx_word' id='word_1_268' title='bbox 3226 579 3322 634; x_wconf 87' lang='lat' dir='ltr'><strong>Hic</strong></span> <span class='ocrx_word' id='word_1_269' title='bbox 3351 584 3507 635; x_wconf 91' lang='lat' dir='ltr'><strong>etiam</strong></span> <span class='ocrx_word' id='word_1_270' title='bbox 3550 584 3825 639; x_wconf 85' lang='lat' dir='ltr'><strong>correctio</strong></span> 
     </span>
    </p>
   </div>
   <div class='ocr_carea' id='block_1_36' title="bbox 2225 665 3817 741">
    <p class='ocr_par' dir='ltr' id='par_1_36' title="bbox 2225 665 3817 741">
     <span class='ocr_line' id='line_1_36' title="bbox 2225 665 3817 741; baseline 0.008 -23"><span class='ocrx_word' id='word_1_271' title='bbox 2225 673 2278 718; x_wconf 90' lang='lat' dir='ltr'><strong>et</strong></span> <span class='ocrx_word' id='word_1_272' title='bbox 2318 665 2621 720; x_wconf 74' lang='lat' dir='ltr'><strong>cmendat&#39;o</strong></span> <span class='ocrx_word' id='word_1_273' title='bbox 2668 668 2947 722; x_wconf 89' lang='lat' dir='ltr'><strong>interdicta</strong></span> <span class='ocrx_word' id='word_1_274' title='bbox 2990 681 3338 737; x_wconf 89' lang='lat' dir='ltr'><strong>monstratur,</strong></span> <span class='ocrx_word' id='word_1_275' title='bbox 3372 682 3425 727; x_wconf 92' lang='lat' dir='ltr'><strong>et</strong></span> <span class='ocrx_word' id='word_1_276' title='bbox 3470 674 3817 741; x_wconf 47' lang='lat' dir='ltr'><strong>t-tsipistendi</strong></span> 
     </span>
    </p>
   </div>
   <div class='ocr_carea' id='block_1_37' title="bbox 2222 758 3818 833">
    <p class='ocr_par' dir='ltr' id='par_1_37' title="bbox 2222 758 3818 833">
     <span class='ocr_line' id='line_1_37' title="bbox 2222 758 3818 833; baseline 0.009 -30"><span class='ocrx_word' id='word_1_277' title='bbox 2222 768 2431 822; x_wconf 89' lang='lat' dir='ltr'><strong>quoque</strong></span> <span class='ocrx_word' id='word_1_278' title='bbox 2460 770 2583 823; x_wconf 86' lang='lat' dir='ltr'><strong>spes</strong></span> <span class='ocrx_word' id='word_1_279' title='bbox 2615 771 2830 825; x_wconf 88' lang='lat' dir='ltr'><strong>prorsus</strong></span> <span class='ocrx_word' id='word_1_280' title='bbox 2871 758 3217 814; x_wconf 87' lang='lat' dir='ltr'><strong>abscinditur.</strong></span> <span class='ocrx_word' id='word_1_281' title='bbox 3272 763 3345 817; x_wconf 92' lang='lat' dir='ltr'><strong>De</strong></span> <span class='ocrx_word' id='word_1_282' title='bbox 3377 779 3480 831; x_wconf 88' lang='lat' dir='ltr'><strong>quo</strong></span> <span class='ocrx_word' id='word_1_283' title='bbox 3514 776 3688 817; x_wconf 81' lang='lat' dir='ltr'><strong>tamen</strong></span> <span class='ocrx_word' id='word_1_284' title='bbox 3721 781 3818 833; x_wconf 78' lang='lat' dir='ltr'><strong>p0-</strong></span> 
     </span>
    </p>
   </div>
   <div class='ocr_carea' id='block_1_38' title="bbox 2224 844 3815 920">
    <p class='ocr_par' dir='ltr' id='par_1_38' title="bbox 2224 844 3815 920">
     <span class='ocr_line' id='line_1_38' title="bbox 2224 844 3815 920; baseline 0.008 -24"><span class='ocrx_word' id='word_1_285' title='bbox 2224 844 2347 909; x_wconf 89' lang='lat' dir='ltr'><strong>pulo</strong></span> <span class='ocrx_word' id='word_1_286' title='bbox 2394 846 2664 913; x_wconf 78' lang='lat' dir='ltr'><strong>apostolus</strong></span> <span class='ocrx_word' id='word_1_287' title='bbox 2694 848 2714 877; x_wconf 69' lang='grc' dir='ltr'>θ</span> <span class='ocrx_word' id='word_1_288' title='bbox 2744 857 2798 902; x_wconf 89' lang='lat' dir='ltr'><strong>et</strong></span> <span class='ocrx_word' id='word_1_289' title='bbox 2845 849 3138 904; x_wconf 71' lang='lat' dir='ltr'><strong>Ecclesium</strong></span> <span class='ocrx_word' id='word_1_290' title='bbox 3188 852 3507 920; x_wconf 75' lang='lat' dir='ltr'><strong>primitivam</strong></span> <span class='ocrx_word' id='word_1_291' title='bbox 3564 856 3815 908; x_wconf 75' lang='lat' dir='ltr'><strong>novimus</strong></span> 
     </span>
    </p>
   </div>
   <div class='ocr_carea' id='block_1_39' title="bbox 2224 937 3813 1013">
    <p class='ocr_par' dir='ltr' id='par_1_39' title="bbox 2224 937 3813 1013">
     <span class='ocr_line' id='line_1_39' title="bbox 2224 937 3813 1013; baseline 0.009 -27"><span class='ocrx_word' id='word_1_292' title='bbox 2224 937 2485 1004; x_wconf 84' lang='lat' dir='ltr'><strong>processis</strong></span> <span class='ocrx_word' id='word_1_293' title='bbox 2517 953 2577 1004; x_wconf 83' lang='lat' dir='ltr'><strong>e,</strong></span> <span class='ocrx_word' id='word_1_294' title='bbox 2607 941 2625 968; x_wconf 82' lang='grc'>⁷</span> <span class='ocrx_word' id='word_1_295' title='bbox 2651 950 2703 993; x_wconf 91' lang='lat' dir='ltr'><strong>et</strong></span> <span class='ocrx_word' id='word_1_296' title='bbox 2732 941 2896 994; x_wconf 87' lang='lat' dir='ltr'><strong>millia</strong></span> <span class='ocrx_word' id='word_1_297' title='bbox 2930 942 3201 996; x_wconf 90' lang='lat' dir='ltr'><strong>hominum</strong></span> <span class='ocrx_word' id='word_1_298' title='bbox 3243 960 3342 997; x_wconf 87' lang='lat' dir='ltr'><strong>una</strong></span> <span class='ocrx_word' id='word_1_299' title='bbox 3376 945 3459 997; x_wconf 85' lang='lat' dir='ltr'><strong>die</strong></span> <span class='ocrx_word' id='word_1_300' title='bbox 3492 949 3813 1013; x_wconf 75' lang='lat' dir='ltr'><strong>haptiswate</strong></span> 
     </span>
    </p>
   </div>
   <div class='ocr_carea' id='block_1_40' title="bbox 2221 1026 3811 1102">
    <p class='ocr_par' dir='ltr' id='par_1_40' title="bbox 2221 1026 3811 1102">
     <span class='ocr_line' id='line_1_40' title="bbox 2221 1026 3811 1102; baseline 0.006 -25"><span class='ocrx_word' id='word_1_301' title='bbox 2221 1026 2383 1080; x_wconf 68' lang='lat' dir='ltr'><strong>luiSse</strong></span> <span class='ocrx_word' id='word_1_302' title='bbox 2429 1028 2625 1081; x_wconf 75' lang='lat' dir='ltr'><strong>Salvam</strong></span> <span class='ocrx_word' id='word_1_303' title='bbox 2675 1029 2821 1099; x_wconf 80' lang='lat' dir='ltr'><strong>(Act.</strong></span> <span class='ocrx_word' id='word_1_304' title='bbox 2868 1032 2967 1099; x_wconf 89' lang='lat' dir='ltr'><strong>tt).</strong></span> <span class='ocrx_word' id='word_1_305' title='bbox 3016 1033 3151 1087; x_wconf 88' lang='lat' dir='ltr'><strong>Ecce</strong></span> <span class='ocrx_word' id='word_1_306' title='bbox 3199 1043 3249 1087; x_wconf 89' lang='lat' dir='ltr'><strong>et</strong></span> <span class='ocrx_word' id='word_1_307' title='bbox 3304 1034 3353 1087; x_wconf 90' lang='lat' dir='ltr'><strong>in</strong></span> <span class='ocrx_word' id='word_1_308' title='bbox 3405 1035 3811 1102; x_wconf 64' lang='lat' dir='ltr'><strong>persistentibus</strong></span> 
     </span>
    </p>
   </div>
   <div class='ocr_carea' id='block_1_41' title="bbox 2220 1114 3809 1191">
    <p class='ocr_par' dir='ltr' id='par_1_41' title="bbox 2220 1114 3809 1191">
     <span class='ocr_line' id='line_1_41' title="bbox 2220 1114 3809 1191; baseline 0.008 -26"><span class='ocrx_word' id='word_1_309' title='bbox 2220 1117 2389 1184; x_wconf 88' lang='lat' dir='ltr'><strong>qualis</strong></span> <span class='ocrx_word' id='word_1_310' title='bbox 2410 1128 2492 1171; x_wconf 81' lang='lat' dir='ltr'><strong>est</strong></span> <span class='ocrx_word' id='word_1_311' title='bbox 2516 1114 2601 1171; x_wconf 79' lang='lat' dir='ltr'><strong>illa</strong></span> <span class='ocrx_word' id='word_1_312' title='bbox 2626 1122 2885 1174; x_wconf 89' lang='lat' dir='ltr'><strong>sententia</strong></span> <span class='ocrx_word' id='word_1_313' title='bbox 2921 1124 3249 1191; x_wconf 82' lang='lat' dir='ltr'><strong>promulgata</strong></span> <span class='ocrx_word' id='word_1_314' title='bbox 3289 1126 3595 1191; x_wconf 71' lang='lat' dir='ltr'><strong>permansit,</strong></span> <span class='ocrx_word' id='word_1_315' title='bbox 3622 1140 3718 1178; x_wconf 89' lang='lat' dir='ltr'><strong>nec</strong></span> <span class='ocrx_word' id='word_1_316' title='bbox 3745 1126 3809 1177; x_wconf 88' lang='lat' dir='ltr'><strong>ad</strong></span> 
     </span>
    </p>
   </div>
   <div class='ocr_carea' id='block_1_42' title="bbox 2221 1210 3807 1278">
    <p class='ocr_par' dir='ltr' id='par_1_42' title="bbox 2221 1210 3807 1278">
     <span class='ocr_line' id='line_1_42' title="bbox 2221 1210 3807 1278; baseline 0.005 -19"><span class='ocrx_word' id='word_1_317' title='bbox 2221 1210 2607 1263; x_wconf 84' lang='lat' dir='ltr'><strong>correctionem</strong></span> <span class='ocrx_word' id='word_1_318' title='bbox 2641 1225 2856 1278; x_wconf 66' lang='lat' dir='ltr'><strong>prorsus&#39;</strong></span> <span class='ocrx_word' id='word_1_319' title='bbox 2885 1212 3065 1266; x_wconf 82' lang='lat' dir='ltr'><strong>Venire</strong></span> <span class='ocrx_word' id='word_1_320' title='bbox 3112 1213 3356 1267; x_wconf 84' lang='lat' dir='ltr'><strong>sanitatis</strong></span> <span class='ocrx_word' id='word_1_321' title='bbox 3395 1214 3610 1268; x_wconf 80' lang='lat' dir='ltr'><strong>admissi</strong></span> <span class='ocrx_word' id='word_1_322' title='bbox 3660 1224 3807 1278; x_wconf 89' lang='lat' dir='ltr'><strong>sunt,</strong></span> 
     </span>
    </p>
   </div>
   <div class='ocr_carea' id='block_1_43' title="bbox 2220 1295 3809 1375">
    <p class='ocr_par' dir='ltr' id='par_1_43' title="bbox 2220 1295 3809 1375">
     <span class='ocr_line' id='line_1_43' title="bbox 2220 1295 3809 1375; baseline 0.005 -26"><span class='ocrx_word' id='word_1_323' title='bbox 2220 1295 2313 1349; x_wconf 89' lang='lat' dir='ltr'><strong>sed</strong></span> <span class='ocrx_word' id='word_1_324' title='bbox 2350 1297 2637 1366; x_wconf 88' lang='lat' dir='ltr'><strong>adjudicati</strong></span> <span class='ocrx_word' id='word_1_325' title='bbox 2666 1310 2787 1355; x_wconf 88' lang='lat' dir='ltr'><strong>sunt</strong></span> <span class='ocrx_word' id='word_1_326' title='bbox 2821 1302 2871 1355; x_wconf 91' lang='lat' dir='ltr'><strong>in</strong></span> <span class='ocrx_word' id='word_1_327' title='bbox 2901 1316 2995 1356; x_wconf 88' lang='lat' dir='ltr'><strong>sua</strong></span> <span class='ocrx_word' id='word_1_328' title='bbox 3026 1304 3257 1371; x_wconf 79' lang='lat' dir='ltr'><strong>nequitia</strong></span> <span class='ocrx_word' id='word_1_329' title='bbox 3291 1304 3391 1373; x_wconf 85' lang='lat' dir='ltr'><strong>dep</strong></span> <span class='ocrx_word' id='word_1_330' title='bbox 3429 1306 3565 1367; x_wconf 83' lang='lat' dir='ltr'><strong>rire,</strong></span> <span class='ocrx_word' id='word_1_331' title='bbox 3589 1314 3665 1375; x_wconf 89' lang='lat' dir='ltr'><strong>et,</strong></span> <span class='ocrx_word' id='word_1_332' title='bbox 3699 1322 3809 1358; x_wconf 62' lang='lat' dir='ltr'><strong>ma-</strong></span> 
     </span>
    </p>
   </div>
   <div class='ocr_carea' id='block_1_44' title="bbox 2222 1390 3806 1465">
    <p class='ocr_par' dir='ltr' id='par_1_44' title="bbox 2222 1390 3806 1465">
     <span class='ocr_line' id='line_1_44' title="bbox 2222 1390 3806 1465; baseline 0.008 -26"><span class='ocrx_word' id='word_1_333' title='bbox 2222 1396 2380 1442; x_wconf 85' lang='lat' dir='ltr'><strong>nente</strong></span> <span class='ocrx_word' id='word_1_334' title='bbox 2417 1390 2523 1442; x_wconf 89' lang='lat' dir='ltr'><strong>divi</strong></span> <span class='ocrx_word' id='word_1_335' title='bbox 2565 1405 2595 1444; x_wconf 92' lang='lat' dir='ltr'><strong>a</strong></span> <span class='ocrx_word' id='word_1_336' title='bbox 2636 1393 2897 1446; x_wconf 84' lang='lat' dir='ltr'><strong>sententia</strong></span> <span class='ocrx_word' id='word_1_337' title='bbox 2924 1435 2939 1459; x_wconf 92' lang='lat'><strong>,</strong></span> <span class='ocrx_word' id='word_1_338' title='bbox 2986 1410 3092 1448; x_wconf 87' lang='lat' dir='ltr'><strong>non</strong></span> <span class='ocrx_word' id='word_1_339' title='bbox 3137 1410 3232 1463; x_wconf 86' lang='lat' dir='ltr'><strong>per</strong></span> <span class='ocrx_word' id='word_1_340' title='bbox 3273 1394 3506 1463; x_wconf 90' lang='lat' dir='ltr'><strong>ipsorum</strong></span> <span class='ocrx_word' id='word_1_341' title='bbox 3538 1398 3806 1465; x_wconf 72' lang='lat' dir='ltr'><strong>plOpl‘thtl</strong></span> 
     </span>
    </p>
   </div>
   <div class='ocr_carea' id='block_1_45' title="bbox 2218 1480 3807 1558">
    <p class='ocr_par' dir='ltr' id='par_1_45' title="bbox 2218 1480 3807 1558">
     <span class='ocr_line' id='line_1_45' title="bbox 2218 1480 3807 1558; baseline 0.008 -26"><span class='ocrx_word' id='word_1_342' title='bbox 2218 1480 2645 1536; x_wconf 88' lang='lat' dir='ltr'><strong>emendationem</strong></span> <span class='ocrx_word' id='word_1_343' title='bbox 2670 1524 2684 1549; x_wconf 92' lang='lat'><strong>,</strong></span> <span class='ocrx_word' id='word_1_344' title='bbox 2726 1498 2929 1553; x_wconf 76' lang='lat' dir='ltr'><strong>suoque</strong></span> <span class='ocrx_word' id='word_1_345' title='bbox 2966 1485 3233 1541; x_wconf 85' lang='lat' dir='ltr'><strong>intellectu</strong></span> <span class='ocrx_word' id='word_1_346' title='bbox 3275 1488 3357 1542; x_wconf 83' lang='lat' dir='ltr'><strong>vel</strong></span> <span class='ocrx_word' id='word_1_347' title='bbox 3391 1504 3455 1540; x_wconf 77' lang='grc' dir='ltr'>ιιιι</span> <span class='ocrx_word' id='word_1_348' title='bbox 3482 1497 3566 1554; x_wconf 90' lang='lat' dir='ltr'><strong>tu,</strong></span> <span class='ocrx_word' id='word_1_349' title='bbox 3603 1504 3807 1558; x_wconf 79' lang='lat' dir='ltr'><strong>suaque</strong></span> 
     </span>
    </p>
   </div>
   <div class='ocr_carea' id='block_1_46' title="bbox 2218 1574 3804 1647">
    <p class='ocr_par' dir='ltr' id='par_1_46' title="bbox 2218 1574 3804 1647">
     <span class='ocr_line' id='line_1_46' title="bbox 2218 1574 3804 1647; baseline 0.004 -21"><span class='ocrx_word' id='word_1_350' title='bbox 2218 1574 2414 1628; x_wconf 89' lang='lat' dir='ltr'><strong>virtute</strong></span> <span class='ocrx_word' id='word_1_351' title='bbox 2443 1576 2525 1628; x_wconf 91' lang='lat' dir='ltr'><strong>vel</strong></span> <span class='ocrx_word' id='word_1_352' title='bbox 2562 1577 2795 1639; x_wconf 73' lang='lat' dir='ltr'><strong>tossibili</strong></span> <span class='ocrx_word' id='word_1_353' title='bbox 2824 1588 2907 1632; x_wconf 82' lang='lat' dir='ltr'><strong>ate</strong></span> <span class='ocrx_word' id='word_1_354' title='bbox 2932 1580 3175 1633; x_wconf 80' lang='lat' dir='ltr'><strong>conversi</strong></span> <span class='ocrx_word' id='word_1_355' title='bbox 3207 1592 3352 1646; x_wconf 84' lang='lat' dir='ltr'><strong>sunt,</strong></span> <span class='ocrx_word' id='word_1_356' title='bbox 3382 1591 3439 1634; x_wconf 90' lang='lat' dir='ltr'><strong>ut</strong></span> <span class='ocrx_word' id='word_1_357' title='bbox 3464 1596 3804 1647; x_wconf 82' lang='lat' dir='ltr'><strong>sanarentur,</strong></span> 
     </span>
    </p>
   </div>
   <div class='ocr_carea' id='block_1_47' title="bbox 2219 1667 3806 1740">
    <p class='ocr_par' dir='ltr' id='par_1_47' title="bbox 2219 1667 3806 1740">
     <span class='ocr_line' id='line_1_47' title="bbox 2219 1667 3806 1740; baseline 0.006 -19"><span class='ocrx_word' id='word_1_358' title='bbox 2219 1667 2311 1722; x_wconf 88' lang='lat' dir='ltr'><strong>sed</strong></span> <span class='ocrx_word' id='word_1_359' title='bbox 2352 1682 2447 1737; x_wconf 92' lang='lat' dir='ltr'><strong>per</strong></span> <span class='ocrx_word' id='word_1_360' title='bbox 2472 1669 2695 1737; x_wconf 70' lang='lat' dir='ltr'><strong>gratiam</strong></span> <span class='ocrx_word' id='word_1_361' title='bbox 2747 1670 2839 1724; x_wconf 84' lang='lat' dir='ltr'><strong>Dei</strong></span> <span class='ocrx_word' id='word_1_362' title='bbox 2880 1672 3050 1725; x_wconf 83' lang='lat' dir='ltr'><strong>sanati</strong></span> <span class='ocrx_word' id='word_1_363' title='bbox 3081 1681 3225 1740; x_wconf 90' lang='lat' dir='ltr'><strong>sunt,</strong></span> <span class='ocrx_word' id='word_1_364' title='bbox 3260 1683 3315 1727; x_wconf 92' lang='lat' dir='ltr'><strong>ut</strong></span> <span class='ocrx_word' id='word_1_365' title='bbox 3342 1685 3806 1730; x_wconf 40' lang='lat' dir='ltr'><strong>cometes-utar.</strong></span> 
     </span>
    </p>
   </div>
   <div class='ocr_carea' id='block_1_48' title="bbox 2144 1752 3805 1834">
    <p class='ocr_par' dir='ltr' id='par_1_48' title="bbox 2144 1752 3805 1834">
     <span class='ocr_line' id='line_1_48' title="bbox 2144 1752 3805 1834; baseline 0.005 -22"><span class='ocrx_word' id='word_1_366' title='bbox 2144 1752 2192 1813; x_wconf 85' lang='grc' dir='ltr'><strong>Β</strong></span> <span class='ocrx_word' id='word_1_367' title='bbox 2222 1755 2306 1811; x_wconf 86' lang='lat' dir='ltr'><strong>Ne</strong></span> <span class='ocrx_word' id='word_1_368' title='bbox 2331 1767 2707 1825; x_wconf 86' lang='lat' dir='ltr'><strong>convertantur,</strong></span> <span class='ocrx_word' id='word_1_369' title='bbox 2742 1760 2929 1829; x_wconf 82' lang='lat' dir='ltr'><strong>inquit,</strong></span> <span class='ocrx_word' id='word_1_370' title='bbox 2959 1772 3007 1815; x_wconf 88' lang='lat' dir='ltr'><strong>et</strong></span> <span class='ocrx_word' id='word_1_371' title='bbox 3031 1779 3205 1816; x_wconf 80' lang='lat' dir='ltr'><strong>sanem</strong></span> <span class='ocrx_word' id='word_1_372' title='bbox 3234 1780 3316 1817; x_wconf 84' lang='lat' dir='ltr'><strong>eos</strong></span> <span class='ocrx_word' id='word_1_373' title='bbox 3335 1802 3349 1828; x_wconf 94' lang='lat'><strong>,</strong></span> <span class='ocrx_word' id='word_1_374' title='bbox 3378 1779 3443 1818; x_wconf 92' lang='lat' dir='ltr'><strong>ne</strong></span> <span class='ocrx_word' id='word_1_375' title='bbox 3472 1778 3567 1818; x_wconf 87' lang='lat' dir='ltr'><strong>sua</strong></span> <span class='ocrx_word' id='word_1_376' title='bbox 3594 1776 3805 1834; x_wconf 85' lang='lat' dir='ltr'><strong>sponte,</strong></span> 
     </span>
    </p>
   </div>
   <div class='ocr_carea' id='block_1_49' title="bbox 2220 1852 3805 1923">
    <p class='ocr_par' dir='ltr' id='par_1_49' title="bbox 2220 1852 3805 1923">
     <span class='ocr_line' id='line_1_49' title="bbox 2220 1852 3805 1923; baseline 0.004 -21"><span class='ocrx_word' id='word_1_377' title='bbox 2220 1864 2286 1904; x_wconf 91' lang='lat' dir='ltr'><strong>ne</strong></span> <span class='ocrx_word' id='word_1_378' title='bbox 2308 1852 2421 1905; x_wconf 87' lang='lat' dir='ltr'><strong>suis</strong></span> <span class='ocrx_word' id='word_1_379' title='bbox 2443 1866 2534 1920; x_wconf 76' lang='lat' dir='ltr'><strong>opt</strong></span> <span class='ocrx_word' id='word_1_380' title='bbox 2548 1852 2711 1917; x_wconf 90' lang='lat' dir='ltr'><strong>ribus,</strong></span> <span class='ocrx_word' id='word_1_381' title='bbox 2746 1852 2937 1921; x_wconf 73' lang='lat' dir='ltr'><strong>quibus</strong></span> <span class='ocrx_word' id='word_1_382' title='bbox 2962 1863 3019 1906; x_wconf 93' lang='lat' dir='ltr'><strong>ut</strong></span> <span class='ocrx_word' id='word_1_383' title='bbox 3042 1869 3145 1923; x_wconf 91' lang='lat' dir='ltr'><strong>que</strong></span> <span class='ocrx_word' id='word_1_384' title='bbox 3173 1855 3535 1922; x_wconf 84' lang='lat' dir='ltr'><strong>conﬁdebant,</strong></span> <span class='ocrx_word' id='word_1_385' title='bbox 3558 1871 3624 1912; x_wconf 91' lang='lat' dir='ltr'><strong>ne</strong></span> <span class='ocrx_word' id='word_1_386' title='bbox 3654 1872 3805 1910; x_wconf 89' lang='lat' dir='ltr'><strong>suam</strong></span> 
     </span>
    </p>
   </div>
   <div class='ocr_carea' id='block_1_50' title="bbox 2212 1942 3807 2013">
    <p class='ocr_par' dir='ltr' id='par_1_50' title="bbox 2212 1942 3807 2013">
     <span class='ocr_line' id='line_1_50' title="bbox 2212 1942 3807 2013; baseline 0.005 -17"><span class='ocrx_word' id='word_1_387' title='bbox 2212 1942 2472 2011; x_wconf 58' lang='lat' dir='ltr'><strong>jusﬁtiam</strong></span> <span class='ocrx_word' id='word_1_388' title='bbox 2522 1953 2827 2009; x_wconf 84' lang='lat' dir='ltr'><strong>sectantes,</strong></span> <span class='ocrx_word' id='word_1_389' title='bbox 2866 1944 3086 2013; x_wconf 70' lang='lat' dir='ltr'><strong>justitia:</strong></span> <span class='ocrx_word' id='word_1_390' title='bbox 3134 1947 3224 2000; x_wconf 90' lang='lat' dir='ltr'><strong>Dei</strong></span> <span class='ocrx_word' id='word_1_391' title='bbox 3273 1962 3379 2001; x_wconf 91' lang='lat' dir='ltr'><strong>non</strong></span> <span class='ocrx_word' id='word_1_392' title='bbox 3428 1947 3658 2003; x_wconf 86' lang='lat' dir='ltr'><strong>debeant</strong></span> <span class='ocrx_word' id='word_1_393' title='bbox 3688 1962 3807 2004; x_wconf 79' lang='lat' dir='ltr'><strong>esse</strong></span> 
     </span>
    </p>
   </div>
   <div class='ocr_carea' id='block_1_51' title="bbox 2216 2034 3807 2107">
    <p class='ocr_par' dir='ltr' id='par_1_51' title="bbox 2216 2034 3807 2107">
     <span class='ocr_line' id='line_1_51' title="bbox 2216 2034 3807 2107; baseline 0.003 -17"><span class='ocrx_word' id='word_1_394' title='bbox 2216 2034 2462 2104; x_wconf 84' lang='lat' dir='ltr'><strong>subjecti,</strong></span> <span class='ocrx_word' id='word_1_395' title='bbox 2493 2035 2559 2091; x_wconf 91' lang='lat' dir='ltr'><strong>de</strong></span> <span class='ocrx_word' id='word_1_396' title='bbox 2598 2036 2710 2090; x_wconf 80' lang='lat' dir='ltr'><strong>suis</strong></span> <span class='ocrx_word' id='word_1_397' title='bbox 2749 2037 2949 2093; x_wconf 90' lang='lat' dir='ltr'><strong>viribus</strong></span> <span class='ocrx_word' id='word_1_398' title='bbox 2988 2040 3339 2107; x_wconf 71' lang='lat' dir='ltr'><strong>conﬁdentes,</strong></span> <span class='ocrx_word' id='word_1_399' title='bbox 3384 2056 3486 2095; x_wconf 89' lang='lat' dir='ltr'><strong>non</strong></span> <span class='ocrx_word' id='word_1_400' title='bbox 3515 2041 3706 2095; x_wconf 69' lang='lat' dir='ltr'><strong>divina:</strong></span> <span class='ocrx_word' id='word_1_401' title='bbox 3750 2056 3807 2096; x_wconf 86' lang='lat' dir='ltr'><strong>se</strong></span> 
     </span>
    </p>
   </div>
   <div class='ocr_carea' id='block_1_52' title="bbox 2217 2128 3807 2201">
    <p class='ocr_par' dir='ltr' id='par_1_52' title="bbox 2217 2128 3807 2201">
     <span class='ocr_line' id='line_1_52' title="bbox 2217 2128 3807 2201; baseline 0.004 -21"><span class='ocrx_word' id='word_1_402' title='bbox 2217 2128 2599 2182; x_wconf 72' lang='lat' dir='ltr'><strong>misericordia:</strong></span> <span class='ocrx_word' id='word_1_403' title='bbox 2630 2129 3110 2201; x_wconf 87' lang='lat' dir='ltr'><strong>illuminationique</strong></span> <span class='ocrx_word' id='word_1_404' title='bbox 3133 2132 3443 2188; x_wconf 85' lang='lat' dir='ltr'><strong>subdentes.</strong></span> <span class='ocrx_word' id='word_1_405' title='bbox 3478 2133 3543 2187; x_wconf 86' lang='lat' dir='ltr'><strong>Et</strong></span> <span class='ocrx_word' id='word_1_406' title='bbox 3572 2133 3691 2189; x_wconf 88' lang='lat' dir='ltr'><strong>ideo</strong></span> <span class='ocrx_word' id='word_1_407' title='bbox 3720 2134 3807 2187; x_wconf 88' lang='lat' dir='ltr'><strong>in-</strong></span> 
     </span>
    </p>
   </div>
   <div class='ocr_carea' id='block_1_53' title="bbox 2218 2218 3807 2292">
    <p class='ocr_par' dir='ltr' id='par_1_53' title="bbox 2218 2218 3807 2292">
     <span class='ocr_line' id='line_1_53' title="bbox 2218 2218 3807 2292; baseline 0.004 -21"><span class='ocrx_word' id='word_1_408' title='bbox 2218 2218 2249 2271; x_wconf 92' lang='lat' dir='ltr'><strong>h</strong></span> <span class='ocrx_word' id='word_1_409' title='bbox 2275 2220 2427 2273; x_wconf 89' lang='lat' dir='ltr'><strong>betur</strong></span> <span class='ocrx_word' id='word_1_410' title='bbox 2465 2221 2540 2273; x_wconf 84' lang='lat' dir='ltr'><strong>eis</strong></span> <span class='ocrx_word' id='word_1_411' title='bbox 2569 2235 2595 2274; x_wconf 93' lang='lat' dir='ltr'><strong>s</strong></span> <span class='ocrx_word' id='word_1_412' title='bbox 2619 2222 2813 2289; x_wconf 79' lang='lat' dir='ltr'><strong>tperba:</strong></span> <span class='ocrx_word' id='word_1_413' title='bbox 2844 2224 3273 2292; x_wconf 65' lang='lat' dir='ltr'><strong>praesumptionis</strong></span> <span class='ocrx_word' id='word_1_414' title='bbox 3303 2224 3379 2279; x_wconf 81' lang='lat' dir='ltr'><strong>eIl&#39;</strong></span> <span class='ocrx_word' id='word_1_415' title='bbox 3406 2235 3522 2279; x_wconf 85' lang='lat' dir='ltr'><strong>ctus</strong></span> <span class='ocrx_word' id='word_1_416' title='bbox 3543 2265 3560 2290; x_wconf 91' lang='lat'><strong>,</strong></span> <span class='ocrx_word' id='word_1_417' title='bbox 3593 2242 3656 2277; x_wconf 89' lang='lat' dir='ltr'><strong>ne</strong></span> <span class='ocrx_word' id='word_1_418' title='bbox 3687 2240 3807 2278; x_wconf 84' lang='lat' dir='ltr'><strong>con-</strong></span> 
     </span>
    </p>
   </div>
   <div class='ocr_carea' id='block_1_54' title="bbox 2214 2314 3807 2385">
    <p class='ocr_par' dir='ltr' id='par_1_54' title="bbox 2214 2314 3807 2385">
     <span class='ocr_line' id='line_1_54' title="bbox 2214 2314 3807 2385; baseline 0.003 -20"><span class='ocrx_word' id='word_1_419' title='bbox 2214 2321 2471 2365; x_wconf 70' lang='lat' dir='ltr'><strong>uertantur</strong></span> <span class='ocrx_word' id='word_1_420' title='bbox 2501 2314 2609 2367; x_wconf 89' lang='lat' dir='ltr'><strong>suis</strong></span> <span class='ocrx_word' id='word_1_421' title='bbox 2654 2314 3035 2369; x_wconf 86' lang='lat' dir='ltr'><strong>intentionibus</strong></span> <span class='ocrx_word' id='word_1_422' title='bbox 3059 2356 3072 2380; x_wconf 91' lang='lat'><strong>,</strong></span> <span class='ocrx_word' id='word_1_423' title='bbox 3113 2317 3225 2371; x_wconf 90' lang='lat' dir='ltr'><strong>suis</strong></span> <span class='ocrx_word' id='word_1_424' title='bbox 3264 2317 3467 2371; x_wconf 79' lang='lat' dir='ltr'><strong>nisibus</strong></span> <span class='ocrx_word' id='word_1_425' title='bbox 3494 2358 3509 2383; x_wconf 92' lang='lat'><strong>,</strong></span> <span class='ocrx_word' id='word_1_426' title='bbox 3553 2328 3609 2371; x_wconf 91' lang='lat' dir='ltr'><strong>ut</strong></span> <span class='ocrx_word' id='word_1_427' title='bbox 3649 2328 3807 2385; x_wconf 82' lang='lat' dir='ltr'><strong>puta-</strong></span> 
     </span>
    </p>
   </div>
   <div class='ocr_carea' id='block_1_55' title="bbox 2215 2405 3807 2475">
    <p class='ocr_par' dir='ltr' id='par_1_55' title="bbox 2215 2405 3807 2475">
     <span class='ocr_line' id='line_1_55' title="bbox 2215 2405 3807 2475; baseline 0.003 -19"><span class='ocrx_word' id='word_1_428' title='bbox 2215 2412 2364 2468; x_wconf 85' lang='lat' dir='ltr'><strong>rant;</strong></span> <span class='ocrx_word' id='word_1_429' title='bbox 2397 2413 2441 2456; x_wconf 86' lang='lat' dir='ltr'><strong>et</strong></span> <span class='ocrx_word' id='word_1_430' title='bbox 2466 2419 2637 2457; x_wconf 76' lang='lat' dir='ltr'><strong>sanem</strong></span> <span class='ocrx_word' id='word_1_431' title='bbox 2661 2420 2768 2468; x_wconf 88' lang='lat' dir='ltr'><strong>eos,</strong></span> <span class='ocrx_word' id='word_1_432' title='bbox 2795 2419 2860 2459; x_wconf 88' lang='lat' dir='ltr'><strong>ne</strong></span> <span class='ocrx_word' id='word_1_433' title='bbox 2890 2420 3074 2460; x_wconf 76' lang='lat' dir='ltr'><strong>eorum</strong></span> <span class='ocrx_word' id='word_1_434' title='bbox 3098 2405 3249 2475; x_wconf 85' lang='lat' dir='ltr'><strong>quasi</strong></span> <span class='ocrx_word' id='word_1_435' title='bbox 3274 2406 3473 2461; x_wconf 56' lang='lat' dir='ltr'><strong>meritis</strong></span> <span class='ocrx_word' id='word_1_436' title='bbox 3501 2422 3567 2460; x_wconf 79' lang='lat' dir='ltr'><strong>ex</strong></span> <span class='ocrx_word' id='word_1_437' title='bbox 3591 2408 3807 2475; x_wconf 79' lang='lat' dir='ltr'><strong>pr0pria</strong></span> 
     </span>
    </p>
   </div>
   <div class='ocr_carea' id='block_1_56' title="bbox 2213 2494 3808 2567">
    <p class='ocr_par' dir='ltr' id='par_1_56' title="bbox 2213 2494 3808 2567">
     <span class='ocr_line' id='line_1_56' title="bbox 2213 2494 3808 2567; baseline 0.003 -18"><span class='ocrx_word' id='word_1_438' title='bbox 2213 2494 2464 2551; x_wconf 74' lang='lat' dir='ltr'><strong>facultate</strong></span> <span class='ocrx_word' id='word_1_439' title='bbox 2497 2497 2832 2551; x_wconf 83' lang='lat' dir='ltr'><strong>venientibus</strong></span> <span class='ocrx_word' id='word_1_440' title='bbox 2869 2498 3122 2552; x_wconf 84' lang='lat' dir='ltr'><strong>sa&#39;vatrix</strong></span> <span class='ocrx_word' id='word_1_441' title='bbox 3154 2499 3322 2565; x_wconf 71' lang='lat' dir='ltr'><strong>gra&#39;ia</strong></span> <span class='ocrx_word' id='word_1_442' title='bbox 3353 2499 3605 2565; x_wconf 76' lang='lat' dir='ltr'><strong>daretur,</strong></span> <span class='ocrx_word' id='word_1_443' title='bbox 3645 2509 3808 2567; x_wconf 88' lang='lat' dir='ltr'><strong>atque</strong></span> 
     </span>
    </p>
   </div>
   <div class='ocr_carea' id='block_1_57' title="bbox 2214 2586 3807 2659">
    <p class='ocr_par' dir='ltr' id='par_1_57' title="bbox 2214 2586 3807 2659">
     <span class='ocr_line' id='line_1_57' title="bbox 2214 2586 3807 2659; baseline 0.006 -21"><span class='ocrx_word' id='word_1_444' title='bbox 2214 2586 2283 2640; x_wconf 88' lang='lat' dir='ltr'><strong>ita</strong></span> <span class='ocrx_word' id='word_1_445' title='bbox 2314 2586 2479 2656; x_wconf 71' lang='lat' dir='ltr'><strong>gratia</strong></span> <span class='ocrx_word' id='word_1_446' title='bbox 2510 2587 2617 2655; x_wconf 89' lang='lat' dir='ltr'><strong>jam</strong></span> <span class='ocrx_word' id='word_1_447' title='bbox 2652 2602 2758 2642; x_wconf 89' lang='lat' dir='ltr'><strong>non</strong></span> <span class='ocrx_word' id='word_1_448' title='bbox 2790 2596 2933 2643; x_wconf 90' lang='lat' dir='ltr'><strong>esset</strong></span> <span class='ocrx_word' id='word_1_449' title='bbox 2960 2590 3129 2658; x_wconf 86' lang='lat' dir='ltr'><strong>gratia</strong></span> <span class='ocrx_word' id='word_1_450' title='bbox 3160 2628 3175 2655; x_wconf 90' lang='lat'><strong>,</strong></span> <span class='ocrx_word' id='word_1_451' title='bbox 3221 2589 3267 2643; x_wconf 82' lang='lat' dir='ltr'><strong>si</strong></span> <span class='ocrx_word' id='word_1_452' title='bbox 3318 2605 3420 2644; x_wconf 91' lang='lat' dir='ltr'><strong>non</strong></span> <span class='ocrx_word' id='word_1_453' title='bbox 3471 2591 3635 2659; x_wconf 82' lang='lat' dir='ltr'><strong>gratis</strong></span> <span class='ocrx_word' id='word_1_454' title='bbox 3683 2590 3729 2644; x_wconf 89' lang='lat' dir='ltr'><strong>d.</strong></span> <span class='ocrx_word' id='word_1_455' title='bbox 3756 2601 3807 2647; x_wconf 82' lang='lat' dir='ltr'><strong>ta</strong></span> 
     </span>
    </p>
   </div>
   <div class='ocr_carea' id='block_1_58' title="bbox 2212 2682 3804 2755">
    <p class='ocr_par' dir='ltr' id='par_1_58' title="bbox 2212 2682 3804 2755">
     <span class='ocr_line' id='line_1_58' title="bbox 2212 2682 3804 2755; baseline 0.003 -20"><span class='ocrx_word' id='word_1_456' title='bbox 2212 2691 2355 2736; x_wconf 88' lang='lat' dir='ltr'><strong>esset</strong></span> <span class='ocrx_word' id='word_1_457' title='bbox 2383 2682 2663 2738; x_wconf 86' lang='lat' dir='ltr'><strong>immeritis</strong></span> <span class='ocrx_word' id='word_1_458' title='bbox 2687 2724 2701 2750; x_wconf 93' lang='lat'><strong>,</strong></span> <span class='ocrx_word' id='word_1_459' title='bbox 2746 2685 2840 2739; x_wconf 86' lang='lat' dir='ltr'><strong>sed</strong></span> <span class='ocrx_word' id='word_1_460' title='bbox 2871 2699 3079 2740; x_wconf 88' lang='lat' dir='ltr'><strong>merces</strong></span> <span class='ocrx_word' id='word_1_461' title='bbox 3109 2694 3355 2755; x_wconf 88' lang='lat' dir='ltr'><strong>tanquam</strong></span> <span class='ocrx_word' id='word_1_462' title='bbox 3390 2687 3591 2740; x_wconf 89' lang='lat' dir='ltr'><strong>meritis</strong></span> <span class='ocrx_word' id='word_1_463' title='bbox 3642 2689 3804 2740; x_wconf 86' lang='lat' dir='ltr'><strong>resti-</strong></span> 
     </span>
    </p>
   </div>
   <div class='ocr_carea' id='block_1_59' title="bbox 2214 2772 3805 2845">
    <p class='ocr_par' dir='ltr' id='par_1_59' title="bbox 2214 2772 3805 2845">
     <span class='ocr_line' id='line_1_59' title="bbox 2214 2772 3805 2845; baseline 0.004 -19"><span class='ocrx_word' id='word_1_464' title='bbox 2214 2782 2345 2827; x_wconf 82' lang='lat' dir='ltr'><strong>tuta.</strong></span> <span class='ocrx_word' id='word_1_465' title='bbox 2391 2772 2507 2827; x_wconf 85' lang='lat' dir='ltr'><strong>Non</strong></span> <span class='ocrx_word' id='word_1_466' title='bbox 2549 2789 2677 2844; x_wconf 79' lang='lat' dir='ltr'><strong>ergo</strong></span> <span class='ocrx_word' id='word_1_467' title='bbox 2706 2776 2807 2843; x_wconf 82' lang='lat' dir='ltr'><strong>ipsi</strong></span> <span class='ocrx_word' id='word_1_468' title='bbox 2836 2784 3221 2845; x_wconf 65' lang='lat' dir='ltr'><strong>convertantur,</strong></span> <span class='ocrx_word' id='word_1_469' title='bbox 3265 2786 3310 2829; x_wconf 77' lang='lat' dir='ltr'><strong>et</strong></span> <span class='ocrx_word' id='word_1_470' title='bbox 3340 2794 3516 2831; x_wconf 81' lang='lat' dir='ltr'><strong>sonent</strong></span> <span class='ocrx_word' id='word_1_471' title='bbox 3552 2793 3635 2830; x_wconf 87' lang='lat' dir='ltr'><strong>eos</strong></span> <span class='ocrx_word' id='word_1_472' title='bbox 3660 2793 3681 2831; x_wconf 85' lang='lat'><strong>.&#39;</strong></span> <span class='ocrx_word' id='word_1_473' title='bbox 3710 2777 3805 2832; x_wconf 85' lang='lat' dir='ltr'><strong>sed</strong></span> 
     </span>
    </p>
   </div>
   <div class='ocr_carea' id='block_1_60' title="bbox 2210 2866 3806 2939">
    <p class='ocr_par' dir='ltr' id='par_1_60' title="bbox 2210 2866 3806 2939">
     <span class='ocr_line' id='line_1_60' title="bbox 2210 2866 3806 2939; baseline 0.003 -18"><span class='ocrx_word' id='word_1_474' title='bbox 2210 2866 2380 2921; x_wconf 85' lang='lat' dir='ltr'><strong>sanati</strong></span> <span class='ocrx_word' id='word_1_475' title='bbox 2415 2881 2509 2935; x_wconf 91' lang='lat' dir='ltr'><strong>per</strong></span> <span class='ocrx_word' id='word_1_476' title='bbox 2536 2867 2796 2936; x_wconf 78' lang='lat' dir='ltr'><strong>gratiam,</strong></span> <span class='ocrx_word' id='word_1_477' title='bbox 2840 2868 3067 2939; x_wconf 90' lang='lat' dir='ltr'><strong>qualiter</strong></span> <span class='ocrx_word' id='word_1_478' title='bbox 3102 2869 3168 2923; x_wconf 89' lang='lat' dir='ltr'><strong>ad</strong></span> <span class='ocrx_word' id='word_1_479' title='bbox 3216 2869 3562 2923; x_wconf 89' lang='lat' dir='ltr'><strong>humilitatem</strong></span> <span class='ocrx_word' id='word_1_480' title='bbox 3605 2869 3806 2927; x_wconf 61' lang='grc' dir='ltr'><strong>(Ἀκτίδιί</strong></span> 
     </span>
    </p>
   </div>
   <div class='ocr_carea' id='block_1_61' title="bbox 2211 2961 3806 3032">
    <p class='ocr_par' dir='ltr' id='par_1_61' title="bbox 2211 2961 3806 3032">
     <span class='ocr_line' id='line_1_61' title="bbox 2211 2961 3806 3032; baseline 0.001 -17"><span class='ocrx_word' id='word_1_481' title='bbox 2211 2968 2590 3015; x_wconf 86' lang='lat' dir='ltr'><strong>convertantur</strong></span> <span class='ocrx_word' id='word_1_482' title='bbox 2630 2971 2945 3030; x_wconf 87' lang='lat' dir='ltr'><strong>agnoscant.</strong></span> <span class='ocrx_word' id='word_1_483' title='bbox 2977 2961 3052 3016; x_wconf 86' lang='lat' dir='ltr'><strong>lta</strong></span> <span class='ocrx_word' id='word_1_484' title='bbox 3086 2962 3137 3017; x_wconf 90' lang='lat' dir='ltr'><strong>in</strong></span> <span class='ocrx_word' id='word_1_485' title='bbox 3169 2963 3431 3032; x_wconf 88' lang='lat' dir='ltr'><strong>utrisque,</strong></span> <span class='ocrx_word' id='word_1_486' title='bbox 3466 2961 3568 3016; x_wconf 85' lang='lat' dir='ltr'><strong>hoc</strong></span> <span class='ocrx_word' id='word_1_487' title='bbox 3612 2971 3716 3030; x_wconf 87' lang='lat' dir='ltr'><strong>est,</strong></span> <span class='ocrx_word' id='word_1_488' title='bbox 3752 2972 3806 3016; x_wconf 92' lang='lat' dir='ltr'><strong>et</strong></span> 
     </span>
    </p>
   </div>
   <div class='ocr_carea' id='block_1_62' title="bbox 2211 3051 3805 3123">
    <p class='ocr_par' dir='ltr' id='par_1_62' title="bbox 2211 3051 3805 3123">
     <span class='ocr_line' id='line_1_62' title="bbox 2211 3051 3805 3123; baseline 0.002 -18"><span class='ocrx_word' id='word_1_489' title='bbox 2211 3051 2265 3105; x_wconf 93' lang='lat' dir='ltr'><strong>in</strong></span> <span class='ocrx_word' id='word_1_490' title='bbox 2295 3064 2361 3106; x_wconf 91' lang='lat' dir='ltr'><strong>eo</strong></span> <span class='ocrx_word' id='word_1_491' title='bbox 2394 3051 2827 3120; x_wconf 73' lang='lat' dir='ltr'><strong>permanantibus</strong></span> <span class='ocrx_word' id='word_1_492' title='bbox 2855 3053 2908 3107; x_wconf 91' lang='lat' dir='ltr'><strong>in</strong></span> <span class='ocrx_word' id='word_1_493' title='bbox 2937 3067 3041 3123; x_wconf 92' lang='lat' dir='ltr'><strong>quo</strong></span> <span class='ocrx_word' id='word_1_494' title='bbox 3074 3053 3229 3108; x_wconf 89' lang='lat' dir='ltr'><strong>talem</strong></span> <span class='ocrx_word' id='word_1_495' title='bbox 3261 3054 3576 3109; x_wconf 88' lang='lat' dir='ltr'><strong>sententiam</strong></span> <span class='ocrx_word' id='word_1_496' title='bbox 3612 3069 3805 3122; x_wconf 82' lang='lat' dir='ltr'><strong>peree-</strong></span> 
     </span>
    </p>
   </div>
   <div class='ocr_carea' id='block_1_63' title="bbox 527 3113 3805 3213">
    <p class='ocr_par' dir='ltr' id='par_1_63' title="bbox 527 3113 3805 3213">
     <span class='ocr_line' id='line_1_63' title="bbox 527 3113 3805 3213; baseline -0.003 -4"><span class='ocrx_word' id='word_1_497' title='bbox 527 3164 584 3210; x_wconf 91' lang='lat' dir='ltr'><strong>et</strong></span> <span class='ocrx_word' id='word_1_498' title='bbox 615 3166 799 3207; x_wconf 84' lang='lat' dir='ltr'><strong>sermo</strong></span> <span class='ocrx_word' id='word_1_499' title='bbox 831 3147 922 3201; x_wconf 90' lang='lat' dir='ltr'><strong>Dei</strong></span> <span class='ocrx_word' id='word_1_500' title='bbox 957 3163 1006 3199; x_wconf 76' lang='lat' dir='ltr'><strong>nt</strong></span> <span class='ocrx_word' id='word_1_501' title='bbox 1029 3159 1064 3198; x_wconf 90' lang='lat' dir='ltr'><strong>n</strong></span> <span class='ocrx_word' id='word_1_502' title='bbox 1096 3148 1273 3213; x_wconf 73' lang='lat' dir='ltr'><strong>potest</strong></span> <span class='ocrx_word' id='word_1_503' title='bbox 1298 3138 1569 3204; x_wconf 74' lang='lat' dir='ltr'><strong>excidere.</strong></span> <span class='ocrx_word' id='word_1_504' title='bbox 1598 3146 1652 3193; x_wconf 74' lang='grc' dir='ltr'>ει</span> <span class='ocrx_word' id='word_1_505' title='bbox 1679 3137 1730 3191; x_wconf 75' lang='lat' dir='ltr'><strong>ill</strong></span> <span class='ocrx_word' id='word_1_506' title='bbox 1763 3138 1876 3207; x_wconf 78' lang='grc' dir='ltr'>ἰρεο</span> <span class='ocrx_word' id='word_1_507' title='bbox 1907 3135 2107 3189; x_wconf 75' lang='lat' dir='ltr'><strong>mundo</strong></span> <span class='ocrx_word' id='word_1_508' title='bbox 2136 3113 2183 3177; x_wconf 65' lang='grc' dir='ltr'>ο</span> <span class='ocrx_word' id='word_1_509' title='bbox 2220 3151 2438 3211; x_wconf 89' lang='lat' dir='ltr'><strong>perunt,</strong></span> <span class='ocrx_word' id='word_1_510' title='bbox 2472 3152 2526 3198; x_wconf 91' lang='lat' dir='ltr'><strong>et</strong></span> <span class='ocrx_word' id='word_1_511' title='bbox 2556 3144 2606 3197; x_wconf 94' lang='lat' dir='ltr'><strong>in</strong></span> <span class='ocrx_word' id='word_1_512' title='bbox 2639 3143 2853 3199; x_wconf 87' lang='lat' dir='ltr'><strong>salvatis</strong></span> <span class='ocrx_word' id='word_1_513' title='bbox 2884 3113 3084 3200; x_wconf 78' lang='lat' dir='ltr'><strong>exinde</strong></span> <span class='ocrx_word' id='word_1_514' title='bbox 3113 3145 3374 3199; x_wconf 86' lang='lat' dir='ltr'><strong>sententia</strong></span> <span class='ocrx_word' id='word_1_515' title='bbox 3405 3143 3668 3199; x_wconf 89' lang='lat' dir='ltr'><strong>dominica</strong></span> <span class='ocrx_word' id='word_1_516' title='bbox 3701 3145 3805 3200; x_wconf 75' lang='lat' dir='ltr'><strong>ﬁxa</strong></span> 
     </span>
    </p>
   </div>
   <div class='ocr_carea' id='block_1_64' title="bbox 526 3226 2105 3306">
    <p class='ocr_par' dir='ltr' id='par_1_64' title="bbox 526 3226 2105 3306">
     <span class='ocr_line' id='line_1_64' title="bbox 526 3226 2105 3306; baseline -0.014 -6"><span class='ocrx_word' id='word_1_517' title='bbox 526 3242 876 3300; x_wconf 84' lang='lat' dir='ltr'><strong>nihilominus</strong></span> <span class='ocrx_word' id='word_1_518' title='bbox 921 3254 949 3291; x_wconf 87' lang='lat' dir='ltr'><strong>a</strong></span> <span class='ocrx_word' id='word_1_519' title='bbox 1000 3234 1180 3306; x_wconf 78' lang='lat' dir='ltr'><strong>pravis</strong></span> <span class='ocrx_word' id='word_1_520' title='bbox 1222 3229 1609 3285; x_wconf 88' lang='lat' dir='ltr'><strong>intentionibus</strong></span> <span class='ocrx_word' id='word_1_521' title='bbox 1658 3226 1941 3282; x_wconf 86' lang='lat' dir='ltr'><strong>recedente</strong></span> <span class='ocrx_word' id='word_1_522' title='bbox 1998 3242 2105 3279; x_wconf 90' lang='lat' dir='ltr'><strong>non</strong></span> 
     </span>
    </p>
   </div>
   <div class='ocr_carea' id='block_1_65' title="bbox 524 3316 2103 3406">
    <p class='ocr_par' dir='ltr' id='par_1_65' title="bbox 524 3316 2103 3406">
     <span class='ocr_line' id='line_1_65' title="bbox 524 3316 2103 3406; baseline -0.014 -15"><span class='ocrx_word' id='word_1_523' title='bbox 524 3337 807 3406; x_wconf 88' lang='lat' dir='ltr'><strong>promitur.</strong></span> <span class='ocrx_word' id='word_1_524' title='bbox 833 3330 922 3384; x_wconf 88' lang='lat' dir='ltr'><strong>Sic</strong></span> <span class='ocrx_word' id='word_1_525' title='bbox 945 3327 1120 3397; x_wconf 81' lang='lat' dir='ltr'><strong>Tyrus</strong></span> <span class='ocrx_word' id='word_1_526' title='bbox 1141 3334 1196 3379; x_wconf 91' lang='lat' dir='ltr'><strong>et</strong></span> <span class='ocrx_word' id='word_1_527' title='bbox 1216 3321 1237 3352; x_wconf 73' lang='grc'>⁸</span> <span class='ocrx_word' id='word_1_528' title='bbox 1258 3322 1498 3391; x_wconf 81' lang='lat' dir='ltr'><strong>Berytus,</strong></span> <span class='ocrx_word' id='word_1_529' title='bbox 1528 3328 1583 3374; x_wconf 93' lang='lat' dir='ltr'><strong>et</strong></span> <span class='ocrx_word' id='word_1_530' title='bbox 1607 3318 1745 3374; x_wconf 87' lang='lat' dir='ltr'><strong>Gaza</strong></span> <span class='ocrx_word' id='word_1_531' title='bbox 1762 3316 1895 3389; x_wconf 83' lang='lat' dir='ltr'><strong>(Jer.</strong></span> <span class='ocrx_word' id='word_1_532' title='bbox 1917 3316 2103 3388; x_wconf 71' lang='lat' dir='ltr'><strong>xuvu),</strong></span> 
     </span>
    </p>
   </div>
   <div class='ocr_carea' id='block_1_66' title="bbox 524 3408 2108 3492">
    <p class='ocr_par' dir='ltr' id='par_1_66' title="bbox 524 3408 2108 3492">
     <span class='ocr_line' id='line_1_66' title="bbox 524 3408 2108 3492; baseline -0.014 -11"><span class='ocrx_word' id='word_1_533' title='bbox 524 3437 579 3480; x_wconf 90' lang='lat' dir='ltr'><strong>et</strong></span> <span class='ocrx_word' id='word_1_534' title='bbox 633 3424 897 3492; x_wconf 58' lang='lat' dir='ltr'><strong>[Egyptus</strong></span> <span class='ocrx_word' id='word_1_535' title='bbox 941 3415 1085 3485; x_wconf 83' lang='lat' dir='ltr'><strong>(Jer.</strong></span> <span class='ocrx_word' id='word_1_536' title='bbox 1121 3410 1280 3483; x_wconf 70' lang='grc' dir='ltr'><strong>κων)</strong></span> <span class='ocrx_word' id='word_1_537' title='bbox 1329 3411 1684 3480; x_wconf 64' lang='lat' dir='ltr'><strong>pronuntiatus</strong></span> <span class='ocrx_word' id='word_1_538' title='bbox 1735 3417 1859 3463; x_wconf 90' lang='lat' dir='ltr'><strong>sunt</strong></span> <span class='ocrx_word' id='word_1_539' title='bbox 1906 3408 2108 3475; x_wconf 88' lang='lat' dir='ltr'><strong>peritu-</strong></span> 
     </span>
    </p>
   </div>
   <div class='ocr_carea' id='block_1_67' title="bbox 525 3497 2108 3584">
    <p class='ocr_par' dir='ltr' id='par_1_67' title="bbox 525 3497 2108 3584">
     <span class='ocr_line' id='line_1_67' title="bbox 525 3497 2108 3584; baseline -0.009 -17"><span class='ocrx_word' id='word_1_540' title='bbox 525 3534 619 3580; x_wconf 70' lang='lat' dir='ltr'><strong>rm,</strong></span> <span class='ocrx_word' id='word_1_541' title='bbox 637 3527 769 3584; x_wconf 91' lang='lat' dir='ltr'><strong>quas</strong></span> <span class='ocrx_word' id='word_1_542' title='bbox 794 3517 979 3580; x_wconf 80' lang='lat' dir='ltr'><strong>postea</strong></span> <span class='ocrx_word' id='word_1_543' title='bbox 1010 3520 1103 3574; x_wconf 90' lang='lat' dir='ltr'><strong>per</strong></span> <span class='ocrx_word' id='word_1_544' title='bbox 1118 3501 1461 3571; x_wconf 84' lang='lat' dir='ltr'><strong>Evangelium</strong></span> <span class='ocrx_word' id='word_1_545' title='bbox 1484 3497 1888 3567; x_wconf 83' lang='lat' dir='ltr'><strong>novimus(Luc.</strong></span> <span class='ocrx_word' id='word_1_546' title='bbox 1910 3497 1964 3568; x_wconf 70' lang='grc' dir='ltr'><strong>χ)</strong></span> <span class='ocrx_word' id='word_1_547' title='bbox 1988 3512 2108 3552; x_wconf 90' lang='lat' dir='ltr'><strong>esse</strong></span> 
     </span>
    </p>
   </div>
   <div class='ocr_carea' id='block_1_68' title="bbox 527 3588 2104 3663">
    <p class='ocr_par' dir='ltr' id='par_1_68' title="bbox 527 3588 2104 3663">
     <span class='ocr_line' id='line_1_68' title="bbox 527 3588 2104 3663; baseline -0.014 -1"><span class='ocrx_word' id='word_1_548' title='bbox 527 3608 777 3663; x_wconf 80' lang='lat' dir='ltr'><strong>salvatas.</strong></span> <span class='ocrx_word' id='word_1_549' title='bbox 811 3600 1092 3655; x_wconf 78' lang='lat' dir='ltr'><strong>Perierunt</strong></span> <span class='ocrx_word' id='word_1_550' title='bbox 1120 3597 1297 3662; x_wconf 88' lang='lat' dir='ltr'><strong>itaque</strong></span> <span class='ocrx_word' id='word_1_551' title='bbox 1331 3592 1528 3660; x_wconf 88' lang='lat' dir='ltr'><strong>duplici</strong></span> <span class='ocrx_word' id='word_1_552' title='bbox 1556 3588 1715 3643; x_wconf 86' lang='lat' dir='ltr'><strong>modo</strong></span> <span class='ocrx_word' id='word_1_553' title='bbox 1739 3607 1750 3641; x_wconf 94' lang='lat'>:</span> <span class='ocrx_word' id='word_1_554' title='bbox 1781 3599 1871 3643; x_wconf 84' lang='lat' dir='ltr'><strong>aut</strong></span> <span class='ocrx_word' id='word_1_555' title='bbox 1900 3604 2104 3657; x_wconf 59' lang='lat' dir='ltr'><strong>permao</strong></span> 
     </span>
    </p>
   </div>
   <div class='ocr_carea' id='block_1_69' title="bbox 527 3687 2109 3763">
    <p class='ocr_par' dir='ltr' id='par_1_69' title="bbox 527 3687 2109 3763">
     <span class='ocr_line' id='line_1_69' title="bbox 527 3687 2109 3763; baseline -0.01 -6"><span class='ocrx_word' id='word_1_556' title='bbox 527 3707 719 3758; x_wconf 84' lang='lat' dir='ltr'><strong>nentes</strong></span> <span class='ocrx_word' id='word_1_557' title='bbox 750 3697 802 3751; x_wconf 91' lang='lat' dir='ltr'><strong>in</strong></span> <span class='ocrx_word' id='word_1_558' title='bbox 827 3710 892 3751; x_wconf 90' lang='lat' dir='ltr'><strong>eo</strong></span> <span class='ocrx_word' id='word_1_559' title='bbox 924 3709 1030 3763; x_wconf 92' lang='lat' dir='ltr'><strong>quo</strong></span> <span class='ocrx_word' id='word_1_560' title='bbox 1052 3692 1213 3746; x_wconf 87' lang='lat' dir='ltr'><strong>talem</strong></span> <span class='ocrx_word' id='word_1_561' title='bbox 1244 3687 1568 3744; x_wconf 88' lang='lat' dir='ltr'><strong>sententiam</strong></span> <span class='ocrx_word' id='word_1_562' title='bbox 1597 3697 1982 3756; x_wconf 88' lang='lat' dir='ltr'><strong>susceperunt;</strong></span> <span class='ocrx_word' id='word_1_563' title='bbox 2018 3696 2109 3741; x_wconf 89' lang='lat' dir='ltr'><strong>aut</strong></span> 
     </span>
    </p>
   </div>
   <div class='ocr_carea' id='block_1_70' title="bbox 531 3778 2109 3854">
    <p class='ocr_par' dir='ltr' id='par_1_70' title="bbox 531 3778 2109 3854">
     <span class='ocr_line' id='line_1_70' title="bbox 531 3778 2109 3854; baseline -0.009 -7"><span class='ocrx_word' id='word_1_564' title='bbox 531 3794 844 3851; x_wconf 84' lang='lat' dir='ltr'><strong>deﬁcientes</strong></span> <span class='ocrx_word' id='word_1_565' title='bbox 873 3788 940 3843; x_wconf 86' lang='lat' dir='ltr'><strong>ab</strong></span> <span class='ocrx_word' id='word_1_566' title='bbox 978 3801 1043 3842; x_wconf 90' lang='lat' dir='ltr'><strong>eo</strong></span> <span class='ocrx_word' id='word_1_567' title='bbox 1086 3801 1190 3854; x_wconf 84' lang='lat' dir='ltr'><strong>quo</strong></span> <span class='ocrx_word' id='word_1_568' title='bbox 1224 3783 1356 3836; x_wconf 88' lang='lat' dir='ltr'><strong>tales</strong></span> <span class='ocrx_word' id='word_1_569' title='bbox 1405 3780 1652 3843; x_wconf 81' lang='lat' dir='ltr'><strong>fuerant,</strong></span> <span class='ocrx_word' id='word_1_570' title='bbox 1695 3791 1748 3834; x_wconf 90' lang='lat' dir='ltr'><strong>et</strong></span> <span class='ocrx_word' id='word_1_571' title='bbox 1793 3778 2109 3847; x_wconf 85' lang='lat' dir='ltr'><strong>incipientes</strong></span> 
     </span>
    </p>
   </div>
   <div class='ocr_carea' id='block_1_71' title="bbox 525 3868 2110 3951">
    <p class='ocr_par' dir='ltr' id='par_1_71' title="bbox 525 3868 2110 3951">
     <span class='ocr_line' id='line_1_71' title="bbox 525 3868 2110 3951; baseline -0.013 -10"><span class='ocrx_word' id='word_1_572' title='bbox 525 3901 645 3941; x_wconf 88' lang='lat' dir='ltr'><strong>esse</strong></span> <span class='ocrx_word' id='word_1_573' title='bbox 681 3897 787 3951; x_wconf 89' lang='lat' dir='ltr'><strong>quo</strong></span> <span class='ocrx_word' id='word_1_574' title='bbox 833 3894 939 3935; x_wconf 91' lang='lat' dir='ltr'><strong>non</strong></span> <span class='ocrx_word' id='word_1_575' title='bbox 972 3878 1105 3932; x_wconf 89' lang='lat' dir='ltr'><strong>tales</strong></span> <span class='ocrx_word' id='word_1_576' title='bbox 1133 3875 1381 3927; x_wconf 84' lang='lat' dir='ltr'><strong>Iuerant:</strong></span> <span class='ocrx_word' id='word_1_577' title='bbox 1414 3871 1609 3940; x_wconf 88' lang='lat' dir='ltr'><strong>quibus</strong></span> <span class='ocrx_word' id='word_1_578' title='bbox 1646 3879 1730 3923; x_wconf 88' lang='lat' dir='ltr'><strong>est</strong></span> <span class='ocrx_word' id='word_1_579' title='bbox 1771 3869 1859 3922; x_wconf 87' lang='lat' dir='ltr'><strong>illa</strong></span> <span class='ocrx_word' id='word_1_580' title='bbox 1891 3868 2110 3937; x_wconf 68' lang='lat' dir='ltr'><strong>praeﬁxa</strong></span> 
     </span>
    </p>
   </div>
   <div class='ocr_carea' id='block_1_72' title="bbox 529 3960 2114 4041">
    <p class='ocr_par' dir='ltr' id='par_1_72' title="bbox 529 3960 2114 4041">
     <span class='ocr_line' id='line_1_72' title="bbox 529 3960 2114 4041; baseline -0.013 -8"><span class='ocrx_word' id='word_1_581' title='bbox 529 3976 892 4041; x_wconf 82' lang='lat' dir='ltr'><strong>sententia,ut</strong></span> <span class='ocrx_word' id='word_1_582' title='bbox 918 3976 1316 4037; x_wconf 91' lang='lat' dir='ltr'><strong>consequenter</strong></span> <span class='ocrx_word' id='word_1_583' title='bbox 1346 3963 1411 4019; x_wconf 88' lang='lat' dir='ltr'><strong>ad</strong></span> <span class='ocrx_word' id='word_1_584' title='bbox 1441 3979 1544 4016; x_wconf 88' lang='lat' dir='ltr'><strong>non</strong></span> <span class='ocrx_word' id='word_1_585' title='bbox 1576 3960 1709 4016; x_wconf 85' lang='lat' dir='ltr'><strong>tales</strong></span> <span class='ocrx_word' id='word_1_586' title='bbox 1738 3976 1843 4015; x_wconf 85' lang='lat' dir='ltr'><strong>non</strong></span> <span class='ocrx_word' id='word_1_587' title='bbox 1878 3961 2114 4028; x_wconf 79' lang='lat' dir='ltr'><strong>prrtinc-</strong></span> 
     </span>
    </p>
   </div>
   <div class='ocr_carea' id='block_1_73' title="bbox 527 4050 2107 4130">
    <p class='ocr_par' dir='ltr' id='par_1_73' title="bbox 527 4050 2107 4130">
     <span class='ocr_line' id='line_1_73' title="bbox 527 4050 2107 4130; baseline -0.013 -5"><span class='ocrx_word' id='word_1_588' title='bbox 527 4080 608 4126; x_wconf 91' lang='lat' dir='ltr'><strong>ret</strong></span> <span class='ocrx_word' id='word_1_589' title='bbox 632 4071 715 4122; x_wconf 83' lang='lat' dir='ltr'><strong>illa</strong></span> <span class='ocrx_word' id='word_1_590' title='bbox 752 4064 1014 4121; x_wconf 89' lang='lat' dir='ltr'><strong>sententia</strong></span> <span class='ocrx_word' id='word_1_591' title='bbox 1037 4074 1158 4130; x_wconf 70' lang='lat' dir='ltr'><strong>qua:</strong></span> <span class='ocrx_word' id='word_1_592' title='bbox 1182 4073 1286 4111; x_wconf 88' lang='lat' dir='ltr'><strong>non</strong></span> <span class='ocrx_word' id='word_1_593' title='bbox 1310 4055 1504 4109; x_wconf 85' lang='lat' dir='ltr'><strong>talibus</strong></span> <span class='ocrx_word' id='word_1_594' title='bbox 1526 4056 1744 4123; x_wconf 63' lang='lat' dir='ltr'><strong>praeﬁxa</strong></span> <span class='ocrx_word' id='word_1_595' title='bbox 1770 4070 1872 4106; x_wconf 77' lang='lat' dir='ltr'><strong>non</strong></span> <span class='ocrx_word' id='word_1_596' title='bbox 1904 4050 2107 4105; x_wconf 82' lang='lat' dir='ltr'><strong>I&#39;..erat:</strong></span> 
     </span>
    </p>
   </div>
   <div class='ocr_carea' id='block_1_74' title="bbox 525 4144 2109 4224">
    <p class='ocr_par' dir='ltr' id='par_1_74' title="bbox 525 4144 2109 4224">
     <span class='ocr_line' id='line_1_74' title="bbox 525 4144 2109 4224; baseline -0.011 -7"><span class='ocrx_word' id='word_1_597' title='bbox 525 4168 602 4219; x_wconf 71' lang='lat' dir='ltr'><strong>sic</strong></span> <span class='ocrx_word' id='word_1_598' title='bbox 631 4163 791 4217; x_wconf 74' lang='lat' dir='ltr'><strong>etiam</strong></span> <span class='ocrx_word' id='word_1_599' title='bbox 814 4158 881 4212; x_wconf 92' lang='lat' dir='ltr'><strong>de</strong></span> <span class='ocrx_word' id='word_1_600' title='bbox 904 4164 1061 4224; x_wconf 78' lang='lat' dir='ltr'><strong>gente</strong></span> <span class='ocrx_word' id='word_1_601' title='bbox 1089 4151 1395 4207; x_wconf 74' lang='lat' dir='ltr'><strong>.Iudzeorum</strong></span> <span class='ocrx_word' id='word_1_602' title='bbox 1421 4162 1450 4201; x_wconf 89' lang='lat' dir='ltr'><strong>a</strong></span> <span class='ocrx_word' id='word_1_603' title='bbox 1474 4148 1584 4201; x_wconf 84' lang='lat' dir='ltr'><strong>Deo</strong></span> <span class='ocrx_word' id='word_1_604' title='bbox 1608 4146 1767 4201; x_wconf 90' lang='lat' dir='ltr'><strong>etiam</strong></span> <span class='ocrx_word' id='word_1_605' title='bbox 1802 4160 1896 4214; x_wconf 91' lang='lat' dir='ltr'><strong>per</strong></span> <span class='ocrx_word' id='word_1_606' title='bbox 1918 4144 2109 4199; x_wconf 87' lang='lat' dir='ltr'><strong>Isaiam</strong></span> 
     </span>
    </p>
   </div>
   <div class='ocr_carea' id='block_1_75' title="bbox 531 4235 2113 4326">
    <p class='ocr_par' dir='ltr' id='par_1_75' title="bbox 531 4235 2113 4326">
     <span class='ocr_line' id='line_1_75' title="bbox 531 4235 2113 4326; baseline -0.013 -16"><span class='ocrx_word' id='word_1_607' title='bbox 531 4274 580 4326; x_wconf 82' lang='lat' dir='ltr'><strong>p:</strong></span> <span class='ocrx_word' id='word_1_608' title='bbox 595 4255 846 4324; x_wconf 86' lang='lat' dir='ltr'><strong>ophetam</strong></span> <span class='ocrx_word' id='word_1_609' title='bbox 864 4245 1225 4318; x_wconf 89' lang='lat' dir='ltr'><strong>peremptorie</strong></span> <span class='ocrx_word' id='word_1_610' title='bbox 1238 4241 1402 4297; x_wconf 88' lang='lat' dir='ltr'><strong>veluti</strong></span> <span class='ocrx_word' id='word_1_611' title='bbox 1417 4239 1817 4309; x_wconf 89' lang='lat' dir='ltr'><strong>pronuntiatum</strong></span> <span class='ocrx_word' id='word_1_612' title='bbox 1833 4245 1915 4291; x_wconf 88' lang='lat' dir='ltr'><strong>est</strong></span> <span class='ocrx_word' id='word_1_613' title='bbox 1935 4254 1948 4290; x_wconf 89' lang='lat'><strong>:</strong></span> <span class='ocrx_word' id='word_1_614' title='bbox 1965 4235 2113 4290; x_wconf 85' lang='lat' dir='ltr'><strong>Clau-</strong></span> 
     </span>
    </p>
   </div>
   <div class='ocr_carea' id='block_1_76' title="bbox 527 4328 2109 4404">
    <p class='ocr_par' dir='ltr' id='par_1_76' title="bbox 527 4328 2109 4404">
     <span class='ocr_line' id='line_1_76' title="bbox 527 4328 2109 4404; baseline -0.011 0"><span class='ocrx_word' id='word_1_615' title='bbox 527 4351 590 4404; x_wconf 81' lang='lat' dir='ltr'><strong>de</strong></span> <span class='ocrx_word' id='word_1_616' title='bbox 601 4348 770 4403; x_wconf 82' lang='lat' dir='ltr'><strong>oculos</strong></span> <span class='ocrx_word' id='word_1_617' title='bbox 792 4357 965 4399; x_wconf 81' lang='lat' dir='ltr'><strong>eorum</strong></span> <span class='ocrx_word' id='word_1_618' title='bbox 1001 4350 1046 4395; x_wconf 89' lang='lat' dir='ltr'><strong>et</strong></span> <span class='ocrx_word' id='word_1_619' title='bbox 1072 4339 1093 4369; x_wconf 77' lang='grc'>⁸</span> <span class='ocrx_word' id='word_1_620' title='bbox 1109 4338 1287 4393; x_wconf 70' lang='grc' dir='ltr'><strong>οὺιανιι</strong></span> <span class='ocrx_word' id='word_1_621' title='bbox 1308 4350 1458 4387; x_wconf 81' lang='lat' dir='ltr'><strong>aures</strong></span> <span class='ocrx_word' id='word_1_622' title='bbox 1479 4347 1656 4385; x_wconf 89' lang='lat' dir='ltr'><strong>eorum</strong></span> <span class='ocrx_word' id='word_1_623' title='bbox 1703 4339 1749 4382; x_wconf 86' lang='lat' dir='ltr'><strong>et</strong></span> <span class='ocrx_word' id='word_1_624' title='bbox 1769 4328 1993 4383; x_wconf 81' lang='lat' dir='ltr'><strong>videntes</strong></span> <span class='ocrx_word' id='word_1_625' title='bbox 2008 4346 2109 4387; x_wconf 88' lang='lat' dir='ltr'><strong>non</strong></span> 
     </span>
    </p>
   </div>
   <div class='ocr_carea' id='block_1_77' title="bbox 2215 3234 3805 3304">
    <p class='ocr_par' dir='ltr' id='par_1_77' title="bbox 2215 3234 3805 3304">
     <span class='ocr_line' id='line_1_77' title="bbox 2215 3234 3805 3304; baseline 0.001 -18"><span class='ocrx_word' id='word_1_626' title='bbox 2215 3234 2528 3304; x_wconf 86' lang='lat' dir='ltr'><strong>permansit,</strong></span> <span class='ocrx_word' id='word_1_627' title='bbox 2556 3244 2605 3289; x_wconf 91' lang='lat' dir='ltr'><strong>et</strong></span> <span class='ocrx_word' id='word_1_628' title='bbox 2636 3245 2815 3288; x_wconf 90' lang='lat' dir='ltr'><strong>tamen</strong></span> <span class='ocrx_word' id='word_1_629' title='bbox 2847 3235 2933 3289; x_wconf 87' lang='lat' dir='ltr'><strong>illa</strong></span> <span class='ocrx_word' id='word_1_630' title='bbox 2956 3244 3268 3304; x_wconf 90' lang='lat' dir='ltr'><strong>permanent</strong></span> <span class='ocrx_word' id='word_1_631' title='bbox 3294 3252 3308 3302; x_wconf 90' lang='lat'><strong>;</strong></span> <span class='ocrx_word' id='word_1_632' title='bbox 3334 3236 3411 3289; x_wconf 87' lang='lat' dir='ltr'><strong>sic</strong></span> <span class='ocrx_word' id='word_1_633' title='bbox 3439 3235 3516 3289; x_wconf 87' lang='lat' dir='ltr'><strong>eis</strong></span> <span class='ocrx_word' id='word_1_634' title='bbox 3549 3236 3684 3289; x_wconf 87' lang='lat' dir='ltr'><strong>miro</strong></span> <span class='ocrx_word' id='word_1_635' title='bbox 3714 3250 3805 3303; x_wconf 81' lang='lat' dir='ltr'><strong>ge-</strong></span> 
     </span>
    </p>
   </div>
   <div class='ocr_carea' id='block_1_78' title="bbox 2217 3327 3805 3393">
    <p class='ocr_par' dir='ltr' id='par_1_78' title="bbox 2217 3327 3805 3393">
     <span class='ocr_line' id='line_1_78' title="bbox 2217 3327 3805 3393; baseline -0.001 -12"><span class='ocrx_word' id='word_1_636' title='bbox 2217 3344 2344 3382; x_wconf 90' lang='lat' dir='ltr'><strong>nere</strong></span> <span class='ocrx_word' id='word_1_637' title='bbox 2370 3328 2568 3380; x_wconf 87' lang='lat' dir='ltr'><strong>sanitas</strong></span> <span class='ocrx_word' id='word_1_638' title='bbox 2594 3327 2889 3381; x_wconf 86' lang='lat' dir='ltr'><strong>introdueta</strong></span> <span class='ocrx_word' id='word_1_639' title='bbox 2912 3337 3015 3393; x_wconf 85' lang='lat' dir='ltr'><strong>est,</strong></span> <span class='ocrx_word' id='word_1_640' title='bbox 3047 3338 3101 3381; x_wconf 91' lang='lat' dir='ltr'><strong>ut</strong></span> <span class='ocrx_word' id='word_1_641' title='bbox 3130 3328 3217 3381; x_wconf 92' lang='lat' dir='ltr'><strong>illa</strong></span> <span class='ocrx_word' id='word_1_642' title='bbox 3249 3330 3514 3382; x_wconf 82' lang='lat' dir='ltr'><strong>Sententia</strong></span> <span class='ocrx_word' id='word_1_643' title='bbox 3550 3344 3651 3380; x_wconf 75' lang='lat' dir='ltr'><strong>non</strong></span> <span class='ocrx_word' id='word_1_644' title='bbox 3686 3345 3805 3379; x_wconf 82' lang='lat' dir='ltr'><strong>IIIII-</strong></span> 
     </span>
    </p>
   </div>
   <div class='ocr_carea' id='block_1_79' title="bbox 2218 3419 3804 3489">
    <p class='ocr_par' dir='ltr' id='par_1_79' title="bbox 2218 3419 3804 3489">
     <span class='ocr_line' id='line_1_79' title="bbox 2218 3419 3804 3489; baseline 0 -16"><span class='ocrx_word' id='word_1_645' title='bbox 2218 3428 2323 3473; x_wconf 89' lang='lat' dir='ltr'><strong>tata</strong></span> <span class='ocrx_word' id='word_1_646' title='bbox 2351 3420 2621 3475; x_wconf 90' lang='lat' dir='ltr'><strong>videretur</strong></span> <span class='ocrx_word' id='word_1_647' title='bbox 2650 3436 2664 3473; x_wconf 90' lang='lat'><strong>:</strong></span> <span class='ocrx_word' id='word_1_648' title='bbox 2698 3421 2793 3475; x_wconf 87' lang='lat' dir='ltr'><strong>sed</strong></span> <span class='ocrx_word' id='word_1_649' title='bbox 2822 3421 3008 3474; x_wconf 86' lang='lat' dir='ltr'><strong>eadem</strong></span> <span class='ocrx_word' id='word_1_650' title='bbox 3054 3421 3376 3489; x_wconf 88' lang='lat' dir='ltr'><strong>perdurante</strong></span> <span class='ocrx_word' id='word_1_651' title='bbox 3404 3461 3417 3484; x_wconf 89' lang='lat'><strong>,</strong></span> <span class='ocrx_word' id='word_1_652' title='bbox 3466 3419 3669 3473; x_wconf 82' lang='lat' dir='ltr'><strong>sanitas</strong></span> <span class='ocrx_word' id='word_1_653' title='bbox 3698 3436 3804 3473; x_wconf 69' lang='lat' dir='ltr'><strong>non</strong></span> 
     </span>
    </p>
   </div>
   <div class='ocr_carea' id='block_1_80' title="bbox 2216 3510 3804 3580">
    <p class='ocr_par' dir='ltr' id='par_1_80' title="bbox 2216 3510 3804 3580">
     <span class='ocr_line' id='line_1_80' title="bbox 2216 3510 3804 3580; baseline 0 -15"><span class='ocrx_word' id='word_1_654' title='bbox 2216 3510 2424 3566; x_wconf 80' lang='lat' dir='ltr'><strong>iliorum</strong></span> <span class='ocrx_word' id='word_1_655' title='bbox 2470 3510 2821 3577; x_wconf 88' lang='lat' dir='ltr'><strong>conﬁdentia,</strong></span> <span class='ocrx_word' id='word_1_656' title='bbox 2866 3511 2959 3564; x_wconf 90' lang='lat' dir='ltr'><strong>sed</strong></span> <span class='ocrx_word' id='word_1_657' title='bbox 3003 3510 3182 3565; x_wconf 75' lang='lat' dir='ltr'><strong>divino</strong></span> <span class='ocrx_word' id='word_1_658' title='bbox 3213 3526 3432 3565; x_wconf 80' lang='lat' dir='ltr'><strong>munere</strong></span> <span class='ocrx_word' id='word_1_659' title='bbox 3473 3510 3804 3580; x_wconf 61' lang='lat' dir='ltr'><strong>proveniret.</strong></span> 
     </span>
    </p>
   </div>
   <div class='ocr_carea' id='block_1_81' title="bbox 2212 3602 3806 3672">
    <p class='ocr_par' dir='ltr' id='par_1_81' title="bbox 2212 3602 3806 3672">
     <span class='ocr_line' id='line_1_81' title="bbox 2212 3602 3806 3672; baseline 0.001 -14"><span class='ocrx_word' id='word_1_660' title='bbox 2212 3603 2365 3670; x_wconf 85' lang='lat' dir='ltr'><strong>Quod</strong></span> <span class='ocrx_word' id='word_1_661' title='bbox 2390 3602 2576 3661; x_wconf 73' lang='lat' dir='ltr'><strong>sLhzee</strong></span> <span class='ocrx_word' id='word_1_662' title='bbox 2607 3613 2816 3657; x_wconf 83' lang='lat' dir='ltr'><strong>ten&#39;are</strong></span> <span class='ocrx_word' id='word_1_663' title='bbox 2845 3602 3154 3667; x_wconf 82' lang='lat' dir='ltr'><strong>formidant,</strong></span> <span class='ocrx_word' id='word_1_664' title='bbox 3184 3619 3279 3657; x_wconf 91' lang='lat' dir='ltr'><strong>nec</strong></span> <span class='ocrx_word' id='word_1_665' title='bbox 3305 3604 3367 3656; x_wconf 88' lang='lat' dir='ltr'><strong>ad</strong></span> <span class='ocrx_word' id='word_1_666' title='bbox 3397 3619 3506 3659; x_wconf 79' lang='lat' dir='ltr'><strong>sua:</strong></span> <span class='ocrx_word' id='word_1_667' title='bbox 3535 3604 3806 3672; x_wconf 88' lang='lat' dir='ltr'><strong>pertinere</strong></span> 
     </span>
    </p>
   </div>
   <div class='ocr_carea' id='block_1_82' title="bbox 2213 3694 3804 3765">
    <p class='ocr_par' dir='ltr' id='par_1_82' title="bbox 2213 3694 3804 3765">
     <span class='ocr_line' id='line_1_82' title="bbox 2213 3694 3804 3765; baseline 0.001 -16"><span class='ocrx_word' id='word_1_668' title='bbox 2213 3704 2537 3765; x_wconf 79' lang='lat' dir='ltr'><strong>cognosctmt</strong></span> <span class='ocrx_word' id='word_1_669' title='bbox 2562 3694 2833 3749; x_wconf 90' lang='lat' dir='ltr'><strong>modulum</strong></span> <span class='ocrx_word' id='word_1_670' title='bbox 2860 3697 3159 3764; x_wconf 63' lang='lat' dir='ltr'><strong>potestatis,</strong></span> <span class='ocrx_word' id='word_1_671' title='bbox 3182 3696 3263 3751; x_wconf 90' lang='lat' dir='ltr'><strong>cui</strong></span> <span class='ocrx_word' id='word_1_672' title='bbox 3293 3707 3494 3751; x_wconf 78' lang='lat' dir='ltr'><strong>tantum</strong></span> <span class='ocrx_word' id='word_1_673' title='bbox 3521 3696 3589 3751; x_wconf 92' lang='lat' dir='ltr'><strong>de</strong></span> <span class='ocrx_word' id='word_1_674' title='bbox 3618 3698 3804 3750; x_wconf 68' lang='grc' dir='ltr'><strong>Ιιιιιιιηε</strong></span> 
     </span>
    </p>
   </div>
   <div class='ocr_carea' id='block_1_83' title="bbox 2214 3787 3803 3857">
    <p class='ocr_par' dir='ltr' id='par_1_83' title="bbox 2214 3787 3803 3857">
     <span class='ocr_line' id='line_1_83' title="bbox 2214 3787 3803 3857; baseline 0.001 -15"><span class='ocrx_word' id='word_1_675' title='bbox 2214 3789 2297 3842; x_wconf 90' lang='lat' dir='ltr'><strong>nis</strong></span> <span class='ocrx_word' id='word_1_676' title='bbox 2328 3789 2489 3842; x_wconf 87' lang='lat' dir='ltr'><strong>rebus</strong></span> <span class='ocrx_word' id='word_1_677' title='bbox 2512 3787 2754 3855; x_wconf 80' lang='lat' dir='ltr'><strong>judicare</strong></span> <span class='ocrx_word' id='word_1_678' title='bbox 2783 3788 3100 3857; x_wconf 89' lang='lat' dir='ltr'><strong>permissum</strong></span> <span class='ocrx_word' id='word_1_679' title='bbox 3125 3795 3224 3852; x_wconf 82' lang='lat' dir='ltr'><strong>est,</strong></span> <span class='ocrx_word' id='word_1_680' title='bbox 3256 3804 3358 3842; x_wconf 93' lang='lat' dir='ltr'><strong>non</strong></span> <span class='ocrx_word' id='word_1_681' title='bbox 3389 3789 3545 3842; x_wconf 83' lang='lat' dir='ltr'><strong>etiam</strong></span> <span class='ocrx_word' id='word_1_682' title='bbox 3573 3802 3803 3853; x_wconf 66' lang='lat' dir='ltr'><strong>lraresse</strong></span> 
     </span>
    </p>
   </div>
   <div class='ocr_carea' id='block_1_84' title="bbox 2201 3878 3803 3949">
    <p class='ocr_par' dir='ltr' id='par_1_84' title="bbox 2201 3878 3803 3949">
     <span class='ocr_line' id='line_1_84' title="bbox 2201 3878 3803 3949; baseline 0 -16"><span class='ocrx_word' id='word_1_683' title='bbox 2201 3879 2429 3945; x_wconf 81' lang='lat' dir='ltr'><strong>,divinis,</strong></span> <span class='ocrx_word' id='word_1_684' title='bbox 2463 3878 2731 3949; x_wconf 88' lang='lat' dir='ltr'><strong>quomodo</strong></span> <span class='ocrx_word' id='word_1_685' title='bbox 2761 3880 2828 3934; x_wconf 92' lang='lat' dir='ltr'><strong>de</strong></span> <span class='ocrx_word' id='word_1_686' title='bbox 2860 3879 2944 3933; x_wconf 91' lang='lat' dir='ltr'><strong>his</strong></span> <span class='ocrx_word' id='word_1_687' title='bbox 2972 3895 3065 3948; x_wconf 90' lang='lat' dir='ltr'><strong>per</strong></span> <span class='ocrx_word' id='word_1_688' title='bbox 3105 3894 3239 3949; x_wconf 89' lang='lat' dir='ltr'><strong>quos</strong></span> <span class='ocrx_word' id='word_1_689' title='bbox 3276 3880 3455 3933; x_wconf 82' lang='lat' dir='ltr'><strong>divina</strong></span> <span class='ocrx_word' id='word_1_690' title='bbox 3489 3881 3803 3936; x_wconf 83' lang='lat' dir='ltr'><strong>tttiniStran-</strong></span> 
     </span>
    </p>
   </div>
   <div class='ocr_carea' id='block_1_85' title="bbox 2218 3968 3803 4038">
    <p class='ocr_par' dir='ltr' id='par_1_85' title="bbox 2218 3968 3803 4038">
     <span class='ocr_line' id='line_1_85' title="bbox 2218 3968 3803 4038; baseline 0.001 -14"><span class='ocrx_word' id='word_1_691' title='bbox 2218 3980 2302 4024; x_wconf 93' lang='lat' dir='ltr'><strong>tur</strong></span> <span class='ocrx_word' id='word_1_692' title='bbox 2324 3969 2564 4038; x_wconf 87' lang='lat' dir='ltr'><strong>judicare</strong></span> <span class='ocrx_word' id='word_1_693' title='bbox 2596 3968 2965 4037; x_wconf 54' lang='lat' dir='ltr'><strong>praesumunt?</strong></span> <span class='ocrx_word' id='word_1_694' title='bbox 2997 3980 3021 4006; x_wconf 77' lang='grc' dir='ltr'>ι</span> <span class='ocrx_word' id='word_1_695' title='bbox 3054 3969 3271 4023; x_wconf 85' lang='lat' dir='ltr'><strong>Fuerint</strong></span> <span class='ocrx_word' id='word_1_696' title='bbox 3312 3972 3425 4025; x_wconf 62' lang='lat' dir='ltr'><strong>haec</strong></span> <span class='ocrx_word' id='word_1_697' title='bbox 3455 3979 3578 4025; x_wconf 86' lang='lat' dir='ltr'><strong>ante</strong></span> <span class='ocrx_word' id='word_1_698' title='bbox 3606 3972 3803 4026; x_wconf 81' lang='lat' dir='ltr'><strong>adven-</strong></span> 
     </span>
    </p>
   </div>
   <div class='ocr_carea' id='block_1_86' title="bbox 2217 4059 3803 4129">
    <p class='ocr_par' dir='ltr' id='par_1_86' title="bbox 2217 4059 3803 4129">
     <span class='ocr_line' id='line_1_86' title="bbox 2217 4059 3803 4129; baseline 0.001 -14"><span class='ocrx_word' id='word_1_699' title='bbox 2217 4071 2328 4115; x_wconf 91' lang='lat' dir='ltr'><strong>tum</strong></span> <span class='ocrx_word' id='word_1_700' title='bbox 2366 4059 2601 4126; x_wconf 77' lang='lat' dir='ltr'><strong>Christi,</strong></span> <span class='ocrx_word' id='word_1_701' title='bbox 2636 4069 2689 4113; x_wconf 92' lang='lat' dir='ltr'><strong>ut</strong></span> <span class='ocrx_word' id='word_1_702' title='bbox 2716 4060 2926 4129; x_wconf 89' lang='lat' dir='ltr'><strong>quidam</strong></span> <span class='ocrx_word' id='word_1_703' title='bbox 2973 4059 3303 4129; x_wconf 62' lang='lat' dir='ltr'><strong>ﬁguralder,</strong></span> <span class='ocrx_word' id='word_1_704' title='bbox 3336 4060 3509 4116; x_wconf 87' lang='lat' dir='ltr'><strong>adhuc</strong></span> <span class='ocrx_word' id='word_1_705' title='bbox 3536 4071 3711 4117; x_wconf 91' lang='lat' dir='ltr'><strong>tamen</strong></span> <span class='ocrx_word' id='word_1_706' title='bbox 3750 4060 3803 4116; x_wconf 91' lang='lat' dir='ltr'><strong>in</strong></span> 
     </span>
    </p>
   </div>
   <div class='ocr_carea' id='block_1_87' title="bbox 2213 4149 3804 4221">
    <p class='ocr_par' dir='ltr' id='par_1_87' title="bbox 2213 4149 3804 4221">
     <span class='ocr_line' id='line_1_87' title="bbox 2213 4149 3804 4221; baseline -0.001 -14"><span class='ocrx_word' id='word_1_707' title='bbox 2213 4150 2518 4208; x_wconf 88' lang='lat' dir='ltr'><strong>carnalibus</strong></span> <span class='ocrx_word' id='word_1_708' title='bbox 2552 4150 2854 4205; x_wconf 86' lang='lat' dir='ltr'><strong>actionibus</strong></span> <span class='ocrx_word' id='word_1_709' title='bbox 2882 4149 3155 4205; x_wconf 89' lang='lat' dir='ltr'><strong>constituti</strong></span> <span class='ocrx_word' id='word_1_710' title='bbox 3197 4151 3396 4220; x_wconf 87' lang='lat' dir='ltr'><strong>pariter</strong></span> <span class='ocrx_word' id='word_1_711' title='bbox 3426 4165 3578 4221; x_wconf 82' lang='lat' dir='ltr'><strong>reges</strong></span> <span class='ocrx_word' id='word_1_712' title='bbox 3606 4151 3804 4206; x_wconf 78' lang='lat' dir='ltr'><strong>existe-</strong></span> 
     </span>
    </p>
   </div>
   <div class='ocr_carea' id='block_1_88' title="bbox 2213 4243 3803 4313">
    <p class='ocr_par' dir='ltr' id='par_1_88' title="bbox 2213 4243 3803 4313">
     <span class='ocr_line' id='line_1_88' title="bbox 2213 4243 3803 4313; baseline -0.001 -15"><span class='ocrx_word' id='word_1_713' title='bbox 2213 4252 2374 4311; x_wconf 89' lang='lat' dir='ltr'><strong>rent,</strong></span> <span class='ocrx_word' id='word_1_714' title='bbox 2424 4253 2477 4299; x_wconf 92' lang='lat' dir='ltr'><strong>et</strong></span> <span class='ocrx_word' id='word_1_715' title='bbox 2510 4244 2707 4313; x_wconf 87' lang='lat' dir='ltr'><strong>pariter</strong></span> <span class='ocrx_word' id='word_1_716' title='bbox 2748 4243 3072 4299; x_wconf 87' lang='lat' dir='ltr'><strong>sacerdotes.</strong></span> <span class='ocrx_word' id='word_1_717' title='bbox 3125 4243 3278 4310; x_wconf 87' lang='lat' dir='ltr'><strong>Quod</strong></span> <span class='ocrx_word' id='word_1_718' title='bbox 3316 4243 3373 4298; x_wconf 90' lang='lat' dir='ltr'><strong>S.</strong></span> <span class='ocrx_word' id='word_1_719' title='bbox 3408 4243 3803 4299; x_wconf 62' lang='lat' dir='ltr'><strong>Melchisedech</strong></span> 
     </span>
    </p>
   </div>
   <div class='ocr_carea' id='block_1_89' title="bbox 2218 4332 3803 4406">
    <p class='ocr_par' dir='ltr' id='par_1_89' title="bbox 2218 4332 3803 4406">
     <span class='ocr_line' id='line_1_89' title="bbox 2218 4332 3803 4406; baseline -0.003 -15"><span class='ocrx_word' id='word_1_720' title='bbox 2218 4337 2377 4392; x_wconf 77' lang='lat' dir='ltr'><strong>fuisse</strong></span> <span class='ocrx_word' id='word_1_721' title='bbox 2398 4350 2548 4392; x_wconf 90' lang='lat' dir='ltr'><strong>sacra</strong></span> <span class='ocrx_word' id='word_1_722' title='bbox 2574 4335 2747 4406; x_wconf 89' lang='lat' dir='ltr'><strong>prodit</strong></span> <span class='ocrx_word' id='word_1_723' title='bbox 2778 4334 3009 4389; x_wconf 80' lang='lat' dir='ltr'><strong>Historia</strong></span> <span class='ocrx_word' id='word_1_724' title='bbox 3036 4332 3246 4402; x_wconf 80' lang='lat' dir='ltr'><strong>(Cenes.</strong></span> <span class='ocrx_word' id='word_1_725' title='bbox 3275 4334 3407 4391; x_wconf 80' lang='lat' dir='ltr'><strong>xtvl.</strong></span> <span class='ocrx_word' id='word_1_726' title='bbox 3435 4332 3585 4400; x_wconf 86' lang='lat' dir='ltr'><strong>Quod</strong></span> <span class='ocrx_word' id='word_1_727' title='bbox 3614 4335 3664 4388; x_wconf 91' lang='lat' dir='ltr'><strong>in</strong></span> <span class='ocrx_word' id='word_1_728' title='bbox 3690 4332 3803 4388; x_wconf 76' lang='lat' dir='ltr'><strong>suis</strong></span> 
     </span>
    </p>
   </div>
   <div class='ocr_carea' id='block_1_90' title="bbox 602 4461 3803 4540">
    <p class='ocr_par' dir='ltr' id='par_1_90' title="bbox 602 4461 3803 4540">
     <span class='ocr_line' id='line_1_90' title="bbox 602 4461 3803 4540; baseline -0.008 1"><span class='ocrx_word' id='word_1_729' title='bbox 602 4498 625 4523; x_wconf 77' lang='grc'><strong><em>³</em></strong></span> <span class='ocrx_word' id='word_1_730' title='bbox 666 4484 905 4540; x_wconf 87' lang='lat' dir='ltr'><strong>Insinuat</strong></span> <span class='ocrx_word' id='word_1_731' title='bbox 937 4478 1037 4530; x_wconf 82' lang='lat' dir='ltr'><strong>hoc</strong></span> <span class='ocrx_word' id='word_1_732' title='bbox 1072 4474 1189 4527; x_wconf 91' lang='lat' dir='ltr'><strong>loco</strong></span> <span class='ocrx_word' id='word_1_733' title='bbox 1214 4467 1456 4525; x_wconf 84' lang='lat' dir='ltr'><strong>Gelasius</strong></span> <span class='ocrx_word' id='word_1_734' title='bbox 1487 4463 1756 4540; x_wconf 64' lang='lat' dir='ltr'><strong>Christum</strong></span> <span class='ocrx_word' id='word_1_735' title='bbox 1788 4461 2112 4540; x_wconf 69' lang='lat' dir='ltr'><strong>Redempto—</strong></span> <span class='ocrx_word' id='word_1_736' title='bbox 2138 4474 2192 4534; x_wconf 75' lang='grc' dir='ltr'><strong>Ι)</strong></span> <span class='ocrx_word' id='word_1_737' title='bbox 2217 4469 2373 4522; x_wconf 81' lang='lat' dir='ltr'><strong>corda</strong></span> <span class='ocrx_word' id='word_1_738' title='bbox 2407 4468 2634 4540; x_wconf 73' lang='lat' dir='ltr'><strong>submitti</strong></span> <span class='ocrx_word' id='word_1_739' title='bbox 2655 4477 2889 4540; x_wconf 83' lang='lat' dir='ltr'><strong>,_quanto</strong></span> <span class='ocrx_word' id='word_1_740' title='bbox 2920 4482 3082 4535; x_wconf 73' lang='lat' dir='ltr'><strong>magis</strong></span> <span class='ocrx_word' id='word_1_741' title='bbox 3111 4465 3246 4518; x_wconf 84' lang='lat' dir='ltr'><strong>sedis</strong></span> <span class='ocrx_word' id='word_1_742' title='bbox 3272 4465 3414 4540; x_wconf 79' lang='lat' dir='ltr'><strong>illius</strong></span> <span class='ocrx_word' id='word_1_743' title='bbox 3443 4465 3652 4540; x_wconf 59' lang='lat' dir='ltr'><strong>pra’snli</strong></span> <span class='ocrx_word' id='word_1_744' title='bbox 3681 4480 3803 4517; x_wconf 76' lang='lat' dir='ltr'><strong>ron-</strong></span> 
     </span>
    </p>
   </div>
   <div class='ocr_carea' id='block_1_91' title="bbox 527 4534 2114 4617">
    <p class='ocr_par' dir='ltr' id='par_1_91' title="bbox 527 4534 2114 4617">
     <span class='ocr_line' id='line_1_91' title="bbox 527 4534 2114 4617; baseline -0.015 -5"><span class='ocrx_word' id='word_1_745' title='bbox 527 4575 640 4613; x_wconf 84' lang='lat' dir='ltr'><strong>rent</strong></span> <span class='ocrx_word' id='word_1_746' title='bbox 668 4534 938 4611; x_wconf 67' lang='lat' dir='ltr'><strong>nostrum,</strong></span> <span class='ocrx_word' id='word_1_747' title='bbox 969 4558 1148 4617; x_wconf 78' lang='lat' dir='ltr'><strong>regem</strong></span> <span class='ocrx_word' id='word_1_748' title='bbox 1176 4534 1992 4617; x_wconf 35' lang='lat' dir='ltr'><strong>atquepontiﬁcem-secundum</strong></span> <span class='ocrx_word' id='word_1_749' title='bbox 2025 4553 2114 4617; x_wconf 75' lang='lat' dir='ltr'><strong>or-</strong></span> 
     </span>
    </p>
   </div>
   <div class='ocr_carea' id='block_1_92' title="bbox 528 4608 2110 4687">
    <p class='ocr_par' dir='ltr' id='par_1_92' title="bbox 528 4608 2110 4687">
     <span class='ocr_line' id='line_1_92' title="bbox 528 4608 2110 4687; baseline 0.004 -8"><span class='ocrx_word' id='word_1_750' title='bbox 528 4608 707 4681; x_wconf 50' lang='lat' dir='ltr'><strong>ait...</strong></span> <span class='ocrx_word' id='word_1_751' title='bbox 742 4608 1160 4676; x_wconf 54' lang='lat' dir='ltr'><strong>Melchisedech.</strong></span> <span class='ocrx_word' id='word_1_752' title='bbox 1203 4608 1471 4687; x_wconf 57' lang='lat' dir='ltr'><strong>vomica&quot;)</strong></span> <span class='ocrx_word' id='word_1_753' title='bbox 1518 4612 1831 4687; x_wconf 51' lang='grc' dir='ltr'><strong>ροιςβιεεξςξη</strong></span> <span class='ocrx_word' id='word_1_754' title='bbox 1871 4618 2027 4683; x_wconf 65' lang='grc' dir='ltr'><strong>(ιιξίιίη</strong></span> <span class='ocrx_word' id='word_1_755' title='bbox 2059 4608 2110 4660; x_wconf 80' lang='grc' dir='ltr'><strong>ίη</strong></span> 
     </span>
    </p>
   </div>
   <div class='ocr_carea' id='block_1_93' title="bbox 529 4672 2116 4755">
    <p class='ocr_par' dir='ltr' id='par_1_93' title="bbox 529 4672 2116 4755">
     <span class='ocr_line' id='line_1_93' title="bbox 529 4672 2116 4755; baseline -0.012 -7"><span class='ocrx_word' id='word_1_756' title='bbox 529 4672 996 4755; x_wconf 38' lang='lat' dir='ltr'><strong>Eii-&quot;liminium,</strong></span> <span class='ocrx_word' id='word_1_757' title='bbox 1012 4672 1316 4755; x_wconf 71' lang='lat' dir='ltr'><strong>conservari</strong></span> <span class='ocrx_word' id='word_1_758' title='bbox 1333 4674 1598 4754; x_wconf 76' lang='lat' dir='ltr'><strong>certisque</strong></span> <span class='ocrx_word' id='word_1_759' title='bbox 1619 4672 1872 4755; x_wconf 81' lang='lat' dir='ltr'><strong>limitibus</strong></span> <span class='ocrx_word' id='word_1_760' title='bbox 1893 4674 2116 4729; x_wconf 81' lang='lat' dir='ltr'><strong>circnm-</strong></span> 
     </span>
    </p>
   </div>
   <div class='ocr_carea' id='block_1_94' title="bbox 528 4747 2107 4821">
    <p class='ocr_par' dir='ltr' id='par_1_94' title="bbox 528 4747 2107 4821">
     <span class='ocr_line' id='line_1_94' title="bbox 528 4747 2107 4821; baseline -0.018 -1"><span class='ocrx_word' id='word_1_761' title='bbox 528 4747 690 4820; x_wconf 76' lang='lat' dir='ltr'><strong>scribi</strong></span> <span class='ocrx_word' id='word_1_762' title='bbox 717 4747 968 4819; x_wconf 82' lang='lat' dir='ltr'><strong>voluisse,</strong></span> <span class='ocrx_word' id='word_1_763' title='bbox 999 4769 1065 4807; x_wconf 93' lang='lat' dir='ltr'><strong>ne</strong></span> <span class='ocrx_word' id='word_1_764' title='bbox 1091 4766 1150 4807; x_wconf 91' lang='lat' dir='ltr'><strong>se</strong></span> <span class='ocrx_word' id='word_1_765' title='bbox 1178 4747 1335 4821; x_wconf 80' lang='lat' dir='ltr'><strong>rebus</strong></span> <span class='ocrx_word' id='word_1_766' title='bbox 1359 4747 1525 4799; x_wconf 85' lang='lat' dir='ltr'><strong>sacris</strong></span> <span class='ocrx_word' id='word_1_767' title='bbox 1556 4747 1877 4821; x_wconf 63' lang='lat' dir='ltr'><strong>immisceat;</strong></span> <span class='ocrx_word' id='word_1_768' title='bbox 1913 4754 2107 4821; x_wconf 68' lang='lat' dir='ltr'><strong>statum</strong></span> 
     </span>
    </p>
   </div>
   <div class='ocr_carea' id='block_1_95' title="bbox 527 4812 2109 4892">
    <p class='ocr_par' dir='ltr' id='par_1_95' title="bbox 527 4812 2109 4892">
     <span class='ocr_line' id='line_1_95' title="bbox 527 4812 2109 4892; baseline 0.017 -4"><span class='ocrx_word' id='word_1_769' title='bbox 527 4812 603 4891; x_wconf 56' lang='lat' dir='ltr'><strong>i2;</strong></span> <span class='ocrx_word' id='word_1_770' title='bbox 623 4812 1103 4887; x_wconf 22' lang='lat' dir='ltr'><strong>Uti-ecclesiasticum</strong></span> <span class='ocrx_word' id='word_1_771' title='bbox 1132 4835 1161 4873; x_wconf 82' lang='lat' dir='ltr'><strong>a</strong></span> <span class='ocrx_word' id='word_1_772' title='bbox 1190 4818 1691 4892; x_wconf 57' lang='grc' dir='ltr'><strong>βριίιί,υ³..βίὶίθ³ἓ³.ίθ</strong></span> <span class='ocrx_word' id='word_1_773' title='bbox 1716 4812 1788 4892; x_wconf 42' lang='grc' dir='ltr'><strong>ξιξ</strong></span> <span class='ocrx_word' id='word_1_774' title='bbox 1812 4812 2109 4882; x_wconf 57' lang='lat' dir='ltr'><strong>disunguu’</strong></span> 
     </span>
    </p>
   </div>
   <div class='ocr_carea' id='block_1_96' title="bbox 529 4879 2110 4962">
    <p class='ocr_par' dir='ltr' id='par_1_96' title="bbox 529 4879 2110 4962">
     <span class='ocr_line' id='line_1_96' title="bbox 529 4879 2110 4962; baseline -0.015 -3"><span class='ocrx_word' id='word_1_775' title='bbox 529 4879 593 4959; x_wconf 60' lang='grc' dir='ltr'><strong>ιίἶ</strong></span> <span class='ocrx_word' id='word_1_776' title='bbox 625 4879 1215 4962; x_wconf 45' lang='grc' dir='ltr'><strong>ίξηῖέρῖἶὲιόιθδὶθειξοᾰε</strong></span> <span class='ocrx_word' id='word_1_777' title='bbox 1242 4879 1599 4962; x_wconf 71' lang='lat' dir='ltr'><strong>jurisdictioni</strong></span> <span class='ocrx_word' id='word_1_778' title='bbox 1632 4882 1684 4962; x_wconf 80' lang='lat' dir='ltr'><strong>in_</strong></span> <span class='ocrx_word' id='word_1_779' title='bbox 1724 4879 1806 4962; x_wconf 77' lang='lat' dir='ltr'><strong>his</strong></span> <span class='ocrx_word' id='word_1_780' title='bbox 1838 4896 1956 4962; x_wconf 43' lang='lat' dir='ltr'><strong>quae</strong></span> <span class='ocrx_word' id='word_1_781' title='bbox 1981 4879 2110 4962; x_wconf 70' lang='lat' dir='ltr'><strong>sunt</strong></span> 
     </span>
    </p>
   </div>
   <div class='ocr_carea' id='block_1_97' title="bbox 527 4952 2108 5035">
    <p class='ocr_par' dir='ltr' id='par_1_97' title="bbox 527 4952 2108 5035">
     <span class='ocr_line' id='line_1_97' title="bbox 527 4952 2108 5035; baseline -0.016 -3"><span class='ocrx_word' id='word_1_782' title='bbox 623 4952 787 5029; x_wconf 51' lang='lat' dir='ltr'><strong>nihil.</strong></span> <span class='ocrx_word' id='word_1_783' title='bbox 818 4965 1080 5035; x_wconf 88' lang='lat' dir='ltr'><strong>subjiciat.</strong></span> <span class='ocrx_word' id='word_1_784' title='bbox 1109 4952 1261 5015; x_wconf 73' lang='lat' dir='ltr'><strong>Patei</strong></span> <span class='ocrx_word' id='word_1_785' title='bbox 1287 4973 1356 5013; x_wconf 75' lang='lat' dir='ltr'><strong>ex</strong></span> <span class='ocrx_word' id='word_1_786' title='bbox 1384 4953 1609 5024; x_wconf 86' lang='lat' dir='ltr'><strong>epistola</strong></span> <span class='ocrx_word' id='word_1_787' title='bbox 1638 4952 1877 5035; x_wconf 80' lang='lat' dir='ltr'><strong>ejusdem</strong></span> <span class='ocrx_word' id='word_1_788' title='bbox 1910 4952 2108 5035; x_wconf 56' lang='lat' dir='ltr'><strong>Gelasii</strong></span> 
     </span>
    </p>
   </div>
   <div class='ocr_carea' id='block_1_98' title="bbox 526 5024 2110 5102">
    <p class='ocr_par' dir='ltr' id='par_1_98' title="bbox 526 5024 2110 5102">
     <span class='ocr_line' id='line_1_98' title="bbox 526 5024 2110 5102; baseline -0.028 0"><span class='ocrx_word' id='word_1_789' title='bbox 526 5024 594 5101; x_wconf 64' lang='lat'><strong>371</strong></span> <span class='ocrx_word' id='word_1_790' title='bbox 624 5024 982 5099; x_wconf 33' lang='lat' dir='ltr'><strong>‘A&#39;nastasiu&#39;m</strong></span> <span class='ocrx_word' id='word_1_791' title='bbox 1028 5034 1405 5102; x_wconf 81' lang='lat' dir='ltr'><strong>imperatorem</strong></span> <span class='ocrx_word' id='word_1_792' title='bbox 1433 5066 1471 5102; x_wconf 72' lang='lat'><strong>,_</strong></span> <span class='ocrx_word' id='word_1_793' title='bbox 1495 5037 1597 5102; x_wconf 89' lang='lat' dir='ltr'><strong>qua</strong></span> <span class='ocrx_word' id='word_1_794' title='bbox 1638 5025 1729 5102; x_wconf 80' lang='lat' dir='ltr'><strong>sic_</strong></span> <span class='ocrx_word' id='word_1_795' title='bbox 1756 5024 1855 5102; x_wconf 46' lang='grc' dir='ltr'><strong>,δὴ</strong></span> <span class='ocrx_word' id='word_1_796' title='bbox 1883 5039 1902 5102; x_wconf 41' lang='grc' dir='ltr'><strong>ε,</strong></span> <span class='ocrx_word' id='word_1_797' title='bbox 1958 5024 2110 5079; x_wconf 60' lang='lat' dir='ltr'><strong>Nam</strong></span> 
     </span>
    </p>
   </div>
   <div class='ocr_carea' id='block_1_99' title="bbox 525 5090 2110 5181">
    <p class='ocr_par' dir='ltr' id='par_1_99' title="bbox 525 5090 2110 5181">
     <span class='ocr_line' id='line_1_99' title="bbox 525 5090 2110 5181; baseline -0.011 -11"><span class='ocrx_word' id='word_1_798' title='bbox 525 5090 1204 5181; x_wconf 25' lang='lat' dir='ltr'><strong>enini,flii—clementissime</strong></span> <span class='ocrx_word' id='word_1_799' title='bbox 1220 5141 1236 5165; x_wconf 90' lang='lat'><strong>,</strong></span> <span class='ocrx_word' id='word_1_800' title='bbox 1267 5096 1403 5181; x_wconf 80' lang='lat' dir='ltr'><strong>quod</strong></span> <span class='ocrx_word' id='word_1_801' title='bbox 1436 5090 2110 5181; x_wconf 24' lang='grc' dir='ltr'><strong>ιὶεᾴεᾉρζιξξξᾷῥαξλιμιηαηο</strong></span> 
     </span>
    </p>
   </div>
   <div class='ocr_carea' id='block_1_100' title="bbox 527 5161 2110 5255">
    <p class='ocr_par' dir='ltr' id='par_1_100' title="bbox 527 5161 2110 5255">
     <span class='ocr_line' id='line_1_100' title="bbox 527 5161 2110 5255; baseline -0.013 -15"><span class='ocrx_word' id='word_1_802' title='bbox 527 5161 1025 5255; x_wconf 55' lang='grc' dir='ltr'><strong>ξξῖέξιῖὶἯέρηὶιαῑε,</strong></span> <span class='ocrx_word' id='word_1_803' title='bbox 1064 5161 1249 5255; x_wconf 38' lang='lat' dir='ltr'><strong>rerum;</strong></span> <span class='ocrx_word' id='word_1_804' title='bbox 1265 5161 1429 5255; x_wconf 73' lang='lat' dir='ltr'><strong>tamen</strong></span> <span class='ocrx_word' id='word_1_805' title='bbox 1472 5161 1777 5255; x_wconf 47' lang='lat' dir='ltr'><strong>pr‘tpsulibus</strong></span> <span class='ocrx_word' id='word_1_806' title='bbox 1820 5161 2110 5255; x_wconf 52' lang='lat' dir='ltr'><strong>diuinarum</strong></span> 
     </span>
    </p>
   </div>
   <div class='ocr_carea' id='block_1_101' title="bbox 526 5230 2111 5313">
    <p class='ocr_par' dir='ltr' id='par_1_101' title="bbox 526 5230 2111 5313">
     <span class='ocr_line' id='line_1_101' title="bbox 526 5230 2111 5313; baseline -0.014 -2"><span class='ocrx_word' id='word_1_807' title='bbox 526 5230 888 5313; x_wconf 51' lang='lat' dir='ltr'><strong>itéliiiis&#39;itin’a</strong></span> <span class='ocrx_word' id='word_1_808' title='bbox 911 5230 1190 5313; x_wconf 74' lang='lat' dir='ltr'><strong>submittis.</strong></span> <span class='ocrx_word' id='word_1_809' title='bbox 1211 5241 1275 5294; x_wconf 85' lang='lat' dir='ltr'><strong>Et</strong></span> <span class='ocrx_word' id='word_1_810' title='bbox 1297 5237 1450 5313; x_wconf 76' lang='lat' dir='ltr'><strong>paulo</strong></span> <span class='ocrx_word' id='word_1_811' title='bbox 1472 5230 1617 5313; x_wconf 83' lang='lat' dir='ltr'><strong>infra</strong></span> <span class='ocrx_word' id='word_1_812' title='bbox 1631 5230 1700 5313; x_wconf 81' lang='lat' dir='ltr'><strong>de</strong></span> <span class='ocrx_word' id='word_1_813' title='bbox 1726 5232 1844 5300; x_wconf 90' lang='lat' dir='ltr'><strong>ipso</strong></span> <span class='ocrx_word' id='word_1_814' title='bbox 1869 5233 2111 5313; x_wconf 59' lang='lat' dir='ltr'><strong>Ilomano</strong></span> 
     </span>
    </p>
   </div>
   <div class='ocr_carea' id='block_1_102' title="bbox 528 5302 2113 5397">
    <p class='ocr_par' dir='ltr' id='par_1_102' title="bbox 528 5302 2113 5397">
     <span class='ocr_line' id='line_1_102' title="bbox 528 5302 2113 5397; baseline 0 0"><span class='ocrx_word' id='word_1_815' title='bbox 528 5302 774 5397; x_wconf 61' lang='grc' dir='ltr'><strong>ὗόἱιῖἰῑίὲεέ</strong></span> <span class='ocrx_word' id='word_1_816' title='bbox 790 5302 917 5373; x_wconf 56' lang='lat' dir='ltr'><strong>haec</strong></span> <span class='ocrx_word' id='word_1_817' title='bbox 945 5311 1220 5397; x_wconf 55' lang='lat' dir='ltr'><strong>subtusa“</strong></span> <span class='ocrx_word' id='word_1_818' title='bbox 1239 5327 1278 5397; x_wconf 62' lang='lat'><strong>3,</strong></span> <span class='ocrx_word' id='word_1_819' title='bbox 1296 5302 1365 5397; x_wconf 53' lang='grc' dir='ltr'>ἒξ</span> <span class='ocrx_word' id='word_1_820' title='bbox 1376 5305 1682 5397; x_wconf 68' lang='lat' dir='ltr'><strong>3_‘...f!‘.’.&quot;‘.’;‘..</strong></span> <span class='ocrx_word' id='word_1_821' title='bbox 1690 5302 2113 5397; x_wconf 61' lang='lat' dir='ltr'><strong>Efff“fi‘ft_‘ﬁt</strong></span> 
     </span>
    </p>
   </div>
   <div class='ocr_carea' id='block_1_103' title="bbox 526 5371 2109 5454">
    <p class='ocr_par' dir='ltr' id='par_1_103' title="bbox 526 5371 2109 5454">
     <span class='ocr_line' id='line_1_103' title="bbox 526 5371 2109 5454; baseline -0.016 0"><span class='ocrx_word' id='word_1_822' title='bbox 526 5371 981 5454; x_wconf 46' lang='lat' dir='ltr'><strong>iﬁitiiitbiu&#39;kne</strong></span> <span class='ocrx_word' id='word_1_823' title='bbox 1025 5371 1196 5437; x_wconf 65' lang='lat' dir='ltr'><strong>divina</strong></span> <span class='ocrx_word' id='word_1_824' title='bbox 1236 5374 1565 5434; x_wconf 73' lang='lat' dir='ltr'><strong>tractantibus</strong></span> <span class='ocrx_word' id='word_1_825' title='bbox 1608 5371 1841 5440; x_wconf 81' lang='lat' dir='ltr'><strong>ﬁdelium</strong></span> <span class='ocrx_word' id='word_1_826' title='bbox 1880 5377 2109 5429; x_wconf 78' lang='lat' dir='ltr'><strong>convenit</strong></span> 
     </span>
    </p>
   </div>
   <div class='ocr_carea' id='block_1_104' title="bbox 602 5500 1215 5566">
    <p class='ocr_par' dir='ltr' id='par_1_104' title="bbox 602 5500 1215 5566">
     <span class='ocr_line' id='line_1_104' title="bbox 602 5500 1215 5566; baseline -0.024 -5"><span class='ocrx_word' id='word_1_827' title='bbox 602 5510 617 5540; x_wconf 82' lang='grc'>¹</span> <span class='ocrx_word' id='word_1_828' title='bbox 647 5506 722 5561; x_wconf 90' lang='lat' dir='ltr'><strong>Id.</strong></span> <span class='ocrx_word' id='word_1_829' title='bbox 753 5500 899 5566; x_wconf 90' lang='lat' dir='ltr'><strong>cod.,</strong></span> <span class='ocrx_word' id='word_1_830' title='bbox 922 5513 1026 5550; x_wconf 88' lang='lat' dir='ltr'><strong>non</strong></span> <span class='ocrx_word' id='word_1_831' title='bbox 1054 5510 1215 5566; x_wconf 77' lang='lat' dir='ltr'><strong>posse.</strong></span> 
     </span>
    </p>
   </div>
   <div class='ocr_carea' id='block_1_105' title="bbox 595 5563 1447 5641">
    <p class='ocr_par' dir='ltr' id='par_1_105' title="bbox 595 5563 1447 5641">
     <span class='ocr_line' id='line_1_105' title="bbox 595 5563 1447 5641; baseline -0.023 -11"><span class='ocrx_word' id='word_1_832' title='bbox 595 5581 615 5610; x_wconf 74' lang='lat'>&#39;</span> <span class='ocrx_word' id='word_1_833' title='bbox 645 5578 717 5629; x_wconf 89' lang='lat' dir='ltr'><strong>Id.</strong></span> <span class='ocrx_word' id='word_1_834' title='bbox 747 5563 895 5641; x_wconf 76' lang='lat' dir='ltr'><strong>eod.,</strong></span> <span class='ocrx_word' id='word_1_835' title='bbox 928 5575 999 5621; x_wconf 87' lang='lat' dir='ltr'><strong>est</strong></span> <span class='ocrx_word' id='word_1_836' title='bbox 1032 5563 1076 5641; x_wconf 76' lang='lat' dir='ltr'><strong>et</strong></span> <span class='ocrx_word' id='word_1_837' title='bbox 1106 5563 1289 5641; x_wconf 67' lang='lat' dir='ltr'><strong>dictus.</strong></span> <span class='ocrx_word' id='word_1_838' title='bbox 1333 5638 1341 5641; x_wconf 21' lang='grc' dir='ltr'><strong>Α</strong></span> <span class='ocrx_word' id='word_1_839' title='bbox 1438 5630 1447 5640; x_wconf 41' lang='grc'><em>,</em></span> 
     </span>
    </p>
   </div>
   <div class='ocr_carea' id='block_1_106' title="bbox 600 5632 1501 5707">
    <p class='ocr_par' dir='ltr' id='par_1_106' title="bbox 600 5632 1501 5707">
     <span class='ocr_line' id='line_1_106' title="bbox 600 5632 1501 5707; baseline -0.022 -4"><span class='ocrx_word' id='word_1_840' title='bbox 600 5649 622 5679; x_wconf 77' lang='grc'>³</span> <span class='ocrx_word' id='word_1_841' title='bbox 646 5647 728 5702; x_wconf 81' lang='grc' dir='ltr'><strong>ιιι.</strong></span> <span class='ocrx_word' id='word_1_842' title='bbox 756 5632 902 5707; x_wconf 43' lang='lat' dir='ltr'><strong>colli,</strong></span> <span class='ocrx_word' id='word_1_843' title='bbox 926 5648 997 5691; x_wconf 83' lang='lat' dir='ltr'><strong>est</strong></span> <span class='ocrx_word' id='word_1_844' title='bbox 1020 5638 1081 5689; x_wconf 89' lang='lat' dir='ltr'><strong>ab</strong></span> <span class='ocrx_word' id='word_1_845' title='bbox 1115 5632 1206 5687; x_wconf 89' lang='lat' dir='ltr'><strong>illa</strong></span> <span class='ocrx_word' id='word_1_846' title='bbox 1236 5632 1501 5687; x_wconf 80' lang='lat' dir='ltr'><strong>sententia.</strong></span> 
     </span>
    </p>
   </div>
   <div class='ocr_carea' id='block_1_107' title="bbox 600 5708 1157 5784">
    <p class='ocr_par' dir='ltr' id='par_1_107' title="bbox 600 5708 1157 5784">
     <span class='ocr_line' id='line_1_107' title="bbox 600 5708 1157 5784; baseline -0.023 -15"><span class='ocrx_word' id='word_1_847' title='bbox 600 5714 617 5743; x_wconf 80' lang='grc'><strong>⁴</strong></span> <span class='ocrx_word' id='word_1_848' title='bbox 640 5717 716 5773; x_wconf 81' lang='lat' dir='ltr'><strong>Id.</strong></span> <span class='ocrx_word' id='word_1_849' title='bbox 747 5712 891 5782; x_wconf 87' lang='lat' dir='ltr'><strong>cod.,</strong></span> <span class='ocrx_word' id='word_1_850' title='bbox 916 5708 1157 5784; x_wconf 84' lang='lat' dir='ltr'><strong>Beryton.</strong></span> 
     </span>
    </p>
   </div>
   <div class='ocr_carea' id='block_1_108' title="bbox 1360 5832 1668 5857">
    <p class='ocr_par' dir='ltr' id='par_1_108' title="bbox 1360 5832 1668 5857">
     <span class='ocr_line' id='line_1_108' title="bbox 1360 5832 1668 5857; baseline 0 -6"><span class='ocrx_word' id='word_1_851' title='bbox 1360 5842 1429 5855; x_wconf 67' lang='grc' dir='ltr'><strong>δ..,</strong></span> <span class='ocrx_word' id='word_1_852' title='bbox 1460 5852 1471 5857; x_wconf 33' lang='grc' dir='ltr'><strong>η,</strong></span> <span class='ocrx_word' id='word_1_853' title='bbox 1603 5832 1668 5851; x_wconf 56' lang='grc' dir='ltr'><strong>⁴“δι.</strong></span> 
     </span>
    </p>
   </div>
   <div class='ocr_carea' id='block_1_109' title="bbox 2213 4535 3799 4605">
    <p class='ocr_par' dir='ltr' id='par_1_109' title="bbox 2213 4535 3799 4605">
     <span class='ocr_line' id='line_1_109' title="bbox 2213 4535 3799 4605; baseline -0.003 -13"><span class='ocrx_word' id='word_1_854' title='bbox 2213 4555 2393 4593; x_wconf 79' lang='lat' dir='ltr'><strong>sensus</strong></span> <span class='ocrx_word' id='word_1_855' title='bbox 2437 4548 2508 4591; x_wconf 82' lang='lat' dir='ltr'><strong>est</strong></span> <span class='ocrx_word' id='word_1_856' title='bbox 2546 4535 2888 4595; x_wconf 76' lang='lat' dir='ltr'><strong>adhibendus.</strong></span> <span class='ocrx_word' id='word_1_857' title='bbox 2928 4553 3074 4605; x_wconf 87' lang='lat' dir='ltr'><strong>quem</strong></span> <span class='ocrx_word' id='word_1_858' title='bbox 3113 4536 3307 4588; x_wconf 86' lang='lat' dir='ltr'><strong>cunctis</strong></span> <span class='ocrx_word' id='word_1_859' title='bbox 3357 4535 3799 4605; x_wconf 26' lang='lat' dir='ltr'><strong>sacerdotibusﬂet</strong></span> 
     </span>
    </p>
   </div>
   <div class='ocr_carea' id='block_1_110' title="bbox 2214 4604 3802 4673">
    <p class='ocr_par' dir='ltr' id='par_1_110' title="bbox 2214 4604 3802 4673">
     <span class='ocr_line' id='line_1_110' title="bbox 2214 4604 3802 4673; baseline -0.001 -14"><span class='ocrx_word' id='word_1_860' title='bbox 2214 4609 2456 4661; x_wconf 76' lang='lat' dir='ltr'><strong>diuinitas</strong></span> <span class='ocrx_word' id='word_1_861' title='bbox 2491 4620 2693 4661; x_wconf 85' lang='lat' dir='ltr'><strong>summa</strong></span> <span class='ocrx_word' id='word_1_862' title='bbox 2733 4608 2886 4661; x_wconf 76' lang='lat' dir='ltr'><strong>voluit</strong></span> <span class='ocrx_word' id='word_1_863' title='bbox 2929 4604 3254 4673; x_wconf 66' lang='lat' dir='ltr'><strong>praemittere,</strong></span> <span class='ocrx_word' id='word_1_864' title='bbox 3296 4613 3344 4658; x_wconf 91' lang='lat' dir='ltr'><strong>et</strong></span> <span class='ocrx_word' id='word_1_865' title='bbox 3369 4604 3669 4672; x_wconf 78' lang='lat' dir='ltr'><strong>subsequens</strong></span> <span class='ocrx_word' id='word_1_866' title='bbox 3703 4604 3802 4657; x_wconf 82' lang='lat' dir='ltr'><strong>Ec-</strong></span> 
     </span>
    </p>
   </div>
   <div class='ocr_carea' id='block_1_111' title="bbox 2213 4675 3802 4747">
    <p class='ocr_par' dir='ltr' id='par_1_111' title="bbox 2213 4675 3802 4747">
     <span class='ocr_line' id='line_1_111' title="bbox 2213 4675 3802 4747; baseline -0.002 -19"><span class='ocrx_word' id='word_1_867' title='bbox 2213 4680 2382 4731; x_wconf 79' lang='lat' dir='ltr'><strong>clesia:</strong></span> <span class='ocrx_word' id='word_1_868' title='bbox 2408 4678 2655 4747; x_wconf 84' lang='lat' dir='ltr'><strong>generalis</strong></span> <span class='ocrx_word' id='word_1_869' title='bbox 2687 4677 2841 4745; x_wconf 84' lang='lat' dir='ltr'><strong>pietas</strong></span> <span class='ocrx_word' id='word_1_870' title='bbox 2887 4675 3197 4747; x_wconf 74' lang='lat' dir='ltr'><strong>celebravit?</strong></span> <span class='ocrx_word' id='word_1_871' title='bbox 3239 4675 3480 4747; x_wconf 87' lang='lat' dir='ltr'><strong>Viderint</strong></span> <span class='ocrx_word' id='word_1_872' title='bbox 3525 4689 3652 4747; x_wconf 64' lang='lat' dir='ltr'><strong>ergo</strong></span> <span class='ocrx_word' id='word_1_873' title='bbox 3692 4691 3802 4747; x_wconf 16' lang='lat' dir='ltr'><strong>Ann-</strong></span> 
     </span>
    </p>
   </div>
   <div class='ocr_carea' id='block_1_112' title="bbox 2213 4742 3798 4815">
    <p class='ocr_par' dir='ltr' id='par_1_112' title="bbox 2213 4742 3798 4815">
     <span class='ocr_line' id='line_1_112' title="bbox 2213 4742 3798 4815; baseline -0.004 -12"><span class='ocrx_word' id='word_1_874' title='bbox 2213 4742 2584 4803; x_wconf 60' lang='lat' dir='ltr'><strong>vantes&#39;ttostri</strong></span> <span class='ocrx_word' id='word_1_875' title='bbox 2611 4742 2863 4814; x_wconf 85' lang='lat' dir='ltr'><strong>temporis</strong></span> <span class='ocrx_word' id='word_1_876' title='bbox 2885 4745 3144 4807; x_wconf 67' lang='lat' dir='ltr'><strong>haeretici,</strong></span> <span class='ocrx_word' id='word_1_877' title='bbox 3169 4761 3270 4815; x_wconf 91' lang='lat' dir='ltr'><strong>qua</strong></span> <span class='ocrx_word' id='word_1_878' title='bbox 3299 4746 3504 4799; x_wconf 62' lang='lat' dir='ltr'><strong>ratione</strong></span> <span class='ocrx_word' id='word_1_879' title='bbox 3528 4742 3703 4797; x_wconf 87' lang='lat' dir='ltr'><strong>Gelasi</strong></span> <span class='ocrx_word' id='word_1_880' title='bbox 3747 4759 3798 4797; x_wconf 95' lang='lat' dir='ltr'><strong>m</strong></span> 
     </span>
    </p>
   </div>
   <div class='ocr_carea' id='block_1_113' title="bbox 2214 4814 3801 4888">
    <p class='ocr_par' dir='ltr' id='par_1_113' title="bbox 2214 4814 3801 4888">
     <span class='ocr_line' id='line_1_113' title="bbox 2214 4814 3801 4888; baseline -0.003 -16"><span class='ocrx_word' id='word_1_881' title='bbox 2214 4818 2521 4888; x_wconf 90' lang='lat' dir='ltr'><strong>pontiﬁcem</strong></span> <span class='ocrx_word' id='word_1_882' title='bbox 2565 4818 2631 4871; x_wconf 92' lang='lat' dir='ltr'><strong>de</strong></span> <span class='ocrx_word' id='word_1_883' title='bbox 2660 4817 3038 4885; x_wconf 88' lang='lat' dir='ltr'><strong>quadripartita</strong></span> <span class='ocrx_word' id='word_1_884' title='bbox 3080 4814 3340 4888; x_wconf 80' lang='lat' dir='ltr'><strong>bonorum</strong></span> <span class='ocrx_word' id='word_1_885' title='bbox 3382 4815 3637 4888; x_wconf 71' lang='lat' dir='ltr'><strong>Ecclesia:</strong></span> <span class='ocrx_word' id='word_1_886' title='bbox 3663 4814 3801 4888; x_wconf 76' lang='lat' dir='ltr'><strong>divi-</strong></span> 
     </span>
    </p>
   </div>
   <div class='ocr_carea' id='block_1_114' title="bbox 2212 4884 3799 4955">
    <p class='ocr_par' dir='ltr' id='par_1_114' title="bbox 2212 4884 3799 4955">
     <span class='ocr_line' id='line_1_114' title="bbox 2212 4884 3799 4955; baseline -0.004 -11"><span class='ocrx_word' id='word_1_887' title='bbox 2212 4884 2363 4944; x_wconf 82' lang='lat' dir='ltr'><strong>sione</strong></span> <span class='ocrx_word' id='word_1_888' title='bbox 2390 4889 2744 4954; x_wconf 82' lang='lat' dir='ltr'><strong>scribentem,</strong></span> <span class='ocrx_word' id='word_1_889' title='bbox 2779 4884 2879 4939; x_wconf 81' lang='lat' dir='ltr'><strong>tma</strong></span> <span class='ocrx_word' id='word_1_890' title='bbox 2920 4901 2983 4941; x_wconf 91' lang='lat' dir='ltr'><strong>ac</strong></span> <span class='ocrx_word' id='word_1_891' title='bbox 3026 4887 3390 4955; x_wconf 83' lang='lat' dir='ltr'><strong>possessiones</strong></span> <span class='ocrx_word' id='word_1_892' title='bbox 3421 4884 3657 4953; x_wconf 66' lang='lat' dir='ltr'><strong>ejusdem</strong></span> <span class='ocrx_word' id='word_1_893' title='bbox 3693 4885 3799 4938; x_wconf 79' lang='lat' dir='ltr'><strong>Ec-</strong></span> 
     </span>
    </p>
   </div>
   <div class='ocr_carea' id='block_1_115' title="bbox 2213 4957 3803 5023">
    <p class='ocr_par' dir='ltr' id='par_1_115' title="bbox 2213 4957 3803 5023">
     <span class='ocr_line' id='line_1_115' title="bbox 2213 4957 3803 5023; baseline -0.004 -9"><span class='ocrx_word' id='word_1_894' title='bbox 2213 4958 2389 5015; x_wconf 75' lang='lat' dir='ltr'><strong>clesia</strong></span> <span class='ocrx_word' id='word_1_895' title='bbox 2438 4958 2809 5013; x_wconf 78' lang='lat' dir='ltr'><strong>defendentem</strong></span> <span class='ocrx_word' id='word_1_896' title='bbox 2839 4999 2853 5023; x_wconf 93' lang='lat'><strong>,</strong></span> <span class='ocrx_word' id='word_1_897' title='bbox 2888 4958 3070 5010; x_wconf 85' lang='lat' dir='ltr'><strong>harum</strong></span> <span class='ocrx_word' id='word_1_898' title='bbox 3112 4971 3291 5009; x_wconf 67' lang='lat' dir='ltr'><strong>reum</strong></span> <span class='ocrx_word' id='word_1_899' title='bbox 3323 4957 3647 5008; x_wconf 85' lang='lat' dir='ltr'><strong>turbatorem</strong></span> <span class='ocrx_word' id='word_1_900' title='bbox 3678 4968 3803 5008; x_wconf 89' lang='lat' dir='ltr'><strong>esse</strong></span> 
     </span>
    </p>
   </div>
   <div class='ocr_carea' id='block_1_116' title="bbox 2215 5024 3800 5095">
    <p class='ocr_par' dir='ltr' id='par_1_116' title="bbox 2215 5024 3800 5095">
     <span class='ocr_line' id='line_1_116' title="bbox 2215 5024 3800 5095; baseline -0.003 -13"><span class='ocrx_word' id='word_1_901' title='bbox 2215 5038 2482 5084; x_wconf 70' lang='lat' dir='ltr'><strong>tueantur.</strong></span> <span class='ocrx_word' id='word_1_902' title='bbox 2518 5029 2648 5081; x_wconf 79' lang='lat' dir='ltr'><strong>Istas</strong></span> <span class='ocrx_word' id='word_1_903' title='bbox 2693 5030 2929 5082; x_wconf 65' lang='lat' dir='ltr'><strong>notiones</strong></span> <span class='ocrx_word' id='word_1_904' title='bbox 2952 5068 2965 5090; x_wconf 91' lang='lat'><strong>,</strong></span> <span class='ocrx_word' id='word_1_905' title='bbox 2995 5032 3059 5080; x_wconf 79' lang='lat' dir='ltr'><strong>de</strong></span> <span class='ocrx_word' id='word_1_906' title='bbox 3104 5028 3296 5095; x_wconf 86' lang='lat' dir='ltr'><strong>quibus</strong></span> <span class='ocrx_word' id='word_1_907' title='bbox 3335 5024 3619 5093; x_wconf 69' lang='lat' dir='ltr'><strong>Apostolus</strong></span> <span class='ocrx_word' id='word_1_908' title='bbox 3654 5024 3692 5076; x_wconf 93' lang='lat' dir='ltr'><strong>ll</strong></span> <span class='ocrx_word' id='word_1_909' title='bbox 3732 5024 3800 5077; x_wconf 83' lang='lat' dir='ltr'><strong>ad</strong></span> 
     </span>
    </p>
   </div>
   <div class='ocr_carea' id='block_1_117' title="bbox 2214 5095 3802 5164">
    <p class='ocr_par' dir='ltr' id='par_1_117' title="bbox 2214 5095 3802 5164">
     <span class='ocr_line' id='line_1_117' title="bbox 2214 5095 3802 5164; baseline -0.004 -11"><span class='ocrx_word' id='word_1_910' title='bbox 2214 5100 2406 5154; x_wconf 84' lang='lat' dir='ltr'><strong>Titnot.</strong></span> <span class='ocrx_word' id='word_1_911' title='bbox 2441 5115 2477 5152; x_wconf 90' lang='lat' dir='ltr'><strong>tt</strong></span> <span class='ocrx_word' id='word_1_912' title='bbox 2507 5117 2520 5153; x_wconf 86' lang='lat'><strong>:</strong></span> <span class='ocrx_word' id='word_1_913' title='bbox 2556 5100 2720 5152; x_wconf 70' lang='lat' dir='ltr'><strong>Nemo</strong></span> <span class='ocrx_word' id='word_1_914' title='bbox 2748 5114 2795 5149; x_wconf 91' lang='lat' dir='ltr'><strong>m</strong></span> <span class='ocrx_word' id='word_1_915' title='bbox 2819 5099 2971 5151; x_wconf 86' lang='lat' dir='ltr'><strong>litans</strong></span> <span class='ocrx_word' id='word_1_916' title='bbox 3000 5097 3105 5150; x_wconf 86' lang='lat' dir='ltr'><strong>Deo</strong></span> <span class='ocrx_word' id='word_1_917' title='bbox 3127 5095 3353 5163; x_wconf 83' lang='lat' dir='ltr'><strong>implicat</strong></span> <span class='ocrx_word' id='word_1_918' title='bbox 3380 5112 3431 5148; x_wconf 82' lang='lat' dir='ltr'><strong>se</strong></span> <span class='ocrx_word' id='word_1_919' title='bbox 3455 5095 3669 5164; x_wconf 81' lang='lat' dir='ltr'><strong>negotiis</strong></span> <span class='ocrx_word' id='word_1_920' title='bbox 3699 5108 3802 5147; x_wconf 72' lang='lat' dir='ltr'><strong>sa:-</strong></span> 
     </span>
    </p>
   </div>
   <div class='ocr_carea' id='block_1_118' title="bbox 2213 5167 3798 5234">
    <p class='ocr_par' dir='ltr' id='par_1_118' title="bbox 2213 5167 3798 5234">
     <span class='ocr_line' id='line_1_118' title="bbox 2213 5167 3798 5234; baseline -0.005 -10"><span class='ocrx_word' id='word_1_921' title='bbox 2213 5170 2511 5234; x_wconf 86' lang='lat' dir='ltr'><strong>cularibus,</strong></span> <span class='ocrx_word' id='word_1_922' title='bbox 2561 5170 2926 5223; x_wconf 76' lang='lat' dir='ltr'><strong>sacerdotibus</strong></span> <span class='ocrx_word' id='word_1_923' title='bbox 2976 5167 3317 5220; x_wconf 71' lang='lat' dir='ltr'><strong>inti-rdixisse</strong></span> <span class='ocrx_word' id='word_1_924' title='bbox 3366 5180 3469 5219; x_wconf 91' lang='lat' dir='ltr'><strong>non</strong></span> <span class='ocrx_word' id='word_1_925' title='bbox 3518 5178 3798 5232; x_wconf 85' lang='lat' dir='ltr'><strong>negamus.</strong></span> 
     </span>
    </p>
   </div>
   <div class='ocr_carea' id='block_1_119' title="bbox 2214 5235 3799 5306">
    <p class='ocr_par' dir='ltr' id='par_1_119' title="bbox 2214 5235 3799 5306">
     <span class='ocr_line' id='line_1_119' title="bbox 2214 5235 3799 5306; baseline -0.004 -11"><span class='ocrx_word' id='word_1_926' title='bbox 2214 5240 2346 5306; x_wconf 72' lang='lat' dir='ltr'><strong>Quae.</strong></span> <span class='ocrx_word' id='word_1_927' title='bbox 2378 5256 2503 5295; x_wconf 82' lang='lat' dir='ltr'><strong>vero</strong></span> <span class='ocrx_word' id='word_1_928' title='bbox 2531 5245 2637 5293; x_wconf 84' lang='lat' dir='ltr'><strong>sint</strong></span> <span class='ocrx_word' id='word_1_929' title='bbox 2668 5242 2764 5291; x_wconf 86' lang='lat' dir='ltr'><strong>ista</strong></span> <span class='ocrx_word' id='word_1_930' title='bbox 2784 5280 2796 5299; x_wconf 86' lang='lat'><strong>,</strong></span> <span class='ocrx_word' id='word_1_931' title='bbox 2827 5238 3052 5293; x_wconf 69' lang='lat' dir='ltr'><strong>d.ver.~is</strong></span> <span class='ocrx_word' id='word_1_932' title='bbox 3087 5235 3381 5290; x_wconf 85' lang='lat' dir='ltr'><strong>canontbus</strong></span> <span class='ocrx_word' id='word_1_933' title='bbox 3409 5249 3570 5303; x_wconf 86' lang='lat' dir='ltr'><strong>super</strong></span> <span class='ocrx_word' id='word_1_934' title='bbox 3595 5242 3682 5288; x_wconf 60' lang='lat'><strong>63‘</strong></span> <span class='ocrx_word' id='word_1_935' title='bbox 3708 5249 3799 5288; x_wconf 77' lang='lat' dir='ltr'><strong>ex-</strong></span> 
     </span>
    </p>
   </div>
   <div class='ocr_carea' id='block_1_120' title="bbox 2212 5310 2870 5379">
    <p class='ocr_par' dir='ltr' id='par_1_120' title="bbox 2212 5310 2870 5379">
     <span class='ocr_line' id='line_1_120' title="bbox 2212 5310 2870 5379; baseline -0.003 -15"><span class='ocrx_word' id='word_1_936' title='bbox 2212 5311 2489 5379; x_wconf 90' lang='lat' dir='ltr'><strong>plicatum.</strong></span> <span class='ocrx_word' id='word_1_937' title='bbox 2517 5310 2643 5364; x_wconf 72' lang='lat' dir='ltr'><strong>Snv.</strong></span> <span class='ocrx_word' id='word_1_938' title='bbox 2674 5310 2870 5362; x_wconf 68' lang='lat' dir='ltr'><strong>limes.</strong></span> 
     </span>
    </p>
   </div>
   <div class='ocr_carea' id='block_1_121' title="bbox 2289 5488 2862 5554">
    <p class='ocr_par' dir='ltr' id='par_1_121' title="bbox 2289 5488 2862 5554">
     <span class='ocr_line' id='line_1_121' title="bbox 2289 5488 2862 5554; baseline -0.016 -8"><span class='ocrx_word' id='word_1_939' title='bbox 2289 5491 2309 5521; x_wconf 84' lang='lat'><strong>&#39;</strong></span> <span class='ocrx_word' id='word_1_940' title='bbox 2345 5491 2421 5545; x_wconf 87' lang='lat' dir='ltr'><strong>ld.</strong></span> <span class='ocrx_word' id='word_1_941' title='bbox 2455 5491 2598 5554; x_wconf 84' lang='lat' dir='ltr'><strong>cod.,</strong></span> <span class='ocrx_word' id='word_1_942' title='bbox 2633 5488 2862 5543; x_wconf 83' lang='lat' dir='ltr'><strong>Obdnra.</strong></span> 
     </span>
    </p>
   </div>
   <div class='ocr_carea' id='block_1_122' title="bbox 2289 5556 3555 5629">
    <p class='ocr_par' dir='ltr' id='par_1_122' title="bbox 2289 5556 3555 5629">
     <span class='ocr_line' id='line_1_122' title="bbox 2289 5556 3555 5629; baseline -0.002 -16"><span class='ocrx_word' id='word_1_943' title='bbox 2289 5561 2309 5591; x_wconf 80' lang='grc'>⁸</span> <span class='ocrx_word' id='word_1_944' title='bbox 2349 5562 2422 5615; x_wconf 90' lang='lat' dir='ltr'><strong>Id.</strong></span> <span class='ocrx_word' id='word_1_945' title='bbox 2455 5560 2553 5615; x_wconf 87' lang='lat' dir='ltr'><strong>cod</strong></span> <span class='ocrx_word' id='word_1_946' title='bbox 2588 5600 2601 5625; x_wconf 94' lang='lat'><strong>,</strong></span> <span class='ocrx_word' id='word_1_947' title='bbox 2628 5558 2888 5629; x_wconf 81' lang='lat' dir='ltr'><strong>apostolos</strong></span> <span class='ocrx_word' id='word_1_948' title='bbox 2917 5556 3200 5612; x_wconf 82' lang='lat' dir='ltr'><strong>Ecclesium</strong></span> <span class='ocrx_word' id='word_1_949' title='bbox 3226 5558 3555 5629; x_wconf 79' lang='lat' dir='ltr'><strong>primitivum.</strong></span> 
     </span>
    </p>
   </div>
   <div class='ocr_carea' id='block_1_123' title="bbox 2288 5628 2803 5697">
    <p class='ocr_par' dir='ltr' id='par_1_123' title="bbox 2288 5628 2803 5697">
     <span class='ocr_line' id='line_1_123' title="bbox 2288 5628 2803 5697; baseline -0.004 -13"><span class='ocrx_word' id='word_1_950' title='bbox 2288 5632 2307 5661; x_wconf 85' lang='grc'><strong>⁷</strong></span> <span class='ocrx_word' id='word_1_951' title='bbox 2346 5631 2422 5686; x_wconf 88' lang='lat' dir='ltr'><strong>Id.</strong></span> <span class='ocrx_word' id='word_1_952' title='bbox 2451 5632 2595 5697; x_wconf 83' lang='lat' dir='ltr'><strong>cod.,</strong></span> <span class='ocrx_word' id='word_1_953' title='bbox 2623 5628 2686 5682; x_wconf 82' lang='lat' dir='ltr'><strong>Et</strong></span> <span class='ocrx_word' id='word_1_954' title='bbox 2711 5638 2803 5682; x_wconf 85' lang='lat' dir='ltr'><strong>tot.</strong></span> 
     </span>
    </p>
   </div>
  </div>
