4120 6186
250 340 346 396 1υο

1477 317 1820 384 Ι’.Ρ15ΤΟῙ,.Ε
1862 322 1942 376 ET
1987 321 2321 380 uacuam.

3412 308 3509 380 Hd

248 469 454 522 quoque
478 448 714 505 diabolus
750 448 982 501 imitatus
1004 454 1104 509 est,
1151 454 1333 512 utpote
1360 447 1444 513 qui
1470 459 1679 512 semper
1712 460 1829 508 ιιιιιιε
1862 443 1911 498 Α
1941 451 2008 495 r.t
2036 451 2227 509 prrcter
2254 440 2505 494 Ecclesiae
2550 439 2811 494 tramitem
2854 453 3068 507 prorsus
3108 438 3307 493 absolvi
3337 440 3359 492 ἶ)
3406 442 3509 494 Sed

250 544 427 599 divino
474 540 638 596 cultui
686 538 1034 594 convenirent
1079 537 1293 591 sibimet
1334 537 1613 606 tyranuico
1646 535 1834 601 spi.itu

251 635 521 688 vindicate
548 630 851 693 contendit,
886 639 941 683 ut
984 630 1167 698 pagani
1212 628 1557 696 imperatores
1590 624 1747 678 iidem
1785 632 1839 676 et

252 725 465 781 maximi
520 724 800 793 pontiﬁces
843 722 1173 776 dicerentur.
1226 718 1332 773 Srd
1379 733 1498 773 cum
1543 717 1606 770 ad
1652 731 1837 770 verum

251 827 464 870 ventum
498 824 579 868 est
607 813 850 868 eumdem
892 826 1070 879 regem
1112 821 1273 879 atque
1308 809 1617 876 pontiﬁcem
1648 847 1662 870 ,
1703 808 1837 859 ultra

254 906 349 958 siin
384 918 483 956 nec
521 904 807 970 imperator
849 899 1111 968 pontiﬁcis
1156 914 1348 953 nomen
1400 896 1692 965 imposuit,
1740 910 1840 950 nec

257 993 491 1061 pontifex
540 992 717 1061 regale
758 990 1020 1059 fastigium
1051 989 1357 1041 vindicavit.
1413 986 1667 1053 Quamvis
1699 986 1840 1038 enim

258 1085 496 1136 tnetubra
539 1083 733 1151 ipsius,
780 1081 831 1134 id
862 1090 981 1143 est,
1017 1080 1131 1133 veri
1176 1077 1314 1145 regis
1355 1086 1512 1145 atque
1544 1075 1840 1145 pontiﬁcis,

259 1173 556 1227 secundum
596 1169 1051 1241 participationem
1083 1176 1285 1221 naturae
1328 1166 1603 1233 magniﬁce
1642 1174 1843 1218 utrum-

261 1282 361 1333 qxte
409 1266 463 1317 in
508 1277 658 1317 sacra
700 1261 1063 1331 generositate
1108 1260 1401 1327 sumpsisse
1449 1257 1692 1311 dicantur
1725 1295 1740 1319 ,
1791 1265 1848 1309 ut

263 1359 419 1412 simul
451 1356 627 1424 regale
654 1368 821 1424 genus
851 1361 901 1407 ct
934 1350 1268 1406 sacerdotale
1297 1349 1591 1404 subsistant
1621 1365 1633 1399 :
1668 1349 1681 1378 ¹
1715 1356 1848 1401 atta-

265 1466 384 1502 mrn
418 1446 666 1500 Christus
698 1458 901 1498 memor
931 1441 1226 1510 fragilitatis
1256 1441 1519 1504 humana,
1552 1438 1691 1507 quod
1722 1453 1847 1491 suo-

267 1556 379 1593 rum
406 1538 570 1591 saluti
604 1542 921 1603 congrueret
946 1532 1341 1601 dispensatione
1380 1530 1655 1601 magniﬁca
1677 1531 1696 1560 ²
1721 1538 1849 1583 tem-

270 1644 500 1697 perans,
542 1627 619 1681 sic
648 1626 942 1681 actionibus
983 1624 1213 1693 prOpriis
1251 1621 1701 1691 dignitatibusque
1739 1621 1849 1675 dis-

272 1722 450 1774 tinctis
496 1718 676 1773 ofﬁcia
724 1716 1001 1785 petestatis
1051 1714 1327 1781 utriusque
1382 1712 1673 1777 discrevit,
1725 1725 1851 1766 suos

1939 531 2146 587 dicatur
2177 529 2393 583 forsitan
2429 547 2441 580 :
2472 528 2583 582 Non
2616 530 2901 597 imperator
2925 528 3170 593 absolvit,
3199 529 3289 583 sed
3320 543 3349 581 a
3382 545 3516 598 pon-

1941 620 2167 676 tiﬁcibus
2206 621 2445 690 poposcit
2479 620 2704 674 absolvi.
2744 620 2916 675 Tanto
2947 619 3115 688 magis
3146 622 3382 690 poscenti
3416 624 3514 675 im-

1938 715 2169 783 peratori
2202 728 2231 766 a
2259 712 2595 781 pontiﬁcibus
2618 712 2783 766 fuerat
2803 713 3210 781 suggerendum,
3234 724 3291 768 ut
3319 715 3362 768 si
3392 730 3515 770 eum

1944 806 2176 874 legitime
2218 805 2381 859 vellet
2416 803 2656 869 absolvi,
2689 804 2917 873 legitima
2946 804 3290 860 ecclesiastici
3319 807 3519 860 tenoris

1942 894 2206 949 absolutio
2255 894 2596 963 proveniret,
2638 903 2692 948 et
2736 895 2848 948 haec
2886 896 3063 948 omnia
3108 911 3226 965 qua:
3273 899 3517 965 superius

1945 987 2084 1041 dicta
2127 996 2253 1041 sunt
2290 987 2582 1042 secundum
2626 986 2879 1041 Ecclesia:
2925 988 3190 1043 tramitem
3238 1004 3519 1043 servaren-

1948 1088 2033 1131 tur
2064 1094 2077 1131 :
2107 1080 2370 1147 prmcipue
2410 1094 2529 1133 cum
2562 1078 2627 1132 de
2667 1078 2912 1133 secundas
2940 1079 3084 1134 sedis
3108 1090 3355 1148 ageretur
3384 1080 3519 1133 anti-

1947 1168 2091 1231 stite,
2120 1181 2218 1222 nec
2242 1169 2308 1222 ab
2336 1170 2587 1225 inferiore
2608 1170 2857 1240 qualibet,
2882 1169 2974 1225 sed
3004 1186 3033 1225 a
3063 1171 3229 1239 prima
3253 1170 3379 1225 sede
3404 1169 3521 1238 iure

1951 1259 2119 1326 possit
2162 1259 2387 1314 absolvi.
2434 1260 2655 1316 Inferior
2700 1261 2894 1331 quippe
2942 1262 3200 1329 potiorem
3245 1260 3522 1315 absolvere

1951 1364 2054 1404 non
2080 1360 2253 1419 potest
2283 1369 2295 1405 :
2327 1352 2439 1407 sola
2469 1367 2596 1422 ergo
2619 1353 2792 1421 potior
2818 1353 3123 1408 inferiorem
3149 1352 3524 1407 convenienter

1952 1440 2203 1495 absolvit.
2233 1441 2461 1496 Proinde
2487 1442 2754 1499 interioris
2783 1444 2883 1499 loci
2909 1445 3207 1513 pontiﬁces,
3238 1443 3329 1512 qui
3358 1444 3499 1497 nulla
3524 1472 3528 1477 ο

1955 1544 2109 1587 tenus
2155 1548 2214 1588 se
2262 1544 2520 1589 noverant
2569 1537 2828 1605 potiorem
2877 1537 2977 1591 sibi
3022 1539 3138 1591 sine
3192 1536 3358 1606 prima
3403 1537 3529 1592 sede

1956 1642 2112 1697 posse
2139 1629 2426 1696 resoliere,
2460 1631 2723 1698 praecipue
2754 1646 2907 1700 quem
2938 1632 3054 1698 ejus
3081 1630 3339 1684 sententia
3371 1647 3529 1686 nove-

1957 1732 2077 1778 rant
2096 1725 2407 1793 obligatum,
2433 1725 2850 1789 praevaricatoria
2874 1725 3207 1778 absolutione
3232 1726 3406 1791 potius
3426 1743 3530 1783 nou

272 1814 462 1866 rolens
503 1808 805 1865 medicinzili
850 1806 1149 1861 humilitate
1191 1804 1425 1869 salvari,
1474 1819 1577 1857 non
1624 1802 1853 1857 humana
1888 1793 1933 1852 B
1961 1814 2108 1869 illum
2140 1815 2350 1882 penitus
2380 1823 2663 1877 emerunt,
2686 1814 2779 1868 sed
2810 1828 2867 1867 se
2891 1815 3324 1882 pmvaricalione
3357 1815 3532 1882 ροιίηε

275 1901 525 1973 superbia
559 1914 744 1954 rursus
770 1897 1049 1965 intercipi;
1095 1906 1150 1950 ut
1179 1904 1233 1949 et
1257 1893 1546 1948 Christiani
1574 1892 1863 1962 imperato-

274 2011 358 2051 rrs
390 2008 491 2063 pro
516 2001 714 2047 interna
748 1991 852 2043 vita
882 1986 1216 2057 pontiﬁcibus
1248 1984 1575 2053 indigerent,
1606 1994 1660 2037 et
1690 1983 1860 2052 ponti-

278 2088 404 2141 ﬁces
459 2099 561 2154 pro
612 2080 980 2151 temporalium
1043 2092 1202 2132 cursu
1263 2090 1438 2131 rerum
1502 2073 1864 2143 imp-riabbus

278 2176 723 2243 dispositionibus
759 2180 1057 2235 uterentur,
1092 2178 1356 2239 quatenus
1384 2168 1641 2236 spiritalis
1668 2168 1807 2223 actio
1834 2183 1863 2221 a

280 2267 592 2323 carnalibus
619 2265 837 2319 distaret
878 2261 1179 2318 incnrs'bns
1210 2277 1223 2315 :
1256 2268 1310 2314 et
1334 2260 1454 2314 ideo
1480 2258 1705 2312 militans
1738 2258 1866 2323 Deo,

284 2361 492 2413 minime
539 2373 597 2411 se
640 2356 849 2428 negotiis
898 2354 1224 2410 swcularibtts
1274 2354 1554 2422 implicaret
1602 2351 1703 2425 (II
1736 2352 1867 2406 Tim.

284 2452 398 2517 tt);
456 2463 525 2501 ac
571 2446 807 2501 vicissim
860 2462 964 2500 non
1006 2446 1095 2499 ille
1131 2445 1291 2500 rebus
1343 2444 1538 2499 divinis
1588 2444 1873 2513 praesidere

286 2538 590 2601 videretur,
627 2536 715 2606 qui
743 2543 887 2590 esset
911 2536 1137 2604 negot‘is
1178 2532 1523 2589 smcularibus
1552 2534 1871 2602 implicatus,

288 2643 344 2687 ut
371 2642 427 2686 et
455 2629 720 2685 modestia
751 2629 1023 2696 utriusque
1052 2627 1252 2682 ordinis
1282 2634 1579 2691 curaretur,
1614 2640 1681 2680 ne
1706 2625 1877 2679 extol-

289 2723 500 2778 leretur
527 2730 755 2790 utroque
807 2718 1047 2772 suﬁ‘ultus
1073 2759 1089 2781 ,
1119 2726 1173 2772 ct
1198 2726 1508 2783 competens
1537 2714 1876 2781 qualitatibus

290 2818 565 2870 actionum
590 2812 893 2882 specialiter
918 2809 1177 2879 professio
1206 2818 1498 2877 aptaretur.
1533 2806 1733 2873 Quibus
1759 2821 1877 2861 om-

292 2910 453 2963 nibus
505 2907 612 2961 rite
665 2905 947 2970 collectis,
994 2902 1124 2957 satis
1178 2901 1453 2958 evidenter
1505 2902 1802 2957 ostenditur
1850 2917 1883 2957 a

294 3001 540 3055 steeolari
572 3006 835 3066 potestate
880 3010 977 3050 nec
1012 2993 1158 3064 ligari
1190 3008 1407 3063 prorsus
1439 3007 1535 3048 nec
1564 2992 1695 3047 solii
1728 3007 1884 3062 posse

1964 1912 2280 1960 nexuernnt.
2333 1905 2406 1958 Ita
2436 1904 2578 1959 Petri
2609 1905 2871 1959 absolutio
2907 1918 2970 1960 ex
3019 1914 3242 1976 utroque
3280 1922 3384 1960 non
3410 1922 3538 1961 con-

1963 2002 2108 2060 stat,
2153 1994 2275 2063 quia
2315 2009 2415 2049 nec
2460 1995 2888 2063 przevaricatoria
2920 1997 3252 2053 absolutione
3282 1998 3355 2051 rei
3386 2013 3534 2052 reum

1964 2084 2243 2139 absolvere
2274 2093 2575 2154 potuerunt,
2604 2097 2653 2142 et
2681 2086 2912 2156 depulsis
2943 2088 3173 2157 undique
3204 2089 3539 2156 pontiﬁcibus

1966 2177 2263 2243 catholicis,
2292 2177 2662 2244 hmreticisque
2689 2178 2995 2247 suppositis,
3025 2181 3105 2233 vel
3138 2180 3220 2233 Itis
3251 2181 3337 2249 qui
3371 2182 3539 2236 lucre-

1969 2270 2193 2323 ticorum
2223 2274 2537 2324 tenebantur
2556 2271 2927 2325 communione
2956 2270 3156 2340 polluti,
3189 2273 3346 2327 etiam
3374 2287 3542 2328 sacras

1970 2360 2244 2431 religionis
2270 2360 2630 2416 insinceritate
2660 2360 2846 2431 polluti
2868 2402 2882 2427 ,
2917 2363 3225 2431 participem
3253 2379 3405 2418 suum
3437 2374 3542 2420 tam

1972 2450 2251 2506 absolvere
2270 2450 2642 2519 nequiverunt,
2665 2464 2822 2518 quam
2845 2451 2942 2521 ipsi
2973 2466 3077 2506 non
3104 2463 3255 2507 erant
3280 2453 3545 2518 absoluti;

1974 2557 2038 2596 ac
2066 2540 2286 2609 proinde
2316 2550 2419 2594 tam
2460 2541 2836 2596 ecclesiasﬁca:
2864 2542 3062 2611 regula:
3091 2544 3552 2613 praevaricatores,

1976 2646 2134 2699 quam
2174 2638 2527 2684 sacrosancta-
2564 2631 2955 2684 communionis
2985 2631 3339 2701 integritatem
3371 2648 3555 2689 macu-

1977 2721 2149 2774 lantes
2185 2720 2455 2774 consortio
2484 2718 2841 2788 perﬁdorum,
2882 2720 3020 2788 quod
3057 2720 3125 2775 de
3164 2736 3256 2776 teo
3279 2723 3552 2777 simillimo

1982 2823 2269 2881 patuerunt
2298 2812 2437 2868 ferre
2466 2811 2745 2881 judicium.
2794 2812 2868 2867 De
2893 2812 3169 2867 catholicis
3199 2814 3341 2869 enim
3372 2816 3549 2883 ponti-

1984 2903 2167 2958 ﬁcibus
2196 2918 2289 2971 per
2313 2911 2483 2957 totum
2512 2901 2783 2956 Orientem
2828 2910 2920 2957 aut
2962 2904 3263 2972 quicunque
3302 2905 3551 2972 perstitit,

1985 3006 2067 3052 est
2090 2994 2291 3064 ejectus
2323 3011 2337 3051 :
2367 3003 2458 3049 aut
2484 2994 2574 3049 ille
2603 2994 2815 3061 restitit,
2846 2995 2935 3063 qui
2964 2997 3234 3050 consensit
3262 2997 3429 3051 errori
3455 3038 3470 3063 ,
3501 3007 3554 3053 et

297 3090 762 3162 pontiﬁcem.Quo
784 3088 1107 3142 manifestius
1127 3086 1450 3157 approbatur
1470 3086 1882 3141 Alexandrinum
1919 3151 1954 3162 Α
1987 3101 2045 3140 se
2075 3088 2141 3138 ab
2168 3085 2457 3139 errantium
2481 3085 2725 3153 contagio
2750 3100 2851 3138 non
2881 3086 3119 3155 retraait.

302 3151 518 3240 i’etrum
548 3197 643 3251 per
669 3179 992 3250 imperialem
1016 3179 1375 3233 tantummodo
1404 3182 1718 3232 sentent'am
1743 3179 1885 3231 nullo
1912 3151 1957 3211 C
2056 3176 2206 3244 Quod
2232 3176 2391 3246 igitur
2412 3191 2595 3231 eorum
2620 3179 2783 3245 potuit
2811 3179 2878 3233 de
2902 3180 3209 3250 cujusquam
3236 3197 3415 3236 errore
3437 3197 3555 3239 esse

304 3277 460 3329 modo
492 3273 731 3342 potuisse
753 3285 967 3341 prorsus
990 3268 1216 3334 absolvi;
1248 3268 1333 3322 ubi
1360 3267 1407 3322 si
1435 3267 1735 3337 pomilicum
1761 3282 1891 3336 quo-

306 3380 406 3435 que
422 3365 944 3423 sociaturassensus,
961 3360 1242 3429 quaerimus
1269 3368 1441 3413 utrum
1461 3361 1809 3429 prmeesserit,
1824 3373 1889 3412 an

309 3457 465 3509 fuerit
488 3456 825 3508 subsecutus.
858 3451 914 3507 Si
938 3450 1249 3505 subsecutus
1273 3461 1376 3515 est,
1408 3450 1429 3482 ³
1460 3450 1799 3504 nihilominus
1825 3449 1887 3503 ad

314 3548 360 3600 id
391 3547 625 3610 reditur,
659 3556 715 3597 nt
745 3543 1008 3597 absolutio
1048 3542 1286 3596 saeculari
1329 3551 1589 3611 potestate
1631 3551 1893 3610 praerepta

313 3649 362 3694 et
393 3636 758 3707 principaliter
797 3635 1037 3688 inchoata
1082 3632 1260 3687 valere
1289 3648 1394 3686 non
1437 3631 1641 3701 possit,
1683 3634 1894 3701 pontiﬁ-

315 3745 541 3798 cumque
579 3737 794 3784 secutus
835 3740 1087 3780 assensus
1131 3723 1451 3779 adulationis
1503 3726 1679 3793 potius
1715 3725 1891 3790 fuerit,

317 3836 471 3889 quam
502 3820 751 3888 legitima:
780 3816 1092 3871 sanctionis.
1140 3815 1194 3869 Si
1245 3816 1552 3881 praecessit,
1585 3816 1838 3871 doceatur
1865 3831 1892 3870 a

320 3910 510 3977 quibus
548 3919 603 3963 et
636 3908 722 3961 ubi
755 3907 845 3961 ille
878 3906 948 3960 sit
983 3915 1193 3976 gestus,
1229 3906 1273 3959 si
1310 3906 1601 3961 secundum
1644 3906 1897 3963 Ecclesiae

320 4000 551 4068 regulam
582 3996 915 4061 celebratus,
955 3996 998 4049 si
1041 4007 1256 4063 pa'erna
1295 3995 1578 4050 traditione
1609 3995 1894 4066 profectus,

323 4090 362 4142 si
392 4088 659 4158 majorum
690 4101 839 4141 more
866 4085 1097 4153 prolatus
1122 4127 1138 4151 ,
1187 4086 1230 4139 si
1274 4088 1597 4155 competenti
1627 4086 1898 4141 examina-

326 4179 459 4233 tione
480 4178 855 4247 depromptus.
890 4174 985 4230 Ubi
1008 4175 1192 4245 procul
1220 4175 1380 4230 dubio
1414 4176 1785 4244 reqnirendum
1817 4189 1897 4232 est

324 4269 362 4320 si
389 4268 635 4338 synodali
667 4265 1075 4335 congregatione
1122 4264 1420 4320 celebratus
1446 4307 1459 4329 ,
1489 4266 1627 4333 quod
1659 4267 1711 4320 in
1745 4281 1895 4322 rece-

326 4359 504 4425 ptiune
535 4356 808 4419 damnati,
839 4366 891 4410 et
928 4354 1237 4423 depulsione
1266 4356 1535 4420 catholici,
1564 4360 1684 4426 quia
1716 4356 1737 4387 ⁵
1765 4371 1897 4410 ηονι

328 4459 403 4499 εκι
428 4461 628 4511 causa,
664 4445 774 4499 ﬁeri
801 4444 1049 4498 debuisse
1075 4444 1429 4499 certissimum
1459 4454 1580 4511 est;
1620 4448 1663 4500 si
1688 4445 1753 4499 ad
1787 4446 1897 4515 pri-

328 4551 463 4589 mam
489 4536 677 4590 sedem
702 4577 717 4598 ,
749 4532 901 4604 cujus
949 4535 1200 4589 intererat
1238 4534 1513 4589 sententia:
1541 4575 1556 4601 ,
1586 4551 1684 4605 qua
1718 4535 1903 4591 Pettus

330 4626 608 4679 tenebatur
636 4624 755 4678 obst
786 4626 920 4678 ictus
939 4664 955 4687 ,
994 4624 1284 4678 secundum
1313 4623 1564 4679 Ecclesia:
1590 4625 1797 4693 regulas
1823 4634 1905 4679 c~t

331 4715 549 4769 relatum
582 4730 597 4779 ;
628 4714 673 4767 si
699 4712 883 4768 eadem
911 4727 1028 4783 qua:
1055 4711 1234 4781 ligavit
1262 4711 1488 4766 absolvit
1516 4728 1531 4777 ;
1560 4713 1603 4767 si
1636 4712 1723 4766 illa
1746 4714 1765 4744 ⁵
1787 4729 1905 4782 qua:

330 4805 581 4874 ligaverat
623 4818 729 4858 non
760 4805 1093 4865 reaolvente.
1127 4804 1232 4857 imo
1268 4805 1427 4857 etiam
1473 4803 1773 4867 nesciente,
1810 4819 1905 4870 po-

331 4898 513 4951 tuisset
559 4897 804 4949 dissolvi.
850 4895 905 4949 Si
954 4894 1069 4948 haec
1107 4904 1251 4962 gesta
1280 4908 1385 4946 non
1419 4902 1563 4958 sunt,
1601 4909 1709 4962 quo
1738 4909 1906 4959 more,

325 5007 435 5057 quo
465 4992 573 5045 ritu
602 4990 993 5046 Alexandrinus
1026 4986 1211 5042 Petrus
1235 4988 1583 5055 przetenditur
1611 4987 1903 5055 absolutus,

324 5095 452 5135 cum
485 5095 584 5135 nec
611 5096 640 5134 a
673 5079 1003 5148 pontiﬁcibus
1031 5076 1262 5146 legirime
1288 5084 1343 5131 et
1370 5076 1743 5133 i'cclesiasticis
1773 5078 1900 5151 legi-

324 5172 432 5225 bus
458 5171 618 5225 fuerit
644 5170 918 5238 expeditus
936 5209 950 5234 ,
982 5182 1081 5223 nec
1106 5182 1137 5221 a
1163 5167 1404 5222 saeculari
1434 5176 1695 5237 potestate
1724 5178 1908 5238 potue-

409 5370 424 5398 ¹
469 5368 542 5420 Id.
574 5366 719 5430 cod.,
745 5368 1008 5436 quoniam.

407 5439 427 5467 ¹
469 5438 545 5490 Id.
574 5436 719 5498 cod.,
752 5438 1056 5506 temperavit.

407 5506 428 5537 ³
467 5506 537 5560 It.
571 5508 693 5560 cod.
713 5544 729 5570 ,
760 5507 804 5559 si
832 5507 1118 5559 subsxcatus
1149 5516 1247 5563 est.
1277 5516 1321 5557 et
1352 5506 1603 5573 imperiali
1636 5508 1903 5575 sententia,

316 5598 352 5635 ε
385 5593 493 5645 qua
518 5576 868 5628 nihilominus.

405 5648 429 5677 ⁸
472 5646 544 5697 ω.
572 5646 719 5707 eod.,
746 5645 959 5697 naviter.

389 5716 430 5747 -⁸
471 5713 547 5767 ια.
578 5714 696 5768 cod.
708 5753 723 5781 ,
745 5728 859 5782 qua:
882 5730 987 5767 non
1014 5714 1250 5785 ligaverat
1285 5713 1578 5767 resolvente.

1984 3268 2263 3334 judicium,
2286 3268 2375 3337 qui
2407 3282 2664 3337 nusquam
2698 3284 2801 3323 non
2829 3284 3040 3325 errasse
3069 3282 3452 3338 monstrantur,
3481 3282 3555 3337 et,

1992 3358 2358 3412 haereticorum
2386 3358 2538 3413 simul
2570 3357 3054 3429 catbolicorumque
3082 3360 3413 3416 conlessione
3440 3377 3558 3430 per-

1992 3450 2187 3515 mixta,
2216 3450 2238 3480 °
2264 3458 2481 3504 cunctas
2518 3450 2787 3520 religionis
2828 3466 2968 3505 verae
3004 3461 3057 3506 et
3096 3452 3319 3506 sincerae
3356 3455 3374 3483 ⁷
3405 3453 3560 3508 sedes

1992 3539 2264 3607 turbasse,
2310 3537 2730 3608 catholicamque
2764 3542 3215 3612 apostolicamque
3260 3542 3561 3597 co:il’udisse

1994 3632 2315 3701 puritatem?
2357 3632 2496 3688 Ecce
2522 3633 2612 3702 qui
2640 3648 2788 3688 reum
2819 3634 3100 3690 absolvere
3127 3644 3441 3703 potuerunt,
3473 3636 3563 3705 qui

1993 3729 2069 3783 rei
2112 3743 2218 3796 prta
2246 3727 2491 3781 omnibus
2525 3726 2851 3781 docebantur
2890 3726 2972 3782 eﬁ‘.
2994 3728 3082 3781 cti.
3128 3727 3266 3782 Ecce
3294 3743 3412 3782 cum
3444 3728 3564 3797 qui-

1994 3822 2092 3877 bus
2129 3821 2195 3876 de
2234 3819 2558 3874 absolvenilo
2597 3834 2691 3873 reo
2728 3819 2963 3889 synodus
3005 3819 3173 3874 fuerat
3209 3820 3457 3874 i..eunda.
3507 3821 3567 3875 Si

1996 3912 2127 3967 ﬁdes
2153 3920 2208 3966 et
2236 3910 2541 3966 communio
2576 3910 2832 3965 catholica
2871 3911 3224 3973 retinebatur,
3264 3926 3359 3964 cur
3385 3911 3565 3964 catbo-

1996 4004 2080 4058 lici
2113 4002 2447 4071 pellebantur
2486 3999 2799 4055 antistites?
2842 4001 2900 4055 Si
2946 4000 3189 4054 catbolici
3234 4000 3565 4065 pellebantur

1998 4093 2284 4155 antistites,
2312 4091 2576 4159 quomodo
2601 4107 2704 4144 non
2732 4090 3095 4144 tantummodo
3122 4091 3353 4143 lia-retit-i
3383 4105 3567 4144 serva-

1995 4184 2223 4239 bantur?
2249 4183 2271 4215 ⁸

2494 4249 2826 4306 GELASIUS
2865 4248 3041 4303 PAPA
3082 4250 3125 4304 1.

2001 4362 2262 4403 Αονειιδυς
2293 4359 2667 4399 \NL'ROIACHUM
2690 4358 2992 4397 SENATOR'CM
3025 4357 3373 4403 εετειιιιερυε
3406 4359 3543 4397 ηοω

2073 4433 2163 4471 κοιλ
2191 4433 2277 4480 QUI
2314 4430 2631 4469 LUPEBCALIA
2663 4428 2934 4467 SECUNDUM
2969 4428 3145 4466 MOREM
3178 4428 3450 4466 Ριιιδτικυιι
3482 4428 3577 4465 (ἶοο-

1931 4500 1981 4559 ῐ)
2075 4503 2242 4541 ιεθευλ
2274 4500 2727 4540 cossrtruseasr.

2011 4580 2231 4633 Damnat
2264 4577 2619 4643 Lupercalinm
2647 4576 3042 4645 superstitiosam
3072 4574 3453 4627 celebrationem
3483 4589 3501 4627 :
3529 4585 3595 4626 et.

2080 4666 2177 4701 non
2207 4666 2269 4703 ea:
2296 4646 2651 4709 Lupercatium
2680 4646 3080 4711 intermissione,
3106 4646 3196 4698 sed
3221 4660 3283 4698 ea:
3310 4646 3578 4699 sceleribus

2083 4718 2260 4772 flama:
2292 4719 2427 4770 mala
2452 4718 2718 4785 contigisse
2746 4715 2941 4784 probat.

2080 4807 2278 4862 Scdent
2314 4807 2529 4875 quidam
2560 4805 2611 4859 iu
2642 4805 2885 4860 domibus
2914 4802 3024 4858 suis
3068 4804 3368 4860 nescientes
3411 4820 3580 4875 nequo

2012 4916 2129 4967 quae
2160 4899 2442 4967 loquantur
2466 4939 2480 4962 ,
2521 4909 2690 4965 neque
2717 4894 2783 4949 de
2818 4893 3007 4962 quibus
3032 4892 3300 4947 afﬁrmeut
3321 4934 3334 4957 ,
3374 4892 3442 4948 de
3468 4895 3581 4948 aliis

2012 4991 2249 5060 judicare
2278 4988 2529 5048 nitentes,
2554 4998 2673 5039 cum
2705 4997 2765 5037 se
2794 4983 2893 5052 ipsi
2922 4998 3023 5036 non
3050 4982 3308 5050 judicent,
3341 4991 3393 5035 et
3423 4982 3584 5037 vclTnt

2015 5082 2159 5151 prius
2188 5091 2438 5133 accusare
2466 5089 2622 5144 quam
2650 5087 2826 5137 nosse,
2860 5088 2921 5127 ac
2949 5073 3141 5126 docere
3165 5086 3321 5140 quam
3354 5072 3582 5137 discere,

2015 5190 2067 5229 et
2096 5169 2406 5227 ind'scussis
2434 5167 2597 5224 rebus
2618 5209 2631 5235 ,
2668 5181 2765 5221 nec
2790 5164 3115 5233 invesﬁgatis
3143 5166 3338 5228 causis,
3369 5181 3466 5220 nec
3500 5182 3584 5218 ie-

2087 5368 2107 5403 ⁸
2146 5372 2220 5424 Id.
2250 5367 2395 5434 cod.,
2426 5366 2642 5421 Cuncta.

2085 5443 2103 5472 ⁷
2149 5442 2221 5494 Id.
2252 5438 2397 5495 cod..
2424 5453 2475 5489 se
2502 5438 2749 5487 turbatae.

2085 5512 2107 5541 ⁸
2147 5511 2197 5562 lu
2229 5508 2348 5562 cod.
2384 5505 2611 5567 Frisiog.
2646 5502 2912 5555 vetustiss.
2963 5502 3012 5554 in
3070 5503 3173 5556 ﬁne
3211 5502 3365 5569 bujns
3405 5498 3586 5569 scripti

2016 5580 2202 5646 legitur
2234 5597 2246 5630 :
2282 5575 2503 5646 Explicit
2544 5571 2733 5646 Tantus
2775 5571 2834 5625 S.
2871 5571 3061 5646 Gelasii
3100 5588 3247 5640 papa:
3283 5579 3457 5624 contra
3500 5586 3587 5625 eos

2015 5640 2100 5717 qui
2123 5650 2294 5701 dicunt
2331 5644 2565 5698 Acacium
2591 5643 2777 5713 injuste
2807 5644 2960 5711 fuisse
2986 5640 3303 5693 damnatum.
