4120 6186
529 352 625 409 ill

1890 348 2155 405 GELASII
2200 345 2395 400 ΙἈΡτΕ
2428 345 2447 398 Ι

3687 342 3785 394 H3

524 480 639 517 tum
677 467 883 520 ratione
907 466 1127 535 quaesita
1156 504 1172 530 ,
1220 464 1361 533 quod
1410 466 1489 519 eis
1530 464 1596 517 ad
1642 463 1862 519 buccam
1894 460 2173 519 veneritA
2208 460 2360 512 tualis
2396 456 2605 511 adulter
2647 457 2907 512 incessis?
2950 467 3096 514 certe
3138 456 3520 513 discussionetn
3565 456 3781 523 poscis:

523 556 977 619 inconsideranter
998 552 1290 619 ell‘undere,
1314 563 1367 609 et
1389 552 1785 623 praecipitanter
1810 565 2097 613 evomere;

522 665 627 704 non
660 649 900 704 veritatis
930 648 1226 702 assertione
1268 645 1473 714 prolata
1503 654 1787 699 censentes
1807 682 1823 708 ,
1867 642 1960 695 sed
1991 651 2104 694 stu-

522 741 610 794 dio
664 738 947 807 cacologiae
989 750 1107 804 quae
1147 737 1397 790 nesciunt
1426 743 1757 804 arguentes:
1785 746 1954 800 eoque
1981 744 2105 798 pro-

521 829 687 898 gressi
717 836 841 882 sunt
869 836 925 879 ut
950 826 1111 880 etiam
1150 835 1294 879 recte
1320 823 1459 878 facta
1488 822 1877 879 malevolentia:
1910 835 2103 890 propo-

520 921 623 973 sito
652 920 890 973 lacerare
915 914 1238 971 contendant
1268 930 1284 979 ;
1328 914 1417 980 qui
1449 918 1493 969 si
1529 923 1800 980 saperent,
1830 926 1933 964 non
1967 923 2104 977 prae-

519 1009 802 1077 cipitarent
847 1006 1065 1058 omnino
1092 1006 1409 1059 sententiam
1436 1042 1449 1064 ,
1482 1002 1573 1057 sed
1604 1000 1949 1069 perscrutatis
1980 1006 2102 1051 ante

518 1098 678 1151 rebus
717 1094 975 1163 loquenda
1019 1094 1416 1160 depromerem.
1464 1092 1661 1145 Verum
1710 1090 1831 1160 quia
1877 1103 1973 1142 nos
2016 1102 2099 1142 ar-

520 1194 685 1259 guunt
727 1200 921 1256 segnes
952 1199 1072 1241 esse
1100 1199 1356 1247 censores
1403 1184 1454 1236 in
1485 1183 1627 1236 vitiis
1671 1182 1755 1235 Ec.
1778 1180 1922 1235 lesia:
1951 1193 2103 1233 coer-

519 1281 704 1337 cendis
724 1322 739 1347 ,
773 1292 824 1334 ct
853 1296 881 1333 a
912 1278 1065 1332 nobis
1094 1286 1484 1346 consequenter
1532 1284 1819 1343 agnoscant
1845 1288 1949 1325 non
1980 1280 2101 1325 tan-

523 1385 631 1430 tum
677 1373 970 1441 corpOralts
997 1369 1240 1425 adulterii
1271 1383 1387 1423 esse
1413 1376 1708 1436 peceatum,
1750 1364 1889 1434 quid
1913 1374 1966 1417 et
1992 1364 2100 1416 dis-

517 1467 626 1521 cuti
678 1466 897 1528 debeat,
937 1475 984 1517 et
1015 1462 1135 1530 jure
1172 1460 1379 1529 puniri,
1425 1458 1518 1514 sed
1562 1473 1683 1513 esse
1727 1458 1885 1526 longe
1930 1455 2101 1521 majus

519 1556 818 1612 fornicariis
851 1564 902 1608 et
925 1553 1180 1607 adulteris
1208 1565 1398 1619 genus,
1429 1549 1568 1618 quod
1601 1548 1653 1601 in
1685 1547 1922 1616 quolibet
1951 1543 2102 1598 Cliti-

519 1648 728 1711 stiano,
761 1646 878 1714 quia
920 1659 1038 1697 met.
1062 1643 1216 1697 brum
1266 1641 1438 1695 omnis
1475 1638 1811 1694 Christianus
1850 1635 2101 1691 Ecclesia:

519 1747 620 1800 est,
645 1742 1013 1803 competenter
1041 1733 1231 1787 debeat
1268 1730 1556 1794 vindicari;
1600 1739 1743 1783 tanto
1768 1727 1908 1783 enim
1936 1726 2102 1780 sacri-

2204 554 2362 607 ltomo
2408 552 2671 620 diligens.
2718 562 2999 621 maturus,
3051 551 3361 617 religiosus,
3412 564 3517 604 non
3560 549 3642 601 vis
3687 547 3784 602 ali-

2201 659 2357 711 quem
2416 643 2469 697 in
2528 642 2760 697 Ecclesia
2818 659 3081 713 peccare,
3134 652 3439 710 peccantem
3500 642 3652 707 cupis
3698 640 3786 695 di-

2202 734 2344 789 scuti
2374 744 2427 788 et
2464 748 2637 802 poenae
2685 744 3074 802 consequenter
3118 735 3318 799 addici;
3353 747 3680 802 quaecunque
3731 735 3783 786 in

2201 823 2363 877 alium
2385 823 2582 891 promis
2604 832 2658 876 et
2678 823 2731 876 in
2752 834 2799 875 ιε·
2824 825 3060 892 proferre
3079 824 3314 888 cogeris;
3341 822 3441 876 hoc
3485 826 3625 877 enim
3652 823 3780 876 facit

2202 929 2269 970 ne
2291 915 2513 984 segnitia
2539 915 2805 983 pontiﬁcis
2825 923 3108 969 accusetur
3129 926 3180 967 et
3202 914 3498 969 macttletur
3524 914 3780 967 Ecclesia.

2203 1003 2369 1058 Debet
2403 1019 2530 1073 ergo
2560 1013 2610 1057 et
2646 1003 2912 1071 pontiﬁcis
2944 1004 2997 1056 in
3027 1003 3277 1057 omnibus
3310 1002 3604 1057 malefactis
3635 1003 3783 1054 solli-

2201 1095 2381 1148 citudo
2407 1103 2463 1148 et
2492 1093 2748 1147 severitas
2773 1109 2875 1146 non
2904 1094 3116 1160 deesse,
3144 1104 3197 1147 et
3223 1094 3289 1147 ab
3316 1093 3562 1146 omnibus
3595 1092 3780 1145 Eccle-

2202 1189 2297 1243 sia:
2327 1188 2462 1241 fama
2495 1188 2730 1256 purgari.
2762 1186 2866 1241 Sed
2897 1186 3046 1241 dicas
3080 1186 3262 1239 forsan
3294 1196 3345 1240 te
3372 1185 3598 1247 Iaicnm,
3630 1184 3779 1238 illum

2205 1277 2460 1332 Ecclesiae
2503 1276 2836 1341 ministrum;
2885 1291 3014 1345 ergo
3062 1276 3275 1344 gravius
3318 1276 3518 1329 crimen
3550 1289 3781 1342 exagge-

2203 1382 2349 1422 rans.
2382 1368 2579 1421 Verum
2628 1367 2782 1429 dicis,
2816 1381 2909 1419 nec
2939 1381 3039 1435 ego
3064 1365 3300 1420 difﬁteor
3343 1382 3357 1417 :
3407 1374 3552 1417 tanto
3589 1364 3782 1417 sollici-

2205 1462 2313 1513 tius
2341 1458 2730 1513 examinandos
2759 1469 2865 1524 eSl,
2893 1467 3093 1524 quanto
3123 1458 3290 1524 ntagis
3315 1457 3640 1524 propinquus
3667 1465 3779 1518 est;

2204 1562 2351 1606 tanto
2380 1553 2546 1621 magis
2577 1566 2699 1605 reus
2727 1559 2835 1616 est,
2868 1559 3072 1618 quanto
3111 1551 3161 1602 in
3202 1549 3292 1602 illo
3330 1548 3622 1601 ministerio
3649 1562 3781 1599 con-

2202 1642 2444 1710 stitutus,
2466 1652 2518 1694 et
2542 1640 2657 1693 hinc
2687 1640 2865 1694 facere
2892 1639 3113 1693 minime
3149 1638 3441 1692 debuisset.
3476 1637 3611 1690 Ecce
3647 1650 3774 1688 crn-

2203 1747 2323 1786 snra
2378 1747 2483 1786 non
2534 1731 2685 1784 deest
2730 1748 2741 1781 :
2784 1729 2905 1784 audi
2952 1737 3004 1782 ttt
3035 1774 3048 1796 ,
3091 1736 3146 1783 et
3186 1729 3229 1781 si
3274 1728 3551 1782 convictus
3581 1725 3776 1786 luerit.

520 1827 643 1896 legii
694 1829 864 1894 majus
905 1832 988 1878 est
1035 1823 1237 1878 crimen
1266 1863 1281 1888 ,
1332 1830 1531 1893 quanto
1570 1821 1758 1873 anima:
1823 1817 2100 1873 fornicatio
2134 1806 2176 1863 Β
2205 1822 2451 1877 vindicta:
2479 1828 2870 1890 consequenter
2900 1819 3184 1873 addicitur.
3217 1821 3324 1888 Age
3359 1818 3516 1871 modo
3543 1816 3665 1885 quid
3700 1816 3779 1868 vis

521 1919 669 1985 pejor
695 1926 776 1971 est
804 1915 1078 1983 corporis;
1106 1929 1227 1968 nam
1256 1928 1350 1982 per
1379 1912 1572 1966 animae
1600 1911 2002 1965 fornicationem
2029 1906 2111 1963 ab

520 2008 686 2076 ipsius
716 2009 804 2062 Dei
830 2004 1543 2079 conjunctionedisceditttr,
1587 2015 1747 2071 atque
1776 2000 1840 2054 ad
1871 2002 2099 2054 immun-

519 2097 616 2151 dos
666 2097 883 2163 spiritus
936 2095 1189 2164 Spiritalis
1249 2093 1499 2148 adulterii
1561 2107 1757 2162 genere
1817 2092 2093 2146 transitur.

518 2186 792 2253 Quomodo
819 2194 995 2239 autem
1027 2199 1129 2237 non
1162 2185 1215 2236 in
1246 2182 1380 2238 hanc
1408 2192 1608 2251 partem
1641 2181 1828 2236 recidit
1856 2182 1946 2250 qui
1975 2195 2095 2234 cum

522 2293 581 2332 se
607 2277 962 2332 Christianum
1002 2275 1167 2329 videri
1195 2274 1359 2338 velit,
1390 2283 1440 2326 et
1473 2271 1817 2341 proﬁteatur,
1852 2279 1905 2324 et
1933 2270 2094 2338 dicat,

526 2369 699 2437 palam
729 2378 903 2422 tamen
934 2365 1246 2435 publiceque
1273 2362 1562 2430 praedicare
1591 2378 1693 2414 non
1728 2360 1963 2423 horreat,
1993 2372 2097 2412 non

520 2458 766 2526 refugiat,
801 2472 904 2509 non
936 2462 1216 2523 pavescat,
1250 2452 1369 2506 ide-t
1399 2451 1615 2505 morbos
1645 2450 1807 2519 gigni,
1835 2450 1954 2519 quia
1987 2448 2097 2501 dse-

521 2550 697 2605 monia
728 2564 831 2602 non
860 2549 1102 2600 colantur
1128 2583 1142 2609 ,
1169 2554 1225 2598 et
1268 2545 1368 2597 deo
1402 2543 1689 2596 Februario
1722 2556 1826 2595 non
1876 2538 2099 2593 litetur?

522 2638 689 2693 Video
736 2637 823 2691 ubi
872 2636 985 2690 hmc
1026 2636 1372 2689 deliramenta
1414 2631 1756 2701 contperetit.
1823 2630 2100 2697 Quomodo

526 2728 901 2793 praevaricator
930 2740 1033 2778 non
1073 2736 1147 2778 ρει
1179 2723 1267 2792 qui
1295 2723 1347 2776 in
1376 2721 1470 2775 has
1498 2720 1838 2789 blasphemiae
1873 2717 2102 2786 profani-

522 2826 655 2875 tatcs
702 2815 961 2871 incurrit?
1006 2814 1275 2884 quomodo
1322 2813 1609 2879 sacrilegus
1657 2826 1760 2862 non
1807 2812 2102 2863 aestimetur

522 2908 631 2975 qui,
653 2907 890 2975 altjttrata
920 2904 1073 2959 unius
1095 2902 1189 2956 Dei
1226 2902 1550 2970 providentia
1574 2909 1627 2954 et
1651 2907 1913 2969 potestate
1942 2913 2099 2968 quam

524 2999 804 3053 confessus
833 3006 914 3050 est
938 3037 953 3061 ,
986 2995 1049 3049 ad
1084 2993 1411 3064 prodigiosas
1456 2992 1860 3061 superstitiones
1888 3002 1941 3045 et
1967 3004 2102 3044 vana

524 3091 773 3160 ﬁgmenta
817 3085 1121 3141 seducitur?
1159 3084 1450 3139 secundum
1482 3082 1791 3152 Apostolum
1821 3083 1976 3152 longe
2004 3082 2100 3135 dc-

521 3182 686 3234 tcrius
715 3194 836 3232 reus
862 3221 875 3246 ,
915 3178 1141 3247 jureqtte
1170 3174 1502 3229 damnandus
1522 3213 1537 3240 ,
1581 3173 1879 3228 confessam
1906 3173 2102 3226 verita-
2128 3153 2172 3214 C

523 3282 628 3324 tem
653 3272 920 3330 deserere,
945 3281 1101 3335 quam
1130 3269 1173 3319 si
1202 3265 1254 3318 in
1281 3280 1397 3319 eam
1422 3263 1724 3318 nullatenus
1746 3262 2058 3317 credidisset
2084 3280 2099 3325 ;

522 3362 772 3426 quamvis
802 3359 942 3411 enim
970 3358 1253 3411 ridiculosa
1281 3361 1390 3409 sint
1422 3356 1669 3424 ligmenta
1697 3369 1816 3423 qnze
1846 3351 2099 3422 proferat,

525 3463 701 3503 tamen
734 3452 841 3516 ipse
861 3446 1078 3500 allectus
1105 3454 1157 3499 ct
1182 3446 1425 3499 voluntas
1452 3443 1504 3497 in
1536 3443 1759 3497 crimine
1787 3450 1958 3508 est,et
1983 3456 2103 3510 pro-

525 3542 690 3594 fessio
721 3554 781 3594 ac
812 3535 1115 3605 praedicatio
1144 3536 1262 3602 jure
1292 3533 1628 3598 damnanda;
1672 3548 1734 3587 ac
1763 3547 1856 3601 per
1883 3532 1983 3583 hoc
2012 3531 2101 3599 qui

526 3634 581 3684 in
608 3632 766 3683 alium
798 3627 1119 3682 sententiam
1163 3625 1520 3679 damnationis
1562 3624 1674 3677 vult
1711 3624 1825 3676 sine
1852 3622 2101 3676 dilatione

524 3721 784 3791 proferri,
819 3720 870 3773 in
901 3733 1006 3787 quo
1037 3717 1195 3770 alium
1224 3716 1461 3784 judicat,
1493 3714 1835 3782 semetipsum
1880 3727 1935 3766 se
1975 3729 2102 3765 con-

524 3815 779 3865 dentnare
822 3815 1131 3876 cognoscat.
1185 3804 1427 3872 Nunquid
1474 3804 1615 3858 enim
1656 3802 1889 3872 pentifex
1935 3801 2103 3855 vindi-

524 3916 648 3955 care
674 3899 830 3955 debet
862 3899 910 3951 iu
943 3913 1036 3954 eos
1066 3899 1153 3966 qui
1192 3896 1509 3950 adulterium
1551 3894 1829 3963 corporale
1858 3894 2102 3949 commit-

526 4001 672 4054 tunt,
700 4000 756 4044 et
783 3991 837 4043 in
862 4004 955 4043 eos
983 3989 1072 4057 qui
1101 3987 1435 4056 sacrilegium
1455 4029 1469 4052 ,
1507 3986 1558 4039 id
1587 3996 1667 4040 est
1698 3984 2099 4039 fornicationem

528 4094 581 4136 et
609 4083 802 4137 adulte:
819 4081 927 4135 ium
959 4080 1236 4149 spirituale
1256 4090 1466 4150 gerunt,
1490 4095 1594 4132 non
1619 4079 1776 4133 debet
1800 4078 2105 4132 vindicare?

525 4173 712 4226 Nonne
760 4172 873 4241 ipse
924 4171 1213 4237 Dominus,
1259 4186 1378 4223 cum
1421 4169 1656 4224 adultera
1703 4169 1768 4222 ad
1812 4185 1933 4224 eum
1962 4176 2105 4223 esset

525 4263 789 4327 adducta,
840 4262 1213 4315 accusantibus
1257 4260 1390 4314 dixit
1422 4278 1434 4312 :
1471 4260 1529 4314 Si
1575 4261 1687 4328 quis
1733 4273 1950 4313 vestrum
1998 4258 2106 4311 sine

524 4364 727 4420 peccato
754 4359 841 4411 est,
873 4352 1064 4420 primus
1090 4352 1138 4403 in
1169 4366 1276 4403 eam
1304 4349 1527 4419 lapidem
1557 4352 1717 4401 titillat
1752 4346 1935 4417 (Joan.
1966 4351 2104 4416 vin).

525 4445 640 4497 Non
663 4444 755 4506 ait,
780 4444 822 4495 si
846 4444 963 4511 quis
989 4451 1218 4496 vestrum
1244 4458 1348 4495 non
1371 4442 1615 4495 similiter
1636 4441 1842 4496 adulter
1858 4452 1966 4506 εει,
1988 4442 2103 4507 sed,

522 4535 567 4589 si
615 4536 728 4605 quis
773 4540 881 4587 sine
926 4545 1129 4602 peccato
1174 4543 1248 4586 est
1292 4548 1310 4587 :

523 4627 748 4694 quisque
770 4637 986 4692 peccato
1012 4626 1062 4677 in
1090 4624 1308 4677 alterius
1341 4624 1538 4691 peccati
1566 4639 1713 4677 reum
1744 4624 1966 4692 lapidem
1995 4642 2099 4680 non

526 4719 723 4769 audeat
770 4718 999 4769 mittere.
1064 4714 1265 4780 Quibus
1314 4724 1435 4768 tunc
1490 4729 1583 4783 pro
1632 4728 1727 4766 sua
1775 4714 2100 4769 conscientia

524 4804 919 4859 discedentibus
965 4804 1147 4857 mundi
1198 4804 1441 4858 Salvator
1482 4804 1717 4875 adjecit:
1750 4802 1972 4869 Mulier,
2017 4805 2102 4859 ubi

524 4907 642 4949 sunt
672 4906 989 4950 accusatores
1022 4897 1136 4951 tui?
1173 4912 1316 4950 nemo
1352 4907 1396 4949 te
1425 4897 1795 4962 condemnavit,
1825 4913 1913 4951 nec
1937 4914 2028 4968 ego
2054 4908 2100 4953 Ie

524 4990 920 5062 condemnabo;
968 4988 1054 5042 sed
1105 4988 1250 5055 vade,
1294 4988 1506 5042 ulterius
1561 4989 1676 5057 jam
1739 4990 1841 5041 noli
1896 5004 2104 5058 peoora

530 5076 723 5147 (Ibid.)
749 5096 762 5132 :
793 5088 942 5133 tenes
971 5088 1022 5132 et
1052 5077 1282 5143 teneris;
1314 5092 1493 5147 urges,
1526 5077 1763 5145 urgeris;
1793 5078 2102 5147 obstringis,

528 5170 916 5239 obstringeris;
973 5171 1232 5239 pontiﬁcis
1275 5170 1662 5224 discussioncm
1710 5169 1946 5239 llagitas,
1990 5172 2106 5225 vin-

529 5262 831 5330 dictamque
878 5260 1145 5329 deposcis.
1196 5260 1461 5315 Memento
1513 5259 1566 5313 in
1615 5258 1895 5314 adversum
1946 5274 2105 5314 omne

428 5428 437 5439 '
529 5352 732 5406 crimen
761 5364 879 5405 esse
910 5348 1306 5419 proferendum.
1347 5348 1593 5419 Nunquid
1634 5364 1738 5405 non
1768 5352 1928 5405 etiam
1959 5351 2103 5422 leges

536 5445 778 5496 humanae
818 5440 998 5495 dicunt
1020 5478 1035 5505 ,
1066 5439 1207 5508 quod
1239 5452 1362 5493 reus
1388 5454 1535 5494 reum
1565 5440 1737 5495 facere
1767 5456 1877 5495 non
1905 5441 2107 5509 possit?

534 5532 803 5589 Festucarn
856 5531 993 5586 vides
1044 5532 1096 5584 in
1135 5530 1279 5585 oculo
1325 5533 1537 5601 fratris,
1588 5541 1638 5585 et
1679 5533 1730 5585 in
1775 5541 1863 5585 tuo
1918 5532 2108 5585 trabem

531 5644 633 5681 non
686 5628 822 5681 vides
883 5621 1115 5694 (Matth.
1172 5620 1335 5692 vn)?
1399 5623 1486 5689 qui
1544 5624 1782 5677 moechos
1836 5636 2102 5689 accusas,

530 5720 842 5773 adult'rittin
914 5717 1085 5778 lacis,
1140 5723 1194 5769 et
1262 5714 1561 5779 corporales
1616 5714 1885 5769 adulteros
1943 5716 2104 5782 spiri-

2201 1914 2267 1968 de
2299 1913 2383 1967 te?
2420 1913 2666 1982 Nunquid
2701 1912 2823 1978 quia
2859 1912 2910 1965 in
2942 1910 3240 1965 ministerio
3261 1924 3413 1965 sacro
3446 1923 3548 1961 non
3581 1922 3668 1973 cs,
3724 1910 3777 1961 in

2196 2006 2356 2075 plebe
2384 2019 2534 2060 sacra
2587 2019 2689 2057 non
2721 2003 2814 2058 es?
2838 2003 2922 2057 An
2946 2003 3120 2057 nescis
3164 2010 3217 2057 et
3241 2010 3290 2055 te
3322 2000 3620 2053 membrum
3659 2013 3779 2053 esse

2201 2097 2393 2152 summi
2436 2095 2734 2165 pontiﬁcis?
2783 2097 2865 2149 An
2909 2096 3120 2162 ignoras
3149 2102 3312 2147 totam
3356 2091 3649 2146 Ecclesiam
3695 2104 3780 2143 su-

2200 2190 2472 2244 cerdotum
2518 2188 2848 2241 vocitatam?
2893 2196 3165 2255 potremo
3206 2184 3251 2239 si
3287 2185 3375 2239 ille
3412 2199 3537 2237 rens
3567 2196 3643 2236 est
3689 2180 3777 2249 qtti

2201 2283 2462 2338 accedens
2483 2282 2547 2336 ad
2575 2282 2927 2335 miniSterium
2954 2280 3209 2334 Ecclesia:
3231 2279 3512 2347 delinquit,
3542 2274 3779 2344 nunquid

2199 2384 2252 2430 ct
2303 2384 2357 2429 tu
2388 2389 2512 2428 reus
2562 2388 2666 2427 non
2696 2388 2788 2437 es,
2827 2373 2916 2441 qui
2950 2381 3067 2438 post
3103 2372 3495 2426 confessionem
3540 2371 3650 2422 veri
3678 2369 3781 2421 atis

2202 2465 2266 2518 ad
2300 2479 2457 2534 prava
2489 2473 2540 2515 et
2576 2477 2825 2532 perversa
2857 2473 2911 2516 et
2940 2464 3157 2529 profana
3187 2472 3241 2515 et
3260 2460 3520 2514 diabolica
3540 2501 3553 2519 ,
3586 2459 3782 2527 quibus

2204 2566 2256 2611 te
2287 2556 2593 2611 renuntiare
2624 2556 2897 2623 p-ofessns
2925 2569 2982 2609 e=
3010 2598 3023 2621 ,
3066 2554 3311 2622 ﬁgmenta
3338 2551 3645 2605 rcducer’s?
3680 2551 3781 2603 Ila-

2202 2666 2305 2719 que
2362 2648 2522 2702 etiam
2568 2657 2622 2700 tu
2670 2658 2789 2715 post
2837 2645 3194 2714 blasphemias
3242 2644 3415 2713 palam
3465 2643 3780 2711 publiceque

2202 2737 2446 2809 profusas
2501 2753 2530 2791 a
2560 2751 2713 2790 sacro
2768 2750 2996 2804 corpore
3027 2736 3199 2789 modis
3232 2735 3479 2787 omnibus
3510 2733 3643 2785 absti
3672 2748 3781 2783 .en-

2202 2831 2304 2886 dus
2326 2847 2405 2886 es.
2438 2830 2551 2884 Non
2599 2837 2749 2896 potes
2796 2829 2937 2882 enim
2987 2841 3185 2882 mensae
3217 2827 3422 2881 Domini
3466 2826 3780 2893 participare

2204 2929 2258 2975 et
2285 2936 2484 2975 mensae
2512 2918 2932 2983 daemoniorum;
2964 2933 3062 2972 nec
3099 2919 3316 2972 calicem
3349 2915 3552 2969 homini
3594 2915 3781 2968 bibere

2204 3019 2257 3066 et
2277 3010 2496 3065 calicem
2520 3008 2924 3063 dmmoniorum.
2948 3007 3056 3062 Nec
3087 3018 3235 3075 potes
3266 3009 3517 3073 templum
3543 3005 3633 3058 Dei
3656 3019 3780 3058 esse

2206 3111 2261 3157 et
2287 3103 2538 3170 templum
2577 3101 2775 3155 diaboli
2807 3119 2820 3155 :
2853 3102 2939 3155 lux
2963 3102 3119 3155 simul
3151 3110 3205 3156 et
3228 3103 3459 3155 tenebrtr
3490 3105 3540 3153 in
3573 3111 3622 3153 te
3644 3114 3776 3152 con-

2205 3190 2390 3243 venire
2441 3206 2545 3243 non
2589 3200 2829 3258 possunt.
2865 3191 3095 3245 Videtim
3153 3201 3329 3245 utrum
3382 3205 3578 3258 urges,
3619 3198 3780 3259 atque

2204 3281 2490 3349 eompella~
2523 3281 2574 3335 in
2598 3281 2701 3335 alio
2732 3281 2998 3335 maleﬁcio
3027 3281 3317 3336 vindzcare.
3346 3283 3425 3335 Tu
3458 3293 3630 3334 tamen
3662 3295 3781 3333 scc-

2206 3371 2331 3426 leris
2372 3372 2443 3426 tui
2492 3372 2697 3439 pondus
2724 3387 2830 3427 non
2862 3383 3012 3442 potes
3041 3373 3351 3427 declinare:
3383 3383 3438 3426 et
3480 3383 3678 3441 quanto
3724 3373 3777 3425 in

2204 3464 2308 3517 alio
2350 3465 2578 3518 transire
2624 3465 2824 3518 crimen
2868 3481 2973 3519 non
3007 3466 3205 3534 pateris
3243 3466 3556 3533 impunitum
3582 3505 3596 3527 ,
3632 3472 3782 3516 tanto

2204 3553 2327 3621 quid
2363 3556 2520 3608 etiam
2546 3555 2597 3608 in
2628 3564 2681 3609 te
2710 3570 2803 3622 pro
2835 3569 3013 3609 rerum
3041 3554 3245 3609 ratione
3287 3555 3463 3609 facere
3490 3554 3781 3608 debeamus

2204 3646 2461 3699 ostendis.
2498 3644 2876 3701 Verumtamen
2907 3647 2960 3701 in
2993 3647 3123 3716 ipsis
3152 3647 3495 3716 blasphemiis
3524 3644 3627 3698 tuis
3661 3645 3783 3713 qui-

2210 3736 2308 3791 bus
2355 3752 2414 3791 es
2447 3737 2569 3806 jure
2610 3738 2932 3805 plectibilis,
2962 3739 3281 3809 imperitiam
3325 3750 3462 3793 tuam
3502 3738 3783 3791 evidenter

2204 3841 2473 3893 agnosce,
2525 3838 2576 3882 et
2607 3827 2744 3882 sicut
2787 3829 2861 3883 ait
2902 3829 2990 3884 ille
3036 3847 3048 3881 :
3094 3829 3433 3884 Voluptatem
3478 3829 3673 3883 habere
3726 3842 3780 3884 te

2206 3916 2531 3980 mentiendi,
2573 3927 2743 3971 artem
2776 3918 3005 3987 ﬁngendi
3047 3934 3153 3973 non
3183 3919 3411 3985 habere;
3442 3933 3562 3973 cum
3604 3919 3682 3971 sic
3724 3928 3779 3971 te

2205 4006 2472 4076 intelligas
2527 4008 2721 4063 malum
2775 4010 2975 4065 habere
3021 4010 3311 4075 allectum,
3362 4025 3778 4079 perverstnnque

2206 4099 2539 4167 apostatandi
2571 4100 2932 4169 propositum.
2963 4110 3021 4154 ut
3048 4101 3138 4154 tibi
3171 4102 3387 4154 materia
3419 4116 3637 4168 prorsus
3684 4115 3775 4152 va-

2209 4189 2386 4244 nitatis
2435 4190 2575 4247 illius
2620 4192 2763 4245 nulla
2812 4192 3148 4261 stupeditet,
3194 4207 3291 4247 nec
3327 4194 3497 4260 possis
3534 4203 3778 4247 astrurre

2206 4280 2345 4349 quod
2375 4281 2536 4336 corde
2562 4280 2819 4351 concipis,
2851 4292 2906 4337 et
2922 4297 3015 4336 ore
3042 4283 3331 4353 depromis.
3358 4283 3449 4338 Dic
3476 4281 3621 4345 mihi,
3651 4297 3774 4336 cum

2208 4384 2576 4440 saepenumero
2631 4372 2684 4427 in
2741 4372 2995 4427 Romanis
3044 4373 3282 4427 historiis
3331 4372 3564 4441 legatur,
3626 4372 3780 4426 Lit-io

2210 4474 2462 4526 auctore,
2516 4464 2809 4528 saepissime
2855 4465 2906 4517 in
2938 4463 3038 4517 hac
3080 4463 3211 4517 urbe
3241 4472 3425 4516 exorta
3475 4461 3775 4530 pestilentia

1359 4535 1593 4601 quolbrt
1642 4548 1769 4600 ergo
1815 4535 2102 4591 obstrictus

2211 4510 2462 4526 --νη--ν
2516 4510 2808 4528 --νπ---ν--ην
2939 4510 3036 4517 --ν--
3083 4510 3210 4517 ----
3244 4510 3425 4516 ν--ν-τ-
3477 4510 3775 4530 τπ---νν--ω

2209 4550 2413 4605 inﬁnita
2445 4551 2717 4604 hominum
2743 4551 2904 4605 millia
2934 4552 3237 4616 deperisse;
3265 4560 3423 4616 atque
3442 4565 3505 4605 eo
3530 4550 3778 4616 frequen-

2209 4648 2290 4695 ter
2316 4651 2565 4704 ventum,
2591 4650 2647 4694 ut
2680 4643 2765 4696 vix
2797 4650 2942 4695 esset
2969 4643 3109 4696 unde
3137 4642 3241 4695 illis
3272 4642 3538 4696 bellicosis
3566 4651 3777 4695 temon-

2206 4730 2351 4784 ribus
2405 4732 2673 4785 exercitus
2713 4732 2975 4800 potuisset
3006 4733 3229 4798 ascribi;
3262 4734 3353 4787 illo
3385 4743 3621 4802 tempore
3665 4732 3777 4787 Deo

2208 4830 2296 4874 tuo
2338 4820 2628 4875 Februario
2658 4822 2877 4877 minime
2915 4823 3183 4887 litabatur,
3212 4841 3276 4877 an
3300 4826 3460 4879 etiam
3483 4825 3656 4879 cultus
3689 4826 3779 4879 hic

2206 4912 2425 4967 Omnino
2447 4911 2521 4965 nil
2552 4911 2800 4979 proderat
2822 4914 2914 4975 illo
2936 4924 3175 4983 tempore
3203 4931 3308 4983 quo
3335 4915 3643 4984 Lupercalia
3682 4930 3778 4968 cc-

2208 5002 2589 5057 lebrabantur?
2612 5002 2721 5058 Nec
2748 5006 2889 5059 enim
2920 5005 3157 5060 dicturus
3206 5022 3265 5061 es
3295 5007 3407 5060 ha-c
3429 5021 3578 5061 sacra
3603 5007 3782 5061 adhuc

2208 5093 2300 5147 illo
2350 5102 2589 5161 tempore
2642 5108 2746 5147 non
2790 5096 3052 5162 coepisse,
3089 5111 3207 5165 qua:
3233 5107 3355 5150 ante
3392 5096 3672 5151 Romulum
3707 5098 3780 5149 ab

2209 5183 2461 5238 Evandro
2510 5184 2563 5238 in
2612 5184 2813 5238 Italiam
2859 5187 3205 5253 perhibentur
3231 5187 3412 5242 allata.
3461 5188 3777 5256 Lupercalia

2208 5280 2382 5325 autem
2408 5282 2625 5342 propter
2639 5274 2761 5342 quid
2787 5274 3024 5329 instituta
3050 5284 3195 5342 sunt,
3224 5286 3476 5345 quantum
3508 5277 3574 5330 ad
3607 5278 3780 5344 ipsius

2210 5360 2598 5429 superstitionis
2637 5372 2933 5417 commenta
2985 5374 3317 5432 respectant,
3362 5364 3546 5419 Livius
3587 5367 3639 5419 in
3686 5380 3780 5420 se-

2212 5451 2383 5504 cunda
2412 5451 2612 5505 decede
2643 5451 2894 5520 loquitur.
2918 5452 3026 5507 Nec
3048 5462 3266 5522 propter
3293 5456 3507 5509 morbos
3536 5454 3783 5509 inhiben-

2212 5541 2308 5594 dos
2330 5541 2573 5595 instituta
2599 5550 2983 5596 commemorat
3008 5583 3022 5607 ,
3054 5543 3145 5597 sed
3176 5553 3390 5613 propter
3419 5545 3781 5607 sterilitatem.

2212 5641 2267 5684 ut
2312 5630 2361 5683 ei
2396 5630 2625 5693 videtur,
2662 5631 2944 5685 mulierum
2967 5670 2982 5697 ,
3011 5647 3128 5699 quae
3158 5643 3280 5687 tunc
3327 5635 3593 5689 acciderat
3629 5635 3785 5690 ethi-

2214 5721 2438 5774 bendam
2483 5718 2636 5787 [forte
2678 5719 3058 5792 exigendam]:
3106 5722 3330 5789 proinde
3370 5725 3413 5777 si
3440 5723 3523 5777 vel
3563 5724 3627 5779 ad
3680 5724 3786 5780 hoc
