4098 6172
219 409 321 463 H5

1434 390 1785 451 EPIS'l'OLxE
1830 388 1915 444 ΕΤ
1956 390 2268 447 DECllETA

224 525 393 590 ipsum
415 517 620 587 aliquid
651 515 755 571 hoc
785 514 881 568 val.
904 521 1004 576 ret,
1044 513 1145 566 hoc
1168 511 1496 575 intermisso,
1533 525 1635 561 non
1671 519 1811 558 rnor-
1844 502 1890 561 Δ
1924 511 2046 564 talia
2076 509 2387 567 celebrare?
2419 512 2463 566 si
2496 512 2656 581 pudet
2688 522 2743 566 et
2772 514 3006 568 dedecus
3038 525 3151 581 est,
3188 516 3326 569 itane
3356 518 3502 568 salu-

226 615 321 665 bus
373 608 639 662 acciderit
689 614 877 660 contra
917 619 1074 673 quem
1114 601 1423 671 Lupercalia
1457 608 1667 663 reperta
1709 611 1813 647 non

226 710 379 763 sunt.
412 699 509 754 sed
570 698 783 752 feminae
829 708 1164 763 nequaquam
1194 707 1451 760 generare
1490 690 1813 750 debui-rant,

226 811 321 864 pro
368 807 599 861 quaruru
640 786 963 842 fecitnditate
996 785 1347 838 eoncinanlur
1388 781 1626 835 iuventa.
1679 778 1815 845 Quid

226 886 421 940 dicturi
479 883 610 936 estis
652 881 719 933 de.
765 894 948 948 pese,
992 877 1059 931 de
1103 875 1420 940 sterilitate,
1457 872 1523 927 de
1555 872 1817 925 bellorum

228 990 553 1045 tenrpesrate
598 974 883 1034 cmtinua;
933 969 1164 1038 runqnid
1213 980 1265 1020 et
1298 968 1412 1020 lucc
1442 974 1660 1035 propter
1694 962 1820 1018 srtb-

228 1073 334 1125 lata
380 1068 700 1134 Lupercalia
752 1062 1130 1131 contigerunt?
1175 1060 1230 1115 Si
1262 1069 1437 1113 autem
1466 1074 1571 1110 non
1602 1066 1822 1125 propter

229 1164 329 1217 ista
364 1160 448 1212 vel
494 1157 729 1215 vitanda,
767 1156 847 1207 vel
894 1152 1162 1213 curanda,
1205 1147 1515 1211 Lutercalia
1540 1155 1665 1199 sunt
1697 1160 1818 1212 pro-

228 1253 375 1318 visa,
403 1248 536 1314 quid
583 1247 727 1301 inani
762 1244 1063 1298 turbatione
1090 1239 1404 1310 jactatnini?
1443 1238 1565 1305 quid
1609 1237 1820 1298 Tuscia,

227 1345 355 1411 quid
388 1339 608 1394 ASrnilia
632 1380 645 1398 ,
679 1348 998 1403 cmterwqrre
1040 1332 1324 1401 Irmviucize
1348 1371 1362 1395 ,
1398 1332 1449 1382 in
1482 1328 1678 1399 quibus
1722 1328 1821 1380 Iro-

230 1436 434 1490 minum
472 1444 641 1499 prope
693 1428 870 1482 nullus
912 1426 1127 1489 existit,
1163 1434 1222 1478 ut
1267 1422 1458 1476 bellica
1507 1422 1824 1475 necessitate

230 1532 684 1584 consumeretur,
736 1518 1166 1587 Lupercaliorum
1218 1516 1343 1569 fecit
1384 1513 1651 1577 offensio,
1706 1527 1823 1577 que

232 1622 389 1687 longe
413 1624 542 1670 ant.-
566 1622 783 1667 vastala:
814 1618 939 1666 sunt
966 1626 1122 1677 quatn
1150 1608 1458 1676 Lupercalia
1486 1605 1823 1659 tollerentur?

232 1711 460 1777 Quando
490 1706 814 1761 Anthemius
846 1704 1137 1769 imperatur
1166 1702 1386 1752 Romam
1418 1700 1583 1761 Vl'llll,
1623 1697 1827 1763 Luper-

230 1806 359 1859 calia
394 1803 583 1868 utique
621 1803 968 1867 gerebantur,
1002 1802 1055 1848 et
1104 1804 1155 1845 ta
1182 1816 1189 1841 ι
1215 1808 1281 1847 en
1329 1791 1630 1860 pestilentia
1678 1798 1821 1842 tanta

230 1894 527 1963 Subrepsit,
557 1904 615 1945 ut
643 1892 918 1944 toleranda
948 1890 1032 1941 vix
1058 1888 1237 1940 fuerit.
1270 1885 1513 1954 Nunquid
1549 1902 1641 1954 per
1668 1886 1823 1939 Cam-

230 1987 446 2055 paniam
485 1983 798 2052 Lupercalia
837 1981 1177 2049 gerebantur,
1212 1994 1329 2047 qua!
1370 1978 1577 2031 sublata
1608 1978 1824 2032 tttt‘l'bﬂs

232 2083 339 2136 illic
382 2090 439 2134 et
491 2076 850 2147 pestilentiam
904 2074 1281 2142 procrearent?
1318 2070 1423 2125 Sed
1470 2069 1660 2123 dicturi
1697 2070 1825 2123 estis

230 2176 294 2227 ad
332 2172 566 2225 Romam
602 2180 852 2235 tanquam
902 2164 967 2219 ad
1016 2173 1174 2231 caput
1204 2163 1382 2217 omnia
1428 2161 1728 2231 pcrtimre,
1774 2170 1827 2214 ct

231 2265 370 2335 quod
404 2265 496 2316 bic
528 2260 723 2315 factum
751 2273 855 2311 non
887 2266 990 2323 est,
1020 2257 1245 2309 diversis
1284 2254 1501 2322 provinc
1526 2254 1571 2307 is
1609 2254 1673 2306 ad
1709 2268 1739 2306 e
1775 2268 1825 2305 m

232 2352 635 2426 pe.rinentibus
674 2349 934 2403 obfuisse.
968 2348 1080 2402 Cur
1117 2364 1243 2415 ergo
1272 2358 1557 2415 antequam
1613 2346 1676 2398 ad
1724 2346 1831 2399 Ro-

232 2464 372 2502 mam
423 2445 546 2499 istae
580 2441 867 2511 provincite
894 2440 1253 2507 pertinerent,
1286 2446 1478 2505 prastcr
1518 2436 1829 2505 Lupercalia

231 2537 470 2608 propriis
493 2535 688 2601 Opibus
712 2532 1044 2587 nurui-runt?
1072 2542 1127 2584 ut
1153 2530 1409 2583 sterilitas
1433 2534 1502 2583 sit
1523 2530 1827 2583 continuata

234 2642 508 2686 terrarum
543 2626 858 2695 Lupercalia
892 2624 1099 2678 sublata
1133 2622 1401 2688 fecerunt,
1429 2637 1495 2675 an
1525 2632 1829 2676 nostrorum

236 2723 433 2777 merita
468 2716 848 2784 reccatorum?
880 2714 950 2769 de
998 2714 1191 2783 quibus
1222 2713 1349 2767 olim
1381 2713 1581 2766 dictum
1610 2721 1691 2767 est
1712 2754 1727 2775 ,
1779 2723 1831 2766 et

235 2814 496 2884 quidquid
528 2809 756 2865 Romani
779 2820 1084 2863 meruerant
1112 2809 1338 2876 perdere
1363 2822 1558 2872 mores,
1582 2806 1833 2861 sterilitas

234 2916 382 2961 certe
442 2904 765 2958 feminarum
819 2900 1001 2955 debuit
1048 2901 1366 2969 provenire,
1415 2910 1633 2968 propter
1674 2914 1831 2968 quam

236 2994 598 3067 auferendum
624 2992 933 3061 Lupercalia
959 2992 1197 3044 instituta
1220 2992 1251 3056 j:
1276 3000 1509 3056 ctautur,
1543 3005 1648 3042 non
1680 2988 1833 3041 steri—

239 3090 361 3144 litas
393 3098 668 3141 terrarum
696 3124 712 3148 ,
747 3095 961 3152 propter
999 3099 1156 3151 quam
1209 3082 1519 3148 Lupercalia
1568 3098 1671 3133 non
1710 3090 1832 3135 sunt

239 3179 507 3244 instituta,
540 3176 888 3230 removenda.
913 3174 1050 3240 Quid
1077 3178 1125 3226 iu
1151 3172 1350 3234 Africa,
1386 3172 1526 3226 unde
1552 3172 1830 3236 sterilitas;

242 3275 363 3342 quid
404 3275 457 3325 in
486 3269 719 3325 Gallis?
751 3268 1063 3335 Lupercalia
1100 3269 1197 3321 iSta
1248 3267 1519 3329 fecerunt,
1568 3282 1633 3318 au
1668 3265 1831 3318 nostri

243 3380 452 3431 mores,
488 3362 653 3424 furta,
710 3358 1028 3423 liumic;dia,
1075 3355 1364 3420 adulteria,
1400 3355 1704 3422 injustrtiae,
1736 3354 1835 3407 ini-

245 3458 496 3526 qrritrtes,
534 3453 880 3513 ambitiones,
912 3449 1249 3516 cupiditates,
1278 3448 1531 3517 perjuria,
1568 3447 1696 3501 falsa
1732 3459 1837 3501 tes-

250 3547 494 3612 tirnonia,
510 3542 1250 3612 oppressionesmiserorum,
1277 3542 1533 3592 bonarum
1554 3552 1833 3594 causarum

251 3641 595 3711 impugnatio,
614 3636 984 3704 malarumque
1005 3634 1265 3696 defensio,
1284 3643 1334 3685 et
1351 3634 1400 3685 in
1424 3632 1673 3685 omnibus
1691 3646 1838 3683 inau-

250 3731 354 3784 dita
389 3730 756 3800 perversitas;
789 3736 1092 3797 postremo,
1136 3727 1277 3794 «ιωτὰ
1308 3740 1469 3792 supra
1500 3725 1677 3777 ournia
1717 3733 1834 3788 est,

254 3826 358 3880 Deo
390 3824 533 3878 fictae
580 3833 789 3876 mentes
848 3830 901 3875 et
960 3820 1276 3889 sacrilegia,
1318 3830 1570 3888 artesque
1619 3819 1837 3886 magicae

255 3920 407 3971 etiam
454 3919 675 3987 paganis
705 3913 1039 3968 horrendas?
1089 3913 1227 3967 Ecce
1269 3928 1389 3981 qua:
1432 3914 1628 3965 faciunt
1659 3911 1837 3965 omnia

258 4010 494 4074 advena,
528 4019 581 4065 et
612 4008 824 4062 inimica
856 4006 1038 4070 nobis,
1072 4022 1174 4058 non
1200 4005 1537 4073 Lupercalia,
1569 4020 1687 4073 quae
1717 4012 1841 4057 sunt

263 4118 356 4171 pro
387 4113 563 4156 vestra
596 4101 769 4155 salute
810 4099 1041 4153 sublata.
1088 4099 1192 4154 Sed
1223 4098 1347 4167 quid
1392 4098 1568 4151 dicitis
1601 4113 1695 4150 vos
1741 4096 1839 4164 ipsi

262 4194 342 4262 qui
369 4192 687 4262 Lupercalia
721 4189 1006 4245 defenditis
1025 4230 1039 4253 ,
1068 4201 1121 4244 et
1149 4190 1351 4259 agenda
1379 4188 1706 4257 proponitis?
1739 4188 1841 4241 Vos

261 4284 436 4336 eadem
467 4284 741 4353 prettatis,
776 4295 871 4335 vos
900 4294 1087 4334 eorum
1136 4280 1337 4333 cultum
1364 4278 1842 4346 celebritatemque

261 4373 417 4427 vilem
442 4376 828 4441 vulgaremque
859 4371 1103 4425 redditis.
1136 4369 1191 4424 Si
1233 4370 1471 4422 ostensio
1498 4368 1842 4436 Lupercalio-

260 4481 372 4520 rum
400 4466 557 4519 nobis
586 4464 813 4518 adversa
850 4468 1182 4531 procuravit,
1214 4473 1390 4515 vestra
1421 4461 1576 4529 culpa
1607 4470 1719 4524 est;
1752 4460 1841 4528 qui

257 4558 395 4625 quod
426 4558 579 4611 vobis
605 4556 949 4625 singulariter
973 4554 1225 4623 prodesse
1258 4554 1473 4624 putatis,
1499 4553 1840 4623 negligentis-

254 4653 411 4719 sime,
442 4664 497 4708 et
529 4668 637 4707 non
673 4657 826 4719 longe
854 4651 1043 4719 impari
1075 4650 1218 4704 cultu
1249 4659 1304 4705 et
1334 4647 1619 4703 devotione
1655 4662 1715 4699 ea
1748 4644 1846 4698 du-

254 4742 379 4796 citis
399 4744 549 4799 celeb
579 4760 649 4797 an
672 4746 903 4809 la,quatn
927 4742 1262 4810 prol‘anitatis
1280 4749 1472 4795 vestra:
1494 4737 1704 4793 celebra
1715 4751 1843 4792 vere

253 4836 513 4901 majores.
549 4834 704 4900 Apud
737 4834 856 4888 illos
887 4833 1026 4887 enim
1076 4832 1281 4887 nobiles
1304 4832 1403 4900 ipsi
1440 4830 1762 4893 currebant,
1794 4840 1847 4882 et

249 4936 523 4982 matrona
581 4928 781 4981 nudato
829 4929 1039 4995 publice
1080 4942 1308 4995 corpore
1346 4928 1687 4995 vapulabant.
1741 4924 1847 4978 Vos

241 5033 391 5087 ergo
416 5019 571 5086 priori
616 5021 669 5070 in
701 5018 1011 5086 Lupercalia
1046 5018 1392 5072 commisi~tis
1423 5034 1437 5071 :
1472 5017 1639 5070 Satius
1677 5014 1846 5069 fuerat

239 5127 369 5167 non
401 5125 560 5178 agere
588 5125 748 5179 quam
788 5126 847 5161 ea
874 5125 995 5164 cum
1024 5110 1214 5177 injuria
1254 5109 1571 5173 celebrare;
1617 5110 1711 5163 sed
1751 5108 1845 5161 de-

234 5204 489 5258 duxistis
517 5203 883 5255 venerandum
918 5202 1067 5255 vobis
1110 5203 1312 5256 cultum
1339 5243 1355 5269 ,
1413 5211 1468 5257 et
1509 5201 1842 5256 salutiferum

231 5309 425 5365 quem
458 5296 676 5359 putatis,
707 5295 773 5346 ad
807 5296 939 5349 viles
969 5293 1315 5363 uiridesque
1347 5309 1607 5365 personas
1627 5336 1642 5360 ,
1670 5294 1852 5363 abiec-

230 5401 351 5443 tus
380 5396 436 5441 et
464 5388 697 5439 infimos.
724 5386 779 5439 Si
813 5402 938 5441 vere
967 5402 1096 5455 ergo
1124 5387 1447 5456 profitemini
1481 5388 1581 5442 hoc
1609 5404 1846 5454 sacrum,

224 5496 321 5533 ac
354 5477 531 5545 potius
559 5489 1024 5532 exsecraruentum
1050 5519 1064 5543 ,
1100 5482 1251 5533 vobis
1281 5495 1401 5533 esse
1430 5481 1662 5533 salutare
1685 5520 1698 5542 ,
1752 5478 1849 5546 ipsi

224 5569 539 5627 celebrate
563 5584 712 5623 more
740 5572 1025 5635 magorum,
1060 5570 1154 5638 lpSi
1180 5585 1302 5624 cum
1331 5570 1562 5624 amiculo
1590 5570 1713 5623 nudi
1746 5570 1795 5622 di
1827 5597 1855 5611 -

222 5660 466 5717 currite
486 5699 503 5722 ,
550 5669 607 5711 ut
638 5661 738 5713 rite
770 5669 960 5713 Vestrae
984 5659 1171 5712 salutis
1203 5660 1429 5714 ludibria
1469 5659 1757 5729 peragatis.
1796 5659 1855 5715 Si

222 5762 463 5815 magna
486 5759 648 5813 sunt,
688 5750 732 5803 si
782 5750 982 5813 divina,
1030 5752 1074 5803 si
1099 5749 1406 5814 salutifera,
1452 5751 1571 5805 siin
1620 5751 1702 5806 Iris
1732 5752 1853 5805 vitae

220 5865 255 5900 ι
274 5851 463 5899 astra!
491 5841 685 5911 pendet
710 5841 1006 5913 integritas,
1041 5858 1135 5899 cur
1165 5856 1257 5901 vos
1278 5841 1440 5914 pudet
1467 5858 1563 5915 per
1586 5860 1679 5903 Vos
1711 5845 1854 5916 ipso:

1922 606 2134 660 tiferum
2190 612 2350 659 estet
2394 602 2635 681 divinum
2669 604 3039 674 profuturum,
3089 604 3233 675 quod
3260 621 3355 659 vos
3403 605 3503 673 ipsi

1920 696 2155 752 dedecus
2179 711 2301 753 esse
2326 697 2635 752 fateamini?
2658 698 2825 752 Nemo
2855 714 2914 751 re
2939 696 3169 765 igionem
3199 696 3502 767 profitetur,

1919 804 2078 858 quam
2112 804 2207 858 per
2255 805 2313 843 se
2360 792 2578 860 exsequi
2628 804 2847 860 prorsus
2878 790 3143 845 erubescit
3174 800 3229 844 et
3277 789 3502 858 refugit;

1923 885 2034 954 ipsa
2076 885 2395 939 verecorrdia
2428 894 2600 938 testra
2636 900 2726 936 vos
2758 885 2947 938 doceat
2992 885 3194 937 crimen
3246 897 3368 936 esse
3410 899 3506 949 pu-

1925 979 2143 1039 blicum,
2179 992 2283 1030 non
2310 979 2532 1030 salutem
2563 1020 2572 1029 .
2618 986 2669 1029 et
2698 994 2801 1029 non
2846 976 3147 1029 Divinitatis
3173 976 3374 1027 cultrrm
3394 1014 3409 1033 .
3438 974 3507 1025 de

1922 1084 2028 1137 quo
2059 1067 2273 1134 sapiens
2301 1069 2474 1121 nul'us
2505 1067 2804 1125 erubescit.
2840 1066 2934 1119 sed
2991 1067 3341 1120 instrumenta
3386 1077 3508 1132 pra-

1924 1160 2168 1224 vitatum,
2198 1162 2393 1217 auibus
2428 1175 2579 1212 ηις-ης
2606 1170 2782 1211 vestra
2804 1166 2989 1211 contra
3021 1158 3365 1225 semetipsam
3393 1166 3504 1211 tes.

1926 1252 2202 1306 timonierm
2262 1252 2473 1313 ferens,
2511 1251 2650 1319 quod
2702 1249 2993 1317 gerendum
3050 1248 3352 1317 proﬁtetur,
3384 1263 3507 1301 eru-

1926 1346 2090 1399 beseit
2122 1344 2367 1411 implere.
2394 1342 2645 1397 Castores
2673 1344 2833 1396 vestri
2864 1350 3031 1406 certe,
3057 1357 3085 1394 a
3108 1358 3333 1410 quorum
3363 1342 3504 1396 cultu

1925 1440 2189 1493 desistere
2221 1438 2469 1491 noluisis
2494 1476 2507 1499 ,
2538 1452 2636 1489 cur
2666 1436 2818 1492 Vobis
2846 1446 3144 1504 Opportuna
3194 1436 3358 1488 maria
3404 1434 3505 1487 mi-

1927 1532 2069 1584 nime.
2114 1529 2487 1596 pr:ebuerunt,
2522 1536 2581 1583 ut
2608 1527 2799 1582 hiemis
2843 1538 3083 1595 tempore
3114 1528 3359 1581 venirent
3403 1526 3509 1580 huc

1928 1622 2129 1689 navigia
2160 1637 2280 1675 cum
2316 1622 2629 1687 frumentis,
2663 1631 2715 1674 et
2745 1622 2934 1675 civitas
2966 1622 3142 1690 inopia
3187 1620 3408 1675 minime
3432 1619 3509 1672 la-

1926 1714 2179 1769 boraret?
2234 1729 2298 1767 an
2344 1715 2532 1768 diebus
2579 1715 2925 1781 sequentibus
2981 1716 3081 1769 hac
3136 1713 3369 1767 futurum
3427 1723 3508 1767 est

1928 1806 2152 1872 :estatis,
2185 1820 2213 1858 a
2246 1806 2355 1859 Deo
2382 1807 2727 1859 consritutum
2758 1806 3078 1859 beneficium
3106 1817 3205 1869 est,
3238 1822 3341 1859 non
3372 1802 3506 1859 Cas-

1934 1906 2107 1951 torum
2137 1912 2271 1950 vana
2323 1898 2632 1965 persu‘tsio?
2664 1898 2830 1951 Dicite
2861 1897 3016 1950 nobis
3049 1912 3147 1951 nec
3188 1897 3507 1958 Christiani.

1929 2004 2027 2043 nec
2071 1989 2284 2057 pagani,
2316 1990 2515 2055 ubique
2548 1988 2757 2057 perfidi,
2789 2003 3047 2053 nusquam
3081 1987 3282 2049 ﬁdeles,
3314 1988 3509 2050 ubique

1928 2080 2189 2147 corrupti,
2225 2094 2485 2148 nusquam
2514 2080 2730 2147 integri,
2761 2080 2848 2146 qui
2882 2088 2986 2130 tam
3018 2086 3303 2145 utrumque
3325 2088 3510 2130 tenere

1931 2187 2036 2225 non
2071 2171 2292 2239 potestis
2316 2212 2331 2235 ,
2373 2184 2532 2239 quam
2584 2170 2685 2222 sibi
2714 2178 2998 2233 utrumque
3029 2168 3352 2224 contrarium
3403 2175 3507 2222 e~t.

1932 2265 2101 2319 D’cite
2126 2306 2139 2329 ,
2193 2265 2407 2331 inquam
2430 2304 2444 2326 ,
2497 2263 2935 2333 Lupercaliorum
2968 2262 3197 2330 patroni,
3238 2269 3291 2315 et
3324 2274 3509 2313 revera

1936 2359 2233 2412 Divinitatis
2272 2356 2516 2420 ludibrii,
2547 2366 2598 2408 et
2638 2355 3027 2410 eantilerraium
3062 2355 3292 2422 turpium
3330 2353 3513 2407 defen-

1933 2465 2101 2517 sores,
2138 2452 2278 2519 digni
2323 2448 2559 2518 magistri
2596 2448 2825 2501 vesania:
2845 2491 2858 2515 ,
2892 2455 2946 2501 et
2976 2451 3060 2514 qui
3087 2462 3189 2500 non
3216 2446 3331 2499 sine
3355 2459 3514 2497 causa

1934 2558 2060 2598 Sana
2094 2542 2265 2611 capita
2292 2556 2397 2594 n0n
2424 2541 2653 2603 habetis,
2682 2540 2825 2609 digni
2852 2542 2948 2593 bac
2978 2538 3254 2603 religione,
3280 2554 3398 2608 qua:
3420 2538 3516 2591 obs

1934 2636 2249 2689 scenititum
2280 2642 2334 2687 et
2377 2631 2695 2701 ﬂagitiorum
2729 2632 2949 2685 vocibus
2992 2632 3331 2686 celebratur:
3369 2629 3455 2684 vid
3477 2648 3517 2672 ‘-

1936 2728 2057 2783 ritis
2104 2726 2201 2793 ipsi
2234 2726 2356 2794 quid
2404 2725 2555 2779 vobis
2594 2724 2781 2777 salutis
2811 2723 3124 2792 impendat,
3165 2738 3284 2790 qua:
3315 2730 3516 2777 tantam

1940 2819 2174 2873 moribus
2205 2818 2377 2872 labem
2403 2815 2804 2885 perniciemque
2835 2816 3103 2885 proponit.
3132 2815 3237 2870 Nec
3266 2824 3348 2868 est
3376 2814 3519 2884 quod

1937 2906 2127 2963 dicatis
2158 2909 2336 2979 potius
2363 2908 2479 2961 hazc
2507 2907 2733 2977 agendo,
2758 2916 2811 2963 et
2839 2907 3071 2960 facinora
3104 2905 3519 2974 uniuscujusque

1937 3002 2225 3071 vulgando,
2260 3002 2538 3056 deterrere
2567 3016 2594 3054 a
2627 3000 2818 3054 talibus
2850 3001 3152 3055 commissis
3190 3001 3396 3054 animos
3422 3042 3437 3065 ,
3469 3007 3520 3055 et

1940 3097 2145 3167 pudore
2185 3095 2483 3160 refrenari,
2517 3110 2583 3148 ne
2609 3094 2674 3148 de
2703 3094 2784 3147 bis
2830 3094 3037 3162 publica
3080 3108 3211 3147 voce
3251 3102 3518 3158 eantetrrr,

1863 3231 1908 3292 Ο
1942 3190 2175 3255 quando,
2208 3189 2457 3243 sicut'ille
2483 3192 2576 3252 ait,
2598 3203 2703 3241 non
2732 3195 2836 3240 tam
2860 3187 3134 3241 deterrere
3156 3201 3313 3255 quam
3334 3186 3522 3239 admo-

1943 3298 2069 3336 uere
2118 3282 2326 3334 animos
2378 3280 2493 3336 hate
2540 3280 2769 3333 ludibria
2800 3280 3107 3342 videantur,
3151 3288 3203 3332 et
3249 3280 3387 3331 sici't
3435 3276 3525 3331 ille

1938 3375 2071 3429 dixit
2119 3391 2132 3425 :
2182 3373 2317 3427 Iram
2367 3382 2528 3434 atque
2576 3372 2783 3427 animos
2823 3388 2850 3423 a
2883 3372 3108 3425 crimine
3159 3377 3409 3433 sumunt;
3462 3384 3527 3421 co

1940 3464 2366 3532 impudentiores
2396 3462 2593 3525 effecti,
2626 3476 2731 3531 quo
2761 3462 2986 3514 crimine
3020 3460 3317 3525 publicato,
3351 3474 3525 3527 espo-

1938 3557 2144 3622 sitaque
2177 3556 2497 3607 verecundia
2523 3596 2535 3615 ,
2572 3554 2643 3607 nil
2694 3563 2937 3615 superest
2984 3555 3204 3606 omnino
3243 3554 3384 3621 quod
3428 3570 3529 3622 pu-

1940 3647 2081 3710 deat,
2108 3660 2207 3699 nec
2233 3645 2544 3715 babetquod
2569 3654 2764 3699 metuat
2788 3644 3068 3713 publicari,
3093 3644 3302 3711 sedjam
3327 3644 3529 3696 Sefidu-

1941 3740 2366 3795 cialiterexerat.
2391 3737 2517 3805 qual
2545 3751 2569 3790 s
2599 3736 2648 3788 in
2676 3737 2977 3803 propatulo,
3003 3751 3109 3789 non
3136 3751 3227 3799 t'er
3250 3735 3531 3787 coercitio-

1941 3848 2080 3893 nem,
2099 3830 2189 3884 sed
2212 3830 2385 3895 potius
2410 3844 2503 3897 per
2523 3826 2810 3897 qttamdam
2832 3827 3066 3880 lmtitiam
3091 3837 3139 3880 et
3161 3826 3528 3879 celebritatem

1944 3925 2217 3977 nominum
2244 3922 2519 3975 decantata
2548 3930 2628 3973 est
2648 3918 2897 3987 qumlibet
2928 3919 3013 3973 illa
3048 3934 3304 3985 persona,
3340 3918 3448 3970 imo
3479 3926 3533 3972 et

1942 4013 2203 4080 religione
2261 4028 2318 4065 se
2349 4023 2604 4079 pratstare
2634 4010 2883 4072 conlidit;
2939 4018 2996 4063 ut
3026 4010 3160 4067 sint,
3198 4008 3336 4061 unde
3369 4010 3534 4061 nomi-

1943 4120 2066 4157 num
2108 4102 2366 4156 solemnia
2417 4101 2778 4162 celebrentur,
2825 4115 2941 4165 qum
2972 4098 3072 4152 ni~i
3115 4098 3397 4152 criminum
3440 4098 3534 4152 de-

1943 4192 2333 4250 cantationibus
2361 4207 2465 4244 non
2498 4190 2767 4243 coluntur.
2815 4189 2855 4242 D
2878 4190 2984 4243 cite
3038 4187 3191 4242 nobis
3236 4188 3413 4259 itaque
3444 4189 3533 4258 qui

1943 4289 2273 4343 Voluntatem
2300 4282 2637 4355 profanitatis
2660 4281 2888 4345 habetis,
2906 4280 3057 4349 cujus
3077 4295 3268 4335 causas
3292 4294 3536 4336 asserere

1944 4397 2049 4436 non
2108 4382 2365 4448 potestis,
2399 4377 2487 4445 qui
2530 4374 2743 4428 tnendm
2791 4373 3001 4427 habetis
3029 4374 3358 4440 propositum
3394 4371 3537 4426 falsi-

1946 4473 2072 4527 tatis
2100 4485 2257 4539 quam
2291 4467 2583 4521 defendere
2613 4481 2720 4521 non
2746 4465 3002 4533 potestis;
3034 4463 3158 4533 quid
3182 4462 3375 4517 dicturi
3406 4464 3538 4517 estis

1871 4595 1921 4654 υ
1946 4564 2014 4617 de
2042 4563 2305 4623 siccitate,
2338 4561 2405 4614 de
2430 4557 2711 4627 grandine,
2747 4556 2814 4610 de
2847 4556 3089 4620 turbine,
3122 4555 3189 4610 de
3214 4554 3539 4622 tempestati-

1934 4657 2071 4718 bus,
2105 4653 2374 4723 varlisque
2420 4650 2683 4715 cladibus,
2708 4664 2828 4715 qua:
2863 4663 2957 4713 pro
2990 4662 3198 4700 morum
3233 4658 3540 4701 nostrorum

1952 4746 2209 4813 qualitate
2235 4743 2597 4815 proverrinnt?
2620 4739 2993 4810 Numquidnam
3026 4750 3073 4794 et
3107 4739 3219 4792 haec
3243 4740 3419 4792 omnia
3447 4753 3543 4805 pro

1952 4837 2178 4894 sublatis
2210 4835 2593 4904 Lupercalibus
2623 4834 2982 4901 contigerunt,
3012 4847 3077 4884 an
3110 4830 3162 4884 in
3196 4832 3350 4883 malis
3381 4830 3544 4883 mori-

1954 4931 2053 4984 bus
2098 4926 2423 4993 castigandis
2464 4923 2675 4978 meritis
2720 4921 3161 4976 retributionibus
3209 4920 3544 4974 inferuntur?

1954 5021 2057 5076 Sed
2091 5035 2194 5073 non
2225 5020 2417 5072 mirum
2446 5027 2526 5069 est
2557 5015 2808 5069 homines
2839 5028 2945 5066 non
2971 5011 3173 5080 judicio
3201 5010 3384 5065 divino
3407 5010 3546 5064 velle

1960 5118 2057 5167 ista
2086 5112 2420 5180 cor.tirrgere,
2448 5109 2539 5164 sed
2566 5122 2716 5161 vana:
2736 5105 3135 5173 superstitionis
3163 5103 3398 5168 incursu;
3430 5102 3547 5170 qui-

1958 5206 2059 5261 bus
2088 5220 2183 5259 sua
2226 5204 2453 5257 crimina
2483 5209 2536 5255 et
2562 5199 2843 5255 malefacta
2886 5196 3233 5266 cooperient,
3260 5194 3548 5251 auctorita-

1958 5306 2064 5352 tem
2096 5295 2290 5358 cmlis,
2344 5294 2519 5347 sidera
2584 5292 2868 5361 perhibent
2922 5290 3179 5344 adhibere
3232 5299 3284 5344 et
3328 5288 3544 5343 fatalem

1959 5390 2136 5447 induci
2161 5403 2403 5445 errorem
2430 5428 2443 5452 ,
2497 5387 2980 5454 necessitatemque
3028 5382 3312 5452 peccandi,
3342 5382 3543 5436 facino-

1957 5498 2122 5551 raque
2151 5497 2244 5535 sua
2278 5495 2382 5533 non
2437 5479 2505 5532 de
2534 5476 2713 5529 cordis
2746 5492 2859 5544 pro;
2882 5474 2946 5529 ι·λί
2986 5476 3331 5540 ιρτνιιτεὶωιε
3360 5485 3537 5540 proce-

1958 5574 2106 5636 dere,
2140 5571 2231 5625 sed
2248 5571 2387 5625 caelo
2420 5578 2641 5621 auctore
2666 5568 2920 5633 pendere.
2946 5564 3239 5634 f’rOpouite
3266 5562 3422 5630 igitur
3452 5573 3546 5628 pro

1960 5666 2154 5734 quibus
2198 5674 2288 5716 aut
2340 5659 2725 5716 submovendis
2781 5660 2976 5721 malis,
3028 5666 3121 5711 aut
3178 5651 3548 5724 promerendis

1964 5756 2117 5811 bonis
2170 5753 2484 5824 Lupercalia
2529 5761 2703 5806 vestra
2739 5748 2935 5804 fuerint
2965 5746 3199 5801 instituta
3222 5786 3238 5811 ,
3280 5755 3333 5800 et
3363 5744 3547 5799 videa-

1968 5862 2084 5904 urus
2112 5862 2235 5914 quae
2264 5846 2350 5902 illa
2380 5846 2517 5901 bona
2566 5839 2937 5912 provenerint,
2967 5852 3083 5891 tum
3117 5835 3425 5903 Lupercalia
3452 5852 3545 5903 ge-
