4098 6172
604 392 706 457 M5
1278 388 1298 415 ’

1988 398 2257 455 GELASll
2297 398 2494 456 l’Al‘Ai
2532 402 2548 454 ι

3783 401 3879 454 HS

605 518 872 575 rerentur,
909 516 963 564 et
1008 523 1125 578 qua-
1156 508 1291 563 mala
1320 511 1682 563 successerint
1709 524 1829 563 cum
1881 511 2177 582 Lupercali:

2300 515 2447 570 teni?
2502 516 2607 571 Sed
2649 515 2823 571 dic'tis
2857 526 2931 571 tot
2959 520 3171 574 sacculis
3203 534 3313 574 rem
3343 526 3546 587 gestam
3586 531 3691 571 non
3725 531 3878 585 opor-

600 601 912 655 videremur
941 600 1136 653 ablata.
1172 598 1344 669 Figite
1367 599 1589 669 gradum
1611 640 1627 665 ,
1659 600 1725 655 ad
1772 604 1912 671 quod
1944 612 2182 657 vestrum

598 690 1065 745 exeidiumdicatis
1091 690 1204 744 btec
1225 690 1461 760 prodigia
1487 691 1650 748 fuisse
1675 700 1907 763 reperta,
1935 694 2185 764 digniqni

598 793 890 837 monstrum
924 782 1105 836 nescio
1140 780 1282 851 quod
1314 781 1533 851 pecudis
1562 783 1905 854 hominisque
1948 786 2180 840 mixtura

596 874 985 943 compositum,
1032 876 1146 927 sive
1179 888 1326 938 vere,
1358 874 1471 929 sive
1496 874 1628 929 false
1649 875 1849 928 editum
1874 874 2181 931 celebretis.

594 969 651 1023 Si
684 979 900 1037 propter
928 966 1285 1036 pestilentiam
1309 967 1752 1033 submovendam,
1798 976 1854 1022 ut
1880 968 2181 1038 antiquiora

594 1070 914 1130 praeteream
941 1099 958 1125 ,
1009 1075 1138 1115 ecce
1168 1070 1456 1129 antequam
1489 1061 1620 1115 meis
1652 1061 1982 1129 temporibus
2031 1061 2183 1117 tolle-

594 1160 809 1214 rentur,
862 1149 1219 1219 pestilentiam
1269 1165 1484 1220 gravem
1519 1161 1624 1204 tam
1655 1150 1711 1203 in
1742 1149 1887 1206 Urbe
1922 1165 2080 1221 quam
2130 1152 2182 1207 in

593 1247 736 1315 agris
765 1244 1039 1299 hominum
1080 1244 1453 1313 pecudumjue
1480 1244 1641 1298 fuisse
1672 1259 1779 1297 non
1809 1243 2029 1298 dubium
2069 1255 2179 1309 est;

591 1338 633 1393 si
666 1353 763 1408 pro
783 1338 1317 1407 sterilitatejactatis,
1342 1352 1438 1392 cur
1462 1338 1514 1391 in
1544 1336 1725 1392 Africa
1756 1337 1836 1391 vel
1867 1336 2052 1392 Galliis
2081 1337 2181 1392 ista

592 1428 941 1499 contingunt,
992 1429 1082 1484 ubi
1134 1444 1235 1486 nec
1264 1429 1479 1482 fuerunt
1519 1427 1805 1498 aliquando
1834 1426 2180 1497 Lupercalia,

591 1536 688 1576 nec
715 1533 924 1575 constat
952 1521 1117 1577 fuisse
1137 1520 1380 1576 sublata?
1408 1521 1516 1575 Cur
1544 1536 1685 1575 nunc
1722 1520 1912 1575 Oriens
1940 1521 2178 1573 omnium

591 1629 768 1668 rerum
808 1615 976 1682 capiis
1010 1615 1269 1670 exuberat
1301 1623 1355 1667 et
1394 1611 1651 1677 abundat,
1683 1613 1771 1682 qui
1802 1626 1900 1666 nec
1936 1610 2179 1666 celebra-

592 1709 664 1759 κη
693 1722 922 1776 unquam
946 1705 1291 1775 Lupercalia,
1314 1718 1411 1761 nec
1434 1704 1706 1759 celebrat?
1747 1706 1827 1759 An
1852 1705 2028 1762 dicitis
2071 1707 2181 1763 illic

591 1814 789 1853 nocere
818 1798 906 1853 ubi
943 1815 1040 1869 pr-r
1074 1798 1302 1866 plurima
1338 1797 1533 1853 saecula
1568 1798 1779 1852 fuerant
1823 1798 2092 1854 celebrata
2127 1809 2181 1854 et

2296 617 2408 663 tere
2439 610 2661 664 secludi.
2694 611 3052 667 Nihilominus
3080 613 3262 667 multis
3305 611 3635 680 temporibus
3668 610 3879 677 pagini-

2292 699 2416 754 tatis
2471 703 2779 771 superstitio
2810 705 3057 758 ventilata
3106 713 3209 759 est.
3247 703 3595 758 Sacrilicetur
3642 701 3693 753 in
3745 710 3877 755 teme

2291 793 2393 861 plis
2416 793 2756 861 dmtnonum,
2799 807 2853 851 et
2884 798 2935 851 in
2966 797 3216 866 rapitulio
3245 811 3276 864 p
3308 796 3464 849 cfuia
3492 794 3702 847 vanitas
3737 792 3877 847 cele-

2289 883 2490 939 bretur.
2536 884 2645 940 Cur
2700 888 3001 955 portionem
3050 884 3340 941 defenditis
3386 894 3440 938 et
3497 898 3616 953 qua;
3672 880 3871 949 majora

2287 985 2414 1029 sunt
2443 978 2760 1045 praeteritis?
2789 980 2845 1033 Si
2887 979 3114 1047 plurima
3141 991 3337 1048 genera
3368 975 3664 1028 vanitatum
3694 971 3873 1026 multis

2287 1080 2405 1124 acta
2453 1070 2663 1124 saaculis
2709 1070 3003 1138 probantur
3049 1085 3169 1125 esse
3225 1068 3472 1129 sublata,
3522 1082 3619 1120 cur
3660 1064 3870 1132 portio,

2288 1161 2573 1229 quantovis
2605 1169 2848 1230 tempore
2876 1162 3127 1215 ventilata
3149 1202 3165 1226 ,
3198 1175 3305 1214 non
3336 1158 3502 1229 possit
3532 1156 3766 1210 auferri?
3814 1156 3869 1211 Si

2289 1251 2619 1320 temporibus
2644 1252 3028 1320 prmscribitur,
3055 1252 3313 1319 imputate
3337 1248 3631 1317 majoribus
3654 1245 3867 1313 vestris,

2285 1353 2373 1422 qui
2405 1366 2528 1406 cum
2574 1352 2674 1407 hac
2716 1350 2973 1420 temporis
3031 1344 3442 1419 praescriptione
3476 1357 3582 1397 non
3612 1341 3695 1397 usi
3732 1341 3866 1407 sint,

2288 1460 2446 1515 posse
2473 1445 2612 1515 quod
2654 1443 2979 1514 superﬂuum
3014 1450 3098 1497 est
3130 1448 3184 1495 et
3207 1439 3404 1495 debere
3433 1434 3717 1496 removeri,
3741 1434 3865 1486 dum

2287 1537 2441 1606 plura
2470 1544 2526 1590 et
2554 1534 2757 1604 majora
2788 1534 3034 1588 submota
3065 1538 3209 1595 sunt,
3236 1527 3558 1583 indicarunt.
3591 1522 3700 1579 Sed
3737 1522 3867 1578 dicis

2284 1628 2445 1682 etiam
2490 1625 2811 1680 Christianis
2840 1622 3171 1692 temporibus
3210 1622 3326 1675 haec
3354 1618 3547 1683 fuisse;
3578 1614 3673 1669 sed
3708 1614 3867 1668 etiam

2287 1717 2381 1773 illa
2425 1715 2735 1786 aliquandiu
2761 1713 3079 1769 Christianis
3116 1725 3329 1781 quoque
3360 1706 3691 1777 temporibus
3730 1706 3868 1759 celeo

2285 1808 2433 1862 brata
2461 1816 2605 1861 sunt.
2635 1804 3010 1873 Nunquidnam
3046 1802 3169 1871 quia
3199 1801 3299 1854 sub
3328 1796 3513 1868 primis
3551 1793 3867 1864 praesulibus

590 1901 811 1959 repente
847 1890 1057 1945 sub'ata
1085 1890 1242 1945 sunt?
1275 1889 1561 1945 Videamus
1587 1905 1716 1960 ergo
1739 1891 1782 1945 si
1811 1891 1895 1947 his
1924 1892 2177 1961 tempori-

2283 1896 2599 1952 Christianaa
2622 1892 2896 1963 religionis
2912 1892 3089 1947 ablata
3113 1905 3217 1943 non
3237 1894 3382 1952 sunt,
3418 1885 3540 1940 ideo
3556 1883 3656 1963 sub
3677 1896 3864 1937 eorum

590 1981 688 2036 bus
712 1982 906 2049 quibus
936 1981 1038 2037 dic.‘
1050 1984 1117 2037 tis
1139 1981 1333 2052 agitata
1359 1990 1415 2037 et
1438 1986 1540 2036 rite
1561 2022 1577 2046 ,
1599 1995 1661 2036 ac
1692 1982 1847 2051 plena
1876 1982 1957 2037 sui
1984 2024 1999 2051 ,
2039 1983 2180 2038 sicut

589 2075 742 2130 \obis
775 2074 1002 2140 videtur,
1036 2073 1329 2130 devOtione
1371 2073 1636 2144 completa
1687 2084 1812 2128 sunt
1839 2114 1854 2139 ,
1904 2089 2176 2144 nunquam

590 2169 799 2235 fames,
842 2182 1116 2238 nunquam
1150 2167 1454 2238 pestilentia
1505 2180 1725 2235 prorsus
1772 2166 2083 2223 exstiterit:
2130 2166 2179 2222 si

590 2275 721 2316 vero
748 2274 1122 2331 sazpenumero
1154 2258 1237 2317 his
1264 2258 1503 2314 cladibus
1524 2256 1592 2312 ad
1615 2266 1915 2313 extremum
1955 2259 2178 2328 periculi

592 2365 817 2410 ventum
866 2362 989 2419 est,
1044 2360 1270 2420 apparet
1314 2351 1398 2406 bis
1441 2350 1596 2405 malis
1624 2351 2009 2407 submovendis
2043 2353 2178 2407 nihil

593 2444 908 2513 Lupercalia
956 2443 1253 2513 profuisse,
1296 2443 1459 2497 etiam
1502 2456 1568 2496 eo
1592 2451 1832 2511 tempore
1860 2456 1996 2513 quo,
2040 2443 2179 2501 sicut

590 2535 791 2590 dictum
815 2544 919 2600 est,
948 2544 1004 2589 ut
1022 2534 1240 2604 putatis,
1264 2533 1592 2603 competenti
1621 2532 1809 2588 ordine
1830 2544 2175 2603 gererentur;

590 2625 670 2681 sic
716 2625 786 2681 de
834 2625 1059 2695 singulis
1102 2624 1403 2694 quibusque
1442 2623 1855 2680 necessitatibus
1890 2666 1905 2691 ,
1959 2634 2180 2695 propter

590 2731 748 2785 quant
778 2715 1021 2771 dixeritis
1050 2714 1216 2770 fuisse
1258 2715 1553 2784 provisum.
1581 2715 1636 2771 Si
1665 2714 1968 2771 constiterit
2013 2717 2174 2771 etiam

590 2808 699 2862 illis
750 2821 853 2860 non
901 2805 1156 2875 desiisse,
1200 2819 1337 2859 vana
1364 2804 1523 2875 hujus
1572 2806 1794 2860 remedii
1843 2807 2177 2862 convincitur

591 2912 711 2952 csse
761 2898 1127 2966 praesumptio.
1166 2895 1547 2952 Verumtamen
1596 2910 1692 2951 cur
1740 2911 1844 2951 non
1876 2897 1976 2952 hoc
2013 2898 2174 2953 etiam

591 3005 733 3049 nunc
761 2989 1116 3060 experiamini
1144 3031 1158 3056 ,
1208 2999 1395 3045 utrum
1422 2989 1633 3045 valeant
1662 2988 1861 3060 aliquid
1884 2989 2042 3044 etiam
2073 2989 2177 3046 rite

590 3082 891 3140 celebrata?
927 3090 983 3144 et.
1011 3097 1109 3138 vos
1139 3097 1234 3151 per
1264 3082 1494 3138 ludibria
1521 3081 1621 3138 ista
1653 3081 1941 3138 discurrite
1976 3092 2175 3139 vestro-

589 3189 705 3228 rum
737 3190 885 3228 more
936 3172 1200 3243 majorum
1221 3213 1237 3238 ,
1265 3182 1323 3227 ut
1346 3172 1582 3228 divinam
1620 3187 1767 3242 rem,
1798 3182 1852 3233 et
1882 3174 2172 3229 salutarem

590 3267 763 3332 vobis,
796 3275 852 3321 ut
882 3265 1078 3329 dicitis,
1122 3266 1367 3325 devotius
1404 3266 1749 3335 celebrando,
1791 3266 1950 3325 saluti
1982 3277 2176 3325 vestra:
2202 3258 2250 3323 C

590 3357 894 3427 prOSpicere
934 3356 1105 3427 magis
1153 3357 1428 3427 magisque
1476 3357 1723 3421 valeatis.
1764 3356 2013 3429 Nunquid
2053 3374 2174 3414 cum

594 3447 711 3505 htcc
739 3445 1162 3513 celebrarentur,
1208 3461 1236 3500 a
1266 3445 1430 3501 Gallis
1458 3445 1628 3502 Roma
1656 3461 1761 3503 non
1788 3458 1943 3518 capta
1975 3458 2057 3505 est
2079 3489 2093 3516 ,
2124 3459 2179 3505 et

591 3552 960 3607 tmpeuumero
986 3539 1052 3592 ad
1084 3548 1326 3593 extrema
1358 3552 1585 3608 quaeque
1606 3538 1887 3607 pervenit?
1924 3539 2173 3609 Nunquid

592 3634 743 3689 bellis
789 3632 1037 3689 civilibus
1090 3632 1189 3687 sub
1236 3632 1335 3685 hac
1384 3630 1698 3686 celebritate
1746 3646 1852 3686 non
1903 3633 2178 3703 concidit?

590 3723 838 3797 Nunquid
863 3724 1177 3793 Lupercalia
1203 3723 1427 3780 deerant
1456 3723 1672 3794 quando
1701 3722 1899 3780 Urbem
1927 3724 2176 3780 Alaricus

591 3816 822 3873 evertit?
869 3816 934 3871 Et
966 3830 1136 3885 nuper
1164 3830 1285 3870 cum
1308 3814 1585 3870 Anthemii
1616 3825 1671 3869 et
1702 3814 1984 3871 Ricimeris
2027 3816 2174 3878 civili

590 3911 775 3968 furore
824 3907 1082 3963 subversa
1119 3915 1232 3974 est,
1263 3906 1355 3963 ubi
1382 3914 1508 3961 sunt
1542 3905 1889 3973 Lupercalia?
1930 3922 2027 3962 cur
2060 3909 2176 3965 istis

592 4004 809 4062 minime
840 4002 1193 4074 profuerunt?
1223 4009 1372 4057 certe
1426 4000 1663 4055 divinum
1693 4010 1775 4055 cst
1805 4018 1817 4055 :
1850 4001 1897 4056 si
1938 4001 2175 4061 salutare

591 4097 741 4150 vobis
769 4138 784 4161 ,
828 4110 924 4148 cur
952 4109 1057 4148 non
1090 4108 1186 4164 per
1218 4106 1315 4147 vos
1363 4090 1465 4163 ipsi
1502 4100 1559 4146 ut
1595 4091 1828 4161 majores
1874 4092 2036 4147 ve5tri
2071 4092 2174 4147 ista

589 4188 830 4244 faciatis?
856 4188 965 4242 Cur
992 4201 1179 4241 causas
1206 4193 1400 4242 vestrae
1425 4184 1613 4240 salutis
1656 4184 1928 4239 minuitis?
1959 4200 2056 4240 cur
2082 4186 2175 4239 de-

587 4279 875 4337 cofot'atis?
897 4294 989 4332 tur
1015 4278 1240 4346 eliditis,
1272 4293 1367 4333 cur
1387 4276 1453 4332 ad
1479 4275 1601 4331 vilia
1630 4290 1853 4346 qutht'e
1876 4275 2173 4333 deducitis?

589 4377 710 4445 quid
745 4373 1018 4444 intputatis
1048 4371 1223 4435 nobis,
1256 4388 1377 4427 cum
1406 4372 1503 4443 ipsi
1531 4371 1766 4428 remedia
1791 4381 1970 4427 vestra
1993 4372 2169 4427 calce-

589 4467 652 4527 tis
665 4466 879 4521 ‘2Satius
900 4476 981 4521 εει
1006 4470 1061 4517 et
1082 4477 1185 4517 non
1215 4471 1422 4518 tentare
1448 4478 1601 4531 quam
1628 4462 2018 4518 contumeliose
2044 4478 2165 4531 pcr-

586 4573 747 4626 agere
782 4579 793 4609 :
843 4556 1072 4625 majores
1103 4563 1251 4610 certe
1289 4556 1484 4620 vestri,
1526 4555 1569 4609 si
1606 4554 1791 4609 vitiose
1819 4556 1916 4625 (uti
1958 4554 2063 4617 illis
2090 4557 2169 4607 vi-

585 4649 836 4719 debatur)
869 4663 1081 4701 satrum
1104 4646 1317 4715 aliquod
1349 4646 1735 4711 celebrasset",
1760 4644 2164 4700 instaurandum
2198 4626 2247 4684 Π

582 4757 704 4797 «νεεδ
754 4741 1039 4796 ducebant.
1090 4740 1200 4795 Cur
1240 4754 1345 4793 non
1377 4740 1521 4805 quod
1565 4739 1631 4792 ad
1678 4740 1927 4794 vitiosum
1968 4739 2167 4794 cultum

582 4834 893 4902 redegistis,
940 4848 1034 4902 per
1064 4832 1308 4901 indignas
1335 4845 1573 4901 quasque
1594 4831 1645 4885 id
1675 4831 2019 4900 exsequendo
2052 4850 2171 4902 pcr-

580 4942 764 4995 souas,
797 4927 1119 4994 competenti
1165 4925 1554 4981 instauratione
1582 4925 1862 4992 reparatis,
1898 4930 1953 4977 ut
1979 4937 2170 4978 causas

579 5028 771 5074 vestrm
796 5023 983 5074 safut'ts
1010 5019 1219 5090 plenius
1243 5018 1634 5088 perfectiusque
1660 5017 1933 5073 traCtetis?
1956 5034 2051 5072 cur
2073 5032 2169 5072 vos

580 5112 781 5184 pudeat
827 5128 1021 5183 agete,
1062 5113 1105 5166 si
1161 5115 1395 5165 salutare
1443 5111 1558 5164 est?
1587 5107 1641 5165 Si
1689 5106 1968 5174 divinum,
2024 5110 2164 5179 quod

580 5214 838 5260 tractasse
867 5206 936 5258 sit
964 5203 1236 5259 dedecus?
1274 5201 1379 5263 Sed
1425 5200 1601 5270 inquis
1636 5201 1718 5255 vel
1753 5199 2037 5269 imaginem
2088 5217 2167 5271 ip-

578 5304 691 5353 sius
719 5298 795 5352 rei
826 5313 932 5353 non
973 5297 1171 5351 debere
1202 5297 1428 5351 moveri.
1457 5296 1515 5349 Si
1562 5294 1810 5363 prodest,
1839 5295 1882 5347 si
1930 5294 2165 5350 salutare

576 5401 678 5457 est,
712 5406 809 5445 cur
831 5389 1008 5459 imago
1040 5400 1216 5458 potius
1241 5387 1380 5456 apud
1411 5400 1505 5440 vos
1527 5428 1541 5452 ,
1575 5395 1629 5441 et
1660 5400 1763 5439 non
1791 5384 1902 5453 ipsa
1931 5387 2000 5440 sit
2027 5386 2163 5441 veri-

578 5485 693 5537 tas?
721 5492 813 5535 aut
857 5481 900 5534 si
929 5490 1076 5535 certe
1106 5495 1205 5532 nec
1231 5488 1356 5532 tunc
1382 5476 1598 5547 profuit,
1634 5475 1849 5545 quando
1877 5476 1978 5528 titu
2031 5477 2165 5530 inte-

576 5592 705 5645 gro,
756 5576 896 5629 sicut
924 5573 1120 5626 dicitur
1145 5614 1159 5638 ,
1213 5571 1561 5636 tractabatur,
1611 5567 1737 5639 quid
1769 5566 2006 5638 quaeritis
2048 5570 2165 5637 ejus

576 5667 892 5735 imaginem,
923 5664 1075 5733 cujus
1102 5676 1202 5717 nec
1229 5663 1396 5730 ipsam
1427 5659 1694 5730 profuisse
1717 5658 1943 5714 cernitis
1970 5660 2162 5715 vetita-

2282 1976 2689 2032 successoribus
2738 1962 2855 2028 tolli
2897 1970 3115 2025 minime
3153 1965 3488 2021 debuerunt?
3532 1962 3696 2017 Multa
3739 1970 3862 2015 sunt

2282 2074 2402 2127 qua:
2429 2074 2455 2110 a
2486 2055 2709 2125 singulis
2759 2052 3097 2123 pontificibus
3120 2050 3334 2103 diverso
3364 2057 3606 2113 tempore
3658 2043 3863 2096 sublata

2282 2155 2407 2202 sunt
2450 2146 2606 2199 noxia
2627 2184 2643 2210 ,
2676 2143 2761 2197 vel
2791 2141 3023 2210 abjecta.
3055 2137 3169 2192 Non
3199 2137 3344 2191 enim
3394 2133 3549 2188 simul
3576 2146 3767 2186 omnes
3814 2132 3867 2184 in

2281 2251 2509 2306 corpore
2536 2243 2688 2293 Curat
2712 2231 2975 2288 medicina
3006 2230 3323 2299 languores,
3353 2227 3447 2282 sed
3479 2224 3621 2294 quod
3663 2224 3870 2288 perictt~

2283 2329 2450 2383 losius
2486 2326 2751 2395 conspicit
2789 2323 3111 2388 imminere;
3157 2334 3223 2374 ne
3255 2327 3346 2373 aut
3381 2317 3599 2371 materia
3630 2314 3869 2384 corporis

2282 2436 2388 2475 non
2439 2418 2672 2474 sufficiat
2703 2416 3011 2481 medicinae,
3045 2422 3136 2468 aut
3176 2425 3274 2481 pro
3301 2409 3613 2466 conditione
3656 2407 3871 2461 mortali

2280 2511 2442 2566 simul
2485 2510 2664 2565 omnia
2705 2522 2810 2563 non
2854 2505 3024 2576 possit
3065 2512 3330 2557 avertere.
3362 2502 3556 2567 Qumre
3584 2497 3747 2567 quale
3804 2496 3872 2550 sit

2282 2601 2423 2659 unde
2445 2601 2594 2672 agis:
2629 2600 2672 2654 si
2704 2600 2900 2653 bonum
2922 2604 3028 2661 est,
3060 2594 3107 2649 si
3127 2593 3388 2659 divinum,
3416 2590 3460 2645 si
3484 2589 3720 2655 salubre,
3753 2603 3870 2643 me-

2280 2692 2385 2748 rito
2412 2691 2837 2761 quandocunque
2867 2687 2981 2743 tolli
3009 2700 3118 2741 nou
3146 2684 3333 2742 debuit
3363 2703 3375 2737 :
3408 2683 3450 2737 si
3488 2696 3586 2736 nec
3626 2680 3869 2743 salubre,

2280 2798 2383 2840 nec
2409 2783 2685 2847 divinum,
2712 2778 3039 2835 causandum
3083 2777 3178 2832 tibi
3210 2777 3379 2844 magis
3417 2784 3500 2829 est
3525 2789 3623 2829 cur
3664 2773 3871 2826 tardius

2282 2863 2558 2917 auferatur
2606 2860 2749 2931 quod
2791 2859 3227 2931 superstitiosum
3273 2864 3514 2919 constat,
3555 2860 3608 2905 et
3644 2866 3868 2915 vanum,

2279 2953 2419 3023 quod
2442 2960 2591 3008 certe
2621 2950 2940 3006 Christiana:
2963 2947 3279 3019 professioni
3314 2960 3419 2999 non
3453 2943 3743 2998 convenire
3766 2957 3871 2994 ma-

2280 3045 2530 3099 nifestum
2552 3052 2655 3098 est.
2693 3043 2973 3097 Postremo
3006 3039 3144 3110 quod
3177 3038 3242 3091 ad
3280 3052 3366 3091 me
3395 3034 3660 3103 pertinet,
3691 3032 3871 3086 nullus

2280 3137 2602 3207 baptizatus,
2648 3134 2828 3189 nullus
2857 3131 3192 3187 Christianus
3222 3130 3325 3184 hoc
3369 3126 3644 3190 celebret,
3692 3132 3746 3177 et
3772 3123 3871 3177 δοτί

2284 3231 2385 3287 hoc
2428 3229 2650 3301 pagani,
2682 3242 2907 3297 quorum
2937 3226 3070 3279 ritus
3100 3231 3201 3287 est,
3225 3227 3608 3291 exsequantur.
3635 3215 3715 3270 Mc
3747 3230 3872 3285 pro-

2283 3324 2533 3379 nuntiare
2573 3319 2829 3376 convenit
2862 3315 3184 3372 Christianis
3229 3314 3331 3367 ista
3372 3309 3669 3380 perniciosa
3698 3316 3754 3361 et
3782 3307 3872 3360 fu-

2281 3424 2433 3470 nesta
2500 3411 2862 3466 indubitanter
2910 3407 3160 3461 existere.
3213 3402 3350 3471 Quid
3396 3415 3482 3455 me
3528 3400 3764 3459 incusas.
3827 3396 3877 3453 si

2280 3499 2423 3575 quod
2444 3496 2767 3569 profitemini
2794 3496 3064 3550 inimicum
3089 3505 3233 3559 esse,
3253 3504 3283 3543 a
3304 3486 3641 3543 consortibus
3664 3483 3873 3551 prores~

2280 3589 2448 3648 sionis
2462 3589 2780 3645 Christiane
2794 3583 3079 3656 pronuntio
3100 3579 3564 3637 submovendum?
3584 3578 3695 3646 Ego
3716 3583 3872 3631 certe

2279 3682 2553 3739 absolvam
2581 3680 2965 3735 conscientiam
3005 3689 3179 3730 meam
3206 3692 3220 3729 :
3247 3673 3345 3743 ipsi
3369 3671 3604 3735 videant,
3633 3670 3723 3740 qui
3754 3668 3873 3738 jus-

2282 3776 2348 3831 tis
2391 3771 2847 3830 admonitionibus
2875 3768 3099 3824 obedire
3130 3765 3467 3837 neglexerint
3493 3780 3507 3818 :
3540 3764 3678 3833 quod
3706 3763 3870 3817 etiam

2280 3865 2715 3939 prredecessores
2756 3875 2907 3917 meos
2930 3859 3156 3915 forsitan
3192 3856 3383 3911 fecisse
3412 3870 3520 3909 non
3544 3852 3789 3921 ambigo,
3816 3861 3870 3907 et

2281 3957 2421 4028 apud
2450 3954 2757 4025 imperiales
2783 3967 2940 4007 aures
2977 3951 3094 4006 haec
3120 3946 3485 4004 submovenda
3508 3953 3742 4000 tentasse
3774 3961 3788 3995 :
3815 3952 3871 3997 ct

2275 4051 2401 4123 quia
2430 4050 2638 4104 auditos
2666 4062 2785 4102 esse
2815 4059 2919 4100 non
2949 4051 3178 4109 constat,
3206 4040 3335 4096 dum
3366 4038 3484 4093 haec
3510 4036 3646 4091 mala
3677 4034 3870 4090 hodie-

2276 4161 2379 4215 que
2411 4142 2701 4215 perdurant
2726 4184 2740 4204 ,
2773 4140 2893 4194 ideo
2923 4137 3037 4191 haec
3084 4136 3197 4205 ipsa
3238 4134 3461 4202 imperia
3505 4129 3823 4185 defecerunt
3851 4170 3868 4195 ,

2277 4237 2400 4290 ideo
2428 4238 2586 4290 ctiam
2634 4247 2829 4287 nomen
2871 4230 3234 4283 llomanorum
3254 4270 3267 4294 ,
3314 4239 3418 4278 non
3450 4220 3672 4277 remmis
3697 4221 3867 4277 etiam

2278 4314 2678 4384 Lupercalibus.
2724 4325 2894 4380 usque
2934 4310 2999 4363 ad
3048 4316 3287 4362 extrema
3335 4315 3561 4373 quaeque
3595 4300 3868 4369 pervenit.

2276 4410 2341 4463 Et
2369 4408 2488 4461 ideo
2529 4418 2669 4458 nunc
2713 4417 2775 4458 ea
2808 4398 3129 4457 removenda
3153 4396 3353 4451 suadeo
3374 4434 3390 4459 ,
3420 4408 3539 4463 qua:
3565 4407 3688 4446 cum
3730 4391 3870 4447 nihil

2277 4496 2539 4567 profuisse
2559 4505 2850 4562 cognosco,
2876 4500 3124 4558 tanquam
3143 4484 3409 4539 contraria
3424 4496 3564 4536 verte
3595 4479 3868 4550 religioni,

2278 4588 2437 4640 noxia
2484 4584 2663 4655 potius
2704 4581 2973 4637 exstitisse
3025 4575 3329 4655 pronuntio.
3377 4574 3657 4629 Postremo
3708 4571 3753 4626 si
3798 4571 3872 4627 de

2276 4695 2514 4734 meorum
2549 4691 2773 4747 perSnna
2819 4671 3271 4744 prtescribendum
3302 4667 3538 4724 aestimas
3564 4665 3872 4735 praedeces-

2274 4787 2455 4828 sorum
2472 4813 2487 4837 ,
2517 4769 2884 4839 unusquisque
2912 4775 3220 4822 no~trorum
3246 4758 3725 4817 adtninisuationis
3747 4774 3873 4815 sum

2271 4862 2576 4934 redditurus
2597 4870 2679 4915 est
2700 4859 2986 4925 rationem,
3009 4858 3147 4912 sicut
3168 4856 3328 4908 etiam
3355 4853 3406 4907 in
3427 4850 3653 4922 publicis
3682 4849 3872 4920 d‘gni-

2274 4954 2471 5009 tatibus
2491 4953 2604 5009 fieri
2624 4951 2933 5024 providetis.
2952 4950 3065 5020 Ego
3085 4944 3461 5017 negligentiam
3482 4955 3737 4997 accusare
3755 4956 3869 4995 non

2272 5047 2443 5103 audeo
2461 5047 2943 5117 przedeceSsorum,
2958 5058 3080 5098 cum
3098 5040 3267 5111 magis
3281 5037 3497 5093 credam
3511 5034 3739 5091 fortasse
3754 5042 3872 5087 ten-

2274 5151 2416 5196 tasse
2436 5156 2529 5195 eos
2551 5150 2609 5195 ut
2634 5140 2748 5194 haec
2773 5137 3009 5204 pravitas
3032 5133 3330 5195 tolleretur,
3347 5128 3673 5198 etquasdam
3698 5126 3876 5181 exsti-

2274 5230 2400 5287 tisse
2429 5247 2617 5287 cauaas
2650 5240 2705 5286 et
2740 5229 3037 5285 contrarias
3058 5226 3381 5288 voluntates,
3412 5234 3533 5291 quae
3562 5233 3752 5274 eorum
3786 5219 3874 5271 in-

2272 5326 2601 5381 tentionibus
2645 5322 3039 5396 praapedireut,
3069 5319 3208 5373 sicut
3237 5329 3304 5369 ne
3335 5327 3479 5368 nunc
3517 5309 3736 5380 quidem
3770 5321 3875 5363 vos

2270 5416 2403 5473 istos
2426 5416 2687 5472 absistere
2708 5414 2910 5469 insanis
2934 5408 3216 5465 conatibus
3237 5404 3374 5459 velle
3402 5398 3755 5473 perpenditis.

2785 5501 3054 5560 GELASII
3096 5495 3297 5555 PAPIE
3337 5494 3358 5548 ι

2570 5590 2833 5632 .tovnnsns
2872 5585 3205 5628 rimaraum
3247 5578 3487 5622 nrt-:ncstu
3517 5562 3568 5616 *.

2274 5658 2466 5713 Demon
2482 5668 2592 5712 παι
2617 5658 2871 5709 ltoun'ncm
2901 5669 3001 5707 non
3027 5652 3187 5704 virere
3212 5649 3320 5702 sine
3341 5653 3571 5713 peccato,
3595 5651 3642 5696 et
3669 5640 3879 5694 dictum

648 5793 664 5808 '
700 5788 849 5841 llnnc
879 5785 1071 5841 Gelasii
1116 5789 1397 5837 tractatum
1428 5796 1549 5835 cum
1579 5780 1814 5836 editione
1843 5781 2011 5834 Mansi
2056 5780 2344 5850 diligenter
2387 5777 2640 5835 collatum
2681 5776 2905 5841 damus,
2942 5775 2991 5829 in
3026 5769 3211 5828 muitis
3244 5777 3423 5822 tamen
3468 5762 3784 5822 intricatum
3821 5772 3878 5820 et

578 5860 984 5929 perobscurutn,
1018 5867 1072 5914 ut
1099 5859 1211 5927 ipse
1239 5855 1404 5912 lcetor
1427 5851 1582 5913 facife
1602 5852 1819 5909 sentiet.
1852 5851 2006 5906 Eon.
