4098 6172
268 330 361 383 H7

1471 317 1824 373 El‘lS'l'OLAS
1866 316 1954 370 ET
1996 316 2333 372 DECRETA.

3446 318 3541 370 lli

308 429 1856 506 apostoli:Virinﬁdelissanctiﬁcaturpermulierem/idenm
1889 433 1932 487 Α
1964 428 2054 482 lati
2104 431 2237 497 Agni
2300 432 2367 481 sit
2430 428 2704 495 ptOprium
2774 428 2974 481 nullum
3032 444 3246 497 [HOI‘Slls
3299 431 3548 488 habuisse

323 500 368 578 (l
385 512 506 564 Cor.
516 509 633 576 vn),
648 500 773 571 etei,
792 504 1185 575 mysteriumque
1197 502 1583 556 resurrectionis
1594 500 1845 553 declarat.

338 622 414 674 De
439 617 743 689 Pelagianis
767 614 978 685 quidem
1009 614 1253 669 sensibus
1281 612 1738 683 blasphemiisque
1771 626 1857 666 sa-

265 713 510 781 crilegis,
556 721 611 765 et
651 712 789 778 apud
832 708 1059 778 majores
1089 717 1301 762 nostros
1328 718 1433 761 tam
1466 706 1660 761 divinis
1689 720 1850 775 quam

268 806 516 859 humanis
565 804 772 874 legibus
808 804 950 874 justa
981 802 1318 857 discussione
1347 800 1644 863 damnatis,
1690 798 1856 853 nimis

267 905 349 951 est
377 896 603 965 copiosa
646 896 902 959 materia;
951 894 1074 964 quia
1122 902 1176 947 et
1216 893 1429 946 illorum
1461 901 1544 947 est
1575 890 1857 959 multiplex

268 988 572 1057 perniciosa
605 988 949 1056 perversitas,
989 1001 1160 1056 eoque
1188 986 1488 1053 nocentior,
1531 1000 1638 1055 quo
1668 984 1862 1039 verisi-

269 1078 592 1132 niititndinis
622 1078 803 1133 colore
831 1077 1100 1144 subtilior,
1132 1092 1290 1147 quam
1331 1078 1401 1132 de
1446 1077 1613 1146 ipsius
1643 1078 1861 1133 humani

270 1172 490 1241 generis
523 1170 784 1240 principe,
829 1186 993 1240 pravo
1035 1173 1350 1238 funesmqne
1381 1182 1715 1237 commento,
1758 1190 1863 1229 non

272 1261 377 1315 rite
406 1270 727 1329 conceptam
772 1276 948 1315 rerum
986 1262 1431 1330 Consequentinm
1463 1265 1754 1319 mendaciis
1786 1276 1864 1319 te-

278 1364 531 1408 xuerunt.
579 1353 808 1408 Necesse
840 1363 921 1407 est
951 1352 1092 1407 enim
1127 1363 1183 1407 nt
1210 1356 1297 1423 qui
1330 1374 1356 1407 a
1389 1357 1652 1427 principio
1683 1359 1869 1414 devia-

278 1447 343 1499 rit
391 1445 462 1497 ab
508 1445 717 1514 integro
768 1449 998 1509 tramite,
1042 1462 1205 1515 vagus
1254 1448 1450 1518 ubique
1497 1452 1866 1521 progzediens.

280 1548 484 1608 quanto
523 1553 584 1592 se
619 1552 838 1593 currere
868 1536 1057 1592 fortius
1090 1547 1269 1607 putet,
1322 1549 1469 1596 tanto
1521 1544 1639 1611 plus
1686 1556 1867 1607 erret;

281 1641 333 1686 et
374 1632 429 1683 in
476 1630 559 1683 bis
610 1639 667 1683 ut
711 1631 967 1700 competit
1008 1631 1300 1685 refutandis
1341 1632 1631 1699 disputatio
1669 1638 1871 1702 prolixa

283 1721 473 1776 debeat
496 1721 741 1775 adhiberi
770 1740 781 1773 :
807 1726 1057 1791 quoniam
1080 1723 1295 1790 quidem
1322 1740 1385 1792 pe
1419 1726 1570 1779 fectu:
1594 1727 1872 1784 medicina:

1962 532 2261 593 peccaturo,
2302 538 2365 573 ne
2398 536 2501 574 non
2537 520 2638 574 soli
2667 519 2909 575 videatur
2939 536 3058 575 esse
3084 521 3469 591 deputandum,
3503 528 3545 580 si

1960 620 2099 672 alius
2126 616 2347 687 quilibet
2387 603 2603 669 sanctus
2643 628 2838 683 expers
2869 613 3050 669 delicti
3083 614 3247 671 fuisse
3272 618 3544 673 credatur.

1961 710 2213 763 Contenti
2242 713 2407 765 simus
2438 721 2566 775 ergo
2596 706 2932 775 professione
2961 716 3300 772 sanctorum;
3346 716 3399 763 et
3425 711 3577 779 quid,

1964 801 2031 856 de
2059 818 2117 855 se
2163 801 2260 868 ipsi
2310 800 2476 869 magis
2524 798 2870 868 pronuntient
2898 798 3197 865 audiamus,
3226 815 3383 870 (ram
3421 802 3547 870 quid

1966 894 2048 947 vel
2067 901 2268 946 temere
2282 890 2621 961 cogitandum
2640 890 2731 956 sit,
2747 889 2827 943 vel
2848 890 3043 944 nostris
3054 891 3394 959 opinionibus
3419 907 3520 946 ven
3536 922 3554 933 τ

1967 984 2225 1039 tilandnm
2269 984 2387 1037 sine
2409 995 2551 1037 certa
2582 982 2902 1037 auctoritate
2924 990 3212 1036 sectemur.
3240 981 3348 1036 Cur
3377 992 3554 1037 autem

1967 1092 2086 1129 cum
2103 1076 2241 1127 Deus
2257 1075 2597 1141 omnipotens
2614 1082 2732 1142 post
2754 1073 3065 1144 mysterium
3085 1075 3440 1143 reparationis
3460 1077 3557 1128 bu-

1971 1185 2140 1223 manre
2160 1170 2317 1222 etiam
2352 1167 2404 1222 id
2439 1168 2640 1222 homini
2672 1166 2920 1222 conferre
2949 1168 3200 1236 patuerit,
3221 1168 3356 1222 ntab
3383 1169 3556 1222 omni-

1971 1261 2071 1316 bus
2099 1260 2318 1314 omnino
2339 1260 2479 1314 vitiis
2506 1258 2937 1323 essetimmunis,
2963 1259 3204 1314 maluerit
3223 1259 3405 1314 fideles
3431 1276 3557 1314 suos

1972 1355 2151 1408 salvos
2180 1352 2315 1416 fieri,
2336 1360 2715 1419 ctexspectare
2740 1351 2987 1418 perfectae
3010 1350 3355 1405 beatitudinis
3390 1352 3559 1406 firmi-

1976 1453 2165 1509 tatem,
2182 1456 2233 1496 ut
2255 1444 2394 1512 quod
2411 1443 2678 1513 sperando
2697 1442 3090 1509 desideramus,
3106 1444 3266 1498 rebus
3295 1446 3561 1511 |ossimns

1976 1535 2229 1605 adipisci;
2251 1534 2622 1602 censueritque
2638 1548 2778 1587 nunc
2794 1532 3051 1601 perficere
3064 1534 3115 1587 in
3132 1534 3442 1588 in‘irmitate
3462 1553 3478 1584 ι
3494 1537 3563 1589 ir-

1980 1638 2344 1696 tutem,qnam
2377 1626 2597 1679 remotis
2628 1625 3027 1679 infirmitatibus
3051 1625 3339 1679 humanam
3379 1628 3565 1681 condi-

1979 1724 2178 1777 tionem
2220 1722 2361 1776 nulla
2400 1722 2603 1775 sineret
2645 1720 2917 1790 languoris
2946 1719 3306 1790 exagitatione
3335 1715 3570 1789 pulsari?

285 1828 403 1867 mos
433 1821 517 1866 est
548 1813 809 1881 originem
841 1814 922 1865 vel
964 1814 1265 1883 intelligere
1311 1816 1458 1883 prius
1500 1819 1582 1871 vel
1630 1834 1873 1876 reserare
1908 1800 1954 1858 Β
2049 1814 2317 1880 Quantum
2352 1812 2608 1867 Dominus
2640 1809 2978 1877 miniSIrarit,
3010 1819 3067 1865 ut
3097 1812 3372 1881 competit,
3399 1811 3567 1866 dis-e~

289 1906 624 1968 morborum,
649 1906 831 1975 eisque
860 1905 1138 1974 patefactis
1170 1908 1432 1961 medelam
1458 1911 1723 1966 confitere
1748 1928 1876 1967 con-

288 2009 607 2068 gruentem;
661 2012 780 2067 qua:
818 2006 1037 2062 cuncta,
1079 1997 1125 2052 si
1167 1998 1426 2054 Dominus
1459 2002 1617 2054 vitam
1652 2002 1878 2059 faculta-

289 2100 508 2157 temque
542 2088 821 2155 tribuerit,
873 2089 925 2142 in
971 2100 1228 2158 quantum
1257 2090 1464 2145 cwlesti
1496 2108 1619 2147 rore
1648 2098 1877 2163 vegetati

290 2181 626 2243 Valcbimtts,
675 2180 806 2232 alias
856 2180 1138 2235 moliemur
1165 2181 1457 2251 explicare.
1510 2182 1660 2236 Nunc
1699 2193 1877 2241 autem

292 2270 429 2323 hunc
458 2269 787 2333 articulum,
838 2270 925 2339 qui
973 2269 1231 2339 quosdam
1281 2286 1499 2326 movere
1546 2275 1877 2342 perhibetur,

294 2363 622 2418 su'licienter
645 2362 857 2417 interim
882 2362 1134 2418 duximus
1157 2365 1569 2432 explicandum;
1603 2375 1661 2421 ut
1688 2369 1878 2422 eodem

294 2457 680 2510 convenienter
710 2454 971 2523 inspecto,
1014 2456 1155 2525 quod
1199 2458 1250 2510 in
1293 2456 1503 2511 caeteris
1542 2473 1734 2513 cavere
1772 2459 1880 2529 jam

294 2548 586 2612 debebant,
617 2548 841 2601 Domino
865 2547 973 2603 Deo
999 2556 1186 2602 nostro
1210 2557 1498 2617 prmstante
1526 2552 1882 2618 perpendant.

296 2642 585 2698 Estimant
609 2641 767 2712 igitur
788 2642 999 2712 quidam
1032 2641 1090 2695 in
1117 2641 1217 2696 hac
1238 2642 1344 2696 vita
1379 2658 1534 2713 posse
1562 2660 1881 2713 quemquam

298 2736 393 2790 hac
426 2736 757 2803 perfectione
787 2734 1113 2793 coasistere.
1159 2742 1213 2788 ut
1244 2736 1404 2789 nu‘lis
1438 2752 1655 2805 prorsus
1690 2736 1887 2805 fragili-

297 2830 419 2882 tatis
452 2828 579 2879 hum
620 2841 703 2880 nae
734 2826 977 2895 pulsetur
1008 2825 1307 2891 affectibus,
1335 2843 1433 2882 nec
1465 2830 1733 2896 corporeis
1762 2844 1888 2882 exa-

296 2920 377 2988 git
403 2926 493 2971 tnr
524 2917 830 2971 iiiCCth‘iSZ
865 2917 1003 2986 quod
1045 2917 1271 2987 quisque
1313 2919 1358 2973 si
1395 2920 1621 2988 propriis
1658 2921 1885 2987 vitibus,

298 3024 516 3079 sumque
559 3009 832 3078 proposito
862 3008 1150 3064 voluntatis
1179 3010 1451 3065 exiSIimet
1496 3012 1754 3081 adipisci,
1796 3028 1887 3068 se-

299 3103 586 3171 metipsum
614 3099 851 3163 seducit,
900 3110 952 3153 et
984 3101 1178 3155 veritas
1209 3102 1260 3156 in
1291 3117 1358 3157 eo
1385 3118 1489 3156 non
1524 3114 1606 3159 est
1632 3122 1646 3160 :
1686 3120 1807 3158 nam
1839 3106 1884 3159 si

299 3193 348 3247 in
380 3193 514 3261 ipsis
545 3190 731 3259 primis
764 3191 1101 3258 hominibus,
1134 3190 1259 3246 dum
1303 3209 1395 3247 sua
1427 3195 1678 3249 nimiruai
1715 3197 1883 3251 felici-

300 3295 403 3339 tate
444 3283 754 3349 confidunt,
801 3293 853 3337 et
899 3292 1097 3336 tantam
1148 3284 1238 3337 Dei
1285 3286 1511 3353 gratiam
1561 3288 1613 3341 in
1658 3304 1884 3344 vacuum

299 3376 645 3444 recipientes,
695 3390 799 3427 non
845 3376 1069 3441 orando,
1122 3375 1261 3444 quod
1308 3377 1492 3446 utique
1524 3395 1782 3446 nusiluam
1814 3384 1890 3436 fe-

298 3467 437 3522 cisse
467 3468 800 3528 referuntnr,
835 3479 933 3520 nec
961 3464 1028 3519 de
1059 3468 1324 3535 perceptis
1355 3472 1553 3536 gratias
1580 3471 1885 3542 referendo,

300 3574 395 3613 nec
425 3566 484 3613 ut
511 3560 702 3613 eadem
736 3559 1051 3611 intemerata
1078 3557 1332 3613 durarent
1360 3561 1671 3630 suppliciter
1700 3564 1890 3633 implo-

300 3650 490 3713 rando,
516 3650 817 3704 incolumes
845 3660 1093 3703 conatare
1119 3649 1479 3719 nequiverunt
1505 3670 1516 3704 :
1551 3665 1751 3723 quanto
1778 3672 1892 3711 ma-

298 3744 377 3813 gis
409 3753 531 3811 post
562 3741 1026 3812 praevaricationis
1067 3744 1297 3810 ruinam,
1354 3743 1408 3799 in
1444 3760 1603 3816 quam
1636 3748 1775 3802 mala
1807 3749 1890 3803 sui

299 3834 650 3896 confidentia,
680 3843 977 3890 creatorem
1010 3838 1318 3894 nullatenus
1349 3837 1689 3908 inquirendo,
1720 3838 1891 3892 letha-

302 3924 422 3979 liter
454 3925 794 3993 inciderunt,
842 3927 1043 3997 abSqne
1072 3929 1253 3983 divino
1279 3944 1502 3984 munere
1542 3931 1653 3984 suis
1686 3930 1892 3986 viribus

300 4020 376 4073 vel
406 4020 562 4088 :egri,
594 4019 677 4074 vel
706 4028 849 4075 stare
881 4036 984 4075 non
1017 4028 1258 4090 possunt,
1287 4020 1404 4077 sine
1434 4037 1541 4092 quo
1570 4036 1669 4075 nec
1697 4021 1892 4092 integri

300 4113 598 4180 persistere
630 4112 935 4167 valuerunt.
982 4113 1074 4169 Sin
1104 4128 1232 4169 vero
1259 4114 1539 4184 quismam
1574 4129 1678 4169 non
1713 4115 1891 4184 possi-

303 4202 504 4256 bilitate
534 4202 800 4257 facnltatis
833 4203 1100 4268 humanm,
1138 4203 1230 4258 sed
1275 4219 1369 4273 per
1396 4204 1630 4260 divinam
1662 4206 1889 4276 gratiam

303 4295 401 4349 hoc
422 4306 635 4349 asserat
660 4295 710 4349 in
739 4297 843 4350 vita
868 4296 1193 4364 quibuslibet
1220 4301 1420 4351 sanctis
1449 4313 1604 4366 posse
1628 4298 1889 4363 conferri,

304 4386 438 4443 bene
471 4387 690 4457 quidem
739 4387 862 4442 facit
907 4387 1050 4459 (nam
1098 4388 1241 4441 dono
1272 4389 1365 4443 Dei
1397 4400 1588 4446 cuncta
1618 4390 1888 4457 possibilia

303 4478 449 4546 sunt)
482 4479 606 4530 talia
638 4480 971 4533 conlitlen‘er
999 4478 1226 4547 opinari,
1276 4490 1328 4533 et
1371 4495 1594 4549 sperare
1638 4481 1885 4535 li.!eliter.

303 4568 404 4623 Sed
460 4582 639 4623 utrum
692 4573 851 4639 a‘iqui
904 4572 1035 4626 tales
1084 4572 1415 4639 exstiterint,
1468 4572 1557 4643 qui
1604 4588 1779 4643 usque
1826 4572 1893 4627 ad

306 4661 437 4714 hanc
470 4661 857 4730 perfectionem
892 4664 1009 4715 vitm
1056 4664 1334 4731 praesentis
1366 4663 1713 4730 accederent,
1757 4663 1896 4720 sicut

304 4764 565 4821 nusquam
606 4753 887 4806 evidenter
914 4757 1198 4821 astruitur,
1253 4756 1331 4810 sic
1361 4770 1458 4810 nos
1490 4755 1650 4811 facile
1684 4757 1767 4812 vel
1800 4758 1894 4811 fir-

306 4858 448 4898 mare
474 4848 558 4899 vel
586 4846 899 4915 impugnare
924 4860 1026 4900 non
1053 4849 1324 4915 convenit,
1357 4849 1630 4919 magisque
1655 4851 1892 4907 sobrium

306 4946 383 4989 est
412 4952 478 4990 ex
512 4938 751 5005 ipsorum
784 4937 1001 4993 vocibus
1035 4937 1414 5006 prophetarum
1436 4979 1451 5005 ,
1493 4941 1893 5010 apostolorum-

306 5042 408 5094 que
445 5039 759 5081 sanctorum
791 5039 1057 5097 quatenus
1101 5028 1257 5100 hujus
1288 5032 1410 5086 vita:
1454 5031 1751 5101 profectum
1784 5049 1896 5088 mc-

306 5118 391 5171 tiri
443 5118 741 5173 debeamus
798 5136 1135 5189 agnoscere,
1193 5122 1387 5192 quibus
1448 5126 1632 5194 utique
1682 5125 1734 5178 in
1795 5125 1897 5179 hoc

306 5214 524 5275 mundo,
549 5224 805 5283 quantum
830 5216 894 5268 ad
927 5228 1128 5270 sancta:
1151 5217 1277 5271 vitae
1308 5215 1539 5287 pertinet
1568 5219 1892 5284 institutum,

306 5304 431 5356 nihil
454 5306 810 5359 excellentius
832 5306 915 5361 vel
940 5306 1123 5373 fuisse,
1143 5310 1225 5362 vel
1249 5323 1388 5373 esse,
1416 5310 1755 5365 manifestum
1783 5320 1893 5365 est:

304 5395 392 5462 qui
421 5397 632 5449 etiamsi
662 5399 963 5465 copiosiore
994 5400 1091 5454 Dei
1122 5417 1346 5455 munere
1377 5403 1459 5455 Vel
1488 5404 1623 5457 raris
1652 5405 1893 5468 omnino,

302 5490 388 5542 vel
415 5490 653 5541 minimis
683 5488 927 5544 humana:
954 5492 1280 5547 eondi:ionis
1305 5493 1642 5563 passionihus
1672 5495 1899 5563 impetiti

306 5589 469 5648 sunt,
520 5592 577 5634 et
626 5579 969 5636 afﬂuentiore
1018 5582 1111 5636 Dei
1159 5584 1333 5653 gratia
1384 5585 1726 5639 mortalitatis
1773 5585 1899 5639 vitia

307 5675 458 5731 facile
506 5686 867 5745 superarunt;
920 5692 1025 5731 non
1072 5693 1239 5748 usque
1269 5677 1403 5733 adeo
1437 5688 1617 5733 tamen
1648 5690 1902 5748 expertes

304 5785 490 5826 eorum
520 5786 578 5826 se
611 5769 775 5831 fuisse
808 5781 1087 5839 testantur,
1123 5780 1180 5828 ut
1208 5770 1411 5829 scilicet
1439 5771 1601 5829 ullius
1632 5773 1897 5829 immacu-

1980 1917 2127 1962 retur
2156 1906 2553 1971 Scripturarum
2603 1902 3094 1965 teSIificationibus,
3124 1912 3309 1957 contra
3342 1918 3567 1972 qna'nnt

1982 2008 2220 2053 tenorem
2252 1996 2383 2050 nihil
2415 2007 2496 2050 est
2523 2003 2729 2049 temere
2758 1994 3112 2062 profitendum
3144 2008 3308 2062 super
3340 1994 3419 2047 his
3447 2008 3569 2047 sen~

1979 2089 2128 2143 sibus
2152 2088 2373 2143 eruiliri.
2399 2085 2620 2141 Constat
2649 2087 2700 2138 in
2727 2086 2843 2155 ipso
2865 2084 3038 2153 primo
3062 2084 3277 2138 homine
3299 2083 3569 2139 Christum

1981 2189 2034 2235 et
2074 2180 2354 2234 ecclesiam
2402 2177 2712 2247 figuratam,
2763 2177 2921 2231 beato
2972 2174 3139 2230 Paulo
3185 2176 3426 2244 apostolo
3474 2190 3570 2230 nos

1983 2273 2233 2340 docente,
2262 2286 2384 2325 cum
2418 2271 2482 2325 de
2515 2269 2718 2325 laedere
2749 2270 2915 2324 sancti
2949 2269 3186 2338 conjugii
3221 2269 3530 2338 loqueretur
3557 2287 3568 2319 :

1987 2365 2376 2420 Sacramentum
2411 2364 2526 2427 hoc,
2559 2362 2826 2431 inquiens,
2862 2377 3105 2434 magnum
3134 2370 3247 2415 est:
3277 2376 3368 2430 ego
3402 2370 3571 2414 autem

1985 2456 2100 2509 dico
2128 2456 2178 2508 in
2212 2453 2434 2518 Christo,
2468 2464 2515 2507 et
2545 2454 2596 2507 in
2627 2452 2858 2507 Ecclesia
2887 2450 3108 2525 (Epiros.
3140 2452 3212 2521 v).
3258 2452 3438 2522 Itaque
3462 2454 3571 2520 jam

1988 2549 2108 2604 inde
2135 2561 2192 2603 ut
2221 2557 2527 2602 sanctorum
2561 2546 2786 2615 quisque
2819 2546 3100 2615 processit,
3129 2546 3179 2599 in
3215 2547 3366 2615 Ιιιι]ιι›
3398 2562 3575 2601 saera-

1986 2645 2152 2699 ntenti
2196 2643 2516 2711 figuratione
2554 2642 2793 2695 censitns
2835 2651 2954 2707 est;
3007 2652 3060 2696 et
3111 2641 3213 2697 hoc
3260 2642 3573 2712 tnyS'eriurn

1987 2750 2176 2791 Omnes
2217 2736 2383 2787 sancti
2424 2735 2489 2788 ab
2524 2734 2654 2786 Αιιμι
2697 2734 2806 2787 suis
2846 2734 3123 2787 sacrificiis
3164 2734 3518 2803 actionibusq'
3545 2750 3575 2787 ιι

1987 2836 2286 2899 gesserunt.
2346 2827 2401 2879 In
2442 2824 2662 2881 Christo
2700 2842 2827 2894 ergo
2873 2834 2928 2879 et
2974 2826 3027 2879 in
3064 2825 3336 2890 Ecclesia,
3379 2825 3430 2879 in
3472 2842 3574 2895 qua

1990 2922 2170 2991 utique
2199 2919 2526 2988 generaliter
2560 2918 2887 2986 prmcondita
2926 2926 3011 2971 est
3052 2918 3297 2971 remissio
3324 2927 3576 2986 peccato-

1989 3031 2128 3080 rum,
2157 3015 2342 3069 fiile’cs
2369 3013 2565 3083 quique
2592 3012 2703 3065 Deo
2731 3012 3008 3081 sanctique
3038 3013 3308 3074 vixerunt,
3332 3020 3386 3066 et
3410 3025 3578 3080 usque

1993 3110 2058 3163 ad
2090 3108 2223 3179 legis
2259 3122 2499 3177 tempora
2535 3121 2628 3173 per
2657 3105 2870 3175 Moysen
2904 3105 3041 3158 data:
3069 3106 3229 3157 certis
3260 3112 3385 3157 sunt
3414 3103 3578 3157 sacri-

1995 3203 2130 3258 ficiis
2169 3202 2221 3255 in
2268 3199 2425 3270 hujus
2456 3199 2695 3272 mysterii
2726 3199 2920 3252 \irtute
2964 3196 3193 3266 purgati.
3241 3196 3578 3266 Quapropter

1992 3295 2036 3348 si
2065 3302 2328 3364 eguerunt
2359 3306 2547 3346 omnes
2578 3290 2816 3362 mysticis
2858 3288 3313 3344 immolationibus
3346 3290 3579 3343 iaeessa-

1995 3385 2169 3439 biliter
2196 3384 2433 3453 expiari,
2478 3397 2583 3436 non
2623 3381 2842 3435 dubium
2883 3391 2965 3435 est
2993 3380 3136 3434 vitiis
3169 3381 3413 3434 humanae
3452 3394 3581 3435 con-

1992 3478 2210 3534 ditionis
2234 3477 2399 3532 fuisse
2424 3478 2692 3546 pulsatos;
2721 3491 2749 3528 a
2773 3474 2964 3544 quibus
2992 3488 3085 3528 eos
3114 3488 3203 3543 per
3229 3473 3315 3527 illa
3346 3474 3581 3528 remedia

1995 3570 2154 3625 fusuri
2196 3570 2516 3625 sacramenti
2557 3568 2920 3623 necessarium
2952 3574 3098 3622 esset
3130 3567 3459 3621 incessanter
3486 3566 3578 3620 ab-

1993 3664 2153 3719 solvi.
2203 3664 2318 3719 Jam
2348 3677 2477 3719 vero
2515 3661 2646 3730 legis
2686 3669 2931 3730 tempore
2967 3659 3235 3714 neminem
3266 3657 3429 3713 fuisse
3457 3673 3583 3713 san-

1993 3766 2202 3812 ctorum
2230 3756 2318 3826 qui
2353 3770 2457 3810 non
2496 3753 2722 3809 bosﬁam
2752 3752 3009 3808 obtulerit
3040 3766 3134 3821 pro
3159 3759 3399 3821 peccato,
3426 3750 3583 3805 lectio

1998 3849 2295 3905 veneranda
2339 3854 2599 3902 testatur:
2642 3845 2696 3900 in
2740 3853 2945 3903 tantum
2993 3853 3048 3897 ut
3091 3844 3253 3902 etiam
3304 3842 3591 3911 pontiﬁces

1994 3939 2074 3996 sic
2103 3941 2241 4011 apud
2276 3940 2439 3995 Deum
2470 3954 2662 3995 causas
2692 3945 2915 4009 agerent
2945 3936 3126 4006 populi
3157 3946 3281 3991 tunc
3309 3936 3501 3999 fidelis,
3527 3945 3589 3993 ut

1996 4036 2100 4106 ipsi
2136 4051 2347 4107 quoque
2397 4050 2495 4106 pro
2544 4035 2661 4090 suis
2711 4033 2921 4089 delictis
2965 4032 3172 4087 hostias
3220 4030 3588 4093 immolari-nt,

1994 4128 2301 4199 passimque
2350 4127 2587 4180 universi
2637 4123 2916 4195 prapbette
2970 4122 3304 4191 proclament
3353 4123 3585 4189 peccatis

2006 4217 2122 4271 suis
2149 4214 2362 4269 veniam
2389 4214 2744 4281 postulantes.
2775 4211 2903 4264 Inde
2937 4220 3021 4263 est
3053 4209 3196 4277 quod
3237 4216 3459 4261 sanctus
3479 4207 3581 4261 Job

2008 4305 2141 4358 dicit
2162 4323 2173 4356 :
2197 4303 2590 4357 Ncmomundus
2608 4320 2638 4354 a
2658 4303 2832 4362 sorde,
2852 4317 2945 4352 nec
2970 4301 3149 4369 infans
3163 4300 3312 4368 cujus
3335 4305 3407 4351 est
3424 4298 3585 4351 unius

2008 4398 2109 4449 diei
2126 4397 2233 4450 vita
2251 4410 2406 4464 super
2427 4405 2625 4447 terram
2644 4393 2761 4464 (Job
2784 4392 2894 4462 xw)
2924 4410 2937 4445 :
2959 4393 3214 4462 idemque
3231 4392 3359 4446 alibi
3384 4408 3398 4444 :
3422 4391 3585 4447 Astra

2009 4503 2113 4541 non
2140 4494 2261 4541 sunt
2284 4485 2479 4539 munda
2509 4486 2561 4538 in
2592 4494 2865 4556 conspectu
2903 4496 2989 4540 tuo
3013 4486 3128 4557 (Job
3164 4485 3275 4555 xv).
3297 4483 3585 4553 Propheta:

2004 4598 2216 4653 quoque
2246 4580 2416 4635 David
2450 4580 2516 4635 de
2547 4580 2900 4650 generalitate
2933 4586 3241 4633 sanctorum
3272 4587 3417 4634 certa
3446 4577 3583 4634 deli-

2005 4673 2135 4728 nitio
2164 4672 2370 4743 prolata
2398 4671 2762 4741 cognoscitur,
2794 4685 2913 4740 qua:
2940 4670 3051 4724 ait:
3095 4667 3179 4723 Ne
3207 4654 3365 4724 intres
3403 4670 3457 4722 in
3486 4673 3584 4741 ju-

2003 4767 2193 4819 dicium
2232 4780 2345 4817 cum
2381 4780 2524 4819 urvo
2558 4774 2685 4818 tuo:
2729 4764 2970 4833 quoniam
3006 4778 3106 4816 non
3136 4762 3505 4834 justiﬁcabftur
3532 4764 3591 4817 in

2003 4868 2273 4928 conspectu
2305 4866 2393 4910 tuo
2427 4857 2595 4911 omnis
2633 4856 2797 4909 vicem
2830 4854 3000 4924 (Psal.
3027 4856 3230 4922 exui);
3280 4854 3365 4911 tibi
3409 4854 3591 4924 utique

2007 4948 2277 5003 neminem
2321 4961 2541 5016 prorsus
2582 4946 2857 4999 hominum
2890 4945 3209 4999 discrevisse
3249 4945 3592 5013 persttiiitnr,

2000 5040 2139 5095 sicut
2170 5038 2313 5093 idem
2339 5037 2547 5108 planius
2578 5036 2679 5090 hoc
2703 5035 2876 5105 ipsum
2909 5035 3132 5104 loquens
3159 5035 3594 5103 manifestinsqzzo

2002 5132 2273 5186 declarat:
2310 5129 2476 5183 Dixi:
2507 5126 2862 5181 Pronuntiabo
2887 5126 3155 5179 adversum
3186 5141 3262 5179 me
3290 5126 3595 5196 injustitiam

2006 5239 2170 5277 meam
2205 5221 2465 5287 Domino;
2496 5231 2543 5273 et
2573 5230 2624 5272 tu
2653 5218 2893 5272 remisisti
2923 5218 3233 5286 impietatem
3260 5218 3453 5283 peccati
3482 5233 3597 5268 cor-

2006 5318 2085 5369 dis
2109 5315 2227 5368 mei.
2269 5314 2374 5367 Pro
2399 5312 2495 5366 Irae
2519 5312 2681 5365 orabit
2707 5311 2773 5363 ad
2800 5321 2844 5363 te
2866 5310 3029 5362 omm’s
3057 5319 3262 5361 sanctus
3293 5308 3344 5360 in
3376 5317 3595 5375 tempore

2010 5416 2297 5479 Opportuna
2328 5404 2750 5475 (Psalm.xxx1).
2801 5401 2897 5467 Qui
2943 5399 3121 5468 utique
3162 5416 3264 5451 non
3296 5398 3466 5452 solum
3500 5393 3598 5447 sub

2008 5500 2123 5569 lege
2153 5506 2372 5552 sanctus
2407 5512 2547 5563 esse,
2592 5495 2686 5549 sed
2728 5495 2780 5549 in
2823 5496 2998 5550 futura
3028 5493 3119 5547 Dei
3162 5492 3328 5562 gratia
3358 5489 3604 5545 eminen-

2009 5592 2159 5647 tioris
2222 5589 2483 5661 propositi
2531 5595 2655 5658 post
2711 5586 2947 5642 futurus.
3000 5584 3151 5641 Unde
3206 5583 3346 5653 quod
3402 5582 3475 5635 ait
3536 5580 3601 5635 In

2010 5694 2236 5753 tempore
2265 5690 2593 5754 opportuno,
2639 5694 2746 5735 non
2775 5679 2895 5737 sine
2925 5692 3103 5737 rerum
3133 5683 3478 5735 venturarum
3508 5690 3601 5730 CO-

2010 5774 2251 5844 gnitione
2280 5774 2568 5841 subiunxit
2606 5772 2767 5830 etiam
2807 5780 2862 5828 et
2900 5769 2954 5829 in
2994 5767 3237 5823 oratione
3264 5781 3361 5822 sua
3394 5765 3580 5836 sapicn
