4098 6172
501 221 603 278 H9

1831 224 2104 286 GELASII
2145 223 2226 276 PA
2239 220 2345 277 [UE
2382 221 2404 276 1

3665 209 3766 266 1‘20

501 337 745 392 tissimus
797 339 1051 394 Salomon
1094 339 1248 394 :Non
1287 351 1363 394 est
1386 343 1537 394 homo
1578 346 1666 412 qui
1711 361 1811 396 non
1852 345 2081 413 peccavit
2103 337 2154 396 Α
2183 346 2503 401 postremus,
2532 334 2650 403 plus
2671 332 2920 387 omnibus
2948 331 3241 397 laboraret,
3264 339 3316 384 et
3338 331 3428 396 qui
3455 345 3561 383 uun
3586 331 3763 382 Solum

504 429 610 494 (ΙΙΙ
631 429 758 500 Reg.
794 433 906 499 vttt)
930 451 944 493 ς
987 440 1042 484 et
1066 433 1193 486 item
1222 433 1336 501 ipse
1358 451 1370 486 :
1392 432 1520 498 Quis
1546 434 1860 505 gloriabitur
1881 445 2085 490 castum

505 535 558 570 te
575 519 762 571 [rabere
785 536 892 582 cor,
913 529 1003 573 aut
1018 522 1268 574 mundum
1286 539 1339 575 se
1353 540 1461 577 esse
1479 543 1509 577 a
1525 536 1734 594 peccato
1751 521 1947 590 (Eccle.
1967 525 2088 595 vlt)?

507 607 614 662 Sed
659 627 722 662 t-c
775 620 1038 678 putentur
1080 611 1298 665 illorum
1345 622 1649 683 temporum
1678 617 1849 670 sancti
1881 617 1949 669 ab
1989 616 2089 668 hac

507 703 947 770 impossibilitate
995 702 1221 756 forsitan
1277 705 1609 774 excipiendi,
1662 707 1921 775 quoniam
1961 721 2093 760 con-

508 792 676 845 cessis
693 807 719 844 a
743 792 852 844 Deo
870 791 1196 860 conjugiltus
1219 792 1540 859 utebantur,
1562 793 1814 862 quamvis
1831 801 1883 846 et
1898 791 2094 845 beatus

508 883 656 936 Elias
699 882 975 951 passililis
1019 883 1187 938 fuisse
1235 893 1594 947 mcmoretur,
1631 882 2100 954 quemadmodum

508 976 906 1044 consequentia
929 975 1292 1030 declarabunt
1324 985 1407 1030 :et
1427 976 1484 1030 S.
1502 977 1768 1045 pmpbcta
1784 975 1969 1029 Daniel
1986 990 2096 1028 non

509 1067 684 1120 solum
704 1084 802 1146 pro
822 1068 1031 1137 populi.
1053 1068 1144 1121 sed
1160 1078 1213 1122 et
1232 1084 1326 1137 pro
1345 1069 1460 1122 suis
1481 1069 1718 1136 peccatis
1737 1055 2102 1136 perhibeatur

509 1172 718 1221 orasse,
762 1160 905 1213 sicut
947 1160 1063 1228 ipse
1090 1161 1222 1213 dicit
1265 1180 1277 1212 :
1315 1159 1445 1214 Cum
1469 1178 1699 1222 orarem,
1737 1169 1782 1212 et
1821 1157 2102 1225 conﬁterer

510 1259 722 1318 peccata
752 1267 890 1313 utea,
926 1261 975 1304 et
1010 1259 1226 1320 peccata
1255 1251 1434 1321 populi
1469 1253 1568 1304 mei
1599 1251 1822 1304 Domino
1845 1250 1948 1303 Deo
1985 1265 2097 1303 meo

513 1341 676 1414 (Dan.
717 1347 791 1406 1x)
816 1360 830 1406 ;
857 1343 1077 1397 tandem
1109 1344 1393 1399 veniamus
1415 1345 1480 1398 ad
1509 1344 1697 1398 beatos
1725 1344 2022 1413 apostolos,
2041 1353 2097 1399 ct

511 1434 658 1488 dicat
676 1434 870 1488 beatus
895 1435 982 1488 ille
1003 1435 1261 1499 Jacobus,
1288 1433 1522 1504 quicum
1542 1451 1734 1490 omnes
1753 1436 1942 1506 utique
1961 1435 2094 1506 justi

510 1538 695 1582 essent
715 1527 1207 1597 apostoli,'pr0prie
1222 1536 1385 1597 atque
1400 1529 1683 1598 speciatim
1700 1530 1833 1598 justi
1850 1529 1952 1581 viri
1967 1541 2099 1597 prte-

513 1619 813 1687 rsgativatn
848 1619 1052 1688 legitur
1101 1633 1425 1675 assecutus:
1464 1621 1654 1675 Beatus
1684 1625 1762 1676 vir
1797 1624 1888 1693 qui
1919 1625 2096 1694 suffert

515 1712 879 1782 tentatione’m,
909 1711 1033 1779 quia
1060 1728 1175 1763 cum
1217 1705 1464 1780 probatus
1490 1712 1666 1780 fuerit,
1697 1715 1913 1783 accipiet
1951 1692 2161 1767 corc-B

513 1819 639 1855 nam
660 1805 794 1866 vitm,
814 1823 971 1874 quant
993 1806 1286 1874 repromisit
1310 1791 1448 1858 Deus
1464 1807 1794 1876 diligentibus
1811 1824 1864 1860 se
1883 1806 2018 1872 (Jac.
2040 1809 2094 1877 t).

515 1895 585 1950 Et
615 1899 742 1950 item
772 1909 900 1965 post
923 1899 1244 1966 paulttlum-z
1274 1898 1637 1969 Unusquisque
1661 1908 1837 1952 autem
1866 1908 2101 1952 tentatur

516 2006 548 2041 a
567 1990 981 2058 concupiscentia
1003 2006 1099 2042 sua
1128 1988 1423 2043 abstractus
1443 2000 1487 2042 et
1513 1990 1734 2043 illectus.
1758 1991 1954 2044 Deinde
1975 2009 2102 2044 Cott-

516 2079 836 2148 cupiscentia
861 2097 975 2132 cum
999 2084 1311 2150 conceperit.
1339 2086 1480 2151 parit
1498 2092 1801 2152 peccatum;
1830 2093 2102 2153 peccatum

518 2186 660 2234 vero,
683 2187 799 2223 cum
821 2182 1238 2224 consummatum
1263 2173 1439 2238 fuerit,
1469 2184 1685 2243 generat
1712 2185 1948 2228 mortem.
1970 2175 2100 2228 Item

519 2263 665 2318 idem
689 2263 777 2316 :Ia
802 2265 1444 2333 multisenimoffzndimus
1468 2283 1644 2320 omnes
1664 2266 1907 2337 (Jac.ttt).
1927 2267 2107 2320 Ident-

521 2371 629 2424 que
653 2368 872 2412 st'cutus
891 2357 1140 2427 adjunxit
1163 2357 1258 2409 :Et
1278 2357 1591 2412 Elius/torno
1609 2369 1723 2413 erat
1750 2359 1935 2413 similis
1959 2360 2104 2413 nobis

524 2449 787 2518 passibilis
833 2449 969 2519 (Jac.
1012 2452 1090 2517 v).
1150 2450 1301 2504 Dicat
1363 2451 1558 2505 beatus
1599 2453 1878 2521 apostolus
1925 2450 2110 2505 :Cha-

526 2541 743 2603 tissimi,
783 2557 907 2610 rogo
946 2549 1000 2593 ut
1045 2543 1198 2611 quasi
1246 2542 1433 2595 incola:
1457 2551 1507 2594 et
1533 2543 1748 2596 advance
1795 2543 2105 2598 abstineatis

505 2664 591 2702 vos
619 2664 650 2700 a
679 2659 870 2714 corpor.
897 2641 1032 2695 libus
1070 2634 1435 2702 voluptatibus,
1464 2645 1578 2701 qua!
1605 2629 1824 2682 militant
1851 2629 2093 2678 adversus

507 2741 731 2791 animam
761 2732 809 2804 (Ι
849 2729 962 2784 Pet.
994 2732 1082 2796 tt);
1117 2739 1167 2782 et
1201 2727 1430 2779 iterum:
1468 2720 1644 2801 Nolite
1685 2717 1863 2771 mirari
1892 2716 1960 2768 ad
1991 2717 2093 2784 fer-

507 2845 696 2892 vorem,
728 2799 817 2897 qui
847 2825 913 2878 ad
942 2822 1273 2877 tentationem
1301 2818 1439 2870 vobis
1471 2817 1526 2882 [it
1544 2829 1562 2876 ;
1592 2799 1740 2884 quasi
1764 2810 1876 2864 novi
1896 2807 2094 2877 aliquid

507 2922 645 2976 vobis
671 2909 931 2989 contingat
961 2913 1012 2985 (Ι
1046 2913 1162 2969 Pet.
1182 2912 1276 2979 tv).
1312 2909 1440 2964 Item
1469 2915 1685 2978 postea:
1713 2901 1886 2956 Sobrii
1913 2910 2091 2964 estote,

506 3003 554 3068 et
583 2994 810 3082 vigilite,
839 3008 962 3080 quia
988 3005 1314 3061 adversarius
1341 3010 1500 3055 vester
1530 2997 1791 3060 diabolus,
1830 2994 1975 3064 quasi
2017 2993 2093 3044 leo

509 3107 745 3176 fremens,
775 3102 951 3156 circuit
984 3112 1216 3167 qumreus
1248 3110 1398 3162 quem
1427 3093 1659 3155 devoret;
1687 3089 1771 3142 cui
1800 3086 2017 3139 resistite
2044 3085 2090 3136 iu

507 3198 612 3265 [ide
638 3193 686 3264 (Ι
720 3191 836 3248 Pet.
864 3195 951 3263 v):
995 3191 1227 3245 scientes
1264 3185 1480 3240 easdem
1524 3183 1802 3252 passiones
1852 3179 1905 3233 itt
1952 3179 2095 3232 omni

510 3303 630 3358 quas
674 3295 759 3342 est
802 3286 852 3338 io
905 3282 1104 3337 mundo
1134 3279 1468 3333 fraternitate
1502 3288 1678 3328 vestra
1724 3271 1874 3334 ﬁeri,
1921 3284 1950 3323 a
1993 3283 2096 3339 qua

510 3381 842 3433 fraternitate
865 3375 1115 3428 nimirum
1139 3387 1198 3426 se
1221 3372 1320 3440 ipsi
1347 3368 1584 3422 ﬁdelium
1608 3379 1750 3432 saepe
1777 3373 2094 3419 cunctorum

511 3470 708 3526 fratres
738 3467 1056 3520 anuuntiaot
1078 3504 1093 3530 ,
1136 3477 1235 3516 nec
1273 3475 1423 3514 suam
1455 3458 1748 3526 probantur
1772 3455 2098 3509 discrevisse

513 3573 822 3634 persanata.
876 3557 1027 3611 Dicat
1068 3557 1256 3608 beatus
1291 3551 1528 3607 Joannes
1556 3546 1832 3617 apostolus
1860 3555 1914 3624 et
1940 3560 2101 3598 evan-

513 3652 703 3722 gelism
745 3649 831 3702 ille
869 3649 956 3716 qui
999 3647 1050 3700 in
1096 3655 1313 3713 pectore
1351 3642 1623 3696 discubuit
1651 3638 1993 3695 Salvatoris:
2041 3635 2102 3690 Si

516 3743 798 3799 dixerimus
829 3743 949 3811 quia
991 3747 1250 3807 peccatum
1297 3751 1400 3788 non
1446 3733 1719 3798 habemus,
1771 3731 2104 3796 nosmetipsos

517 3834 836 3897 seducimus,
888 3848 1010 3900 quia
1050 3831 1234 3883 veritas
1277 3827 1329 3879 in
1371 3824 1519 3878 nobis
1568 3839 1670 3876 non
1713 3831 1824 3886 est;
1881 3821 2017 3891 quod
2062 3819 2104 3871 si

517 3927 740 3994 cattfessi
783 3923 1028 3992 fuerimus
1067 3919 1255 3973 d-ticta
1292 3926 1492 3979 nostra,
1533 3914 1702 3984 fidelis
1737 3921 1809 3965 est
1838 3919 1885 3965 et
1911 3916 2103 3980 justus,

518 4022 605 4088 qui
650 4019 873 4072 dimittat
916 3999 1059 4069 nobis
1096 4022 1343 4084 peccata,
1390 4018 1438 4063 et
1479 4009 1686 4061 mundet
1730 4020 1822 4058 nos
1863 4003 1926 4056 ab
1969 4001 2108 4056 omni

519 4113 786 4184 iniquitate
813 4107 867 4182 (I
895 4109 1052 4161 Joan.
1075 4103 1139 4176 t).
1175 4104 1299 4159 Item
1331 4100 1472 4173 quod
1496 4102 1540 4155 si
1569 4098 1847 4154 dixerimus
1867 4096 1986 4167 quia
2007 4111 2108 4148 non

521 4201 867 4275 peccavimus,
895 4196 1194 4250 mendacem
1219 4195 1470 4263 faciemus
1499 4206 1636 4248 eum.
1656 4197 1703 4241 et
1733 4187 1948 4242 Verbum
1977 4187 2091 4256 ejus

523 4313 629 4350 non
679 4293 775 4345 erit
821 4293 875 4344 in
921 4289 1066 4342 nobis
1116 4285 1319 4355 (Ibid.).
1360 4285 1515 4339 Dicat
1549 4282 1691 4336 idem
1729 4279 1896 4334 :Ha'c
1929 4278 2095 4333 scribo

526 4387 668 4444 vobis
698 4393 753 4438 ut
781 4400 883 4437 non
921 4381 1156 4451 peccetis.
1188 4377 1290 4429 Sed
1313 4377 1356 4429 si
1377 4377 1492 4441 quis
1530 4374 1837 4442 peccaverit,
1872 4372 2099 4425 advoca-

2177 427 2424 498 ﬁdelibus
2454 425 2687 480 insinuet
2716 423 2840 492 quid
2872 437 3034 492 super
3061 421 3162 475 hac
3193 430 3342 488 parte
3369 420 3631 483 sentiret,
3669 418 3767 474 sed

2175 521 2334 574 etiam
2375 515 2504 584 quid
2553 517 2620 569 de
2666 529 2725 569 se
2772 517 2888 580 ipso
2933 512 3276 583 pronuntiet,
3309 511 3478 564 libere
3525 509 3768 564 veritatis

2176 614 2363 662 doctor
2402 606 2704 659 annuntiat.
2764 605 2826 658 Et
2873 605 3125 672 quoniam
3181 603 3397 671 ldlt'gfltt
3440 610 3521 652 est
3570 610 3765 654 cuncta

2176 718 2292 772 qua:
2321 700 2386 753 ad
2420 699 2555 753 Itauc
2594 712 2811 753 causam
2863 697 3123 765 pertinent
3155 694 3296 748 tlirta
3333 697 3633 756 revotvereg
3672 710 3767 758 po-

2184 802 2378 847 nautur
2407 807 2572 860 pauca
2603 791 2668 843 de
2697 789 2900 853 multis,
2953 803 3016 843 ex
3061 787 3258 855 quibus
3307 785 3458 837 uulti~
3488 786 3764 837 sufﬁcion-

2181 887 2384 940 tissime
2413 885 2832 945 demouswetur,
2879 881 3048 947 magis
3091 895 3188 932 nos
3217 896 3337 932 cum
3373 877 3534 930 Paulo
3563 877 3594 929 d
3636 876 3770 930 bore

2181 979 2462 1041 inlirmari,
2495 986 2551 1030 ut
2584 977 2788 1028 italtilt‘l
2811 973 3060 1026 Christus
3110 973 3160 1024 itt
3215 971 3388 1032 nobis,
3437 985 3595 1036 quant
3646 983 3768 1021 cum

2179 1069 2410 1137 quolibet
2445 1069 2601 1122 aliter
2628 1047 2892 1119 senzieute
2920 1078 3079 1132 quam
3129 1062 3328 1115 Paulus
3372 1060 3537 1114 fortes
3573 1061 3768 1120 videri,

2180 1171 2234 1216 et
2266 1163 2404 1212 velut
2455 1158 2616 1226 (quod
2665 1154 2851 1223 absit!)
2877 1155 3076 1210 Christi
3129 1155 3385 1208 remediis
3433 1169 3537 1205 non
3582 1168 3768 1219 egere.

2183 1255 2270 1308 Ait
2313 1267 2480 1322 ergo:
2532 1251 2652 1304 Scio
2693 1249 2826 1302 enim
2868 1248 2988 1312 quia
3031 1263 3133 1299 non
3178 1247 3315 1298 habit
3354 1255 3370 1297 t
3418 1246 3470 1297 iu
3511 1262 3620 1307 me,
3673 1245 3771 1296 hoc

2181 1354 2276 1408 est,
2320 1343 2372 1395 in
2412 1357 2564 1393 carne
2603 1355 2735 1403 mea,
2783 1338 3004 1401 bonum;
3048 1351 3166 1388 nam
3209 1334 3335 1388 velle
3374 1336 3574 1405 adjacet
3611 1333 3768 1393 mhi.

2183 1433 2422 1500 per/icere
2459 1439 2627 1484 autem
2667 1429 2854 1482 bonum
2892 1443 2993 1480 non
3028 1426 3272 1480 invenio:
3316 1443 3416 1478 nun
3459 1427 3593 1478 enim
3633 1424 3772 1492 quod

2182 1524 2295 1576 volo
2335 1521 2431 1573 hoc
2479 1521 2636 1590 facio,
2683 1536 2783 1572 non
2824 1534 2917 1588 ego
2961 1533 3143 1581 operor
3183 1516 3334 1580 illud,
3382 1517 3470 1568 sed
3512 1519 3648 1584 quod
3681 1516 3774 1568 ha~

2189 1618 2312 1672 bitat
2347 1616 2400 1668 in
2437 1631 2515 1667 me
2555 1622 2818 1676 peccatum
2843 1610 3021 1681 (Rom.
3055 1609 3174 1676 vn).
3226 1610 3395 1661 Item:
3438 1606 3776 1662 Condeleztor

2187 1710 2321 1763 enim
2360 1707 2458 1774 legi
2498 1705 2588 1758 Dei
2629 1705 2909 1758 secundum
2952 1701 3245 1753 interiorem
3286 1698 3582 1751 hominem:
3625 1696 3774 1748 rideo

2189 1811 2358 1857 autem
2412 1802 2569 1852 aliam
2619 1796 2776 1867 legem
2838 1796 2890 1847 in
2952 1793 3189 1845 membris
3240 1791 3362 1843 meis
3408 1798 3776 1859 repugnanti-nt

2190 1893 2288 1964 legi
2328 1890 2508 1943 mentis
2554 1902 2706 1949 mete,
2763 1900 2823 1937 ac
2864 1885 3118 1951 captivum
3158 1898 3236 1934 me
3271 1883 3535 1932 (lucentem
3575 1879 3626 1930 in
3668 1878 3779 1946 lege

2189 1984 2401 2056 peccati,
2443 1996 2554 2050 qua:
2591 1987 2663 2032 est
2704 1979 2756 2031 in
2802 1977 3034 2029 membris
3075 1975 3220 2027 meis.
3273 1971 3433 2024 Μίδαν
3463 1988 3554 2039 ego
3596 1970 3778 2029 homo,

2189 2085 2300 2144 quis
2341 2092 2421 2128 me
2461 2071 2692 2127 liberabit
2735 2071 2798 2121 de
2837 2084 3049 2132 carpare
3099 2067 3278 2118 martis
3328 2064 3530 2128 huius?
3592 2061 3780 2115 Gratia

2193 2169 2288 2222 Dei
2328 2183 2416 2237 per
2453 2164 2632 2217 Iesum
2674 2160 2934 2215 Christum
2981 2157 3254 2210 Dominum
3296 2164 3521 2208 nostrum
3565 2153 3780 2221 (Ibid).

2191 2264 2369 2331 Quare
2408 2274 2466 2312 se
2503 2257 2663 2323 igitur
2696 2255 2950 2307 mi~erum
2994 2251 3266 2303 hominem
3296 2264 3364 2315 ap
3388 2246 3570 2299 mil-tl?
3612 2260 3782 2311 quare

2192 2370 2250 2408 se
2275 2350 2470 2421 gaudet
2498 2363 2593 2418 per
2619 2346 2814 2400 Cltristi
2843 2344 3066 2410 gratiam
3094 2342 3161 2394 de
3185 2340 3369 2394 morti~
3395 2353 3617 2404 corpore
3649 2337 3784 2389 lihe-

2192 2445 2320 2507 t'at'i,
2345 2443 2388 2496 si
2417 2442 2577 2496 nullis
2599 2437 2879 2492 affectibus
2903 2435 3149 2487 humatue
3173 2432 3402 2485 uti~erite
3431 2431 3617 2491 pulsab
3655 2440 3742 2481 tur
3764 2467 3781 2492 ,

2193 2535 2239 2590 si
2271 2534 2432 2588 nullis
2461 2531 2836 2587 inlesmbatur.
2879 2542 2946 2580 ex
2979 2526 3172 2595 qitiltns
3203 2524 3521 2575 I:ltt'tat‘elttt‘
3555 2522 3785 2572 itu-urs-

2195 2625 2338 2680 bus?
2378 2626 2504 2679 Item
2536 2621 2674 2676 idem
2701 2637 2714 2673 :
2751 2618 2882 2672 Caro
2911 2614 3221 2686 concupiscit
3253 2613 3495 2665 adver~us
3520 2612 3782 2678 spiritum,

2193 2728 2242 2773 et
2285 2719 2494 2789 spiritus
2534 2715 2773 2768 adversus
2814 2722 3060 2763 carnem:
3105 2705 3214 2758 hac
3255 2705 3387 2757 enim
3430 2705 3644 2756 invicem
3686 2701 3759 2754 ad

2195 2821 2458 2864 versantur
2493 2806 2618 2868 sibi,
2671 2813 2726 2857 ut
2767 2819 2866 2854 non
2905 2816 3019 2868 qua!
3058 2799 3210 2852 vultis
3253 2797 3342 2849 illa
3379 2796 3608 2866 faciatis.
3664 2793 3783 2847 Non

2197 2901 2327 2956 enim
2368 2914 2480 2968 qute
2515 2896 2624 2950 vult
2661 2896 2871 2966 spiritus
2913 2891 3130 2958 perﬁcit,
3161 2905 3221 2942 ne
3262 2890 3323 2939 de
3364 2888 3671 2954 perfectione
3698 2902 3788 2936 su-

2201 2993 2393 3062 perb’at
2415 2989 2557 3063 (Gal.
2582 2992 2670 3051 v);
2701 2997 2752 3040 et
2784 2985 2926 3040 idem
2955 3003 2966 3036 :
3000 3000 3102 3035 non
3133 2981 3330 3052 perﬁcit
3364 2996 3484 3032 caro
3514 2994 3624 3048 quin
3654 2980 3782 3041 vult,

2123 3064 2170 3128 (ἶ
2203 3096 2259 3140 ut
2287 3087 2364 3138 sic
2389 3081 2635 3134 humana:
2663 3075 2987 3132 Conditiouis
3013 3073 3321 3127 admoneat.

2272 3176 2348 3230 Ne
2393 3187 2570 3228 tamen
2611 3183 2990 3239 usquequaque
3024 3165 3353 3234 propositum
3384 3161 3540 3215 lidele
3571 3160 3792 3214 demer-

2203 3282 2283 3337 gat
2315 3285 2329 3333 ;
2381 3281 2442 3320 ac
2474 3281 2540 3318 ne
2572 3262 2820 3323 forsitan,
2859 3268 2915 3313 ut
2943 3260 3120 3310 solent
3149 3255 3363 3326 quidam
3401 3253 3546 3305 tonis
3577 3253 3790 3315 opinio-

2205 3359 2362 3413 nibus
2391 3355 2673 3414 arbitrari,
2721 3350 2862 3422 quod
2909 3350 3022 3403 haec
3059 3349 3118 3404 Β.
3149 3346 3424 3416 apostolus
3464 3345 3660 3399 Paulus
3690 3344 3795 3398 Stth

2205 3451 2426 3505 alterius
2467 3447 2648 3501 nescio
2677 3445 2832 3511 cujus
2875 3456 3103 3511 perSona
3138 3439 3479 3506 pronuntiet,
3521 3451 3680 3504 quam
3726 3436 3796 3488 de

2205 3545 2382 3610 seipSo
2410 3540 2666 3605 fateatur;
2710 3537 2952 3606 quamvis
2988 3533 3117 3587 nihil
3164 3533 3271 3586 i-Iic
3302 3531 3407 3586 tale
3438 3532 3611 3584 valeat
3645 3545 3798 3598 pror-

2207 3653 2299 3692 sns
2327 3634 2574 3699 ostendi,
2613 3642 2792 3685 tamen
2837 3645 2957 3682 cum
3001 3627 3068 3682 ait
3101 3645 3114 3679 :
3148 3625 3304 3679 Miser
3333 3643 3426 3692 ego
3455 3623 3487 3675 It
3531 3640 3641 3690 mo,
3685 3622 3799 3690 quis

2208 3747 2287 3783 me
2317 3727 2546 3782 liberabit
2585 3727 2648 3778 de
2677 3739 2891 3791 corpore
2921 3721 3100 3773 mortis
3132 3719 3333 3779 huius?
3373 3715 3553 3770 Gratia
3585 3714 3679 3767 Dei
3710 3730 3801 3779 per

2207 3821 2393 3881 Iesum,
2415 3818 2708 3882 Christum,
2755 3827 2860 3868 Iam
2892 3812 3140 3880 gentilis,
3189 3825 3347 3877 quam
3389 3807 3558 3860 Juda'i
3593 3815 3799 3858 remota

2209 3912 2467 3982 probetur
2494 3922 2616 3962 esse
2647 3920 2906 3974 persona;
2938 3901 3218 3956 audiamus
3261 3908 3437 3951 tamen
3471 3897 3610 3947 hunc
3639 3895 3797 3956 alibi,

2209 4005 2358 4074 quasi
2382 4017 2502 4057 sese
2523 4015 2682 4053 manu
2715 3997 2928 4066 pl‘Oltl'ia
2955 3995 3322 4061 dt'SignalIlt‘ﬂl
3354 4005 3416 4042 ac
3447 3986 3800 4052 semetipsum

2209 4097 2520 4168 specialiter
2569 4093 2887 4147 Indicautem
2940 4106 2954 4143 :
3003 4085 3113 4156 Ego
3155 4101 3264 4153 tpse
3295 4093 3457 4135 mente
3500 4081 3664 4134 servio
3705 4078 3802 4144 tegi

2213 4191 2405 4261 pecctti
2442 4187 2618 4256 (Rom.
2639 4185 2756 4247 Vtt);
2785 4195 2836 4238 et
2868 4184 2992 4236 item
3022 4180 3089 4232 de
3116 4179 3294 4240 seipso
3325 4195 3338 4227 :
3374 4175 3579 4244 Custigo
3617 4189 3804 4238 corpus

2214 4296 2403 4341 meum,
2445 4287 2492 4333 et
2533 4277 2586 4330 in
2625 4276 2919 4330 servitutem
2957 4271 3157 4340 redigo,
3189 4285 3252 4322 ne
3280 4268 3368 4339 qui
3404 4267 3521 4318 aliis
3554 4264 3799 4334 pra-dico.

2213 4375 2321 4441 ipse
2355 4369 2600 4442 reprobus
2640 4366 2827 4436 eﬂ‘iciar
2852 4361 2904 4437 (Ι
2971 4359 3204 4428 Cor.tx).
3231 4359 3359 4425 Quis
3391 4358 3548 4423 igitur
3578 4370 3684 4407 non
3712 4354 3804 4404 nd-

532 4488 643 4533 tum
672 4475 920 4530 habemus
948 4473 1087 4542 apud
1114 4468 1575 4536 Patremjustum,
1597 4474 1644 4518 et
1661 4467 1770 4535 ipse
1800 4464 2103 4533 propitiatio
2137 4435 2186 4496 Β
2218 4435 2422 4521 ιίθτιθί
2453 4460 2579 4532 (ιυξά
2626 4435 2887 4513 interesse
2933 4456 3167 4525 potuerit
3205 4452 3343 4521 quod
3396 4447 3632 4504 membra
3709 4461 3804 4500 sua

533 4576 867 4638 peccatorum
904 4571 1225 4624 nostrorum,
1262 4577 1365 4613 non
1412 4565 1615 4610 tantum
1665 4565 1980 4618 nostrorum,
2018 4554 2108 4607 sed

539 4667 591 4710 et
624 4657 782 4708 totius
817 4652 1000 4705 mundi
1032 4649 1081 4715 (Ι
1108 4649 1266 4702 Joun.
1295 4648 1382 4714 tt).
1408 4648 1542 4702 Item
1579 4646 1694 4715 ipse
1725 4662 1737 4697 :
1769 4642 1934 4697 Omne
1975 4643 2110 4713 quod

539 4750 596 4803 in
631 4748 824 4800 mundo
855 4755 950 4807 est,
989 4727 1407 4810 concupiscentia
1445 4739 1623 4793 carnis
1663 4745 1758 4800 est,
1789 4745 1836 4787 et
1852 4734 2115 4805 'concupi-

544 4841 743 4897 scentia
784 4837 1074 4898 oculorum,
1109 4841 1158 4886 et
1203 4833 1420 4888 ambitio
1462 4830 1660 4896 swculi,
1701 4845 1949 4900 quaeram
1985 4836 2058 4881 est
2087 4847 2118 4882 a

546 4933 735 4994 Patre,
769 4930 860 4983 sed
895 4944 957 4981 ea:
992 4926 1187 4980 mundo
1217 4933 1328 4989 est;
1357 4933 1405 4976 et
1434 4921 1656 4976 mundus
1691 4921 1901 4983 transit,
1920 4928 1967 4973 et
1995 4936 2121 4971 con-

551 5023 872 5094 cupiscentia
919 5019 1032 5088 ejus
1061 5033 1077 5070 :
1105 5016 1193 5086 qui
1238 5023 1414 5068 autem
1454 5013 1634 5082 fecerit
1667 5010 1990 5065 voluntatem
2023 5009 2128 5062 Do-

552 5117 704 5180 mini,
730 5121 903 5168 manet
924 5112 978 5164 in
1004 5119 1258 5164 wternum
1281 5104 1481 5175 (Ibid).
1507 5102 1704 5159 Veniat
1726 5104 1983 5157 minimus
2003 5117 2133 5172 θροι-

556 5211 846 5272 stolarum,
878 5205 971 5261 sed
998 5205 1105 5260 Vas
1148 5201 1437 5258 electionis
1483 5198 1612 5262 Dei;
1650 5197 1838 5252 veniat
1874 5195 2134 5265 magister

558 5303 802 5376 gentium
838 5299 1056 5363 Paulus,
1083 5295 1409 5367 praedicator
1443 5291 1642 5347 divinae
1671 5291 1857 5360 gratia:
1889 5288 2134 5358 singula-

560 5397 656 5460 ris,
691 5403 748 5450 et
795 5391 1042 5464 mysterii
1089 5386 1331 5444 cmlcstis
1380 5385 1639 5454 copiosus
1685 5382 1982 5452 expositor,
2039 5379 2129 5436 ille

563 5489 656 5559 qui
699 5486 867 5541 verba
916 5478 1216 5537 ineffabilia
1267 5477 1384 5532 sive
1432 5476 1487 5530 in
1529 5487 1758 5544 corpore
1811 5472 1926 5526 sive
1980 5479 2136 5525 extra

565 5593 770 5649 corpus
789 5575 1044 5634 nesciens
1065 5573 1121 5627 in
1144 5569 1370 5626 tertium
1403 5567 1600 5624 coelum
1637 5567 1848 5622 levatus
1877 5561 2090 5619 audivit
2121 5578 2136 5614 :

571 5670 664 5739 qui
692 5679 840 5726 tanta
872 5667 1045 5742 gratia
1079 5660 1429 5725 redundavit,
1466 5665 1529 5713 ut
1566 5674 1694 5716 cum
1717 5657 1962 5716 omnium
1991 5662 2138 5712 esset

2216 4557 2523 4625 Castigando
2555 4554 2867 4609 refrenari-t.
2891 4567 2957 4603 ne
2986 4547 3246 4616 reprobus
3274 4544 3550 4605 exi~teret,
3575 4541 3619 4595 si
3646 4539 3805 4594 uultis

2220 4647 2412 4702 talibus
2443 4645 2671 4700 stimulis
2702 4659 2736 4714 p
2761 4643 3029 4704 tistll'ellll‘,
3063 4639 3204 4707 quod
3241 4633 3580 4706 negligenda,
3615 4643 3666 4686 et
3701 4648 3804 4685 non

2217 4740 2457 4808 corporis
2501 4738 2580 4794 sui
2625 4737 2972 4805 castigatione
3017 4732 3334 4798 subigendo,
3383 4729 3647 4796 reprobus
3688 4741 3808 4781 esse

2221 4831 2518 4903 potuisset?
2557 4828 2892 4896 Quapropter
2930 4839 3050 4879 Cum
3095 4823 3210 4877 Itch
3253 4831 3308 4876 et
3343 4819 3569 4887 apostoli
3610 4819 3678 4871 de
3715 4832 3805 4871 see

2223 4925 2463 4994 metipsis
2489 4922 2709 4993 pt'nl'eSSi
2743 4921 2905 4976 luisse
2937 4928 3323 4980 monstrentur,
3349 4915 3438 4982 qui
3468 4911 3676 4968 etiamsi
3709 4913 3809 4963 ista

2223 5017 2441 5072 minime
2492 5012 2880 5082 prodidissent,
2932 5008 3116 5076 procul
3169 5008 3329 5061 dubio
3385 5015 3561 5058 tamen
3619 5017 3813 5057 omnes

2223 5112 2520 5165 orationem
2561 5105 2883 5160 dominicam
2930 5114 2984 5158 et
3014 5101 3321 5157 necessario
3350 5099 3725 5168 praedicarem,
3759 5107 3811 5148 et

2222 5203 2397 5258 veraci
2441 5201 2604 5256 corde
2650 5199 2971 5267 proterrent,
3020 5210 3121 5262 qua
3163 5192 3401 5261 quotidie
3449 5187 3815 5258 Sttpplicatttes

2225 5297 2417 5353 dimitti
2447 5294 2547 5349 sibi
2579 5309 2672 5349 sua
2704 5292 2884 5347 debita
2917 5287 3270 5357 postularent.
3301 5293 3357 5339 et
3387 5299 3452 5335 ue
3481 5282 3532 5335 iu
3567 5288 3815 5334 tentato-

2227 5403 2348 5444 nem
2387 5385 2768 5440 inducerentur
2795 5395 3010 5448 orasse,
3042 5388 3097 5433 et
3125 5388 3175 5430 ut
3219 5391 3248 5429 a
3281 5374 3422 5428 malo
3459 5371 3817 5425 liberarentur

2227 5480 2542 5550 suppliciter
2569 5477 2885 5546 implorasse
2904 5474 3225 5533 doceantur,
3253 5477 3469 5537 propter
3489 5462 3628 5531 quod
3651 5461 3815 5514 etiam

2228 5571 2540 5632 B..Ioannes
2577 5566 2874 5640 apostolus,
2925 5563 3067 5635 quod
3110 5575 3272 5629 supra
3311 5558 3421 5628 jam
3464 5554 3665 5610 dictum
3707 5557 3814 5614 est,

2232 5663 2548 5733 intelligitur
2577 5658 2828 5722 edidisse.
2861 5657 3046 5714 dicezzs
3074 5669 3090 5710 :
3121 5651 3184 5710 Si
3211 5650 3489 5706 dixerimus
3519 5659 3609 5700 nos
3639 5655 3816 5714 pecca-
