4098 6172
317 257 403 312 121

1528 253 1872 311 EPISTOLJi
1917 253 1990 308 E1
2044 255 2382 314 DECRETA.

3491 268 3590 322 ΕΞ

315 384 418 426 tum
448 388 553 425 non
586 371 791 435 habere,
823 376 1111 427 mendacem
1143 374 1385 441 faciemus
1417 389 1532 426 cum
1561 372 1612 424 ll
1634 370 1791 426 Joan.
1828 382 1892 442 ι),
1930 376 1976 432 A
2004 375 2376 443 susinuimus,
2432 379 2664 446 ipsarum
2713 396 2893 436 rerum
2939 381 3256 437 desideratis
3305 385 3583 440 afl'owtibus

314 465 584 519 Christum
625 463 852 531 scilicet,
884 467 972 532 qui
1014 465 1148 519 banc
1185 465 1372 520 orandi
1418 465 1642 524 formam
1675 466 1785 520 suis
1823 465 1905 520 di-

313 556 529 624 ειιίμιιιίς
575 557 946 620 comlidis~et,
998 557 1049 610 in
1097 573 1200 624 qua
1252 558 1333 611 vel
1384 557 1683 624 quotidiani
1735 557 1900 612 debili

315 653 491 701 rrlava
524 650 575 700 io
600 650 924 714 proveniret,
954 660 1006 702 et
1052 665 1119 703 ne
1146 651 1195 702 in
1229 651 1573 704 tentatinnem
1605 650 1901 704 inciderent

315 744 687 805 imp‘nrarent,
710 741 792 792 vel
827 749 882 794 nt
904 761 929 790 a
956 741 1096 793 malo
1127 742 1479 795 liberarentur
1525 751 1900 809 exposcerent,

314 835 352 882 si
389 831 516 882 nihil
551 840 698 884 es~et
729 834 947 882 otun'no
985 831 1125 899 quod
1153 842 1242 883 aut
1271 831 1508 885 debitum
1551 841 1904 900 prmgt‘aVaret

317 923 538 974 minime
563 923 858 976 relaxa'um
905 934 988 975 aut
1019 923 1239 976 tentatio
1268 936 1438 991 posset
1469 922 1652 978 inferri
1677 924 1899 989 peccati,

315 1026 401 1066 aut
447 1015 655 1067 nullum
688 1030 716 1065 a
751 1029 858 1077 quo
901 1015 1251 1070 liberarentur
1299 1018 1492 1068 nmtmu
1538 1031 1755 1080 pror~us
1792 1015 1906 1069 esi-

316 1115 501 1160 s'eret.
535 1107 625 1159 Sic
662 1117 841 1159 autem
871 1109 1129 1172 quosdam
1176 1121 1351 1160 movet
1389 1109 1684 1176 surripiens
1724 1107 1902 1162 illusio

317 1196 722 1257 dormientium,
757 1197 903 1263 quasi
935 1213 1036 1250 non
1067 1199 1284 1261 gravior
1312 1204 1571 1252 :estimata
1607 1201 1672 1252 sit
1704 1214 1904 1253 concu-

319 1290 573 1358 p'stentia
621 1290 974 1350 vigilantium.
1027 1290 1283 1357 Quamvis
1333 1292 1473 1346 enim
1521 1301 1574 1344 et
1623 1292 1902 1346 insolentia

317 1382 614 1443 corpomlis
643 1379 973 1445 frequr'n'ins
1002 1381 1320 1435 refrt-nanda
1350 1383 1421 1434 sit
1447 1381 1528 1434 vel
1555 1383 1904 1448 castigatione

315 1475 365 1544 ie
390 1473 527 1540 unii,
560 1473 642 1526 vel
685 1473 926 1536 ciborum
966 1474 1267 1542 frugalitate
1306 1484 1662 1540 sumptortnn,
1697 1489 1764 1527 ne
1792 1489 1906 1528 ma-

317 1568 446 1622 teria
491 1567 706 1634 prasbea
737 1583 799 1620 nr
836 1567 1082 1620 humanis
1129 1569 1378 1622 sensibus
1424 1568 1771 1636 phantasticre
1809 1580 1905 1620 vo-

317 1658 538 1723 luptatis
590 1659 967 1727 imaginatione
1011 1659 1274 1719 fallendis.
1318 1659 1398 1713 vel
1442 1659 1646 1724 magnis
1696 1658 1795 1710 hoc
1835 1656 1904 1711 de

316 1751 665 1805 mist-ratione
694 1752 870 1804 div'na
913 1751 978 1804 sit
1014 1751 1256 1822 precibus
1299 1752 1715 1817 implorandum,
1751 1763 1806 1806 ut
1833 1751 1900 1805 ab

325 1840 667 1908 illecebrosis
692 1841 981 1895 visionibus
1027 1843 1215 1910 sopitae
1246 1852 1452 1896 mentes
1483 1844 1771 1897 reddantur
1804 1845 1902 1896 im-

317 1949 508 1987 munes
535 1950 548 1984 :
583 1945 759 1985 tamen
791 1933 904 1988 sive
930 1933 1042 1987 ha-c
1072 1935 1462 1992 incontinenter
1487 1936 1765 2003 agentibus
1789 1934 1909 1988 sive.

239 2064 246 2070 .
316 2025 622 2078 virentibus
649 2025 988 2078 continenter
1024 2025 1296 2088 eveniant,
1346 2033 1491 2078 certe
1539 2026 1582 2076 si
1629 2024 1748 2091 quis
1794 2031 1898 2092 est,

317 2116 493 2169 minor
533 2125 715 2167 reatus
753 2126 834 2178 est
872 2117 1246 2182 nescientium,
1277 2133 1432 2184 quam
1461 2116 1690 2167 carnalis
1721 2117 1908 2179 opt-ria

315 2191 557 2272 appetitui
588 2207 760 2273 palam
797 2217 1083 2275 aperteque
1121 2208 1464 2273 cupientium.
1503 2205 1741 2274 Denique
1781 2207 1904 2260 licet

315 2313 418 2350 non
459 2312 629 2366 parvo
666 2299 752 2351 hei
797 2313 1016 2352 munere
1059 2299 1292 2366 potiatur
1331 2298 1572 2366 quisquis
1609 2307 1701 2350 aut
1739 2298 1902 2351 nullis

317 2389 534 2451 talibus,
565 2390 608 2440 si
641 2389 754 2442 fieri
790 2400 986 2457 potest,
1019 2401 1107 2443 aut
1137 2392 1365 2454 pt-rraris
1399 2392 1641 2456 pulsatur
1671 2391 1900 2458 insidiis,

314 2494 576 2545 nusquam
609 2480 832 2540 legimus.
866 2480 918 2532 in
944 2479 1153 2546 culpam
1187 2478 1364 2533 vocari
1399 2479 1766 2548 phantasmata
1808 2495 1901 2534 so-

314 2573 612 2631 mniorum.
647 2570 739 2622 sed
775 2571 926 2635 plane
960 2571 1123 2636 ipsius
1155 2570 1362 2624 Domini
1397 2586 1526 2624 vot'e
1557 2585 1660 2624 non
1695 2571 1904 2637 ignora-

313 2677 428 2715 nius
454 2677 579 2717 esse
608 2663 979 2730 depromptum
1013 2663 1152 2733 quod
1193 2665 1421 2734 quisquis
1443 2665 1699 2718 mulierem
1723 2665 1902 2718 viderit

311 2754 377 2806 ad
431 2754 934 2817 con'upiscendum.
1005 2755 1232 2809 eamdem
1285 2757 1352 2810 sit
1401 2773 1493 2809 suo
1562 2757 1714 2808 corde
1779 2773 1902 2810 moe-

311 2855 490 2906 chatus
518 2851 736 2922 (Matth.
767 2851 844 2920 v),
875 2853 962 2907 ubi
1004 2863 1394 2922 consequenter
1434 2863 1638 2908 reatum
1679 2853 1903 2909 Subesse

310 2964 412 3000 non
462 2945 686 2999 dnbiutn
733 2953 836 2999 est.
895 2944 1125 3002 Ideoque
1183 2955 1306 3010 tam.
1335 2947 1444 3012 jngi
1487 2945 1745 3012 supplicat
1772 2961 1898 3012 one,

309 3052 466 3105 quam
500 3037 885 3104 eleemo~ynis,
923 3039 1241 3105 caztrrisqne
1279 3037 1432 3089 bonis
1470 3038 1768 3090 actionibus
1801 3053 1902 3092 ex-

2008 481 2376 536 assequamur,
2399 478 2662 538 quatenus
2685 469 2784 525 hac
2809 471 3175 527 incursionum
3202 484 3347 542 peste
3370 493 3590 542 prorsus

2007 564 2188 625 exuti,
2242 562 2526 624 tranquilla
2577 577 2793 627 semper
2846 567 3269 623 sanctificatione
3319 571 3586 633 vivamus,

2006 651 2145 718 quod
2173 651 2222 704 in
2251 653 2340 705 il'a
2373 653 2544 706 futura
2579 655 2906 708 beititudine
2939 663 3266 723 promittitur
3292 678 3410 712 esse
3442 678 3589 714 com-

2008 748 2291 816 plendum,
2330 768 2470 816 cum,
2504 755 2638 807 sicut
2671 756 2742 806 ait
2776 756 3094 818 Apostolus,
3122 757 3450 824 corruptibilc
3492 757 3588 810 hoc

2006 843 2230 897 int/ueri!
2270 845 2725 909 incorruptionem.
2776 858 2823 899 et
2853 848 3065 900 mortale
3099 848 3194 901 huc
3234 849 3460 902 induerit
3493 851 3588 901 im-

2005 936 2365 989 mortalitatem
2391 935 2442 999 (1
2463 935 2582 991 Cor.
2607 939 2718 1001 xv),
2753 946 2911 1006 atque.
2941 940 3172 992 animale
3205 955 3400 1005 corpus
3431 943 3590 1005 spiri-

2008 1025 2200 1076 tualem
2233 1027 2515 1092 sumpserit
2547 1027 2880 1088 dignitatem.
2934 1029 3092 1095 Igitur
3122 1029 3338 1081 dubium
3373 1047 3476 1081 non
3507 1040 3590 1082 est

2006 1118 2183 1184 superl
2207 1116 2309 1170 iam
2359 1131 2520 1184 super
2567 1135 2726 1173 omne
2769 1134 2888 1172 esse
2935 1131 3240 1180 peccaturo;
3289 1121 3481 1186 quippe
3521 1121 3589 1173 de

2006 1223 2106 1275 qua
2133 1209 2390 1274 scriptum
2420 1218 2501 1262 est
2524 1227 2537 1261 :
2569 1209 2784 1262 Initium
2807 1212 2969 1263 omnis
2991 1211 3184 1278 peccati
3203 1212 3437 1279 superbi.
3462 1209 3590 1272 (Ec-

2005 1298 2097 1352 cli.
2136 1298 2212 1365 κ).
2257 1298 2408 1364 Quod
2455 1309 2657 1352 tantum
2707 1301 2907 1354 malum
2955 1309 3057 1365 est,
3095 1312 3144 1351 ut
3180 1301 3386 1368 singula
3429 1315 3591 1370 prave

2006 1390 2138 1444 facta
2187 1391 2240 1444 in
2283 1392 2382 1445 hoc
2426 1393 2541 1454 ipso
2569 1395 2689 1460 qu'a
2737 1408 2896 1460 prava
2947 1402 3070 1446 sunt
3121 1403 3442 1448 censeantur
3471 1411 3591 1450 esse

2006 1483 2328 1549 damnanda,
2354 1484 2573 1554 solaque
2601 1486 2668 1536 sit
2689 1485 2938 1551 superbia
2990 1501 3106 1552 quae
3130 1495 3184 1540 et
3213 1488 3262 1539 in
3298 1486 3590 1540 benefactis

2009 1576 2304 1641 periculosa
2328 1575 2623 1630 doceatur:
2648 1575 2759 1629 htec
2786 1585 2867 1628 est
2887 1591 3003 1642 quae
3031 1592 3134 1628 non
3161 1586 3363 1628 tantum
3391 1577 3589 1630 animal

2007 1665 2267 1718 rationale
2315 1665 2367 1719 in
2419 1665 2574 1718 terris
2619 1665 2848 1730 positum
2890 1674 3137 1720 canstare
3178 1680 3281 1718 non
3319 1665 3464 1731 sinit,
3496 1667 3590 1720 scd

2007 1754 2298 1822 angelicam
2325 1771 2535 1822 quoque
2565 1754 2760 1820 dejecit
2790 1754 2977 1806 infesta
3015 1766 3280 1807 natttram.
3308 1755 3438 1808 Nam
3471 1772 3589 1808 cum

2007 1845 2144 1897 Dens
2171 1844 2530 1912 omnipo'ens.
2562 1845 2648 1912 qui
2679 1844 2801 1897 fecit
2832 1846 3009 1896 omnia
3038 1844 3171 1898 bona
3201 1845 3376 1908 valde,
3400 1853 3590 1899 cuncta

2005 1935 2115 1988 suis
2139 1934 2311 1988 modis
2346 1943 2400 1987 et
2423 1935 2674 2001 congruis
2707 1934 2982 1986 ordinibus
3010 1935 3247 1988 instituta
3269 1934 3427 1987 condi
3454 1935 3590 1998 'erit,

2005 2040 2068 2080 ea
2091 2039 2174 2082 nte
2204 2025 2432 2092 propriis
2462 2027 2788 2078 concesserit
2820 2024 2898 2077 vel
2933 2039 3180 2087 manere,
3222 2024 3302 2076 vt'l
3335 2024 3595 2090 prolicere

2004 2130 2163 2184 posse
2206 2117 2500 2177 mensuris;
2555 2113 2640 2168 hic
2692 2113 2986 2168 rationabili
3029 2125 3287 2171 creaturae
3325 2113 3594 2180 subrepsit

2004 2207 2246 2268 affectus.
2271 2207 2358 2275 qui
2388 2223 2480 2275 per
2508 2207 2581 2263 itl.
2607 2205 2746 2271 quod
2779 2207 3058 2262 decentius
3089 2205 3222 2259 facta
3250 2206 3590 2266 consisteret,

2005 2303 2122 2371 plus
2163 2300 2212 2354 ei
2255 2301 2321 2353 de
2354 2299 2564 2363 propria
2605 2298 2883 2365 dignitate.
2920 2296 3210 2355 conlidere.
3257 2313 3412 2363 quam
3456 2298 3594 2354 sicut

2006 2391 2197 2447 modus
2246 2391 2361 2459 ejus
2415 2389 2687 2450 noscebat,
2739 2387 2806 2440 de
2852 2388 2968 2452 ipso
3016 2388 3272 2440 collatore
3319 2385 3595 2453 dignitatis

2005 2483 2244 2543 inaessu.
2276 2491 2435 2546 atque
2474 2481 2540 2533 il'l
2583 2480 2736 2532 aliter
2765 2477 3065 2545 appetendo
3107 2477 3187 2530 sui
3219 2477 3467 2530 culminis
3500 2477 3594 2530 flr-

2007 2572 2266 2633 mitatem,
2297 2586 2452 2640 quam
2483 2579 2796 2632 competens
2829 2568 2945 2636 ejus
2973 2571 3170 2624 decens
3203 2585 3384 2621 norma
3418 2569 3594 2634 reqni.

2007 2672 2168 2726 reret,
2197 2663 2320 2718 fecit
2347 2678 2466 2717 eam
2501 2671 2696 2730 praeter
2723 2661 2964 2715 ordinem
3001 2661 3296 2713 naturalem
3329 2659 3594 2728 cupiendo

2006 2759 2270 2828 fastigium
2325 2757 2500 2810 meriti
2552 2756 2777 2824 potioris
2829 2769 3146 2820 erumpere,
3195 2752 3283 2817 qui
3334 2766 3598 2808 esce~sus

2006 2850 2187 2916 utique
2222 2847 2361 2901 sicut
2402 2855 2605 2900 reatum
2659 2845 2836 2898 intulit
2879 2845 3181 2906 excedenti,
3222 2846 3296 2895 sic
3334 2843 3441 2910 just
3466 2843 3592 2895 tiam

2003 2940 2330 3004 Conditoris,
2369 2948 2553 2992 contra
2582 2937 2734 3006 cujus
2759 2938 2999 2990 ordinem
3047 2934 3382 2997 tondebatur,
3426 2932 3594 2986 olli-n-

2005 3032 2111 3097 dit;
2145 3042 2199 3085 et
2227 3032 2352 3084 dum
2381 3030 2446 3084 ab
2475 3046 2540 3082 eo
2571 3040 2759 3084 tenore
2785 3039 3024 3082 cessatur
3083 3042 3188 3093 quo
3219 3026 3333 3078 solo
3365 3027 3590 3091 prolice-

311 3130 560 3196 piandum
593 3137 691 3183 ε-ι.
727 3127 842 3183 Non
869 3129 1010 3182 etiim
1041 3141 1190 3194 vacat
1222 3127 1495 3199 mysterio,
1529 3128 1668 3194 quod
1699 3128 1898 3184 dictum
1926 3095 1972 3158 ϐ
2007 3139 2150 3180 relnr
2197 3125 2261 3179 ad
2307 3125 2499 3180 summi
2544 3125 2667 3179 boni
2719 3138 2949 3188 perenne
3001 3120 3351 3178 consortium.
3399 3134 3592 3170 Consc-

311 3230 389 3274 est
414 3221 596 3273 omnia
634 3235 724 3288 per
757 3221 1154 3289 eleemosynam
1189 3235 1344 3288 posse
1378 3219 1644 3283 mundari.
1677 3234 1796 3272 cum
1826 3220 1898 3274 ai‘.

311 3309 601 3369 Dominus.
655 3311 782 3362 dum
829 3311 898 3364 de
947 3312 1169 3364 internis
1216 3312 1561 3378 externisque
1611 3310 1900 3380 figuraliter

311 3401 773 3469 pttrilit-atiunibns
803 3404 1108 3471 loquere-tur
1133 3421 1145 3454 :
1173 3402 1534 3457 Verumtamen
1561 3404 1697 3472 quod
1722 3420 1899 3471 super-

310 3505 378 3549 est
398 3535 414 3558 ,
451 3497 573 3548 date
619 3494 987 3566 eleemosynam
1019 3506 1063 3549 et
1094 3512 1203 3549 ecce
1233 3497 1402 3550 omnia
1432 3498 1622 3550 munda
1657 3505 1778 3550 sunt
1805 3511 1897 3550 υοο

310 3589 379 3641 ω.
415 3588 678 3656 (Lucan).
725 3589 832 3644 Sed
872 3589 1031 3645 etiam
1070 3590 1196 3642 illul
1237 3590 1376 3658 quod
1415 3593 1602 3643 caritas
1641 3591 1900 3655 cooperiat

311 3680 690 3732 multitudinem
744 3692 1066 3749 peccatorum
1118 3678 1182 3741 (1
1256 3679 1376 3734 Pet.
1419 3678 1530 3749 tv),
1588 3687 1646 3734 ut
1695 3679 1900 3736 silicet

311 3769 564 3838 quidquid
605 3769 975 3824 insinceritate
1005 3769 1246 3840 corporis
1275 3779 1327 3823 et
1358 3771 1552 3824 mentis
1587 3770 1894 3838 attrahitur,

309 3860 588 3913 rationalis
626 3862 838 3926 pietatis
871 3875 1034 3928 opere
1073 3861 1330 3915 deleatur.
1378 3859 1454 3913 De
1492 3859 1662 3914 beatis
1694 3872 1896 3926 autem,

310 3951 444 4003 sicut
476 3967 538 4001 sn
584 3967 639 4004 ra
670 3951 776 4018 jam
810 3952 1061 4016 diximus,
1094 3961 1246 4015 apost
1283 3951 1374 4016 lis,
1409 3958 1611 4004 tantum
1641 3950 1905 4005 debemus

311 4055 467 4094 nosse
497 4056 620 4108 qute
649 4041 745 4108 ipsi
780 4041 847 4094 de
887 4059 978 4093 sua
1008 4043 1415 4097 conversatione
1447 4042 1630 4095 Sentiri
1671 4043 1901 4110 propriis

310 4131 530 4185 vocdms
559 4132 863 4186 ediderunt.
893 4133 1021 4202 Quae
1044 4149 1170 4188 vero
1200 4135 1353 4186 tacita
1387 4143 1510 4188 sunt
1537 4135 1604 4186 ab
1633 4137 1732 4197 eis,
1759 4135 1904 4198 nulla

311 4223 458 4274 nobis
493 4223 830 4286 relinquetur
855 4224 1014 4279 licent
1038 4241 1066 4276 a
1097 4225 1489 4293 perscrutandi.
1520 4226 1620 4280 Sed
1650 4227 1750 4288 iam
1775 4225 1899 4279 dili-

310 4316 517 4383 genlitts
569 4315 928 4383 vestig-mus.
975 4332 1071 4370 cur
1125 4330 1242 4386 poSt
1299 4318 1693 4384 reparationem
1765 4333 1894 4385 quo-

312 4422 410 4470 que
439 4410 654 4473 generis
692 4407 930 4473 humani,
971 4409 1480 4475 renovationemque
1514 4419 1744 4470 natura.
1777 4423 1900 4476 qua;

314 4496 369 4549 lit
416 4513 511 4561 per
556 4499 889 4564 htptismatis
936 4509 1354 4563 sacramentum,
1403 4514 1508 4552 non
1558 4500 1730 4552 solum
1787 4498 1900 4552 btet:

313 4586 431 4640 vi'ia
463 4588 672 4640 sublata
706 4604 811 4641 non
845 4589 1062 4652 fuerint,
1091 4589 1184 4643 sed
1219 4591 1360 4657 ip~os
1391 4593 1554 4644 etiam
1598 4591 1650 4643 in
1695 4605 1902 4660 magna:

312 4679 660 4732 C‘Diittetttim
707 4680 980 4746 prOposito
1021 4685 1338 4734 constitutos
1377 4682 1489 4734 sive
1539 4682 1733 4743 minus,
1783 4682 1901 4734 sive

312 4769 569 4835 amplius,
623 4780 780 4836 prout
827 4771 1066 4836 quisquis
1112 4773 1282 4839 gratia
1331 4772 1506 4825 divina
1555 4772 1900 4839 dispensante

315 4859 624 4924 protect-rit,
662 4871 838 4913 tamen
872 4860 1126 4914 infestare
1143 4877 1247 4914 non
1278 4861 1558 4927 desinant,
1590 4876 1683 4914 cur
1716 4863 1896 4916 relicta

314 4951 416 5004 sint
482 4963 669 5024 contra
718 4967 852 5020 quae,
883 4968 1033 5006 mens
1081 4954 1324 5023 religiosa
1370 4965 1651 5023 pugnaret.
1686 4954 1748 5008 Et
1779 4955 1901 5010 licet

312 5040 413 5110 jam
455 5041 644 5093 salvati
686 5057 779 5111 per
811 5043 965 5098 ﬁdem
1001 5060 1147 5112 spem
1201 5045 1584 5114 redemptonis
1624 5046 1897 5113 acceperi-

315 5150 448 5197 mus,
477 5136 655 5186 adhuc
697 5144 872 5188 tamen
915 5144 1278 5203 exspectetur.
1312 5137 1448 5190 sicut
1487 5137 1560 5190 ait
1591 5138 1899 5202 Apostolus,

315 5229 613 5294 redemptio
639 5227 881 5294 corporis
916 5227 1104 5290 nostri.
1139 5238 1190 5280 et
1219 5243 1338 5281 cum
1373 5227 1639 5297 mysteriis
1668 5227 1900 5282 carlesti-

316 5315 406 5367 bus
451 5319 563 5383 jam
619 5320 816 5370 renatis
863 5317 1050 5387 pignus
1094 5319 1162 5372 sit
1215 5317 1523 5386 adoptionis
1572 5318 1896 5385 ingenitum,

317 5407 635 5474 pwrlictenda
664 5411 918 5474 tleinCeps
958 5412 1191 5465 sustiuea
1223 5425 1284 5463 ur
1325 5410 1566 5477 adoptio,
1602 5418 1659 5463 ut
1694 5409 1900 5464 scilicet

315 5497 685 5552 deﬁcientibus
727 5499 913 5553 iisdem
947 5501 1085 5555 vitiis
1130 5513 1314 5555 contra
1361 5515 1480 5569 qute
1519 5501 1673 5554 nobis
1716 5501 1766 5555 in
1798 5500 1898 5560 hoc

319 5597 550 5655 tempore
567 5590 820 5647 continua
845 5590 1183 5648 dimicatione
1212 5593 1329 5663 (sic)
1357 5595 1423 5644 ab
1446 5593 1546 5645 hac
1574 5593 1897 5647 necessitate

319 5676 542 5748 liberati,
573 5679 711 5751 quod
754 5680 858 5736 fide
898 5682 1258 5753 suscepimus,
1302 5683 1444 5754 quod
1489 5698 1585 5754 spe
1625 5683 1894 5755 proposita

1930 4470 1981 4534 ἱ)

2003 3228 2248 3287 quenter,
2285 3217 2375 3286 qui
2417 3217 2481 3268 ad
2523 3218 2637 3284 ejus
2676 3215 2794 3270 stat)
2819 3214 2921 3266 lem
2968 3211 3426 3280 participationem
3473 3225 3592 3277 per-

2004 3312 2188 3365 venire
2223 3324 2327 3363 non
2371 3316 2550 3370 posset
2599 3306 2752 3360 defee
2780 3321 2840 3358 us
2877 3305 3125 3370 accessit,
3159 3303 3295 3354 sicut
3330 3311 3594 3354 creatura:

2003 3402 2278 3457 rttional's
2306 3401 2491 3454 usibus
2521 3399 2868 3467 congruebat.
2923 3396 3036 3448 Non
3069 3394 3290 3463 angelos
3319 3394 3382 3446 ad
3416 3394 3594 3460 profe-

2002 3506 2145 3548 ctum
2210 3494 2455 3548 conditos
2495 3490 2866 3561 promerendae
2906 3488 3215 3542 stabilitatis
3249 3495 3464 3540 teter-nte
3504 3487 3595 3539 illa

2007 3603 2093 3643 res
2126 3587 2344 3651 indicat,
2378 3585 2632 3655 quoniam
2665 3583 2709 3637 si
2742 3583 2862 3636 facti
2895 3591 3072 3636 es~ent
3123 3594 3173 3640 ut
3209 3579 3428 3632 ulteriu~~
3461 3577 3599 3630 nibit

2003 3688 2254 3744 egerent,
2299 3679 2442 3731 nulla
2483 3691 2604 3745 pars
2650 3689 2835 3730 eorum
2881 3673 3046 3725 ullum
3094 3677 3357 3738 potuisset
3397 3667 3597 3721 habere

2003 3771 2266 3826 defeetum
2296 3789 2308 3822 :
2342 3784 2446 3823 nan
2480 3769 2620 3822 enim
2655 3766 2705 3831 in
2738 3766 2815 3828 eis
2844 3764 3109 3825 diversam
3142 3770 3385 3824 naturam
3426 3758 3600 3814 fuisse

2003 3862 2286 3916 dicendum
2311 3873 2412 3921 est.
2441 3875 2508 3913 ne
2532 3859 2638 3921 ille,
2665 3857 2753 3926 qui
2781 3856 2992 3923 propria
3021 3853 3291 3906 voluntate
3316 3852 3596 3918 prolapsus

2003 3965 2080 4008 est
2113 3954 2338 4020 angelus
2390 3960 2762 4008 emttsaretur.
2793 3949 2836 4001 si
2871 3947 2970 4000 hoc
3003 3946 3074 3997 illi
3108 3960 3212 3998 non
3243 3957 3352 3996 sua-
3382 3952 3602 4008 proter-.

2007 4046 2182 4098 \i'atis
2222 4043 2442 4111 ingessit
2484 4042 2784 4096 arbitrium.
2817 4041 2910 4091 se-I
2945 4045 3239 4089 necesstas
3278 4033 3377 4098 sibi
3407 4032 3596 4100 _ndit:e

2005 4133 2332 4190 conditionis
2364 4131 2686 4196 imposuisse
2726 4127 2990 4179 videatur.
3037 4123 3185 4178 Unde
3216 4136 3345 4186 ergo
3374 4121 3514 4174 beati
3543 4128 3596 4175 et

2004 4229 2262 4282 sublimes
2304 4223 2476 4292 angeli
2521 4221 2587 4274 de
2632 4217 2898 4288 perceptis
2940 4214 3100 4284 grati,
3145 4214 3246 4282 piae
3290 4211 3595 4265 devtitionis

2005 4321 2205 4383 officio,
2243 4326 2295 4371 et
2339 4330 2444 4371 non
2491 4313 2719 4379 seipsos.
2759 4310 2851 4363 sed
2891 4308 3067 4376 pntius
3115 4307 3212 4374 ipsi
3261 4302 3595 4371 prtcfercndo

2008 4414 2391 4468 cont-en‘enter
2416 4417 2714 4466 auctorem,
2747 4404 2810 4462 ad
2842 4403 2957 4468 ejus
2992 4400 3398 4466 perpetuitatem
3431 4395 3612 4462 proli--

2005 4520 2130 4559 cere
2169 4501 2495 4568 provebique
2560 4506 2871 4559 meruerunt
2932 4493 3056 4548 inde
3105 4489 3193 4544 isti
3245 4489 3330 4557 qui
3382 4485 3595 4554 reprobi

2004 4605 2158 4659 sunt,
2186 4595 2251 4647 de
2281 4592 2545 4658 perceptis
2575 4596 2967 4655 con-eqnenter
2999 4581 3212 4649 ingrati.
3246 4579 3594 4641 debitumque

2003 4684 2405 4742 dissimulantes
2444 4678 2784 4746 obsequium,
2826 4690 2992 4740 seque
3037 4675 3180 4739 ipsos
3227 4669 3395 4732 magis
3437 4682 3598 4733 quam

2005 4778 2092 4844 qui
2120 4786 2283 4829 tanta:
2303 4771 2578 4842 dignitatis
2607 4767 2959 4822 substantiam
2987 4763 3320 4820 cundiderat.
3345 4762 3599 4825 praletre

2007 4869 2314 4930 molientes,
2364 4876 2419 4917 et
2467 4864 2498 4917 d
2538 4861 2826 4916 lectatinne
2874 4873 2984 4911 suze
3033 4853 3324 4909 crcalinttis
3370 4849 3530 4902 illecti
3565 4862 3594 4899 a

2005 4957 2275 5017 Creatoris
2307 4957 2512 5008 honore
2542 4952 2829 5013 cessando,
2865 4957 3065 5014 quanto
3107 4953 3418 5012 arroganter
3447 4937 3592 4999 elati,

2006 5061 2152 5104 tanto
2181 5048 2497 5102 aeternitatis
2526 5044 2900 5098 rectitudinem
2931 5055 3024 5106 μυι-
3053 5035 3457 5091 ἰγιθκριινηιίειηι
3488 5044 3592 5082 non

2005 5141 2301 5205 sequendo,
2333 5140 2400 5190 ab
2431 5140 2549 5201 eius
2582 5136 2780 5203 patiter
2822 5141 2874 5184 et
2907 5130 3270 5191 indignatione
3298 5135 3350 5177 et
3384 5120 3594 5187 partit-i-

2005 5233 2216 5301 patione
2243 5239 2460 5283 retracti
2490 5237 2636 5286 sunt.
2671 5236 2723 5278 ct
2755 5226 2820 5276 ab
2847 5237 2914 5276 eo
2937 5221 3076 5288 quod
3104 5217 3488 5284 sempiternum
3513 5217 3593 5301 est

2005 5299 2346 5380 recedentes.
2379 5322 2428 5373 in
2474 5320 2522 5371 id
2555 5317 2696 5385 quod
2729 5329 2942 5382 semper
2972 5311 3152 5364 delicit
3197 5317 3318 5360 ~unt
3351 5299 3587 5356 ri-tlut‘li:

2002 5414 2142 5483 quod
2181 5419 2469 5481 pra'stante
2501 5410 2608 5461 Deo
2639 5417 2846 5460 ucstro.
2867 5404 3001 5456 alios
3037 5400 3354 5454 ρωιιῐίιιιιιιιιε
3388 5389 3590 5491 plenius

2002 5504 2426 5564 exsequen-Inm.
2474 5499 2622 5552 Nunc.
2664 5499 2876 5551 interim
2911 5505 3164 5563 quantum
3201 5492 3446 5554 pratsrntt
3494 5492 3587 5532 ne-

2001 5593 2146 5662 g0tio
2185 5591 2404 5658 sutliuit,
2446 5593 2562 5644 hac
2602 5589 2691 5643 illa
2729 5604 2890 5642 causa
2931 5595 3034 5646 est,
3070 5583 3170 5634 hoc
3207 5577 3331 5631 itlnd
3370 5572 3588 5634 malum.

2002 5698 2094 5752 per
2123 5683 2264 5748 quod
2294 5680 2454 5738 etiam
2485 5682 2600 5737 sine
2631 5682 2760 5734 vitio
2789 5673 3055 5745 corporali
3081 5669 3306 5740 quadam
3327 5662 3586 5739 spirituali
