4098 6172
427 273 523 329 1ὶό

1778 259 2042 319 GELASII
2088 256 2290 315 ΡΛΡΑΞ
2332 261 2350 315 1

3614 258 3712 309 ωδ

428 389 777 450 fornicatione
819 394 997 441 motus
1017 382 1240 455 angelus
1266 397 1295 435 a
1321 381 1499 435 divina
1519 394 1621 450 qua
1649 378 2014 433 illustrabatur
2050 373 2102 435 Α
2128 376 2420 444 opificium,
2446 373 2601 443 cujus
2629 383 2681 430 et
2711 374 2858 429 aliud
2890 387 3023 443 opus
3044 382 3289 427 con~tarc
3308 370 3464 425 t-cluti
3495 372 3718 428 minime

429 483 594 553 gratia
634 491 689 533 et
726 477 1134 547 participatione
1179 473 1435 540 delapsus
1473 481 1553 525 est
1587 486 1599 522 :
1631 483 1807 536 eoque
1857 467 2018 522 modo

432 578 664 644 degener
717 572 919 635 factus,
970 583 1032 621 ac
1082 567 1148 620 de
1194 563 1400 620 caelesti
1447 561 1575 617 sede
1625 577 1723 630 pro
1772 560 1872 613 hac
1918 573 2017 612 sua

434 666 833 724 decoloratione
868 660 1128 724 seclusus,
1159 657 1411 711 secundae
1455 652 1779 707 conditionis
1824 650 2016 719 imagi-

436 777 557 815 nem
590 758 679 813 Dei
711 770 801 823 jter
831 752 1082 808 invidiam
1110 749 1411 802 flammatus
1439 747 1649 800 evertit.
1679 741 1872 797 lisdem
1903 755 2022 793 mo-

438 853 580 906 tibus
608 846 921 918 aggrediens
948 845 1001 897 in
1048 842 1335 897 securitate
1382 838 1685 906 degvntem,
1730 833 1926 903 quibus
1955 831 2023 885 de

439 940 663 995 suntmis
706 939 771 991 ad
810 938 913 991 ima
961 935 1099 988 male
1138 933 1376 986 Confisus
1418 933 1531 997 ipse
1561 926 1854 990 deciderat,
1903 924 2029 978 hinc

443 1033 531 1085 illa
565 1030 788 1084 felicitas
816 1024 1051 1096 paradisi
1093 1022 1278 1092 primis
1307 1021 1610 1074 hominibus
1642 1026 1891 1071 constare
1921 1030 2026 1069 non

446 1122 646 1189 potuit;
690 1120 813 1172 hinc
853 1117 940 1171 illa
974 1118 1160 1183 prima:
1200 1110 1526 1167 conditionis
1565 1109 1863 1177 integritas,
1903 1107 2029 1161 dum

444 1212 517 1263 ita
567 1210 632 1264 de
679 1224 737 1263 se
779 1208 915 1271 fidit,
970 1218 1219 1274 tanquam
1274 1204 1390 1270 ipso
1432 1201 1522 1270 qui
1567 1199 1879 1254 condiderat
1925 1212 2031 1251 non

444 1320 625 1374 egere,
660 1317 758 1358 nec
798 1301 865 1355 de
904 1298 1173 1369 perceptis
1201 1296 1310 1366 agit
1338 1295 1567 1365 gratias,
1598 1291 1739 1362 quod
1770 1304 2030 1359 nusquam

446 1395 640 1451 fecisse
683 1399 1032 1454 memoratur,
1077 1405 1179 1444 nec
1207 1387 1274 1442 dc
1300 1384 1686 1441 conservandis
1730 1399 1848 1452 quae
1886 1396 2035 1436 sum-

447 1495 628 1554 pserat
669 1482 840 1554 poscit
880 1482 1137 1536 auxilium
1162 1521 1175 1543 ,
1218 1494 1317 1533 nec
1353 1478 1418 1531 ad
1459 1492 1581 1531 eum
1622 1475 1779 1531 etiam
1829 1474 2033 1544 pulsata

448 1578 729 1632 tentatoris
784 1590 1000 1629 accessu
1054 1573 1247 1627 devota
1306 1569 1610 1632 concurrit,
1673 1576 1729 1623 et
1775 1564 2032 1631 consulit,

448 1684 667 1738 suaeque
693 1683 751 1723 se
780 1668 950 1723 credit
981 1668 1117 1721 inter
1142 1677 1401 1735 proSpera
1427 1661 1707 1725 voluntati,
1737 1659 1891 1714 facile
1921 1659 2038 1712 sine

2128 467 2415 535 potuisset,
2458 466 2708 521 ineffabili
2740 472 3124 522 circumventa:
3154 469 3350 535 p'etatc
3380 466 3717 529 consuleret,

2127 570 2406 629 utramque
2431 574 2560 614 vero
2585 568 2886 614 creaturam
2918 567 3064 614 recte
3088 559 3361 613 condtam
3386 558 3483 611 hac
3510 558 3721 612 ratione

2129 662 2471 713 ntttnslraret,
2505 655 2627 720 quia
2659 662 2713 707 et
2742 652 3038 722 degeneres
3069 652 3242 721 angeli
3284 664 3379 718 per
3407 660 3719 704 sanctorum

2130 747 2441 813 ange‘orum
2484 742 2863 798 beatitudinem
2910 744 3274 797 confutantur.
3325 741 3475 807 Quod
3528 741 3721 795 iisdem

2134 838 2303 892 modis
2339 838 2529 908 quibus
2575 838 2673 901 illi,
2718 838 2818 892 hoc
2858 845 2961 905 est,
3009 836 3206 891 debila:
3259 834 3475 905 pietatis
3517 833 3722 897 officio,

2132 938 2535 999 creatoremque
2577 944 2733 984 suum
2772 928 2950 983 debita
2999 926 3380 996 praedicJtione
3429 924 3723 985 laudando,

2134 1036 2229 1091 per
2264 1022 2584 1089 dignationis
2620 1022 2737 1090 ejus
2770 1029 3075 1089 augmenta,
3118 1018 3521 1087 profectumque
3565 1031 3727 1070 reve-

2137 1115 2323 1168 rentim
2363 1116 2747 1181 competentis,
2791 1110 3258 1182 participationem
3300 1109 3422 1163 boni
3464 1107 3728 1175 ιντιιοιληιίς,

2136 1208 2590 1277 stabilitatentque
2634 1214 2942 1276 perpetuam
2984 1204 3327 1271 sempiterna:
3369 1201 3552 1269 glor‘a:
3604 1207 3733 1253 sunt

2138 1298 2356 1366 adepti;
2390 1298 2472 1352 sic
2506 1296 2589 1351 isti
2621 1310 2837 1365 quoque
2878 1294 2924 1348 si
2951 1293 3141 1348 eodem
3178 1302 3364 1346 tenore
3405 1290 3730 1353 niterentur,

2139 1390 2203 1443 ad
2234 1389 2462 1442 similem
2504 1387 2887 1442 beatitudinem
2921 1386 3103 1439 venire
3137 1382 3457 1452 potuissent,
3500 1381 3603 1434 nisi
3631 1380 3733 1433 dc-

2140 1482 2285 1536 sides
2316 1497 2345 1536 a
2376 1483 2456 1534 soi
2506 1481 2660 1535 laude
2690 1479 2907 1534 factoris
2950 1488 3005 1533 et
3037 1484 3429 1547 competentem
3479 1489 3734 1528 reveren-

2144 1575 2271 1629 tiam
2306 1590 2409 1628 non
2440 1583 2759 1642 sequentes,
2793 1572 2860 1625 ab
2901 1573 3017 1639 ejus
3053 1569 3272 1623 retracti
3309 1568 3513 1635 particii
3536 1568 3734 1620 atinuis

2144 1666 2361 1731 affectu,
2397 1673 2627 1735 propria:
2679 1663 3044 1732 nequivissent
3074 1662 3403 1716 incrementa
3448 1657 3736 1728 perfectio-

450 1760 702 1828 prresidio
739 1759 1012 1815 Creatoris
1059 1756 1227 1826 patuit
1257 1753 1562 1823 deceptoris
1605 1750 1833 1815 insidiis,
1881 1760 1938 1804 et
1985 1751 2037 1803 in

2153 1772 2376 1819 uemttue
2427 1772 2640 1811 sumere
2687 1754 2992 1824 dignitatis,
3044 1753 3171 1807 dum
3222 1766 3334 1804 sua:
3381 1749 3734 1803 institutionis

451 1850 949 1922 praevaricationem
992 1857 1159 1903 tracta
1188 1855 1586 1914 consequenter
1623 1843 1815 1906 illiciti,
1851 1841 2039 1897 condi-

452 1946 650 1999 tionem
692 1942 923 2011 praefixae
969 1942 1158 1994 mortis
1199 1939 1400 1993 invenit
1430 1937 1729 2006 meritoque
1764 1944 1848 1991 est
1884 1950 2037 1989 com-

453 2035 653 2103 petenti
697 2032 937 2099 subjecta
981 2030 1231 2083 vindicta:
1271 2045 1283 2081 :
1330 2028 1581 2095 quoniam
1626 2041 1726 2081 nec
1769 2026 1837 2081 de
1885 2024 2042 2081 bonis

454 2126 631 2180 fuerat
679 2124 871 2179 devota
928 2120 1243 2185 retinendis,
1304 2134 1405 2174 nec
1462 2119 1660 2172 malum
1714 2125 2045 2186 prmcaverat

454 2229 583 2275 ante
613 2218 949 2285 praedictum,
983 2215 1107 2269 dum
1148 2228 1244 2283 per
1273 2211 1492 2281 majoris
1524 2210 1781 2265 ambitum
1815 2220 2046 2279 petesta-

456 2313 543 2377 tis,
574 2313 738 2366 Deum
788 2324 846 2363 se
889 2307 1094 2363 scilicet
1134 2304 1248 2360 fore
1289 2304 1690 2374 prmsumentis,
1723 2300 1907 2355 foveas
1947 2301 2045 2355 lio-

456 2404 593 2458 stilis
636 2399 1001 2472 persuasionis
1051 2397 1306 2461 incurrit;
1349 2404 1403 2450 et
1441 2409 1582 2463 qum,
1622 2393 1666 2447 si
1715 2407 1812 2446 suo
1858 2391 2047 2447 ordine

460 2493 746 2548 mansisset
768 2501 918 2560 grata
946 2488 1135 2545 factari
1167 2496 1484 2559 perpetuum
1527 2501 1753 2541 summa:
1784 2500 2049 2539 commer—

458 2586 601 2639 cium
635 2584 853 2637 Deitatis
890 2581 1155 2651 potuisset
1197 2576 1642 2646 apprehendere,
1681 2583 2050 2645 competenter

458 2675 579 2729 sine
623 2673 804 2727 debito
847 2684 1072 2726 summae
1100 2668 1404 2723 Diviuitatis
1443 2666 1625 2722 officio
1661 2665 1877 2734 copiosa
1923 2680 2051 2734 pro-

459 2764 717 2819 missione
757 2763 1001 2827 lustrata,
1043 2764 1107 2817 ad
1133 2762 1475 2816 Divinitatem
1519 2772 1623 2813 non
1665 2757 1836 2828 potuit
1864 2772 2052 2825 perve-

462 2858 599 2911 nire.
632 2857 723 2911 Sic
749 2871 877 2925 ergo
904 2855 1021 2911 sine
1046 2855 1190 2910 illius
1216 2853 1525 2924 principalis
1550 2866 1613 2907 ac
1634 2867 1858 2907 summa:
1885 2857 2051 2909 ratio-

461 2951 545 3004 nis
581 2950 800 3009 alfectu,
834 2963 952 3018 qua:
992 2950 1041 3003 in
1076 2948 1231 3003 bonis
1262 2963 1477 3019 semper
1506 2946 1803 3002 retinendis
1832 2958 2049 3003 contra-

2142 1849 2384 1904 claritate
2419 1848 2625 1903 detenti
2677 1847 2903 1902 uller;us
2944 1861 3006 1900 se
3048 1844 3180 1899 nihil
3217 1858 3400 1913 egere,
3436 1856 3499 1896 ac
3537 1841 3637 1894 sibi
3676 1856 3734 1894 se

2144 1938 2391 1993 sufficere
2414 1953 2573 2009 posse
2602 1946 2949 2008 pratsumunt,
2984 1950 3078 2006 per
3103 1950 3223 2005 qua:
3251 1934 3459 2002 seipsos
3488 1933 3736 1987 obtinere

2145 2029 2373 2085 fidentes
2401 2030 2657 2099 quidquid
2688 2044 2783 2099 per
2808 2029 2978 2085 solam
3009 2028 3233 2098 gratiam
3265 2024 3567 2095 potuissent
3592 2024 3736 2078 Con-

2146 2120 2335 2175 ditoris
2382 2121 2650 2189 adipisci,
2701 2120 2843 2190 quod
2899 2121 2951 2174 in
3000 2133 3113 2173 sua:
3167 2131 3388 2187 prorsus
3432 2116 3740 2172 conditione

2150 2212 2522 2266 mutabilitatis
2552 2212 2751 2267 habere
2784 2228 2888 2266 non
2934 2219 3204 2282 poterant,
3237 2210 3397 2265 homo
3427 2225 3640 2279 quoque
3670 2210 3739 2264 de

2148 2303 2327 2370 seipso
2362 2303 2661 2357 manifestis
2698 2303 2909 2358 indiciis
2944 2303 3272 2369 revincatur,
3307 2303 3358 2356 in
3405 2310 3607 2355 tantum
3638 2301 3742 2355 rite

2150 2397 2401 2461 factus,ut
2429 2397 2516 2466 qui
2542 2412 2637 2465 per
2661 2396 2896 2450 divinam
2921 2398 3146 2465 gratiam
3173 2403 3351 2463 potet
3371 2410 3591 2463 surgere
3618 2401 3742 2462 post

2150 2490 2378 2554 ruinam,
2405 2490 2571 2543 multo
2599 2491 2824 2559 amplius
2849 2490 3085 2559 potu'sse
3111 2488 3389 2554 doreatnr,
3413 2488 3457 2541 si
3489 2488 3737 2541 eamdem

2152 2584 2374 2651 gratiam
2417 2584 2609 2638 devota
2661 2593 2841 2638 mente
2890 2592 3230 2653 sequeretur,
3282 2583 3487 2651 integer
3534 2598 3743 2650 perma-

2154 2689 2304 2737 nere,
2346 2684 2821 2743 quantunu-unque
2869 2674 3038 2742 gratia
3086 2673 3185 2727 ista
3239 2673 3527 2740 praevaleat
3573 2674 3743 2739 magis

2153 2765 2277 2820 inde
2305 2766 2579 2835 cognosci,
2604 2766 2729 2820 dum
2760 2775 2812 2820 et
2838 2765 3120 2820 incolumis
3149 2765 3350 2834 absque
3376 2764 3567 2820 eadem
3597 2776 3744 2819 stare

2154 2860 2490 2929 nequiverit.
2558 2868 2612 2912 et
2671 2858 2848 2913 valeat
2908 2858 2974 2911 ad
3019 2856 3262 2912 eamdem
3323 2857 3745 2912 incolumitatem

2153 2950 2330 3005 redire
2371 2958 2492 3018 post
2532 2950 2763 3019 lapsum.
2814 2949 2993 3003 Bonus
3032 2963 3161 3018 ergo
3202 2947 3394 3001 artifex
3434 2947 3607 3011 Deus,
3652 2947 3745 3017 qui

460 3041 664 3108 riissjne
712 3039 1005 3093 refutandis
1056 3040 1372 3095 intemerata
1428 3037 1714 3108 persistit,
1775 3038 1840 3092 ad
1897 3040 2049 3107 cujus
2079 3099 2123 3124 η
2156 3044 2539 3111 sempiternum
2580 3049 2635 3096 et
2661 3055 2928 3094 summum
2959 3044 3172 3107 semper
3203 3038 3362 3092 habet
3406 3052 3563 3103 esse,
3603 3036 3746 3104 quod

461 3133 644 3203 utique
684 3133 1086 3187 similitudinem
1132 3132 1339 3187 ratione
1383 3132 1559 3185 fuerat
1598 3129 1792 3185 animal
1838 3130 2051 3185 institu-
2078 3102 2123 3161 C
2157 3136 2329 3190 bonus
2369 3143 2471 3198 est,
2513 3143 2672 3204 atque
2717 3133 2838 3187 ideo
2879 3146 2979 3187 nec
3016 3145 3249 3201 unquam
3290 3130 3568 3185 crescendi
3607 3130 3748 3199 gerit

462 3233 596 3286 tum,
625 3231 682 3276 ut
717 3238 778 3275 ea
808 3237 903 3293 pro
929 3239 1028 3277 suo
1070 3222 1288 3277 modulo
1310 3223 1563 3292 congruis
1591 3223 1894 3277 aetionibus
1924 3222 2049 3276 imi-

464 3315 644 3379 tando,
678 3314 954 3383 ipsiusque
1003 3313 1274 3368 servando
1305 3313 1683 3377 reverentiam,
1723 3313 2054 3383 subsequen-

463 3407 639 3475 doque
688 3406 950 3475 gratiam,
1007 3414 1065 3459 ut
1116 3419 1242 3459 vere
1287 3405 1581 3459 similitudo
1627 3404 1743 3470 ejus
1773 3413 1827 3459 et
1876 3405 2054 3475 imago

465 3505 806 3562 pc-rinaneret
850 3496 1092 3551 obtinere
1124 3496 1420 3565 potuisset,
1454 3497 1711 3566 fieretque
1739 3497 1938 3551 divinze
1967 3513 2054 3551 ra-

465 3591 625 3645 tionis
666 3602 913 3659 tanquam
947 3602 1059 3644 sure
1092 3590 1330 3659 parentis
1365 3598 1421 3645 et
1453 3591 1689 3646 auctoris
1723 3590 1881 3660 digna
1923 3604 2052 3646 c0n-

465 3684 662 3749 sortio,
712 3693 769 3739 et
811 3697 909 3752 per
957 3682 1072 3737 haec
1126 3683 1504 3749 nihilominus,
1554 3692 1738 3752 utpote
1785 3684 2053 3753 particeps

465 3774 815 3837 aeternitatis,
857 3782 1056 3829 aeterna
1102 3784 1373 3839 constare,
1414 3774 1542 3829 dum
1582 3789 1677 3828 sua
1720 3790 1838 3844 quae
1873 3787 2051 3831 creata

470 3868 640 3919 fuerat
668 3863 927 3933 dignitate
954 3862 1209 3930 confidit,
1239 3863 1448 3931 sibique
1476 3878 1537 3918 se
1567 3871 1714 3931 putat
1742 3864 1794 3918 in
1823 3878 1890 3920 eo
1912 3863 2051 3934 quod

467 3966 581 4010 erat
611 3955 750 4012 facta
781 3956 1080 4024 subjacere,
1106 3970 1205 4010 nec
1227 3954 1437 4010 subdita
1463 3966 1750 4011 veneratur
1773 3955 2056 4013 dev0tione

467 4050 746 4116 factorem,
778 4057 834 4102 et
866 4048 933 4104 ab
970 4048 1112 4103 illius
1150 4048 1560 4118 participatione
1606 4048 1872 4114 discessit,
1909 4058 1964 4104 et
2001 4049 2055 4106 in

469 4140 643 4211 seipsa
692 4141 809 4195 sine
850 4139 939 4194 illo
983 4140 1036 4194 in
1084 4154 1192 4209 quo
1241 4138 1473 4195 habebat
1519 4139 1814 4197 subsistere
1854 4158 2053 4211 posse,

470 4248 575 4288 non
606 4232 865 4287 constitit.
900 4233 1073 4301 Atque
1104 4231 1176 4287 ita
1205 4231 1449 4285 ordinem
1491 4231 1741 4300 legitima:
1769 4233 2061 4287 rationabi-

471 4325 635 4378 litatis
683 4323 982 4386 excedens,
1030 4324 1081 4376 in
1122 4322 1601 4378 irrationabilitatis
1631 4324 1917 4392 abruptum
1964 4340 2060 4393 per

462 4417 993 4471 ‘vcrisitrililudinem
1034 4416 1477 4483 ratiocinationis,
1512 4432 1612 4484 qua
1648 4417 1813 4474 Deum
1852 4433 1912 4473 se
1943 4420 2055 4474 fieri

471 4510 757 4573 credebat,
809 4508 1034 4561 alldUCla
1085 4515 1204 4571 est;
1264 4515 1319 4560 et
1367 4508 1510 4561 illius
1561 4508 1888 4578 privatione,
1938 4526 2057 4580 quae

473 4603 793 4668 sempiterna
823 4598 924 4652 vita
958 4607 1070 4663 est,
1102 4598 1154 4651 in
1187 4597 1341 4651 istam
1380 4598 1568 4652 recidit
1598 4614 1717 4667 quae
1754 4600 1871 4654 sine
1913 4598 2058 4656 fonte

474 4695 598 4747 vita:
628 4694 786 4747 vitam
821 4700 1130 4761 perpetuam
1160 4691 1393 4746 retinere
1424 4706 1528 4744 non
1561 4703 1762 4761 posset.
1805 4694 2059 4760 Quamvis

474 4802 603 4857 ergo
643 4801 737 4854 pro
777 4785 857 4839 his
901 4783 1413 4854 transgressionibus
1448 4784 1606 4853 digna
1641 4783 1799 4839 fuerit
1832 4787 2055 4850 ultione,

474 4879 646 4948 justus
669 4886 844 4932 tamen
867 4876 1066 4931 arbiter
1091 4876 1229 4930 Deus
1255 4878 1331 4930 sic
1352 4876 1508 4931 istam
1530 4887 1830 4932 creaturam
1863 4892 2062 4948 propo-

475 4975 590 5026 sita:
622 4971 749 5040 Ιυςὶς
783 4971 1032 5039 aequitate
1053 4969 1343 5040 corripuit,
1378 4980 1435 5024 ut
1480 4984 1601 5038 quae
1645 4970 1881 5026 divinum
1910 4973 2061 5042 sequi

476 5066 740 5119 trimitem
772 5066 908 5117 inter
935 5063 1106 5118 felicia
1130 5062 1406 5129 fastidivit,
1436 5063 1649 5118 sibimet
1678 5065 1845 5130 ipsam
1870 5065 2061 5121 merita

478 5159 628 5211 intth
659 5156 877 5209 diuisit.
926 5156 984 5209 Ut
1020 5165 1196 5210 tamen
1227 5156 1347 5225 quia
1375 5164 1428 5210 et
1456 5155 1678 5226 decepta
1712 5155 1884 5212 fuerat
1912 5173 2063 5213 crea-

478 5260 611 5303 tura:
652 5246 874 5316 potioris
916 5246 1159 5314 incursu,
1213 5247 1355 5302 illius
1395 5247 1599 5302 scilicet
1636 5262 1755 5316 qum
1798 5246 2064 5304 fremebat

477 5343 566 5393 illo
600 5349 866 5394 terrenam
907 5336 1169 5404 prolicere
1213 5353 1371 5408 posse
1402 5339 1751 5392 substantiam
1785 5339 1925 5392 unde
1956 5342 2063 5407 spi-

478 5431 645 5484 ritalis
691 5431 803 5499 ipsa
856 5428 1146 5494 deciderat,
1196 5439 1250 5483 et
1293 5440 1540 5497 tanquam
1586 5430 1833 5483 solatium
1874 5446 2066 5500 capere

478 5523 727 5591 cupiebat
752 5523 818 5577 de
846 5522 1064 5577 alterius
1092 5524 1243 5576 ruina
1274 5535 1557 5589 creatum,
1589 5523 1735 5579 velut
1762 5541 1865 5580 non
1892 5528 2064 5579 solum

478 5631 538 5667 sc
595 5615 913 5684 culpandam
972 5629 1037 5669 ex
1091 5613 1315 5668 alterius
1368 5629 1580 5683 quoque
1641 5616 2067 5685 transgreSsione

472 5709 869 5776 ιρι-ωιριιιὶιι-ρι,
899 5706 991 5763 sed
1020 5705 1229 5778 lapsum
1264 5717 1420 5763 suum
1459 5706 1515 5762 in
1545 5705 1812 5765 Creatoris
1842 5705 2068 5767 referret

2154 3226 2383 3294 amplius
2429 3226 2722 3293 appetitum
2762 3241 2776 3277 :
2827 3225 2950 3293 quia
3000 3223 3130 3277 nihil
3181 3231 3263 3275 est
3303 3235 3465 3289 super
3512 3221 3562 3275 id
3604 3220 3749 3291 quod

2154 3318 2539 3387 sempiternum
2566 3316 2762 3370 bonum
2788 3328 3000 3383 semper
3020 3324 3072 3369 et
3092 3328 3358 3368 summum
3383 3321 3486 3376 est,
3514 3328 3611 3366 nec
3642 3312 3749 3365 ulla

2157 3417 2334 3479 potest
2362 3408 2708 3464 incl'natione
2750 3408 2974 3463 diminui
3014 3408 3083 3463 de
3132 3407 3234 3461 hoc
3265 3406 3383 3475 ipso
3431 3406 3571 3475 quod
3604 3422 3751 3459 sum-

2157 3517 2301 3556 mum
2336 3504 2529 3556 bonum
2562 3502 3055 3571 sempiternumque
3080 3501 3368 3555 censentit.
3404 3499 3556 3555 Unde
3584 3501 3752 3554 etiam

2159 3608 2263 3648 non
2294 3609 2391 3663 per
2419 3593 2658 3661 rapinam
2689 3593 2743 3647 in
2772 3591 2939 3647 forma
2969 3592 3062 3647 Dei
3095 3592 3268 3646 dictus
3295 3601 3377 3645 est
3403 3593 3697 3645 constitutn
3733 3608 3751 3656 ;

2157 3685 2246 3756 qui
2274 3685 2377 3740 hoc
2418 3686 2643 3740 habebat
2684 3685 2867 3754 utique
2900 3699 2996 3754 per
3025 3694 3292 3749 naturam,
3327 3683 3467 3737 sicut
3507 3683 3599 3737 ille
3641 3684 3753 3749 spi-

2158 3778 2292 3831 ritus
2331 3776 2424 3847 qui
2470 3776 2613 3847 quod
2655 3791 2757 3832 nec
2799 3776 3185 3845 sempiternum
3231 3774 3460 3829 habebat
3500 3774 3753 3838 omnino,

2159 3882 2259 3925 nec
2302 3884 2605 3936 summum,
2638 3885 2733 3938 per
2770 3869 3013 3938 rapinam
3057 3867 3247 3923 maluit
3286 3882 3551 3937 occupare
3592 3884 3754 3938 quam

2158 3975 2258 4031 per
2296 3960 2532 4016 auctoris
2559 3962 2786 4032 gratiam
2816 3968 3091 4027 perpetem
3122 3960 3379 4027 consequi
3407 3958 3717 4027 dignitatem
3736 4000 3753 4025 ,

2159 4066 2191 4107 a
2231 4068 2336 4123 quo
2381 4060 2685 4122 sumpserat
2739 4051 2995 4121 angelica:
3049 4050 3402 4105 substantiam
3456 4049 3755 4116 claritatis,

2162 4145 2612 4215 quemadmodum
2644 4144 2788 4200 beati
2835 4144 3009 4213 angeli
3056 4143 3108 4197 in
3136 4142 3313 4197 divina
3344 4142 3510 4211 gratia
3544 4156 3756 4211 perma-

2163 4246 2354 4293 nentes
2382 4237 2655 4292 consecuti
2685 4244 2808 4291 sunt
2839 4235 3183 4304 sempiterna:
3213 4234 3558 4289 beatitudinis
3584 4233 3757 4286 firmi.

2165 4337 2326 4383 talem
2362 4346 2376 4381 :
2406 4343 2603 4398 pravus
2643 4336 2819 4381 autem
2863 4326 3081 4395 spirilus
3110 4340 3211 4379 nec
3254 4324 3384 4378 illud
3418 4326 3585 4391 potuit
3615 4324 3757 4377 ob'i-

2168 4434 2297 4475 nere
2324 4419 2466 4488 quod
2509 4421 2654 4474 visus
2694 4427 2777 4472 est
2809 4419 3242 4486 incompetentcr
3285 4416 3559 4484 invadere,
3594 4424 3652 4470 et
3681 4426 3758 4469 te-

2168 4527 2353 4567 norem
2394 4526 2506 4565 sua:
2545 4510 2872 4565 conditionis
2914 4509 3209 4575 excedens,
3246 4510 3299 4564 in
3331 4508 3433 4564 hoc
3461 4510 3619 4563 etiam
3652 4524 3759 4565 non

2168 4604 2340 4673 potuit
2377 4617 2697 4671 permanere
2735 4600 2879 4671 quod
2919 4602 3089 4656 factus
3120 4609 3223 4656 est.
3257 4602 3457 4656 Auctor
3498 4615 3627 4670 ergo
3667 4601 3757 4654 bo-

2168 4711 2269 4750 nus
2320 4703 2379 4749 ut
2422 4695 2621 4749 bonum
2668 4708 2728 4748 se
2780 4708 2917 4762 opus
2962 4694 3267 4748 condidisse
3313 4692 3570 4757 firmaret,
3611 4692 3658 4747 si
3707 4691 3764 4747 in

2169 4787 2358 4843 eadem
2392 4786 2472 4841 sui
2500 4786 2809 4841 conditione
2832 4786 3171 4856 persisteret;
3201 4784 3473 4839 inferioris
3499 4794 3761 4838 creatura:

2172 4896 2284 4937 sua:
2314 4883 2599 4935 miseratus
2626 4879 2909 4949 offensam,
2941 4878 3083 4948 quod
3115 4878 3409 4948 spiritualis
3437 4879 3759 4947 substantia,

2168 4989 2287 5044 qua:
2326 4984 2378 5029 ct
2424 4974 2504 5027 sui
2546 4980 2602 5027 et
2641 4971 2861 5027 alterius
2905 4980 3268 5040 processerat,
3320 4971 3432 5040 ipsa
3485 4969 3762 5038 deceptrix

2168 5076 2331 5136 atque
2361 5067 2413 5120 in
2443 5080 2538 5119 sua
2573 5065 2810 5135 nequitia
2856 5077 3206 5132 perseverans
3246 5063 3466 5117 omnino
3502 5062 3760 5129 coast-qui

2168 5157 2328 5228 digna
2360 5171 2466 5211 non
2499 5156 2692 5220 fuerat,
2720 5163 2951 5211 terrenae
2979 5152 3303 5208 conditionis
3325 5161 3379 5209 et
3404 5168 3496 5223 per
3518 5152 3761 5207 fraudem

2172 5248 2412 5317 decepta:
2454 5248 2769 5302 substantia:
2800 5254 3041 5300 naturam
3085 5245 3287 5314 pariter
3327 5244 3621 5298 clementer
3644 5258 3763 5297 sus-

2171 5341 2309 5409 cepit
2353 5352 2409 5395 et
2450 5354 2694 5403 causam;
2743 5339 2953 5407 sicque,
2998 5346 3058 5392 ut
3098 5352 3238 5391 nunc
3266 5335 3502 5391 breviter
3527 5336 3766 5404 explice-

2173 5448 2315 5496 mus,
2345 5431 2675 5499 competenti
2705 5431 2907 5498 lapsam
2933 5428 3337 5499 dispensatione
3363 5440 3614 5495 reparare
3640 5440 3766 5494 pro-

2175 5537 2401 5593 ponens,
2431 5532 2488 5575 ut
2518 5523 2569 5575 in
2614 5523 2794 5589 seipso
2843 5520 2958 5574 haec
3004 5519 3194 5575 eadem
3246 5528 3457 5580 natura,
3508 5531 3628 5584 qute
3672 5530 3767 5584 per

2174 5615 2591 5671 inobedientiam
2637 5612 2825 5667 mortis
2870 5611 3074 5667 rediret
3115 5610 3181 5665 ad
3225 5610 3413 5672 vitam,
3454 5610 3601 5662 solus
3649 5607 3767 5675 ipse

2175 5714 2356 5774 peccat
2395 5704 2450 5758 in
2488 5722 2543 5763 sc
2576 5706 2750 5763 sticus
2780 5704 2933 5776 [forte
2960 5701 3169 5773 peccati
3211 5698 3483 5769 nesciens]
3519 5701 3572 5754 in
3629 5697 3761 5753 sub-
