4098 6172
394 286 500 338 125

1611 258 1965 336 salsiora.
2008 278 2093 333 ET
2132 281 2473 338 pecuum.

3569 290 3665 346 £26

390 400 588 452 Stantia
639 414 799 466 qttatn
848 406 965 464 post
1011 407 1284 467 peccatum
1327 394 1728 452 restaurandam
1776 391 2057 463 pote'iti'A
2082 393 2399 482 ﬁgmentum,
2432 398 2587 449 creati
2607 398 2657 451 in
2682 399 2904 465 Chrisio,
2940 402 2991 454 in
3013 403 3245 472 operibus
3274 405 3416 459 bonis
3447 405 3661 472 (Ephcs.

389 489 726 560 ben'gnitate
765 500 1093 558 susceperat,
1138 500 1197 545 ut
1237 488 1525 543 indebitant
1564 496 1792 541 mortem
1823 501 1981 556 quam

389 583 512 635 sine
559 592 779 650 peccato
826 583 1010 651 utique
1057 595 1160 634 non
1194 579 1424 634 debebat
1473 594 1571 647 pro
1620 578 1703 632 his
1753 579 1839 646 qui
1891 593 1983 644 per

391 683 675 741 peccatum
729 672 999 727 debitores
1049 671 1236 726 mortis
1289 670 1626 733 exstiterant,
1676 669 1981 737 imputaret;

390 765 667 831 simulque
717 763 988 817 diabolum
1045 762 1275 816 hominis
1328 762 1666 830 dereptorem
1721 761 1810 826 qui
1857 776 1986 813 con-

393 857 717 911 sentientem
769 857 870 910 sibi
903 856 1171 909 subditum
1218 871 1309 921 per
1347 853 1580 907 divinum
1623 854 1836 906 tenebat
1864 852 1984 921 jure

395 948 744 1013 sententiam,
779 946 1151 1015 perjustitiam
1204 945 1333 998 nihil
1366 944 1412 997 ei
1456 945 1683 998 reddere
1720 944 1828 1011 jam
1878 942 1976 997 de-

396 1039 639 1094 bentem.
684 1040 747 1091 lit
777 1055 895 1091 eum
938 1038 1221 1091 occidisset
1250 1052 1368 1089 cum
1418 1037 1469 1090 in
1519 1050 1675 1104 quem
1719 1034 1835 1089 sine
1866 1049 1987 1102 pec-

400 1144 523 1186 cato
548 1133 821 1186 licentiam
848 1147 949 1184 non
976 1130 1226 1191 habebat,
1245 1130 1434 1183 merito
1452 1129 1498 1182 ei
1525 1129 1644 1182 vice
1662 1136 1841 1181 mutua
1869 1128 1987 1181 sub-

399 1224 675 1293 jugarctur
697 1222 965 1287 addieus,
999 1222 1192 1289 quique
1214 1235 1271 1273 se
1301 1210 1555 1272 humanai
1575 1217 1883 1271 substantia:
1907 1224 1989 1268 ut-

400 1324 525 1383 pote
555 1313 783 1382 captivaa
821 1329 932 1367 sum
960 1313 1234 1366 dominum
1279 1312 1545 1380 demnque
1575 1311 1837 1380 jactabat,
1865 1311 1988 1364 huic

397 1415 449 1459 et
472 1407 622 1470 justo
652 1406 870 1472 pariter,
896 1412 949 1457 et
970 1404 1076 1456 Deo
1100 1418 1227 1456 vero
1253 1410 1437 1455 mutuo
1458 1403 1796 1455 subderetur.
1821 1403 1990 1457 luter-

397 1506 520 1549 erat
545 1495 692 1549 enim
725 1494 993 1563 εειψιὶιίιιῑε
1018 1496 1290 1547 immensa:
1321 1503 1375 1546 ιιι
1406 1509 1511 1546 non
1536 1494 1772 1565 abrupta:
1795 1493 1988 1547 divinae

398 1587 658 1658 potentia?
681 1587 949 1650 diabolus,
984 1587 1075 1641 sed
1108 1586 1272 1654 ipsius
1306 1586 1537 1639 hominis
1560 1587 1719 1640 etiam
1750 1602 1904 1654 quem
1932 1601 1990 1639 se

400 1680 763 1750 prostravisse
803 1679 1039 1748 jactabat
1077 1679 1280 1747 justltia
1307 1680 1626 1743 vinceretur,
1658 1680 1847 1747 quibus
1880 1694 1985 1731 non

2088 472 2437 557 inritamque
2468 489 2582 555 ipse
2606 490 2671 545 de
2695 491 2880 544 eadem
2903 510 2915 545 :
2950 491 3015 546 In
3042 494 3244 549 Christo
3271 496 3404 549 enim
3429 496 3555 551 Jcsu
3578 515 3668 551 ne-

2086 594 2182 647 que
2217 582 2538 657 circumcisio
2576 582 2776 649 aliquid
2818 585 2971 651 calet,
3021 602 3179 655 neque
3216 591 3540 658 pra’putium,
3584 592 3671 643 sed

2088 684 2215 721 nova
2241 666 2473 722 creatura
2502 670 2644 741 (Gal.
2678 674 2772 742 Vt).

2145 761 2283 820 llaec
2303 762 2483 831 utique
2510 774 2775 829 creatura,
2800 780 2900 834 qua
2930 766 2980 818 in
3006 764 3219 820 ειη-ἰεῐο
3248 766 3428 821 refecti
3462 782 3666 829 suuuts.

2089 867 2193 905 non
2227 868 2328 920 qua
2358 854 2424 906 ab
2455 854 2606 907 initio
2655 854 2775 908 laeti
2807 872 3013 922 sumus,
3041 857 3107 910 de
3140 872 3241 924 qua
3283 859 3443 913 etiam
3488 860 3674 912 beatus

2086 944 2318 998 JaCtlbUS
2342 946 2613 1011 apostolus
2642 947 2719 1000 sic
2752 948 2855 1001 :‘it:
2892 947 3191 1003 Voluntaria
3215 952 3384 1021 genuit
3415 967 3504 1004 uos
3525 953 3674 1005 verba

2087 1038 2333 1102 veritatis,
2361 1046 2415 1089 ut
2434 1040 2589 1093 simus
2608 1042 2806 1095 initium
2830 1042 3041 1109 aliquod
3053 1054 3301 1097 creaturce
3321 1047 3431 1117 ejus
3454 1044 3592 1115 (Jac.
3610 1048 3673 1115 t);

2090 1142 2193 1181 non
2219 1127 2357 1182 illius
2386 1141 2641 1184 creatura:
2672 1148 2791 1201 quae
2816 1135 2865 1185 in
2898 1134 3060 1188 Adam
3080 1135 3291 1189 condita
3314 1146 3416 1202 est,
3448 1138 3537 1189 sed
3563 1153 3677 1205 qua:

2089 1217 2264 1272 Patris
2293 1219 2575 1287 Iutninum,
2615 1240 2645 1275 a
2678 1241 2775 1291 quo
2816 1238 2890 1278 est
2937 1244 3084 1279 υηιηε
3114 1227 3289 1280 datum
3340 1231 3587 1297 optimum
3627 1238 3676 1282 et

2092 1312 2281 1363 donum
2321 1313 2621 1381 perfectura,
2662 1316 2933 1369 voluntate
2975 1319 3151 1385 genita
3198 1320 3363 1374 verbo
3409 1322 3675 1388 veritatis,

2093 1403 2301 1457 initium
2348 1406 2575 1472 sumpsit
2613 1406 2663 1459 in
2702 1404 2946 1468 Christo;
2980 1422 3031 1464 et
3079 1411 3177 1463 lzoc
3224 1412 3390 1479 ipsum
3436 1412 3575 1468 ideo.
3610 1428 3677 1468 ue

2090 1498 2496 1567 quibuscnnq'te
2523 1500 2631 1552 suis
2665 1499 2817 1552 bonis
2845 1501 3031 1556 ﬁderet
3063 1502 3292 1557 humana
3331 1504 3625 1559 substantia
3652 1524 3667 1563 :

2091 1586 2185 1643 sed
2207 1586 2459 1655 quidquil
2490 1587 2621 1642 ret-ti
2655 1590 2705 1641 in
2746 1605 2804 1644 se
2829 1606 2951 1645 esse
2996 1601 3364 1660 cognosceret,
3398 1594 3679 1648 desursum

2095 1676 2428 1730 descendens
2475 1693 2596 1733 esse
2646 1682 3001 1749 perpenderct
3042 1682 3110 1737 ab
3159 1683 3575 1737 incommutabili
3626 1698 3681 1739 et

401 1746 539 1826 satis
578 1771 763 1825 habuit
796 1779 1075 1839 reparator
1103 1770 1351 1825 excelsus
1383 1780 1437 1823 ut
1479 1770 1592 1839 ipse
1622 1770 1992 1825 tantummodo
2025 1746 2071 1805 Β
2096 1767 2214 1822 sine
2265 1768 2647 1823 vicissitudinis
2690 1771 3099 1825 obumbratione
3151 1772 3265 1826 luce
3321 1787 3535 1843 semper
3582 1774 3682 1828 im-

402 1862 452 1915 in
482 1877 550 1916 ea
598 1872 789 1916 natura
821 1876 979 1931 quam
1020 1870 1327 1930 sumpserat
1364 1870 1575 1931 gereret
1606 1862 1671 1916 de
1693 1864 1847 1916 hoste
1898 1862 1993 1915 htt-

400 1953 553 2006 mani
582 1952 795 2021 generis
817 1952 958 2005 hunc
986 1953 1336 2018 triumphum.
1371 1953 1507 2019 Quid
1534 1954 1675 2007 enim
1710 1962 1994 2022 praestare-

401 2052 492 2095 tur
525 2046 792 2095 universze
815 2050 1009 2096 nostra:
1032 2050 1313 2107 creaturae,
1347 2041 1389 2096 si
1418 2044 1587 2096 victor
1618 2043 1819 2098 diaboli
1849 2046 1994 2099 so'us

400 2131 653 2187 Christus
677 2133 969 2186 existeret?
990 2131 1196 2185 Tribuit
1225 2147 1352 2200 ergo
1373 2132 1619 2188 ﬁdelibus
1638 2134 1750 2188 suis
1771 2135 1995 2204 dignan-

402 2233 487 2279 ter
517 2225 783 2278 immensa
807 2228 1003 2291 pietate
1033 2224 1379 2279 consortium.
1414 2225 1622 2279 Tribuit
1654 2242 1748 2294 per
1769 2229 1994 2297 gratiam

401 2329 559 2369 suam
589 2315 856 2385 ﬁdemque
886 2314 1161 2381 collatam,
1195 2325 1252 2370 ut
1296 2316 1572 2371 hominum
1613 2318 1773 2371 millia
1814 2318 1995 2373 ineffa-

402 2410 529 2464 bilis
557 2410 883 2478 compendio
909 2410 1230 2464 sacramenti
1262 2410 1636 2479 participatum
1673 2411 1788 2478 ejus
1813 2411 1996 2480 acqui—

406 2512 611 2567 ιθνθιιι,
657 2514 1036 2571 παιωνηιειιῳιθ
1077 2504 1127 2557 in
1169 2516 1265 2555 suo
1296 2504 1564 2557 salvatore
1619 2514 1819 2556 natura:
1871 2502 1995 2559 facti

404 2594 741 2659 consimiles,
775 2595 871 2659 ἰ,ιεί
904 2610 1114 2664 quoque
1147 2596 1334 2649 ﬁerent
1363 2596 1666 2664 deceptoris
1692 2598 1769 2650 sui
1797 2606 1993 2650 mu'att

405 2696 550 2740 sorte
580 2688 832 2741 victores.
872 2688 1049 2756 Itaque
1075 2696 1258 2741 contra
1279 2688 1565 2758 superbum
1600 2688 1843 2756 spiritum
1877 2704 1995 2757 per-

406 2788 734 2842 manentem,
771 2778 870 2832 hoc
893 2790 974 2833 est
1004 2778 1271 2847 provisum
1300 2780 1579 2834 curatione
1611 2779 1902 2848 salvaudis,
1939 2789 1997 2834 ut

407 2871 837 2938 competentibus
866 2871 1037 2924 modis
1059 2871 1122 2925 ad
1148 2886 1257 2925 suae
1283 2870 1605 2924 conditionis
1637 2872 1994 2940 integritatem

407 2964 757 3027 proﬁcerent,
799 2963 1214 3032 dignitatentqne
1243 2964 1550 3029 caelestem;
1581 2975 1843 3035 quatenus
1884 2965 1998 3019 ela-

412 3056 574 3107 tionis
619 3055 847 3109 e\itialis
884 3055 1126 3109 :ﬁ‘ectttm
1172 3057 1278 3125 (qui
1313 3072 1418 3111 non
1465 3057 1636 3109 solum
1684 3057 1991 3122 humanam,

409 3145 506 3198 Sed
532 3146 700 3213 ipsam
732 3161 835 3212 quo
859 3161 964 3213 pte,
1004 3146 1141 3200 sicut
1169 3147 1367 3200 dictum
1405 3156 1507 3213 est,
1547 3148 1842 3217 angelicam
1874 3166 1999 3219 pro-

410 3246 671 3290 straverat
701 3247 824 3290 ante
877 3239 1147 3307 natutam)
1182 3239 1509 3295 humanitate
1551 3244 1849 3298 necessaria
1882 3261 1999 3299 me-

411 3326 714 3381 diciualiter
762 3328 1059 3383 declinaret
1103 3330 1167 3383 ad
1213 3331 1573 3400 integritatem
1622 3335 1994 3403 reparandam,

411 3423 605 3490 quippe
646 3431 765 3490 post
808 3422 1013 3490 lapsum
1038 3439 1222 3479 carere
1245 3425 1430 3480 debuit
1474 3424 1565 3479 illo
1610 3428 1753 3483 malo
1773 3443 1885 3497 quo
1913 3429 1997 3483 in-

414 3522 559 3583 tegra
591 3523 849 3582 prmstare
882 3517 1227 3583 nequiverat:
1259 3516 1541 3585 Oportebat
1577 3526 1753 3572 autem
1784 3528 1843 3573 ut
1884 3519 1998 3585 ipsa

412 3620 622 3673 quoque
668 3606 1009 3659 rationabilis
1059 3607 1289 3660 humana
1330 3617 1570 3661 creatura
1600 3608 1739 3677 quod
1784 3612 1997 3679 propria

414 3697 683 3748 voluntate
729 3697 1052 3766 perdiderat,
1102 3698 1262 3751 etiam
1304 3698 1599 3753 secundum
1634 3700 1723 3753 Dei
1770 3701 1996 3768 gratiam

414 3790 681 3856 propriam
738 3788 1000 3855 reciperet
1034 3788 1383 3854 voluntatem,
1417 3796 1470 3843 et
1496 3805 1613 3859 qua:
1652 3790 1771 3845 sine
1806 3790 2000 3845 merito

413 3878 722 3944 curabatur,
766 3878 1089 3932 tribueretur
1130 3878 1178 3933 ei
1223 3889 1279 3932 ut
1327 3880 1487 3933 etiam
1535 3881 1647 3935 haec
1682 3890 2001 3950 sequeretur

413 3985 476 4023 es
505 3972 695 4025 merito
724 3988 736 4023 :
771 3979 1051 4040 propterea
1090 3971 1276 4025 maluit
1317 3970 1607 4042 singularis
1638 3972 1730 4027 ille
1766 3974 2001 4026 salvator

414 4059 589 4129 perﬁci
626 4062 800 4129 potius
836 4062 888 4115 in
941 4061 1250 4117 inﬁrmitate
1292 4064 1566 4129 virtutem,
1594 4079 1752 4132 quam
1812 4080 2001 4118 rursus

414 4154 526 4208 sine
574 4153 881 4209 i..ﬁtmitate
920 4154 1004 4209 vel
1042 4155 1106 4208 de
1152 4170 1210 4209 se
1248 4156 1629 4219 conﬁdentem,
1659 4155 1745 4210 vel
1770 4158 2002 4211 auctoris

416 4247 767 4315 negligentem
804 4246 916 4301 ﬁeri
944 4249 1229 4302 hum~nam
1254 4248 1606 4305 substantiam
1633 4249 1749 4302 sine
1776 4248 2000 4301 inﬁrmi-

418 4346 521 4391 tate
562 4353 828 4392 securam.
883 4338 1016 4393 Hinc
1056 4347 1139 4394 est
1170 4340 1331 4409 igitur
1358 4339 1499 4409 quod
1545 4340 1604 4393 Β.
1650 4339 1867 4403 Paulus,
1911 4340 2000 4409 qui

419 4441 469 4483 et
519 4431 726 4485 ruinam
767 4430 1090 4485 conditionis
1136 4432 1404 4495 humanre,
1448 4442 1501 4485 et
1553 4434 1999 4487 restaurationem

420 4524 621 4580 exteris
649 4525 917 4592 cnpiosins
952 4525 1236 4592 iutimavit,
1271 4528 1433 4581 etiam
1463 4527 1530 4581 de
1563 4528 1742 4595 seipso
1769 4529 1997 4581 clamat:

422 4612 500 4668 Ne
523 4616 817 4685 magnitudo
849 4617 1211 4670 revelatiunum
1238 4619 1447 4671 extollat
1470 4633 1567 4684 me,
1597 4619 1747 4672 datus
1777 4630 1847 4673 est
1873 4621 2001 4673 mihi

422 4704 649 4757 stimu’us
694 4707 860 4759 curuis
903 4722 1027 4760 mea?
1067 4708 1280 4771 angelus
1329 4708 1576 4774 Satanaz,
1605 4711 1694 4779 qui
1742 4726 1821 4763 me
1860 4710 1999 4764 cola-

396 4852 397 4855 η
422 4796 582 4863 phizet
598 4812 618 4859 ;
642 4806 848 4864 propter
876 4801 1013 4867 quod
1040 4808 1111 4850 ter
1140 4797 1417 4853 Dominum
1444 4800 1615 4871 rogavi
1644 4809 1698 4854 ut
1721 4800 2003 4856 discederet

423 4903 448 4937 α
467 4903 560 4947 me,
594 4895 637 4939 et
669 4888 797 4940 dixit
826 4888 951 4941 mihi
975 4904 994 4940 :
1024 4888 1220 4959 Sit/[icit
1250 4890 1341 4942 tibi
1381 4892 1547 4961 gratia
1572 4908 1714 4959 mea;
1744 4908 1865 4945 nam
1893 4893 2000 4945 vir-

422 4986 492 5028 tus
513 4978 564 5030 in
596 4978 891 5045 inﬁrmitate
919 4980 1200 5048 perﬁcitur.
1228 4978 1466 5033 Libenter
1492 4982 1649 5052 igitur
1670 4983 1928 5051 gloriabor
1952 4983 2004 5037 in

421 5067 796 5132 inﬁrmitatibus
839 5071 988 5134 meis,
1021 5080 1076 5123 ut
1124 5071 1369 5124 inhabitet
1410 5073 1461 5124 in
1506 5089 1583 5126 me
1631 5074 1784 5127 virtus
1816 5073 2004 5127 Christi

422 5158 501 5229 (ΙΙ
531 5160 649 5214 Cor.
678 5160 811 5228 xu);
844 5171 897 5216 et
918 5161 1111 5215 iterum
1142 5163 1296 5230 ipse:
1335 5161 1559 5216 Vanitati
1596 5164 1731 5217 enim
1769 5176 2003 5218 creatura

418 5251 638 5322 subjecta
666 5264 740 5305 est
766 5253 944 5319 (Rom.
973 5252 1118 5321 Vill);
1151 5254 1326 5308 adhuc
1358 5256 1540 5324 utique
1565 5257 1811 5322 vanitati,
1834 5273 2004 5327 quan-

422 5350 524 5396 tum
551 5344 726 5397 adhuc
764 5343 1052 5398 mundanis
1082 5345 1332 5399 sensibus
1364 5346 1690 5412 implicatur.
1731 5348 2001 5418 corrupti-

422 5431 611 5503 bilique
658 5435 970 5489 conditione
1004 5434 1357 5505 deprimitur;
1404 5438 1495 5489 illa
1529 5437 1711 5506 utique
1754 5451 1998 5493 creatura

419 5526 479 5579 de
506 5544 604 5596 qua
634 5527 780 5582 idem
809 5526 942 5582 dicit
965 5527 1091 5583 alibi
1120 5546 1131 5580 :
1169 5529 1228 5582 Si
1249 5545 1352 5599 qua
1388 5529 1546 5598 igitur
1579 5545 1707 5583 nat'a
1744 5541 1995 5595 creatura,

418 5624 569 5677 cetera
593 5620 944 5679 transierunt:
966 5630 1079 5673 ecce
1098 5619 1237 5687 facta
1262 5630 1379 5672 sunt
1407 5620 1578 5672 omnia
1609 5636 1738 5673 natm
1769 5619 1853 5691 (11
1878 5620 1996 5676 Cor.

421 5707 497 5775 v);
533 5722 581 5766 ct
613 5713 681 5767 de
729 5726 835 5779 qua
880 5710 1019 5766 idem
1064 5711 1189 5766 alibi
1235 5712 1395 5767 dicit:
1435 5709 1605 5777 Ipsius
1638 5714 1770 5770 cnim
1818 5731 1993 5767 sumus

2097 1875 2303 1924 mensa,
2360 1876 2453 1929 per
2508 1877 2666 1930 quam
2716 1862 2816 1917 sibi
2872 1863 3110 1917 mutabili
3160 1872 3213 1919 et
3258 1865 3683 1920 vicissitudinum

2098 1948 2505 2005 obumbratione
2551 1951 2792 2020 fuscatze,
2836 1954 3053 2009 luminis
3086 1956 3195 2010 teri
3225 1974 3417 2011 munus
3461 1960 3664 2013 sentire

2100 2042 2353 2109 impendi.
2384 2042 2506 2096 [Lee
2544 2052 2625 2097 est
2663 2043 2825 2112 igitur
2852 2045 2940 2098 illa
2969 2056 3210 2100 creatura
3241 2063 3360 2116 qua:
3395 2050 3682 2117 Spirituali-

2099 2142 2181 2188 ti'r
2210 2135 2414 2195 vivens.
2444 2151 2550 2188 non
2582 2136 2767 2190 volens
2793 2138 3020 2193 sustinet
3049 2141 3286 2193 mortalis
3330 2142 3684 2197 infestatinnis

2097 2224 2340 2291 allectus,
2384 2238 2569 2282 eontra
2611 2243 2746 2295 quos
2795 2230 3160 2287 indesinenter
3190 2248 3452 2302 pugnans,
3501 2236 3683 2293 malch

2099 2332 2203 2369 non
2232 2319 2428 2371 hahe-e
2457 2334 2590 2385 quos
2619 2320 2876 2385 vinceret,
2906 2336 3064 2391 quam
3100 2336 3222 2376 eum
3269 2321 3461 2376 infesto
3490 2324 3684 2393 jugitcr

2099 2407 2253 2462 hoSIe
2282 2408 2588 2477 conﬂigere.
2622 2410 2736 2464 Non
2762 2411 2950 2465 volens
2992 2426 3119 2481 ergo
3162 2413 3311 2481 subja
3350 2424 3434 2468 cat
3483 2414 3533 2467 in
3572 2422 3686 2467 tan-

2101 2509 2209 2552 tum
2234 2502 2384 2554 vanis
2405 2501 2701 2569 desideriis,
2723 2504 2774 2557 in
2798 2514 3051 2574 quantum
3077 2505 3193 2559 sine
3211 2507 3511 2561 dubitation
3534 2531 3540 2540 ι
3570 2524 3685 2576 per-

2099 2591 2268 2645 ituris.
2326 2592 2473 2648 Uudc
2525 2594 2651 2648 dicit
2696 2594 2981 2663 Apostolus
3025 2595 3203 2651 :Caro
3242 2600 3552 2665 concupiscit
3595 2602 3685 2653 atl-

2097 2699 2271 2737 versus
2294 2684 2548 2755 spiritum,
2575 2696 2619 2737 et
2640 2687 2849 2755 spiritus
2870 2686 3111 2741 adversus
3136 2704 3361 2751 carnem,
3386 2697 3439 2741 ut
3463 2705 3563 2741 non
3577 2705 3686 2756 qua

2097 2775 2272 2839 vultis,
2305 2776 2395 2829 illa
2426 2778 2530 2844 faci
2552 2780 2629 2832 'tis
2661 2777 2793 2845 (Gal.
2834 2778 2921 2849 v);
2958 2780 3049 2833 sed
3087 2791 3295 2849 propter
3321 2796 3459 2843 eum,
3492 2779 3686 2849 inquit,

2098 2869 2185 2937 qui
2212 2869 2428 2941 subjecit
2459 2870 2510 2921 in
2540 2885 2627 2939 spe
2663 2869 2836 2937 (Rom.
2866 2870 3003 2940 vui),
3041 2878 3097 2925 ut
3125 2885 3280 2925 nemo
3319 2871 3371 2925 in
3413 2872 3509 2925 hac
3540 2871 3687 2925 scili-

2098 2968 2182 3014 cet
2204 2962 2309 3013 vita
2339 2974 2521 3013 rursus
2552 2961 2617 3013 de
2650 2960 2805 3029 plena
2838 2960 3092 3016 felicitate
3120 2962 3190 3015 sit
3218 2975 3503 3031 arrOgans;
3529 2977 3591 3014 ac
3623 2976 3687 3016 ne

2100 3067 2289 3105 rursus
2323 3053 2540 3105 forsit-tl
2583 3052 2959 3120 desperatione
3004 3054 3400 3117 succumberet,
3445 3053 3524 3107 sic
3568 3069 3687 3109 eam

2103 3143 2330 3211 subjecit
2362 3142 2444 3195 his
2476 3144 2733 3196 molestiis
2762 3142 3115 3212 perferendis,
3145 3151 3200 3195 ut
3232 3153 3404 3196 tamen
3439 3156 3533 3209 spe
3561 3160 3687 3198 con-

2101 3234 2304 3289 soletur
2326 3242 2525 3288 erecta.
2562 3233 2683 3287 "illc
2706 3243 2788 3288 est
2823 3232 2982 3303 igitur
3006 3234 3121 3287 sine
3145 3232 3395 3301 ambiguo
3422 3246 3689 3299 creatura,

2101 3325 2168 3380 de
2192 3340 2294 3396 qua
2318 3324 2412 3389 ait,
2440 3324 2559 3392 quia
2590 3333 2633 3378 et
2660 3326 2776 3393 ipsa
2813 3335 3047 3378 creatura
3077 3323 3371 3378 liberabitur
3397 3340 3429 3376 a
3454 3327 3689 3380 servitute

2102 3418 2446 3488 corruptionis
2477 3418 2529 3472 in
2558 3419 2835 3472 libertatem
2868 3419 3048 3492 gloria:
3080 3420 3307 3487 filiorum
3339 3417 3437 3473 Dei
3472 3416 3689 3488 (Ibid.).

2103 3506 2359 3568 Patefecit
2381 3511 2445 3564 de
2468 3526 2570 3580 qua
2588 3522 2830 3566 creatura
2856 3509 3018 3566 vellet
3035 3511 3277 3582 intelligi,
3308 3510 3360 3564 in
3390 3510 3690 3575 libertatem,

2102 3606 2373 3676 inquiens,
2400 3606 2628 3673 filiorum
2658 3602 2772 3668 Dei,
2794 3618 2910 3673 qua:
2935 3603 2989 3657 in
3013 3603 3115 3658 hoc
3146 3601 3343 3657 mundo
3365 3618 3429 3657 ex
3458 3616 3519 3656 ea
3544 3612 3691 3671 parte

2104 3711 2246 3752 nunc
2300 3697 2463 3751 servit
2500 3710 2602 3763 qua
2644 3694 2787 3749 vitiis
2827 3694 3109 3749 infestatur
3148 3693 3434 3758 humanis;
3471 3702 3595 3747 tunc
3627 3692 3691 3745 ad

2103 3787 2407 3843 libertatem
2436 3786 2663 3841 ﬁfiorum
2691 3785 2784 3840 Dei
2809 3786 3041 3853 perfecta
3073 3785 3361 3840 securitate
3389 3793 3690 3848 venturam,

2104 3894 2218 3931 cum
2251 3876 2581 3945 corruptibile
2610 3878 2704 3930 hoc
2729 3876 2951 3930 induerit
2991 3876 3445 3947 incorruptionem,
3477 3884 3524 3928 et
3560 3890 3695 3927 moro

2103 3971 2205 4021 tale
2230 3969 2324 4021 hoc
2346 3969 2567 4021 induerit
2590 3966 3044 4021 immortalitatem.
3073 3965 3139 4020 Ut
3160 3967 3252 4035 ﬁat
3276 3982 3443 4019 sermo
3465 3965 3551 4033 qui
3572 3964 3695 4019 scriv

2103 4072 2221 4131 ptas
2247 4070 2319 4114 est
2344 4078 2362 4114 :
2392 4062 2641 4126 Absorpta
2672 4070 2745 4113 est
2776 4075 2910 4111 mors
2940 4060 2993 4111 in
3024 4059 3257 4111 t'ictoria.
3289 4056 3386 4112 Ubi
3416 4068 3509 4124 est,
3536 4075 3694 4124 mors,

2102 4153 2309 4206 victoria
2346 4153 2471 4203 tua?
2516 4151 2605 4203 ubi
2643 4160 2737 4214 est,
2792 4166 2952 4215 mors,
2991 4149 3230 4203 stimulus
3263 4150 3417 4204 tuus?
3459 4149 3696 4202 stimulus

2104 4257 2272 4298 autem
2300 4243 2479 4297 mortis
2499 4251 2763 4312 peccatum
2792 4250 2882 4308 est,
2913 4242 3070 4294 virtus
3092 4256 3208 4294 vero
3232 4241 3426 4308 peccati
3456 4239 3558 4292 lex.
3586 4238 3696 4294 Deo

2105 4347 2274 4388 autem
2298 4336 2514 4405 gratias,
2545 4335 2635 4404 qui
2661 4334 2803 4387 dedit
2830 4334 2970 4387 nobis
2992 4333 3257 4386 victoriam
3287 4348 3376 4403 per
3407 4331 3696 4385 Dominum

2108 4441 2337 4482 nostrum
2364 4427 2539 4482 Jesum
2561 4426 2819 4482 Christum
2845 4426 2897 4494 (Ι
2920 4426 3039 4480 Cor.
3067 4429 3182 4497 xv).
3208 4428 3548 4494 Quapropter
3573 4424 3698 4479 bea-

2110 4532 2193 4575 tis
2226 4522 2512 4588 Apostolus
2542 4519 2876 4575 manifestius
2907 4520 3091 4573 volens
3118 4527 3171 4572 et
3210 4518 3279 4572 de
3308 4533 3410 4585 qua
3453 4526 3698 4570 creatura

2110 4622 2309 4681 ageret.
2338 4620 2389 4667 et
2417 4612 2481 4666 de
2508 4627 2608 4680 qua
2636 4611 2752 4681 ejus
2787 4610 3064 4673 servitute,
3094 4624 3263 4680 quave
3295 4607 3544 4661 libertate
3587 4605 3701 4659 dis-

2110 4720 2337 4769 serere',
2363 4714 2546 4773 utp0te
2577 4719 2670 4772 per
2692 4718 2850 4773 quem
2878 4702 3125 4757 Christus
3154 4699 3491 4767 loquebatur,
3517 4707 3701 4752 osten-

2111 4799 2263 4858 dere.
2296 4796 2473 4849 adhuc
2526 4794 2779 4860 inculcat,
2822 4804 2876 4847 et
2918 4793 3089 4847 dicit:
3148 4791 3354 4847 Scimus
3385 4792 3518 4844 enim
3564 4790 3700 4858 quod

2114 4891 2275 4944 onmis
2303 4896 2533 4941 creatura
2563 4887 2844 4957 ingemiscit
2881 4896 2927 4937 et
2962 4884 3179 4954 parturit
3207 4884 3382 4953 (Rom.
3424 4881 3557 4951 vttt);
3595 4897 3701 4935 non

2116 4981 2214 5035 nisi
2240 4976 2569 5032 rationabilis
2598 4987 2844 5030 creatura
2878 4984 2977 5035 est,
3010 4984 3063 5026 t'l
3086 4974 3168 5027 illa
3202 4972 3554 5038 rationabilis,
3586 4988 3702 5040 quae

2112 5069 2239 5141 quid
2282 5067 2615 5137 ingemiscat,
2664 5066 2859 5136 quidve
2905 5065 3181 5132 parturiat,
3225 5064 3335 5133 jam
3381 5072 3563 5118 renata
3615 5078 3701 5113 co-

2110 5163 2338 5230 gnoscit,
2364 5169 2417 5214 et
2449 5159 2810 5213 inﬁrmitatem
2842 5172 2992 5212 suam
3036 5156 3259 5222 deﬁt-ns,
3296 5156 3700 5225 promissionem

2113 5263 2384 5324 perpetuxe
2418 5252 2814 5322 tranquillitatis
2858 5258 3156 5319 exspectat,
3188 5266 3292 5319 quo
3337 5250 3524 5301 doctor
3551 5261 3701 5313 egre.

2111 5346 2230 5416 gius
2257 5360 2426 5415 quous
2448 5361 2530 5411 in:
2562 5342 2837 5411 perducat.
2883 5342 3193 5410 diligentius
3235 5335 3543 5393 intuendum
3577 5346 3657 5387 est
3687 5352 3698 5385 :

2109 5436 2229 5490 Non
2263 5435 2449 5497 solum,
2495 5434 2760 5502 inquiens,
2794 5432 2908 5495 illa,
2960 5432 3063 5486 hoc
3101 5440 3184 5485 est
3227 5435 3470 5481 creatura
3514 5426 3702 5494 populi

2104 5526 2413 5591 Christiani,
2444 5526 2532 5578 sed
2559 5541 2649 5577 nos
2672 5524 2770 5595 ipsi
2794 5524 3048 5591 primitias
3070 5522 3280 5592 spiritus
3306 5518 3560 5571 habentes.
3596 5517 3699 5584 Ipsi

2110 5619 2295 5690 utique
2330 5617 2582 5688 apostoli,
2624 5616 2724 5686 ipsi
2760 5615 3014 5671 Ecclesia:
3044 5612 3309 5684 principes
3344 5622 3395 5666 et
3430 5621 3701 5680 parentes,

2110 5712 2199 5782 qui
2230 5711 2643 5774 primordialitcr
2674 5709 2843 5766 sancti
2877 5707 3108 5774 Spiritus
3146 5704 3288 5763 dona
3330 5710 3699 5771 sun-pserunt.
