4098 6172
374 276 473 332 {‘27

1706 254 1973 310 GliLASll
2016 253 2217 309 PAR-F2
2261 256 2278 309 l

3529 260 3628 317 118

371 399 489 453 qua:
532 374 903 434 ecclesiasticis
957 372 1321 428 ministrarent
1360 368 1707 440 sptitualiter
1768 371 1940 421 incrc-
1971 367 2023 425 Α
2052 365 2208 419 Certe
2239 365 2379 420 enim
2411 366 2522 433 ipse
2550 366 2637 435 qui
2669 366 2781 421 hinc
2802 364 3033 434 dicebat,
3064 382 3127 423 ex
3161 368 3270 423 Deo
3311 369 3492 439 utique
3534 391 3632 427 na-

371 472 594 533 mentis;
628 468 714 523 ubi
750 469 864 520 sine
891 463 1255 519 controversia
1295 461 1612 529 semetipsos
1650 475 1857 530 quoque
1887 460 1941 513 in

372 578 476 616 una
502 562 791 626 eademque
814 555 1057 623 quamvis
1079 553 1279 621 majore
1304 555 1471 620 gratia
1496 550 1771 620 pneditos,
1802 550 1948 604 unde

374 666 427 708 et
475 656 540 703 :tit
604 649 852 718 primitias
904 648 1113 716 spiritus
1184 644 1447 707 habentes,
1495 644 1644 710 quasi
1695 643 1951 707 primates

376 758 556 809 praua:
592 740 699 801 rei,
733 741 781 791 in
810 753 907 787 una
935 749 1107 789 tamen
1143 736 1436 801 eademque
1468 747 1647 785 secum
1683 742 1954 797 totamque

383 841 448 884 ιιι·
487 836 611 885 leua
642 858 665 875 ιι
703 828 933 891 generali
971 825 1275 878 eottdttione
1304 832 1458 875 coast
1483 825 1619 873 luit:
1659 824 1747 873 set
1793 820 1953 871 eriam

380 923 686 990 nosmetipti,
722 921 923 977 ditem,
970 917 1220 982 primitias
1266 916 1470 980 spiritus
1510 913 1772 974 habemes,
1818 913 1953 963 intra

382 1032 470 1066 nos
499 1014 740 1077 gentium.
774 1026 788 1063 :
825 1018 1029 1075 aperuit
1052 1023 1274 1075 quorum
1302 1007 1388 1057 ille
1416 1008 1663 1072 gemitus,
1696 1017 1958 1068 qnetnsu-

382 1122 473 1172 pra
497 1104 724 1166 dixerat,
752 1115 871 1151 cs~e
895 1105 1159 1159 ltttSCuttll',
1192 1106 1243 1147 et
1273 1097 1395 1162 quid
1420 1104 1658 1163 gemeret
1683 1093 1960 1146 evidenter

382 1197 645 1261 exposuit,
676 1196 1098 1257 adtrptiuntmque
1114 1199 1461 1255 exspectantes
1488 1201 1507 1239 :
1535 1196 1681 1238 certe
1715 1184 1825 1252 jam
1869 1198 1957 1235 sa-

382 1293 653 1337 cramento
706 1280 1121 1349 regenerationis
1161 1280 1348 1347 pignus
1386 1275 1689 1344 adoptionis
1732 1274 1957 1340 accepit.

383 1373 512 1436 Q-:tB
540 1380 619 1423 est
646 1386 772 1437 ergo
799 1372 894 1421 ista
927 1368 1161 1434 adoptio,
1188 1383 1303 1433 qua:
1330 1376 1449 1435 post
1479 1365 1823 1432 adoptionum
1857 1362 1960 1415 ini-

386 1465 454 1516 tia
479 1472 788 1523 sustinetur,
824 1476 1008 1527 qua-ve
1038 1460 1131 1513 red
1170 1461 1336 1527 mptio
1366 1458 1604 1525 corporis
1628 1455 1818 1520 nostri,
1843 1469 1963 1523 quas

385 1561 605 1603 ventura
636 1550 983 1618 proponitur?
1019 1550 1155 1614 Ergo
1182 1564 1288 1600 non
1316 1547 1589 1613 accepisti,
1618 1563 1734 1613 qttze
1772 1558 1963 1612 exspe-

385 1654 530 1698 ctare
559 1652 608 1696 te
637 1643 803 1696 dicis?
840 1643 1053 1708 Accepi,
1088 1640 1272 1709 inquit,
1308 1641 1399 1694 sed
1434 1640 1700 1709 mysteriis
1725 1654 1838 1690 sum
1872 1653 1961 1691 rc-

2054 467 2138 512 tus
2163 466 2305 522 erat;
2330 468 2381 510 et
2408 467 2584 512 tamen
2602 458 2827 513 docebat
2856 472 3016 528 atque
3041 461 3386 530 prasdicabat,
3416 466 3632 522 dicens:

2055 550 2117 604 Si
2143 551 2422 603 dixerimus
2446 551 2563 615 quia
2593 561 2854 620 peccatum
2880 569 2976 604 non
3004 552 3268 619 habemus,
3303 560 3636 622 nosmetipsos

2053 644 2373 706 seducimus;
2424 653 2478 697 et
2521 658 2737 707 camera,
2777 660 2896 712 qua:
2945 650 3194 712 superius
3246 664 3442 717 ροιιιρι·Δ
3469 650 3634 705 hensa

2056 745 2214 788 Sunt:
2261 735 2352 787 sed
2390 736 2619 803 qualiter
2672 752 2890 802 percire
2934 753 3038 790 non
3073 742 3259 803 possit,
3287 750 3374 805 qut
3415 758 3476 793 ex
3529 743 3639 795 ln-o

2059 824 2313 887 naSt-itnr,
2346 828 2457 890 ipse
2482 825 2652 890 pOIiu~
2675 842 2753 879 vir
2773 826 2879 879 Deo
2897 829 3083 894 plenus
3105 840 3331 895 exponat
3357 848 3369 883 :
3404 830 3463 885 Si
3486 834 3639 885 dixe-

2056 915 2233 975 rimus,
2269 916 2455 982 inquit.
2486 918 2605 983 qui]
2643 933 2743 968 non
2778 919 3112 978 peccavimus.
3142 935 3255 977 mea
3282 937 3431 972 orem
3473 922 3637 990 facie.

2060 1021 2171 1055 ntus
2200 1022 2346 1059 eum:
2374 1009 2508 1074 quod
2538 1007 2581 1058 si
2608 1010 2822 1076 confessi
2856 1009 3100 1079 fuerimus
3128 1011 3313 1063 delicta
3346 1026 3540 1078 nosira,
3577 1016 3639 1079 [i-

2060 1098 2185 1150 delis
2212 1112 2282 1151 est
2315 1112 2357 1151 ct
2376 1102 2573 1169 justus,
2604 1104 2688 1167 qui
2708 1105 2929 1157 dimittat
2952 1106 3091 1157 nobis
3118 1119 3337 1175 peccata,
3357 1119 3404 1162 et
3430 1113 3641 1164 mandet

2061 1206 2154 1242 nos
2209 1191 2271 1242 ab
2321 1193 2457 1244 omni
2504 1193 2766 1260 iniquitate
2818 1194 3026 1263 (Ibid.).
3071 1197 3323 1253 Patefecit
3370 1205 3640 1271 qutunodo

2063 1282 2149 1347 qui
2188 1296 2247 1333 ex
2288 1281 2394 1334 Deo
2434 1283 2690 1347 na~citur,
2725 1300 2946 1351 peccare
2982 1304 3086 1341 non
3124 1300 3314 1357 possit,
3340 1305 3395 1344 nt
3437 1295 3642 1349 scilicet

2065 1371 2427 1438 unusquisque
2456 1370 2686 1425 ﬁdelium
2707 1383 2985 1443 postquam
3009 1393 3072 1430 ex
3100 1378 3207 1432 Deo
3225 1390 3377 1433 natus
3408 1394 3509 1444 eet,
3534 1384 3643 1439 sic-

2066 1470 2122 1511 ut
2176 1475 2234 1514 se
2277 1476 2381 1513 non
2420 1461 2615 1517 habere
2653 1476 2924 1531 peccatum
2954 1470 3301 1534 pronuntiare
3330 1488 3433 1526 non
3460 1475 3640 1542 debet,

2069 1550 2147 1604 sic
2182 1551 2320 1620 quod
2354 1550 2682 1606 admittendo
2713 1558 3059 1615 contraxerit.
3105 1561 3392 1615 conﬁdenti
3438 1564 3645 1618 relaxa-

2067 1641 2212 1695 tione
2260 1644 2564 1697 submotum
2604 1657 2878 1712 peccatum
2926 1648 3102 1704 inesse
3146 1666 3250 1704 non
3285 1656 3468 1719 possit,
3508 1657 3643 1711 sicut

387 1745 611 1788 novatus
640 1734 982 1800 it.itiatusque
1020 1732 1328 1785 cit-testibus
1368 1740 1637 1798 superstes
1688 1738 1741 1783 ct
1781 1730 1833 1782 in
1865 1729 1962 1783 hac
1996 1723 2038 1783 Β
2069 1729 2181 1798 ipse
2206 1734 2364 1785 etiam
2395 1742 2606 1787 secutus
2624 1734 2889 1802 adjnnxit:
2924 1737 3053 1791 Ha'c
3079 1742 3242 1794 scribo
3272 1744 3427 1809 vobis,
3458 1754 3511 1797 ut
3544 1762 3643 1799 non

388 1825 562 1878 adhuc
594 1827 913 1878 mortalitate
944 1823 1265 1885 ennsi~tens,
1320 1836 1438 1890 qua:
1476 1836 1568 1873 sua
1617 1830 1743 1873 sunt
1776 1822 1825 1874 in
1874 1835 1962 1874 tne

389 1925 754 1982 competenter
770 1913 1134 1979 Operantibus,
1161 1911 1226 1965 ad
1241 1928 1423 1965 eorum
1448 1913 1827 1979 plenitudinem
1854 1927 1967 1979 pcr-

390 2009 777 2072 tectioucmque
821 2006 1040 2069 valeam,
1073 2016 1231 2071 atque
1280 2004 1364 2056 ltic
1401 2002 1743 2072 pugnantium
1784 2004 1856 2056 ibi
1897 2012 1967 2057 st

390 2104 753 2151 causuuttnatzt
786 2096 1027 2155 vietoria,
1056 2095 1141 2148 ubi
1174 2095 1455 2148 dzcettdunt
1479 2103 1559 2147 est
1582 2111 1596 2146 ί
1622 2097 1866 2162 Absorpta
1894 2100 1965 2145 est

392 2205 525 2240 mors
552 2190 601 2240 iu
634 2187 841 2239 victoria
864 2202 883 2239 :
913 2189 995 2237 ubi
1027 2199 1119 2249 est,
1154 2202 1307 2253 mors,
1341 2185 1576 2237 stimulus
1618 2186 1777 2237 tuus?
1809 2183 1965 2236 Nunc

390 2288 558 2331 autem
598 2294 687 2346 spe
722 2277 848 2329 salvi
888 2279 1012 2343 [acti
1043 2293 1247 2341 sumus;
1273 2293 1385 2343 spes
1416 2286 1585 2327 autem
1612 2292 1725 2343 quae
1746 2277 1963 2339 videtur,

392 2391 489 2425 non
519 2383 589 2424 est
620 2390 676 2441 sp
707 2387 764 2433 s;
786 2388 852 2423 na
873 2388 902 2422 ιι
934 2374 1066 2438 quod
1099 2371 1226 2423 videt
1261 2373 1390 2437 quis,
1420 2371 1543 2440 quid
1573 2371 1785 2436 sperat?
1810 2373 1853 2423 si
1872 2388 1967 2423 au-

392 2470 490 2512 tem
520 2464 655 2530 quod
705 2477 803 2511 non
835 2460 1058 2513 ridemus
1091 2477 1369 2524 speramus.
1422 2477 1509 2531 per
1548 2462 1851 2532 patientiam
1880 2478 1967 2516 ex-

392 2565 675 2621 spectamus
702 2550 753 2618 (l
779 2552 896 2606 Cor.
923 2567 1014 2615 tv;
1035 2552 1181 2605 Rem.
1199 2554 1331 2621 vui).
1352 2553 1496 2607 Satis
1516 2556 1654 2607 clara
1678 2555 1793 2609 luce
1818 2564 1968 2624 pate-

394 2640 521 2693 fecit.
546 2641 633 2706 qui
669 2656 693 2693 s
721 2650 739 2694 t
767 2653 936 2694 status
978 2643 1029 2694 in
1063 2646 1158 2695 huc
1188 2643 1291 2696 vita
1333 2643 1587 2708 lidelium,
1621 2645 1743 2713 quid
1775 2646 1827 2699 in
1867 2646 1969 2701 ﬁde

395 2742 631 2793 tem-ant,
661 2733 784 2800 quid
814 2734 862 2784 in
887 2748 980 2801 spe
1003 2737 1319 2798 sustineant,
1354 2735 1479 2803 quid
1504 2744 1609 2789 tota
1633 2738 1853 2793 caritate
1873 2739 1967 2794 dcc

393 2824 654 2883 siderent;
686 2823 824 2890 quod
850 2834 1013 2875 totum
1044 2827 1413 2879 incunctanter
1442 2827 1562 2880 ideo
1589 2827 1665 2893 ﬁt,
1691 2830 1829 2883 sicut
1849 2829 1969 2899 qui-

395 2915 515 2967 dam
559 2917 809 2978 magister
840 2917 1087 2968 Ecclesia:
1135 2916 1497 2987 (Augtstiuus)
1542 2918 1812 2987 sapienter
1843 2918 1971 2971 edo-

394 3012 523 3069 cuit,
564 3008 746 3059 dtrens
782 3023 794 3058 :
839 3007 915 3059 Ad
958 3024 1199 3077 magnam
1238 3009 1375 3063 enim
1422 3011 1699 3065 utilitatem
1734 3012 1968 3066 ﬁdelium

397 3107 618 3152 muti-ria
664 3108 741 3151 est
780 3112 987 3153 servata
1029 3106 1402 3169 certaminum,
1443 3112 1499 3157 ut
1536 3120 1641 3159 non
1696 3107 1970 3174 superbiat

398 3192 650 3244 Sani-titus
688 3191 810 3244 dum
850 3194 1085 3259 pulsatur
1138 3197 1441 3261 lttiitmitas,
1489 3214 1593 3267 quo
1633 3200 1835 3253 scilicet
1875 3215 1971 3255 sua

396 3281 580 3335 salten
609 3279 737 3350 lrngt
764 3283 889 3336 itare
918 3290 1237 3339 commonita
1279 3298 1396 3354 post
1437 3289 1664 3352 ruinam,
1697 3304 1799 3343 non
1834 3292 1883 3343 itt
1914 3304 1974 3346 se

400 3373 529 3426 ﬁdat
559 3384 736 3425 nostra
764 3376 1019 3441 Conditio,
1065 3378 1156 3430 sed
1190 3380 1253 3431 ad
1300 3379 1441 3433 illius
1478 3379 1862 3434 incessabiliter
1890 3397 1974 3435 re-

399 3476 572 3516 corrat
607 3463 1020 3518 miscrtcm'diatn
1046 3466 1405 3533 reformanda,
1439 3469 1588 3537 cujus
1614 3480 1837 3537 gratiam
1869 3486 1972 3523 non

402 3553 708 3625 qttzerendo,
732 3573 828 3610 nec
852 3557 903 3611 in
936 3558 1163 3626 paradisi
1195 3561 1362 3625 potuit
1386 3562 1695 3615 intemerata
1724 3560 1975 3616 felicitate

404 3668 433 3706 c
473 3664 672 3715 nstare,
702 3652 973 3721 discatque
998 3652 1111 3704 sine
1136 3654 1222 3703 tali
1248 3653 1495 3720 prtesidio
1518 3655 1638 3709 inde
1663 3656 1861 3722 lapsam
1885 3668 1976 3719 per

405 3747 544 3811 quod
578 3743 852 3795 instruitur
883 3753 1001 3810 po~t
1028 3757 1291 3796 {erumnas
1329 3746 1394 3796 ad
1434 3745 1620 3813 gaudia
1653 3746 1825 3799 redire
1857 3760 1977 3813 per—

409 3844 594 3897 petua;
642 3833 914 3901 multoque
944 3847 1001 3885 se
1040 3834 1205 3897 magis
1252 3834 1569 3888 incolumem
1604 3834 1703 3888 hoc
1740 3833 1976 3887 subsidio

408 3923 605 3977 durare
644 3923 896 3989 potuisse,
929 3940 1033 3991 quo
1065 3940 1168 3977 non
1212 3926 1382 3978 solum
1425 3925 1489 3979 ad
1532 3928 1816 3979 crcatiouis
1863 3939 1976 3979 suae

408 4016 680 4067 reducitur
706 4014 1025 4077 institutum,
1055 4020 1146 4068 sed
1184 4018 1247 4069 ad
1277 4019 1494 4070 cteleste
1535 4028 1860 4086 prteparatur
1886 4023 1978 4068 na-

409 4106 715 4159 bitarnluut.
766 4107 896 4159 llu:c
926 4116 1098 4160 autent
1128 4109 1469 4176 disputationi
1513 4111 1811 4163 Itnllati-nus
1840 4110 1981 4163 a'sti-

410 4207 584 4251 tuo-tur
606 4215 723 4251 esse
759 4211 1108 4263 contrarium,
1131 4204 1271 4268 quod
1304 4204 1355 4254 in
1384 4202 1619 4271 Epistula
1668 4218 1762 4258 Sua
1796 4204 1979 4257 beatus

409 4285 643 4342 Joannes
674 4291 946 4355 apostolus
978 4299 1032 4343 et
1059 4293 1330 4361 evangelts
1356 4308 1381 4343 a
1406 4294 1685 4347 disseruit:
1723 4294 1853 4359 Quia
1891 4294 1979 4360 qui

409 4390 561 4433 natus
591 4393 662 4433 est
698 4396 760 4432 ex
794 4379 915 4435 Deo.
946 4397 1045 4433 non
1078 4394 1244 4446 peccat
1274 4382 1321 4453 (Ι
1354 4379 1508 4436 Joau.
1534 4382 1638 4451 ut),
1669 4395 1723 4437 ut
1772 4400 1836 4436 ex
1879 4383 1977 4436 hoc

411 4472 601 4524 videlic
639 4482 654 4520 t
686 4471 774 4535 qui
803 4482 1095 4539 regeneratt
1125 4482 1268 4534 Stllll,
1289 4488 1390 4523 non
1419 4488 1637 4540 peccare
1660 4474 1978 4530 credantur:

410 4562 549 4629 quod
582 4566 761 4629 utique
791 4563 834 4616 si
864 4580 927 4613 eo
956 4579 1137 4628 sensu,
1165 4563 1301 4617 sicut
1326 4565 1537 4632 quidam
1581 4578 1684 4618 non
1715 4577 1858 4618 recte
1892 4565 1982 4631 ju-

412 4653 653 4703 ώοςιηιοεδ
698 4656 1043 4715 arbitrantur,
1088 4655 1167 4705 vir
1207 4669 1427 4721 magnus
1481 4655 1570 4708 ille
1610 4655 1982 4722 prompsisset,

413 4742 782 4795 tlttiVL‘tsalilet‘
810 4744 987 4806 Illique
1013 4746 1257 4814 quisquis
1290 4754 1504 4797 rvnatus
1540 4754 1684 4799 esset
1722 4746 1831 4813 jam
1869 4760 1987 4812 pec-

411 4846 535 4882 care
558 4846 659 4883 non
688 4844 883 4899 posset.
916 4835 1111 4888 Deinde
1131 4844 1311 4888 contra
1342 4837 1478 4889 hunc
1504 4836 1747 4891 eumdem
1773 4845 1989 4903 aposto-

418 4928 523 4973 lum
556 4926 753 4976 sentite
784 4926 1134 4990 convincitur,
1178 4929 1220 4980 si
1263 4927 1382 4995 quis
1430 4927 1530 4981 hoc
1572 4944 1691 4982 cum
1734 4929 1985 4983 deﬁnisse

419 5016 725 5079 piteteudtt;
759 5016 1004 5084 idemque
1041 5019 1235 5085 quippe
1263 5020 1391 5072 dicit
1422 5020 1546 5073 alibi
1574 5039 1585 5073 :
1621 5021 1678 5076 Si
1709 5022 1989 5078 dixerimus

415 5107 532 5175 quia
563 5120 824 5175 pertaium
869 5125 966 5160 non
996 5110 1253 5175 habemus,
1290 5128 1380 5165 nos
1418 5114 1556 5178 ipsos
1594 5113 1901 5183 seducimus,
1940 5125 1988 5171 et

416 5207 595 5251 veritas
632 5199 683 5248 in
724 5198 863 5250 nobis
895 5216 993 5251 non
1025 5214 1093 5254 est
1126 5202 1173 5270 (Ι
1221 5201 1377 5255 Joan.
1416 5206 1487 5274 t):
1542 5205 1605 5259 Et
1646 5206 1837 5261 iterum
1874 5224 1888 5261 :
1926 5209 1988 5262 Si

416 5292 691 5344 dixerimus
732 5292 853 5359 quia
902 5308 1002 5345 non
1059 5309 1346 5357 peccamus,
1393 5300 1682 5350 mendacem
1740 5300 1988 5367 faciemus

414 5398 551 5446 enim,
582 5390 628 5435 et
652 5385 852 5433 verbum
876 5384 987 5452 ejus
1022 5401 1118 5436 non
1161 5387 1254 5436 erit
1302 5388 1354 5439 in
1384 5389 1565 5453 nobis;
1596 5397 1649 5441 et
1676 5390 1852 5458 utique
1886 5392 1987 5445 lioc

418 5484 594 5525 tantus
625 5489 675 5526 et
710 5475 826 5526 talis
857 5474 1065 5528 dicebat
1099 5478 1400 5545 apostolus;
1424 5480 1572 5548 cujus
1594 5482 1636 5534 si
1670 5485 1786 5549 quis
1818 5482 1989 5550 potio-

418 5583 526 5620 Ictu
549 5581 607 5620 se
629 5570 831 5622 meritis
851 5572 1114 5623 aestimare
1136 5573 1426 5639 contendit,
1446 5578 1558 5640 ipse
1583 5574 1752 5630 videat
1774 5588 1989 5631 caveat-

412 5672 521 5727 uuc
549 5673 614 5713 ue
630 5658 827 5716 incidi
850 5664 898 5716 in
927 5661 1212 5720 mortiferae
1232 5667 1979 5733 principitationihbrnptum.

2070 1823 2322 1889 peccetis;
2348 1826 2435 1877 sed
2474 1825 2519 1875 si
2560 1828 2671 1893 quis
2720 1830 3017 1896 peccaverit,
3063 1832 3361 1886 adracatum
3408 1837 3645 1893 habemus

2066 1917 2207 1979 apud
2235 1912 2439 1966 Patrem
2459 1917 2684 1984 justum,
2709 1929 2754 1971 et
2776 1918 2882 1987 ipse
2911 1932 2982 1972 est
3008 1923 3300 1988 propitiatio
3328 1938 3646 1990 peccatorum

2068 2014 2377 2071 nostrarum,
2422 2022 2521 2058 non
2564 2017 2762 2059 tantum
2807 2022 3113 2071 nostrorum.
3148 2013 3239 2065 sed
3283 2015 3435 2067 totius
3472 2020 3646 2071 mundi

2068 2094 2120 2162 (l
2148 2094 2305 2151 Joan.
2340 2098 2418 2165 ιι).
2455 2098 2606 2163 Quod
2640 2098 2874 2154 breviter
2904 2102 3191 2159 indicatum
3221 2106 3451 2170 prudens
3480 2111 3647 2162 lector

2071 2203 2165 2255 per
2189 2198 2353 2241 totum
2386 2190 2782 2258 Srripturarum
2806 2207 2997 2261 corpus
3021 2196 3253 2264 cupiosis
3282 2201 3475 2265 poterit
3500 2208 3648 2254 test.

2070 2280 2405 2335 ﬁcationibus
2434 2283 2673 2336 invenire
2705 2293 2759 2337 et
2781 2286 3113 2341 manifestius
3137 2288 3454 2357 approbare.

2139 2372 2228 2427 Sic
2257 2383 2608 2442 temperatum
2639 2385 2835 2430 nostrae
2863 2377 3050 2432 salutis
3075 2381 3391 2450 antidotum,
3423 2392 3479 2437 ut
3499 2384 3649 2437 omni

2070 2466 2415 2535 proteri-itate
2457 2468 2720 2537 deposita,
2753 2470 2839 2538 qui
2873 2471 3121 2541 gloriatur
3143 2488 3242 2526 non
3277 2473 3329 2526 in
3360 2490 3430 2539 se,
3477 2477 3565 2528 sed
3591 2477 3646 2532 in

2073 2558 2290 2612 Domino
2313 2560 2558 2629 glorietur
2580 2559 2667 2625 (11
2699 2561 2816 2615 Cor.
2871 2560 2946 2631 ι).
2988 2564 3159 2617 Etiam
3207 2565 3338 2620 illud
3383 2582 3645 2636 praetcrea

2068 2650 2409 2719 diligentibus
2460 2651 2773 2707 intuendum
2820 2664 2924 2718 est,
2957 2656 3098 2723 quod
3134 2657 3388 2723 quosdam
3432 2675 3648 2714 movere

2060 2740 2440 2810 perspeximus
2458 2737 2508 2790 id
2529 2737 2673 2805 quod
2693 2737 3123 2805 aitApostolus(I
3139 2736 3357 2797 Comm)
3377 2752 3501 2790 cum
3518 2752 3623 2790 con
3638 2771 3651 2778 -

2056 2831 2281 2902 jugibus
2317 2828 2675 2896 ﬁdelibusque
2711 2826 3051 2895 loqueretur,
3083 2827 3411 2881 sanctiﬁcari
3438 2828 3650 2881 scilicet

2060 2921 2176 2978 sive
2209 2922 2384 2973 virum
2430 2920 2542 2973 sive
2586 2918 2873 2972 mulierem
2903 2917 3178 2971 inﬁdelem
3217 2933 3314 2986 per
3350 2917 3645 2986 cujuslibet

2064 3027 2227 3066 sexus
2257 3010 2415 3064 ﬁdele
2450 3009 2787 3063 consortium
2816 3017 2906 3062 :et
2944 3008 3211 3076 imprimis
3244 3024 3351 3062 non
3383 3009 3643 3062 inconve-

2060 3104 2276 3155 nienter
2307 3100 2551 3154 occurrit
2580 3100 2727 3170 quod
2763 3100 2971 3154 dictum
3004 3109 3087 3152 est
3116 3100 3183 3153 de
3218 3099 3424 3153 foedere
3449 3101 3644 3167 conju—

2059 3193 2163 3262 gali
2190 3208 2202 3243 :
2228 3191 2402 3244 Erunt
2423 3191 2523 3242 duo
2538 3192 2591 3243 in
2614 3206 2772 3242 carne
2790 3208 2897 3244 una
2918 3190 3069 3260 (Cen.
3092 3192 3169 3259 tt).
3188 3191 3289 3243 Per
3306 3191 3451 3259 quod
3473 3190 3643 3259 possit

2062 3293 2464 3351 consequenter
2487 3282 2742 3350 intelligi,
2765 3283 3100 3351 utquoniam
3138 3282 3433 3352 cujuslibet
3450 3283 3643 3351 conju-

2063 3374 2146 3444 gis
2176 3373 2352 3426 ﬁdelis
2370 3387 2573 3440 corpus
2604 3373 2864 3441 templum
2899 3381 2981 3424 est
3002 3372 3187 3433 Dei,et
3229 3373 3640 3441 regenerationc

2065 3476 2353 3536 purgatum
2375 3506 2388 3527 ,
2427 3465 2711 3533 divinique
2746 3464 3144 3519 sanctiﬁcatum
3185 3480 3282 3533 per
3309 3463 3641 3533 puriﬁcatio-

2066 3572 2191 3610 nem
2218 3556 2484 3627 mysterii,
2504 3556 2804 3610 secundum
2823 3556 3113 3624 quemdam
3137 3557 3376 3618 modum,
3399 3571 3494 3624 per
3510 3569 3641 3609 con-

2062 3650 2266 3720 jugalis
2290 3650 2557 3704 unitatem
2601 3649 2782 3703 carnis
2802 3649 2965 3701 etiam
2992 3648 3241 3716 conjugis
3262 3646 3498 3699 inﬁdelis
3521 3661 3644 3698 san-

2068 3737 2328 3790 ctiﬁcatio
2345 3751 2545 3805 corpus
2558 3736 2807 3804 attingat,
2823 3735 3091 3804 longeque
3109 3734 3275 3788 distet
3293 3736 3391 3787 ista
3409 3734 3643 3787 societas

2069 3829 2136 3882 ab
2160 3828 2254 3881 illo
2273 3828 2552 3882 consortio
2574 3827 2720 3897 quod
2759 3830 2811 3880 in
2840 3827 3089 3895 utrisque
3127 3826 3451 3895 conjugibus
3485 3824 3645 3877 idolis

2071 3923 2441 3990 mancipatum
2459 3934 2563 3984 est,
2583 3931 2637 3974 et
2654 3919 2921 3974 immundi
2937 3918 3160 3988 spiritus
3175 3917 3513 3971 habitatione
3533 3915 3621 3984 pol

2072 4013 2269 4073 lutum,
2294 4011 2423 4066 dum
2446 4012 2498 4064 in
2522 4011 2613 4064 illo
2634 4026 2835 4080 genere
2872 4010 3187 4078 nuptiarum
3214 4025 3310 4077 per
3350 4009 3521 4074 legem
3541 4008 3645 4059 fm-

2073 4106 2284 4174 dusque
2308 4103 2546 4174 conjugii
2571 4104 2636 4157 ad
2666 4104 2896 4156 alterum
2933 4104 3147 4155 tametsi
3180 4101 3514 4154 nescientem
3539 4098 3649 4151 for-

2075 4197 2214 4251 sitan
2236 4211 2335 4251 nec
2351 4196 2622 4249 volentem
2642 4194 2827 4247 divina
2843 4192 3156 4248 benedictio
3176 4209 3270 4262 per
3282 4191 3509 4246 alterius
3528 4188 3649 4242 uni-

2079 4298 2144 4343 tae
2169 4288 2271 4341 sibi
2305 4288 2486 4341 carnis
2503 4286 2737 4340 accedit.
2762 4287 2820 4339 tn
2847 4287 2951 4340 isto
2973 4301 3125 4349 vero,
3144 4294 3200 4339 et
3226 4282 3544 4352 principalis
3560 4281 3649 4333 illa

2070 4377 2365 4432 fornicatio
2381 4392 2487 4446 qua
2505 4377 2685 4430 anima
2710 4377 2980 4431 alienatur
3002 4392 3028 4430 a
3048 4375 3157 4430 Deo
3169 4382 3225 4430 et
3246 4375 3475 4444 spiritus
3499 4369 3651 4442 pravi

2070 4470 2383 4539 contagium
2404 4478 2515 4521 tam
2536 4468 2729 4522 reddat
2748 4476 3045 4537 utrumque
3068 4469 3354 4537 conjugem
3371 4466 3650 4519 detestan-

2069 4563 2135 4615 da
2157 4561 2613 4630 coinqninatione
2636 4562 2991 4624 maculatum,
3016 4577 3179 4630 quam
3203 4561 3271 4614 ab
3300 4560 3387 4613 illa
3409 4558 3509 4610 ﬁde
3532 4570 3655 4623 qua:

2069 4654 2232 4707 corda
2252 4651 2507 4721 puriﬁcat
2521 4668 2746 4705 summae
2766 4652 3073 4706 Divinitatis
3088 4647 3657 4715 externustsic).Dein-

2070 4744 2137 4798 de
2155 4760 2262 4795 non
2280 4743 3019 4813 irrationabilitcr(quantum
3041 4743 3360 4807 arbitror)et
3378 4739 3507 4794 illud
3526 4753 3657 4791 con-

2070 4837 2325 4897 Currit,ut
2344 4836 2593 4889 oratione
2608 4834 2784 4888 ﬁdelis
2801 4836 3066 4905 cujusque
3085 4834 3333 4903 conjugis
3350 4834 3511 4887 etiam
3530 4829 3655 4883 inli-

2070 4927 2173 4982 deli
2192 4926 2564 4982 misericordia
2580 4937 3000 4996 quantacunque
3018 4934 3304 4995 praestetur
3317 4924 3400 4978 vel
3418 4926 3528 4992 ipsa
3546 4936 3660 4975 cer-

2073 5025 2123 5072 te
2142 5032 2263 5085 quae
2279 5018 2346 5071 ad
2365 5018 2594 5071 salutem
2616 5017 2889 5087 pertineat
2915 5018 3272 5086 temporalem
3306 5033 3318 5068 :
3350 5015 3404 5067 in
3424 5030 3527 5083 qua
3550 5013 3652 5066 mi-

2069 5110 2372 5165 sericordia
2391 5125 2500 5163 non
2522 5110 2927 5179 parumdivinze
2953 5110 3172 5180 pietatis
3186 5108 3421 5179 acquirit
3447 5126 3458 5161 :
3486 5116 3539 5160 et
3558 5121 3654 5174 per

2072 5201 2177 5256 hoc
2199 5201 2503 5255 secundum
2524 5202 2814 5270 quemdam
2838 5202 3057 5255 modum
3074 5202 3349 5270 particeps
3367 5198 3564 5251 divina:
3577 5195 3656 5249 di-

2070 5292 2346 5362 gnationis
2365 5292 2595 5346 eﬂ'ectus
2614 5292 2870 5346 edicitur.
2892 5292 2946 5345 Si
2967 5292 3112 5344 enitn
3130 5290 3235 5343 cibi
3251 5289 3342 5358 qtti
3369 5304 3465 5357 per
3483 5288 3654 5357 legem

2071 5396 2280 5435 sacram
2299 5380 2689 5435 describuntur
2707 5379 3098 5447 intmundi,per
3112 5383 3335 5433 verbum
3358 5377 3447 5431 Dei
3464 5375 3659 5430 sancti-

2076 5477 2225 5531 ﬁcari
2248 5477 2807 5545 testaturApostolus,
2830 5475 2974 5529 unde
3010 5475 3173 5551 etiam
3205 5474 3335 5528 illud
3358 5483 3478 5527 est:
3507 5472 3658 5537 Quod

2075 5569 2214 5622 Deus
2244 5569 2538 5633 mandarit,
2570 5577 2625 5620 tu
2654 5582 2924 5619 commune
2949 5583 3011 5619 ne
3042 5565 3238 5619 dixeris
3268 5565 3403 5636 (Act.
3428 5566 3519 5630 x);
3550 5579 3655 5616 non

2070 5660 2175 5715 crit
2194 5658 2494 5714 absurdum
2514 5672 2613 5713 nec
2633 5656 3025 5713 inconveniens
3050 5658 3194 5726 quod
3225 5671 3321 5727 per
3339 5656 3512 5711 ﬁdelis
3528 5671 3660 5710 con-
