4098 6172
365 293 457 351 1L9

1550 299 1898 355 EPISTOLA‘J
1943 299 2026 353 ΕΤ
2070 300 2402 354 ΟΕΟΗΕΤΛ.

3512 322 3610 373 130

347 406 491 473 jnpis
508 424 744 475 precem,
768 424 928 478 quant
950 412 1059 466 ﬁeri
1084 413 1304 480 proipsa
1320 420 1522 466 certum
1545 411 1923 467 e~taﬁectione
1958 415 2001 472 Α
2031 414 2244 479 dignus,
2270 430 2377 480 quo
2399 429 2456 469 se
2483 415 2596 482 ipse
2624 417 2880 485 judicavit
2917 422 3209 492 indignum,
3242 443 3274 497 p
3292 431 3609 501 :tieuterqne

352 498 606 566 eonjugii,
628 501 826 568 aliquid
841 505 1000 555 etiam
1022 503 1243 558 inﬁdeli~
1266 505 1456 567 coniux
1470 503 1925 569 sanctiﬁcationis,

350 588 772 642 misericordiam
802 591 1033 645 divinam
1066 608 1221 661 quam
1259 591 1433 646 ﬁdelis
1467 595 1708 661 conjugis
1740 594 1930 661 implo-

350 686 432 729 rat
462 680 804 746 Supplicatio,
837 695 1213 749 consequatur,
1241 686 1499 753 longeque
1528 686 1737 739 diﬁ'erat
1767 687 1929 753 (sicut

346 768 551 823 dictum
581 771 686 838 est)
720 771 789 824 ab
823 773 911 824 illo
932 774 1198 826 connubio
1228 777 1277 827 iu
1304 790 1410 845 quo
1440 779 1644 845 utrique
1673 777 1928 845 conjuges

344 873 373 910 a
404 874 543 911 vera:
582 859 884 915 Divinitatis
911 874 1035 916 sunt
1073 866 1299 930 puritate
1327 866 1515 929 exteri,
1542 874 1596 919 et
1626 866 1924 919 voluntarie

347 948 603 1011 submoti,
627 952 721 1005 sed
755 951 1053 1005 iuunundos
1086 956 1296 1023 utrique
1325 957 1543 1023 spiritus
1591 958 1920 1019 invocantes,

348 1042 462 1107 pari
498 1042 835 1096 imtnundttia
876 1054 1000 1098 sunt
1030 1046 1231 1101 referti.
1259 1047 1390 1102 Nam
1422 1050 1494 1113 si,
1525 1051 1925 1117 comparatione

348 1128 542 1182 levium
576 1135 655 1185 vel
688 1136 927 1201 gravium
965 1149 1321 1204 peccatorum,
1354 1138 1677 1207 justiﬁcatus
1700 1140 1922 1203 ditltur,

346 1218 414 1271 ab
434 1235 500 1272 eo
522 1225 613 1285 qui
644 1223 940 1290 majoribus
959 1237 1041 1278 est
1069 1229 1211 1281 vuis
1234 1228 1500 1283 involutus
1532 1230 1620 1283 ille
1643 1245 1800 1297 quem
1827 1229 1923 1283 mi-

347 1324 445 1363 t.or
475 1324 657 1367 reatus
692 1315 917 1368 involvit
958 1319 1119 1387 (sicut
1148 1320 1346 1373 dicitur
1376 1321 1441 1374 ad
1487 1322 1781 1376 Jerusalem
1806 1338 1921 1388 qua:

345 1408 470 1455 tunc
501 1404 786 1458 criminum
818 1418 871 1459 et
908 1412 1412 1476 prwvarieatmnum
1451 1414 1779 1467 immanitate
1819 1414 1924 1468 fer-

340 1490 495 1545 vebat
514 1491 847 1563 :Justtﬁcasti
864 1514 1090 1551 sororem
1104 1510 1240 1553 luam
1263 1502 1540 1557 Sodomam
1563 1504 1770 1572 (lt‘scclt.
1791 1506 1918 1577 xvi),

342 1595 546 1650 quanto
600 1588 767 1654 inagis
810 1589 1124 1657 justdicatio
1170 1596 1251 1648 vtl
1282 1596 1652 1661 sanctificatio,
1684 1600 1784 1653 etsi
1814 1616 1919 1654 non

337 1674 497 1745 plena
547 1688 711 1745 atque
760 1680 1014 1746 perfeCIa,
1054 1685 1344 1739 secundum
1401 1696 1576 1743 tamen
1635 1692 1915 1760 quemdam

2031 503 2168 555 ferat
2209 503 2379 557 ﬁdelis
2409 505 2603 573 conjux
2647 507 2735 560 illo
2771 523 2830 563 se
2868 512 3102 567 caruisse
3153 517 3421 587 conjugio,
3466 525 3604 590 quod

2031 592 2322 646 fornicatur
2350 610 2378 645 a
2406 596 2534 657 Deo,
2565 597 2649 649 cui
2679 598 2815 652 idem
2845 604 3037 671 Cuttjttx
3074 607 3245 662 fidelis
3298 610 3606 667 inha‘rendo

2030 685 2373 753 principalem
2420 686 2511 740 Dei
2557 690 2749 743 retinet
2787 694 3103 748 castitatem.
3150 700 3329 760 Itaque
3366 710 3418 755 et
3455 705 3606 757 adul-

2029 784 2145 827 tero
2173 785 2336 841 caret,
2367 789 2416 829 et
2446 792 2512 831 eo
2544 779 2632 844 qui
2676 786 2878 848 respuit
2909 801 3007 836 una
3037 793 3295 843 veraciter
3326 795 3437 845 ﬁeri
3478 808 3603 847 caro

2026 880 2144 916 cum
2172 866 2395 934 conjuge
2416 866 2525 933 j‘lln
2556 868 2719 931 ﬁdeli,
2751 887 2846 925 nec
2868 877 3093 929 aestimet
3124 879 3320 933 fuissel
3358 883 3597 949 gititnum

2025 954 2166 1021 quod
2198 955 2373 1008 divina
2404 957 2503 1009 sibi
2551 959 2855 1027 despexerit
2889 964 3003 1031 lege
3029 969 3294 1034 conjugii;
3328 986 3388 1023 ac
3422 975 3597 1039 potius

2025 1041 2253 1096 libenter
2278 1046 2504 1113 accipiat
2529 1062 2671 1113 eum,
2699 1051 2786 1115 qui
2813 1068 2986 1106 anima
3014 1071 3286 1124 stipatatus
3307 1076 3335 1114 a
3362 1063 3468 1116 Deo
3490 1074 3591 1131 est,

2024 1142 2074 1185 et
2097 1148 2124 1185 a
2153 1148 2210 1187 se
2230 1150 2442 1205 qttoque
2470 1154 2694 1206 corpore
2724 1141 2889 1198 fuisse
2919 1148 3162 1205 divisum.

2093 1224 2393 1280 Secundum
2442 1228 2582 1283 hunc
2631 1233 2792 1301 igitur
2846 1238 3058 1290 modum
3103 1244 3262 1296 etiam
3300 1247 3366 1300 de
3411 1248 3592 1303 talium

2024 1312 2145 1365 ﬁliis
2175 1318 2537 1384 accipiendum
2569 1331 2683 1385 est,
2713 1328 2851 1390 quod
2885 1326 2991 1378 illie
3029 1345 3418 1401 consequenter
3446 1353 3593 1392 asse-

2022 1404 2176 1468 ritur,
2222 1407 2310 1461 ubi
2355 1410 2646 1477 Apostolus
2696 1418 2882 1482 :quod
2934 1419 3034 1472 nisi
3084 1424 3197 1475 lucc
3239 1428 3591 1485 sanctiﬁcatio

2021 1494 2161 1548 inter
2185 1496 2483 1565 hujusmodi
2514 1502 2769 1572 conjuges
2790 1510 3126 1573 proveniret,
3153 1510 3246 1564 ﬁlii
3272 1531 3453 1569 eorum
3487 1520 3588 1571 itit-

2021 1586 2202 1639 mundi
2249 1601 2427 1643 esseut
2453 1632 2469 1655 ,
2504 1608 2644 1647 nunc
2674 1610 2852 1649 autem
2892 1602 3060 1653 sancti
3084 1602 3227 1655 sunt.
3261 1608 3439 1661 Sancti
3468 1619 3590 1663 sunt

2020 1680 2185 1741 enim,
2226 1682 2515 1735 secundum
2548 1686 2831 1751 quemdattt
2863 1692 3078 1743 modum
3108 1694 3157 1744 iu
3190 1701 3590 1764 cetnparatione

334 1768 556 1818 modum
581 1782 950 1835 compewmer
975 1777 1253 1845 accipitur,
1282 1780 1367 1831 ubi
1394 1796 1496 1832 non
1521 1756 1690 1835 δοιώ,
1717 1799 1742 1834 ³
1774 1783 1914 1837 nde"
1948 1756 1990 1814 Β
2023 1769 2229 1822 illorum
2275 1773 2360 1839 qui
2391 1789 2455 1826 ex
2489 1777 2723 1845 utrisque
2750 1784 3056 1847 parentibus
3096 1789 3438 1842 itntuuntlitite
3477 1792 3590 1844 dia-

336 1858 569 1926 eonjuge
610 1861 784 1914 minus
832 1874 1103 1930 peccatur,
1133 1870 1225 1931 sed
1271 1871 1337 1923 ab
1377 1886 1443 1925 eo
1478 1873 1637 1927 etiam
1690 1876 1915 1945 conjuge

333 1961 369 2014 ρ
402 1958 625 2003 ceatore
654 1954 947 2007 remedium
984 1971 1206 2012 summa:
1246 1960 1546 2017 Divinitatis
1580 1970 1913 2034 exposcitur,

331 2054 497 2105 quam
533 2042 625 2094 ubi
672 2056 703 2095 a
736 2047 1053 2115 conjugibus
1083 2051 1318 2121 utrisque
1347 2055 1623 2121 peccatur!
1659 2058 1790 2112 Nam
1827 2074 1914 2114 se-

334 2130 574 2184 cundum
597 2137 883 2201 quemdam
919 2140 1132 2193 modum
1158 2143 1291 2197 hanc
1316 2148 1792 2203 Sanctiﬁcatiunem
1818 2165 1913 2216 per

330 2220 550 2277 ﬁdelem
594 2224 874 2295 conjugem
914 2231 1071 2283 etiam
1123 2233 1322 2288 inﬁdeli
1367 2238 1578 2305 conjugi
1634 2242 1912 2307 pervenire

333 2309 449 2364 ba-c
476 2315 589 2381 ipsa
620 2318 777 2369 verba
805 2328 1065 2375 testantur
1088 2324 1357 2391 Apostoli;
1382 2328 1641 2395 siquidem
1670 2344 1774 2382 non
1801 2330 1910 2397 jam

332 2403 607 2459 inﬁdelem
638 2422 669 2459 c
707 2409 918 2479 njugent
947 2412 1230 2482 legitimam
1262 2419 1731 2474 sanctiﬁcationem
1765 2435 1911 2474 sum-

330 2495 509 2563 psiSse
532 2502 837 2563 conﬁrmat,
853 2502 972 2569 quia
991 2519 1080 2568 per
1101 2506 1311 2560 ﬁdelem
1337 2509 1614 2578 eonjugem
1641 2511 1908 2579 quippiam

330 2586 773 2642 sanctiﬁcationis
803 2594 1060 2660 acquirat.
1104 2595 1339 2666 Denique
1364 2616 1465 2668 qua
1502 2602 1570 2655 sit
1609 2604 1911 2658 conditione

329 2678 636 2731 censi-nllus
672 2690 886 2735 secutus
915 2683 1155 2752 adjunxit
1184 2704 1197 2739 :
1246 2687 1384 2742 Nam
1416 2692 1458 2743 si
1485 2693 1727 2759 inﬁdelis,
1750 2695 1910 2748 disce-

330 2764 419 2815 dat
438 2764 488 2831 (Ι
508 2764 630 2818 Cor.
659 2770 773 2839 vn),
802 2787 904 2825 non
923 2776 1035 2841 jam
1066 2776 1188 2830 inde
1208 2787 1453 2847 tanquam
1478 2783 1684 2837 ﬁdelem
1715 2784 1908 2851 suscipi

329 2852 637 2921 designans,
671 2862 790 2926 quia
833 2876 927 2929 per
965 2863 1079 2918 ha'c
1110 2882 1229 2933 qua:
1263 2869 1402 2922 dicta
1446 2881 1567 2924 sunt
1594 2862 1805 2939 aliquid
1843 2876 1909 2927 ad

328 2959 452 2996 eum
488 2951 731 3013 pervenit
771 2950 941 3005 ﬁdelis
977 2955 1237 3025 conjugis,
1280 2958 1397 3014 site
1436 2963 1783 3028 consortium,
1815 2979 1908 3018 seu

328 3049 543 3102 precem
570 3039 762 3092 divina.-
783 3043 1219 3102 sanctiﬁcationis
1243 3060 1297 3101 et
1325 3061 1531 3118 gratim,
1554 3054 1646 3107 sed
1674 3055 1772 3107 nisi
1796 3056 1910 3123 ipse

328 3139 541 3191 qunque
570 3125 742 3181 ﬁdelis
788 3135 1001 3197 existat,
1049 3150 1143 3202 pro
1184 3137 1382 3194 inﬁdeii
1416 3142 1478 3193 .~it
1526 3145 1704 3209 procul
1746 3145 1908 3202 dubio

327 3212 670 3281 judicandus.
702 3218 793 3271 Est
822 3222 977 3273 etiam
1002 3223 1090 3277 ille
1120 3227 1307 3281 modus
1338 3229 1532 3284 inﬁdeli
1554 3234 1765 3302 coujugi
1788 3250 1909 3288 san-

328 3306 669 3357 ctiﬁcationis
699 3307 1062 3376 impertienda:
1093 3331 1184 3380 per
1208 3317 1487 3388 conjugetn
1514 3321 1622 3388 jam
1671 3324 1904 3390 ﬁdelem,

326 3393 369 3445 si
393 3394 520 3445 huic
552 3396 978 3454 ειιιοιίηιὶυιιειιι
1008 3408 1371 3461 conversionis
1402 3412 1465 3463 ad
1505 3416 1693 3480 Deum,
1721 3429 1768 3467 et
1794 3429 1910 3470 ere-

326 3482 607 3538 dulitatem
650 3504 872 3544 summa:
925 3493 1217 3551 Divinitatis
1263 3499 1518 3567 insinuet,
1579 3504 1907 3572 niajestatem

324 3573 684 3642 virtuti-mque
715 3578 823 3645 ejue
873 3582 1120 3651 inculcet,
1168 3598 1221 3641 et
1262 3605 1354 3657 per
1379 3591 1627 3646 allectum
1673 3596 1905 3665 eonjugii

327 3674 446 3713 eum
482 3662 505 3714 f
535 3664 688 3718 cilius
719 3666 972 3724 informet
1004 3683 1059 3726 et
1089 3676 1303 3732 inclinet
1342 3680 1407 3732 ad
1445 3682 1625 3748 ﬁdem,
1661 3697 1908 3740 astruens

327 3766 442 3818 qua:
461 3754 533 3807 sit
563 3771 686 3823 spes
720 3760 768 3811 in
796 3775 956 3816 unum
988 3763 1153 3819 Deum
1177 3770 1535 3840 credetizibus,
1562 3778 1641 3828 vel
1677 3777 1728 3830 in
1752 3777 1908 3846 hujus

327 3844 450 3898 vita:
489 3863 675 3915 (urso,
703 3851 787 3905 vel
821 3867 938 3920 post
966 3858 1081 3924 ejus
1124 3861 1398 3918 transitum
1431 3882 1548 3934 qua:
1592 3870 1802 3937 requies
1840 3871 1908 3924 sit

325 3934 524 3992 futura.
556 3939 681 3995 llaec
708 3957 826 3997 cum
857 3960 951 4015 per
982 3949 1227 4004 ﬁduciam
1251 3955 1478 4025 conjugii
1508 3961 1707 4013 sanctis
1732 3963 1907 4015 verbis

326 4040 418 4079 cor
456 4030 574 4097 ejus
620 4034 830 4087 assidua
863 4023 1003 4093 voce.
1039 4042 1295 4104 pulsando
1348 4048 1542 4115 conjux
1592 4050 1761 4105 ﬁdelis
1800 4051 1907 4105 fre-

327 4130 553 4185 quenter
601 4122 853 4189 insinuat,
895 4129 1089 4185 divina:
1130 4136 1568 4192 sanctiﬁcationis
1610 4141 1807 4204 eidem,
1851 4150 1905 4196 et

327 4212 489 4263 menti
534 4212 583 4280 ej
627 4228 673 4279 s,
719 4224 772 4269 et
801 4221 1012 4287 corpori
1061 4226 1306 4292 propinat
1356 4226 1625 4295 ell'ectutn,
1668 4234 1805 4284 sicut
1832 4234 1905 4286 ait

326 4300 512 4353 Ieatus
561 4301 747 4358 Petrus
783 4311 1096 4375 apostolus:
1144 4312 1393 4369 Similiter
1420 4321 1652 4374 mulieres
1690 4323 1906 4377 subdita:

234 4409 243 4417 -
326 4392 424 4441 sint
448 4394 589 4459 viris,
622 4407 674 4446 ut
701 4397 746 4449 si
766 4400 851 4465 qui
880 4415 977 4453 non
1000 4403 1209 4457 credunt
1237 4407 1401 4473 verba,
1425 4424 1515 4478 per
1537 4414 1763 4466 mulieris
1784 4431 1904 4467 con-

328 4491 395 4529 ιιι)
407 4482 657 4534 satiauem
675 4486 784 4537 sine
802 4502 843 4537 υ.
858 4488 947 4540 rbo
964 4494 1043 4542 luc
1073 4491 1240 4559 iﬁant,
1259 4497 1633 4553 considerantes
1649 4501 1700 4553 in
1725 4503 1901 4555 timore

328 4579 513 4623 asiam
548 4579 976 4631 Conversationem
1022 4594 1233 4635 vestram
1266 4585 1318 4652 (I
1363 4586 1478 4643 Pet.
1518 4591 1630 4659 tu);
1659 4608 1817 4662 quam
1854 4596 1899 4648 si

328 4674 417 4726 per
446 4660 863 4720 familiaritatem
898 4672 1150 4740 suscipiat
1180 4675 1538 4747 conjugalem,
1568 4689 1624 4735 et
1661 4660 1753 4737 Dei
1784 4700 1901 4752 gra—

327 4748 450 4802 tiam
492 4753 595 4804 sibi
635 4768 681 4821 pe
707 4770 732 4808 r
761 4757 1006 4812 aﬁ'ectum
1039 4764 1273 4835 conjugii
1314 4769 1665 4827 ministratam
1709 4789 1814 4828 non
1849 4779 1901 4830 in

326 4851 383 4888 va
422 4855 544 4893 unm
570 4844 788 4911 recipiat
810 4858 863 4900 et
883 4850 1095 4917 refutet,
1122 4856 1175 4907 lit
1203 4859 1551 4915 sanctiﬁcatio
1574 4878 1667 4928 per
1691 4866 1899 4919 ﬁdelem

326 4928 605 4997 conjugcm
632 4934 872 5002 conjugis
900 4938 1151 5007 inﬁdelis,
1182 4943 1306 4998 dum
1350 4947 1496 5002 hisce
1528 4951 1701 5006 modis
1729 4970 1796 5007 ex
1818 4952 1901 5008 iu-

327 5016 577 5074 ﬁdelitate
633 5021 683 5074 in
727 5028 1055 5083 consortium
1108 5036 1542 5093 sanctiﬁcationis
1591 5043 1896 5098 attrahitur.

326 5106 571 5176 Alioquin
615 5112 659 5164 si
693 5113 921 5170 oblatam
966 5120 1063 5174 sibi
1116 5127 1339 5190 gratiam
1389 5145 1485 5183 nec
1522 5144 1617 5199 per
1655 5132 1901 5189 affectum

324 5196 542 5266 suscipit
571 5203 928 5273 conjugalem,
963 5226 1080 5279 qua:
1115 5213 1167 5266 in
1199 5229 1421 5269 vacuum
1461 5196 1563 5271 tam
1596 5220 1789 5275 divina;
1820 5223 1900 5277 di-

324 5288 604 5355 gnationis,
639 5307 797 5361 quam
826 5298 984 5352 etiam
1011 5300 1255 5357 humana:
1278 5308 1560 5377 singularis
1600 5314 1898 5369 aﬁeCtinnis

323 5376 533 5443 oblitus,
582 5387 812 5437 aestimat
852 5388 1211 5457 abnuendam,
1254 5376 1415 5462 atque
1465 5400 1532 5450 ob
1583 5401 1682 5455 boc
1727 5404 1895 5472 ipsam

323 5481 526 5537 quinque
556 5474 798 5544 conjugis
837 5475 1169 5536 aﬁ'ectionem
1213 5485 1398 5539 nititur
1435 5489 1701 5556 altjutare,
1737 5506 1790 5545 et
1829 5496 1897 5548 ab

323 5554 481 5620 ipsius
510 5561 578 5628 pii
607 5565 864 5619 consortii
896 5570 1011 5637 lege
1037 5572 1119 5625 dis
1141 5576 1336 5643 edere,
1370 5580 1527 5647 digne
1571 5587 1895 5650 permittitur

320 5643 490 5701 eidem
520 5650 732 5707 licentia
759 5656 1107 5727 discedendi;
1135 5664 1257 5730 quia
1288 5682 1392 5721 non
1422 5643 1501 5724 est
1525 5643 1615 5725 ilio
1643 5676 1889 5746 conjugio

1932 4463 1982 4521 D

2019 1861 2051 1913 b
2073 1861 2205 1914 diem
2237 1866 2551 1934 tnaucipatis
2590 1874 3072 1941 cantaminatisque
3102 1890 3408 1932 nascuntur.

2090 1952 2175 2005 lstt
2208 1955 2350 2008 enim
2380 1972 2441 2009 ex
2475 1974 2536 2011 ea
2566 1973 2716 2028 parte
2747 1978 2848 2030 qua
2891 1964 2957 2018 de
2992 1978 3178 2021 sancta
3220 1985 3379 2024 carne
3422 1972 3587 2027 ﬁdelis

2016 2042 2271 2109 parends,
2300 2053 2355 2098 et
2385 2048 2583 2114 templo
2610 2050 2721 2111 Dei,
2752 2062 2808 2105 et
2835 2052 2997 2107 Deum
3030 2072 3189 2109 unum
3222 2060 3272 2112 in
3305 2076 3400 2112 suo
3422 2064 3585 2117 corde

2012 2135 2269 2200 gestantis
2300 2136 2477 2189 exorti
2516 2151 2669 2204 smn,
2700 2144 2938 2196 nonnihil
2968 2144 3164 2199 divinae
3196 2148 3580 2207 benedictionis

2016 2223 2328 2290 hau-erunt,
2348 2228 2399 2280 in
2423 2244 2526 2296 qua
2539 2230 2721 2300 utique
2739 2233 3105 2291 benedictione
3135 2241 3389 2295 sanctitas
3404 2247 3579 2298 conti-

2014 2327 2191 2381 netur,
2210 2318 2360 2386 cujus
2375 2320 2679 2388 dignatione
2695 2329 2983 2391 perstricti,
3016 2333 3180 2384 saneti
3196 2346 3300 2385 non
3315 2332 3584 2389 immerito

2014 2419 2408 2473 nuncupantur.
2438 2410 2537 2463 Per
2551 2410 2686 2464 hanc
2703 2414 2914 2479 quidam
2933 2416 3089 2469 etiam
3105 2423 3580 2477 sanctilicationcm

2013 2510 2309 2565 assmnultt,
2332 2511 2384 2552 ul
2402 2499 2468 2554 ad
2492 2517 2606 2554 eam
2627 2505 2763 2557 Sit'ttt
2781 2510 3035 2572 competit
3065 2513 3374 2573 perveniant
3394 2528 3583 2569 Conse-

2011 2588 2274 2654 qucndam
2296 2631 2309 2655 ,
2334 2590 2441 2657 jam
2470 2594 2586 2660 ejus
2614 2610 2707 2661 per
2734 2610 3007 2662 parentem
3042 2600 3251 2655 ﬁdelem
3286 2605 3581 2663 rudimenta

2014 2678 2311 2746 perc’piunt
2335 2719 2351 2745 ,
2376 2689 2430 2732 et
2460 2684 2679 2735 odorem
2709 2696 2903 2739 sanetae
2927 2689 3225 2756 adoptionis
3251 2709 3430 2762 agnos:
3452 2708 3541 2750 unt
3564 2738 3579 2763 ,

2013 2770 2260 2837 precibus
2286 2770 2572 2825 Christiani
2606 2778 2858 2841 parentis,
2885 2780 3077 2846 quibus
3097 2783 3175 2835 eis
3197 2788 3313 2838 sine
3334 2788 3580 2855 ambiguo

2014 2858 2326 2924 imploratur
2372 2861 2551 2915 divina
2585 2866 2945 2921 misericordia
2969 2911 2983 2932 ,
3019 2876 3199 2941 utique
3229 2879 3580 2933 sanctiﬁcatio

2008 2948 2115 3016 jam
2150 2951 2446 3018 prtebetur,
2478 2968 2524 3005 et
2561 2955 2872 3025 plerumque
2905 2959 3073 3015 ﬁdelis
3112 2966 3288 3018 studio
3313 2974 3577 3034 parentis,

2012 3043 2096 3095 vel
2120 3044 2185 3095 ad
2209 3046 2527 3099 venerabilia
2559 3047 2670 3100 loca
2700 3052 2899 3115 parvuli
2931 3052 3243 3108 deferuntur
3266 3098 3280 3121 ,
3312 3060 3393 3112 vel
3420 3062 3579 3116 etiam

1935 3113 1981 3174 C
2014 3133 2369 3205 nescientibus
2422 3138 2621 3190 renatis
2664 3113 2809 3193 fonte
2848 3142 3178 3208 baptismatis
3228 3153 3579 3204 sanctiﬁcatio

2014 3224 2167 3293 plena
2199 3227 2488 3281 confertur.
2522 3230 2624 3282 Aut
2658 3231 2743 3283 ubi
2772 3232 2880 3299 jam
2912 3249 3131 3302 capaces-
3163 3241 3382 3292 rationis
3409 3245 3579 3296 exsti-

2015 3318 2191 3379 terint,
2225 3317 2526 3370 adhortatio
2543 3329 2594 3371 et
2625 3321 2908 3374 insinuatio
2937 3326 3003 3389 pii
3027 3330 3259 3391 parentis
3292 3329 3390 3397 ing-
3414 3332 3575 3387 ritur.

2011 3405 2141 3469 Qum
2185 3408 2361 3460 omnia
2403 3409 2837 3463 sanctiﬁcationis
2865 3412 3213 3469 instrumenta
3251 3432 3372 3472 esse
3410 3422 3581 3473 mani-

2013 3495 2199 3548 festum
2247 3507 2368 3560 est,
2427 3500 2616 3563 quibus
2644 3511 2699 3553 ιιι
2729 3501 2893 3570 {forte
2929 3501 3054 3573 aut]
3085 3506 3148 3559 ad
3204 3508 3319 3575 ejus
3364 3508 3579 3566 veniant

2012 3585 2101 3658 [17.
2137 3587 2387 3653 veniunt;
2433 3600 2478 3644 et
2522 3593 2691 3662 infra,
2750 3594 3066 3667 diSpoliant]
3116 3598 3455 3664 ﬁrmitatem,
3487 3614 3577 3657 aut

2009 3678 2054 3731 si
2084 3679 2179 3732 ista
2216 3681 2554 3748 despiciunt,
2599 3687 2917 3753 semetipsos
2956 3690 3374 3746 sanctiﬁcatione
3399 3693 3579 3763 dispo-

2011 3769 2159 3834 lieni,
2185 3779 2239 3823 et
2259 3773 2479 3838 gratiam
2507 3773 2620 3837 Dei,
2652 3790 2771 3841 qum
2800 3777 2880 3829 his
2908 3792 3000 3845 per
3025 3781 3268 3836 alTectutn
3296 3796 3575 3850 parentum

2010 3860 2267 3928 ingeritur
2292 3902 2308 3928 ,
2344 3862 2625 3917 evidenter
2652 3877 2929 3921 evacuaut.
2962 3871 3137 3940 Atque
3165 3875 3234 3926 ita
3279 3875 3345 3929 de
3375 3878 3578 3930 sanctis

2009 3952 2088 4002 vel
2121 3952 2185 4003 de
2211 3951 2597 4006 eruditionibus
2622 3958 2917 4012 sanctitatis
2945 3960 3186 4025 abscissi,
3213 3964 3262 4015 in
3294 3980 3397 4016 nun
3420 3981 3574 4018 sanc-

2010 4047 2180 4091 totum
2213 4044 2479 4093 consortia
2507 4044 2724 4110 profana
2760 4048 3087 4114 rediguntur.
3121 4054 3191 4104 De
3214 4055 3402 4119 quibus
3434 4054 3523 4107 uili
3548 4082 3576 4095 ς

2008 4127 2238 4180 lomiuus
2267 4130 2343 4182 sic
2388 4131 2615 4198 dicitur,
2648 4138 2914 4201 quomodo
2945 4138 3010 4189 de
3054 4141 3361 4202 parentibus
3385 4157 3570 4197 eorum

2008 4218 2309 4273 inﬁdelibus
2358 4232 2711 4289 praeceptum;
2766 4223 2826 4278 Si
2878 4226 3100 4291 infidelis
3128 4230 3233 4283 vult
3273 4233 3569 4301 discedere,

2007 4309 2299 4378 discedatu
2329 4311 2447 4365 Cor.
2472 4313 2971 4383 vn).t\'unqnidn:nu
3008 4319 3122 4373 hmc
3145 4336 3338 4388 genera
3371 4331 3572 4376 sancti-

2010 4402 2132 4456 tatis
2159 4402 2241 4456 vel
2270 4403 2704 4458 sanctiﬁcationis
2730 4410 2795 4459 de
2837 4419 3060 4478 utroque
3107 4412 3327 4479 profano
3357 4428 3575 4482 parente

2012 4495 2297 4559 jrogenitis
2330 4494 2451 4547 ﬁliis
2483 4494 2836 4551 intimautur?
2878 4499 3015 4554 Ecce
3043 4503 3165 4569 quid
3192 4508 3412 4558 inti-rest
3437 4507 3574 4561 inter

2010 4584 2246 4637 si-bo'em
2287 4599 2351 4638 ex
2393 4585 2482 4640 illo
2511 4587 2593 4639 vel
2633 4587 2734 4640 isto
2771 4591 3018 4661 conjugio
3049 4608 3410 4661 procreatam;
3446 4614 3576 4653 ecce

2008 4673 2451 4733 quemadmodum
2509 4676 2595 4728 isti
2653 4676 2941 4734 familiares
2997 4693 3051 4736 et
3122 4684 3397 4754 tropinqui
3452 4700 3575 4743 sunt

2007 4766 2319 4817 szinctilicati
2348 4805 2366 4830 ,
2415 4776 2575 4833 atque
2623 4768 2743 4823 ideo
2784 4787 2887 4825 non
2928 4772 3196 4829 immerito
3241 4780 3406 4831 sancti
3451 4791 3575 4834 sunt

2008 4858 2153 4909 editi.
2181 4866 2234 4910 et
2256 4857 2448 4926 quibus
2470 4858 2645 4913 divina
2672 4862 3032 4917 misericordia
3048 4882 3433 4936 consequenter
3459 4872 3575 4939 ejus

2008 4949 2254 5013 precibus
2282 4948 2617 5017 imploratur,
2649 4953 2841 5021 quique
2867 4969 2985 5007 cum
3019 4958 3220 5012 sanctis
3240 4962 3573 5017 educationi-

2009 5040 2105 5091 bus
2132 5039 2460 5108 imbuuntur,
2490 5050 2542 5095 et
2572 5057 2738 5096 sacra:
2770 5044 3040 5113 religionis
3066 5049 3343 5106 initiantur
3358 5055 3572 5121 allecto,

2006 5130 2071 5185 ad
2102 5130 2253 5197 cujus
2280 5133 2325 5185 si
2358 5134 2697 5202 pervenerint
2727 5134 3031 5192 ﬁrmitatem
3051 5179 3069 5205 ,
3110 5141 3250 5198 illius
3279 5160 3374 5214 per
3398 5164 3572 5201 sacra-

2010 5233 2244 5277 mentum
2276 5226 2710 5282 sanctiﬁcationis
2744 5230 3127 5297 plcnitudinem
3150 5251 3569 5308 consequuntur,

2007 5316 2159 5383 cujus
2191 5332 2285 5385 per
2317 5317 2524 5372 ﬁdelem
2543 5332 2815 5388 parentem
2840 5322 3001 5377 etiam
3027 5335 3155 5382 ante
3182 5338 3571 5384 sacramentum

2006 5408 2307 5462 rudimenta
2354 5421 2740 5480 sumpserunt,
2790 5428 2885 5482 per
2939 5432 3057 5485 qua:
3111 5421 3408 5474 rudimenta
3461 5420 3570 5488 jam

2004 5497 2173 5550 sancti
2202 5538 2218 5564 ,
2264 5499 2351 5565 qui
2398 5510 2577 5553 saneta
2609 5502 2943 5557 institutione
2976 5510 3432 5576 prmparabantur,
3467 5524 3573 5563 non

2008 5586 2058 5640 in
2084 5600 2299 5655 'ougrue
2337 5595 2462 5640 sunt
2508 5591 2697 5644 vocati.
2746 5592 2989 5663 Nunquid
3017 5598 3345 5665 autemquia
3373 5597 3571 5655 dictutn

2006 5687 2087 5732 est
2116 5677 2437 5733 sanctilieari
2468 5680 2737 5739 inﬁdelem
2767 5687 3043 5754 coniugem
3094 5700 3188 5753 per
3219 5686 3428 5742 ﬁdelem
3453 5731 3468 5754 ,
3500 5690 3570 5743 ita
