4098 6172
468 298 554 350 131
1810 285 2072 342 ῐῖἰΞΙΑδΙΙ
2115 284 2308 344 ι’ΛΡιιΕ
2341 288 2381 341 ι.

460 404 659 457 dictum
689 414 769 457 est
792 440 807 467 ,
837 410 893 454 ut
923 398 1032 469 jam
1069 398 1298 467 propri-.e
1349 396 1681 450 credulitatis
1731 396 2034 451 s:inctiﬁca-
2066 398 2112 456 Α

463 494 605 547 tione
649 508 754 545 non
802 497 991 561 egeat,
1025 504 1088 543 ac
1119 503 1222 542 non
1250 487 1419 557 magis
1451 487 1571 540 ideo
1602 487 1723 556 quia
1757 504 1847 554 por
1888 486 2033 539 illaut

462 582 875 637 liitniliat'itatem
894 580 1065 634 ﬁdelis
1087 579 1329 648 cmijugis
1353 578 1705 647 percipiendae
1728 578 2044 631 sanctiﬁca—

464 674 595 727 tioni
644 674 914 743 prosimus
946 672 1015 724 sit
1054 679 1107 723 et
1147 672 1476 737 propinquu.
1505 668 1777 723 allectus?
1826 667 1957 720 Nam
1992 667 2035 720 si

462 765 570 832 jam
600 764 963 819 sanctiﬁcatus
982 762 1270 825 diceretur,
1300 772 1355 815 ut
1385 759 1805 815 sanctiﬁcatione
1826 760 2037 829 penitus

465 871 570 909 non
597 864 797 923 egeret,
824 868 928 906 non
953 852 1019 906 de
1044 851 1232 906 eodem
1256 852 1306 904 in
1335 850 1779 918 consequentibus
1795 849 1997 901 diceret
2026 864 2038 899 :

465 944 705 1014 Inﬁdelis
748 945 791 999 si
833 947 937 997 vult
977 944 1234 997 discedere
1256 983 1271 1007 ,
1301 941 1569 1006 discedat;
1601 940 1679 993 sic
1704 955 1832 1009 ergo
1860 948 1913 994 ct
1945 940 2038 993 lilii

464 1054 648 1091 eorum
680 1036 965 1101 nuncupati
988 1046 1106 1089 sunt
1138 1032 1329 1095 sancti,
1354 1032 1474 1100 quia
1500 1046 1593 1099 per
1613 1031 1779 1084 sancti
1806 1030 2041 1099 parentis

465 1128 710 1182 aﬁ‘ectum
732 1128 1002 1196 capienda:
1025 1127 1131 1180 sint
1155 1127 1380 1194 proximi
1410 1123 1737 1186 sanctitatis;
1768 1138 1870 1175 non
1900 1120 2042 1191 quod

465 1221 570 1287 jam
604 1221 702 1288 ipsi
760 1218 968 1287 proptia
1023 1216 1444 1270 sanctiﬁcatione
1496 1229 1599 1267 non
1654 1222 1868 1281 egeant,
1919 1227 2038 1280 qua:

467 1312 648 1379 utique
672 1350 686 1373 ,
732 1310 869 1362 situt
903 1308 1075 1361 nullus
1101 1306 1432 1362 Christianus
1462 1304 1756 1368 addubitat,
1790 1306 1908 1358 sine
1946 1319 2040 1358 re-

466 1402 825 1471 generationis
872 1415 1039 1455 εδει-ιιι
1070 1398 1326 1468 mysterio
1353 1413 1452 1451 nec
1487 1398 1714 1451 sumitur
1760 1411 1859 1451 nec
1884 1397 2042 1451 habe-

468 1506 572 1559 tur;
589 1496 791 1550 sicutet
808 1506 999 1561 parens
1012 1506 1197 1546 eorum
1216 1489 1467 1555 inﬁdelis,
1493 1489 1568 1542 sic
1584 1488 1945 1542 sanetilicatus
1962 1487 2046 1541 di-

469 1586 607 1640 citur
635 1600 729 1652 per
746 1584 980 1648 ﬁdelem,
1005 1581 1122 1637 utsi
1146 1592 1320 1635 tamen
1344 1581 1561 1649 ingesza:
1587 1579 1686 1633 sibi
1714 1593 1809 1647 per
1834 1578 2044 1633 ﬁdclrm

468 1675 749 1744 conjugem
786 1671 1224 1728 sanctiﬁcationis
1261 1671 1373 1740 ipse
1400 1670 1692 1738 legitimum
1726 1683 1830 1721 non
1858 1680 2042 1722 susce—

3630 293 3731 346 152

2142 409 2213 451 est
2247 398 2527 470 (Joan.\'l),
2558 401 2700 470 quod
2715 401 2910 457 diaboli
2941 414 3081 457 esset
3114 404 3408 473 operarius.
3437 403 3618 458 Dictus
3645 416 3729 459 est

2152 503 2325 546 tamen
2370 493 2660 562 discipulus
2713 497 2874 548 etiam
2928 511 3048 550 cum
3104 511 3203 551 nec
3251 510 3408 549 verus
3452 506 3629 557 esset,
3676 508 3732 551 et

2147 593 2451 638 cessaturus
2482 585 2582 639 hoc
2620 585 2745 639 dici.
2781 586 2877 639 Est
2909 596 2965 640 et
3008 587 3097 641 ille
3137 586 3328 641 niodns
3354 626 3367 649 ,
3400 588 3539 655 quod
3582 602 3730 654 szepe

2148 674 2293 727 velut
2339 677 2658 743 generaliter
2688 684 2744 730 et
2776 678 3020 733 absolute
3047 678 3273 743 dicitur,
3295 694 3417 731 cum
3451 691 3628 733 tamen
3660 680 3725 731 ad

2148 780 2335 819 omnes
2359 766 2677 833 generaliter
2708 781 2814 820 non
2851 767 3119 836 pertinere
3160 770 3500 822 manifestum
3534 778 3638 831 est,
3673 778 3729 822 ut

2149 869 2269 909 cum
2313 855 2507 911 dicitur
2553 857 2783 911 Abrahae
2840 875 2853 909 :
2902 857 2971 911 In
3006 859 3197 912 semine
3240 867 3325 910 tuo
3371 858 3731 911 benedicentur

2148 961 2318 999 omnes
2348 956 2517 1015 gentes
2547 944 2752 1016 (Cenes.
2780 948 2939 1016 χιιι),
2962 961 3151 1003 omnes
3175 948 3392 1017 quidem
3422 958 3610 1017 gentes
3632 948 3726 1002 be-

2148 1035 2499 1101 nedicentur;
2547 1052 2648 1092 nec
2699 1038 2803 1093 erit
2833 1038 2937 1092 ulla
2979 1039 3127 1093 natio
3164 1039 3266 1093 sub
3308 1040 3446 1094 caelo
3486 1038 3573 1093 cui
3620 1053 3726 1094 non

2150 1125 2470 1191 praedicetur
2526 1125 2897 1197 Evangelium,
2944 1136 3000 1182 et
3047 1137 3173 1183 tunc
3222 1129 3401 1183 veniat
3444 1128 3597 1194 ﬁnis;
3632 1129 3728 1183 sed

2148 1214 2279 1283 ipsae
2321 1225 2506 1284 gentes
2556 1231 2661 1271 non
2706 1232 2775 1272 ex
2829 1218 3034 1287 integro
3085 1233 3271 1274 omnes
3318 1219 3724 1287 benedicentur,

2148 1308 2271 1376 quia
2303 1322 2409 1362 non
2453 1308 2688 1362 omnium
2730 1319 2810 1364 est
2855 1310 2986 1364 fides
3022 1327 3034 1362 :
3076 1310 3162 1365 vel
3201 1311 3356 1364 sicuti
3409 1320 3511 1375 est,
3563 1312 3728 1365 omnis

2148 1398 2327 1467 lingua
2368 1399 2670 1467 conﬁteatur
2718 1398 2827 1453 Deo
2871 1400 3094 1471 (Philip.
3142 1417 3178 1456 ιι
3206 1405 3266 1469 );
3328 1403 3411 1456 cui
3472 1403 3727 1457 locutioni

2149 1502 2340 1543 sensus
2369 1489 2457 1543 ille
2485 1491 2852 1557 connectitur,
2884 1506 3005 1546 cum
3037 1506 3104 1547 ex
3144 1504 3295 1561 parte
3318 1501 3483 1547 totum
3530 1494 3728 1563 saepius

2152 1588 2527 1649 nuncupatur:
2577 1581 2715 1636 sicut
2761 1592 2815 1637 et
2866 1591 2992 1637 tunc
3035 1582 3196 1637 homo
3223 1583 3356 1637 .Iuda
3405 1599 3526 1638 cum
3560 1594 3725 1640 totam

2148 1681 2361 1741 gentem
2408 1673 2592 1741 procul
2634 1672 2797 1728 dubio
2846 1676 3165 1730 nominaret.
3212 1675 3300 1729 Sic
3339 1685 3393 1729 et
3425 1674 3502 1728 illi
3544 1675 3729 1731 ﬁdeles

472 1767 546 1835 pit
574 1768 820 1820 eﬁectum
848 1806 862 1830 ,
893 1763 1121 1818 inﬁdelis
1154 1762 1309 1817 fuerit
1352 1776 1706 1831 nuncupatus.
1737 1762 1888 1816 Sicut
1912 1777 2040 1830 ergo
2070 1761 2117 1821 B
2146 1762 2319 1816 sancti
2350 1762 2520 1818 videri
2566 1774 2789 1831 possunt
2816 1765 3022 1831 vocati,
3053 1764 3175 1834 quia
3200 1765 3375 1829 multi,
3405 1766 3485 1820 vel
3510 1764 3727 1835 plurimi

468 1874 612 1922 eum,
635 1873 791 1927 quem
815 1870 907 1925 per
935 1854 1141 1909 fidelem
1165 1854 1442 1923 conjugem
1467 1852 1855 1907 sanctiﬁcatum
1883 1850 2042 1919 dixit,

469 1961 652 2019 postea
681 1959 949 2018 nuncupat
974 1948 1263 2015 inﬁdelem,
1288 1951 1410 2015 quia
1437 1945 1649 2014 proprie
1673 1948 1785 2014 ipse
1818 1946 1898 2000 vel
1932 1948 2043 2014 ipsa

469 2057 576 2095 non
602 2040 749 2094 credi
770 2043 848 2105 iit,
879 2039 959 2093 sic
988 2049 1041 2092 et
1071 2037 1163 2091 ﬁlii
1196 2038 1284 2105 qui
1313 2051 1408 2105 per
1437 2036 1646 2090 ﬁdelem
1676 2048 1949 2106 parentem
1982 2052 2047 2093 eo

469 2130 629 2185 modo
664 2128 981 2183 sanctiﬁcati
1012 2142 1116 2196 quo
1153 2126 1380 2196 conjux,
1414 2126 1583 2180 sancti
1614 2126 1866 2195 appellazi
1898 2134 2044 2194 sunt,

470 2222 574 2275 nisi
619 2222 715 2289 ipsi
765 2234 979 2289 quoque
1030 2220 1243 2287 proprie
1286 2217 1541 2281 credant,
1586 2216 1829 2271 inﬁdeles
1859 2231 2049 2270 conscub

470 2320 696 2382 quenter
742 2312 1005 2365 existunt.
1054 2308 1196 2364 Satis
1240 2309 1383 2362 enim
1434 2317 1690 2376 apparet,
1748 2306 2045 2362 secundum

470 2404 753 2475 quemdam
802 2402 1017 2458 modum
1077 2399 1553 2455 sanctiﬁcatiouem
1614 2398 1753 2453 hanc
1805 2399 2049 2468 conjugis

470 2496 810 2565 appellatam,
842 2496 931 2563 qui
963 2502 1145 2564 postea
1177 2491 1407 2546 inﬁdelis
1427 2490 1717 2557 asseritur;
1742 2491 1819 2545 sic
1847 2505 1974 2561 ergo
1997 2500 2051 2547 et

471 2587 540 2641 de
566 2586 688 2640 ﬁliis
710 2584 1110 2654 intelligendum
1139 2591 1240 2638 est.
1265 2582 1510 2650 Nunquid
1532 2583 1713 2652 igtur,
1736 2599 1803 2651 qu
1829 2584 1875 2636 .d
1906 2598 2050 2652 smpe

473 2677 821 2747 repetendum
876 2686 980 2742 est,
1026 2675 1240 2730 soboles
1284 2674 1627 2744 profanorum
1682 2675 2050 2743 hujuscemodi

472 2771 765 2824 sanctitatis
792 2769 966 2837 aliqua
1007 2768 1289 2836 cujuslibet
1324 2773 1562 2836 parentis
1594 2771 1836 2835 portione
1868 2776 2052 2821 cente-

472 2863 637 2932 gitur,
665 2864 745 2917 vel
777 2864 845 2915 ali
869 2861 1043 2929 [uibus
1076 2859 1380 2928 huiusmodi
1419 2859 1741 2927 disciplins,
1778 2860 2049 2928 precibus,

473 2955 941 3009 adhorta:ionibus
971 2954 1266 3022 cujuspiam
1301 2950 1761 3021 participationem
1793 2991 1808 3016 ,
1840 2952 1923 3004 vel
1956 2965 2054 3003 no-

474 3046 665 3109 titiam,
690 3046 771 3101 vel
802 3045 1061 3109 auditum,
1088 3044 1170 3098 vel
1201 3042 1551 3098 eruditionem
1574 3042 1873 3097 sanctitatis
1901 3054 2052 3094 assu-

473 3144 601 3205 tnit,
630 3152 748 3207 qua:
790 3147 873 3192 est
916 3136 1016 3191 sub
1060 3136 1453 3190 imtuundorum
1485 3136 1768 3204 spirituum
1810 3135 1859 3188 di
1884 3135 2053 3189 tniua-
2078 3112 2123 3173 ο

475 3234 620 3286 tione
644 3232 943 3286 consistens
966 3270 981 3296 ,
1013 3237 1067 3284 et
1097 3228 1376 3284 diabolicis
1407 3227 1955 3297 prxvziricatiouibus,
1999 3234 2055 3281 et

476 3324 733 3391 contagiis
753 3321 1092 3390 mancipata?
1116 3320 1227 3375 Hoc
1248 3319 1408 3374 modo
1430 3335 1641 3389 semper
1661 3319 1928 3373 immunda
1948 3331 2049 3384 ess,

478 3429 584 3483 quo
616 3427 884 3482 parentes,
930 3414 1162 3482 quandiu
1210 3415 1261 3467 ιιι
1298 3413 1486 3467 eadem
1538 3412 1891 3481 perversitate
1924 3426 2053 3465 con—

477 3505 645 3569 sistit;
680 3505 991 3573 plerumque
1027 3512 1271 3557 autemet
1300 3520 1393 3570 per
1427 3504 1860 3572 anticipationem
1889 3502 2054 3573 (quod

480 3598 534 3650 in
564 3596 855 3665 Scriptum
876 3606 1073 3650 saneta:
1102 3604 1247 3649 testu
1276 3595 1608 3664 frequentius
1637 3594 2054 3662 intenitur)jam

484 3701 606 3742 esse
637 3687 833 3741 dicitur
877 3687 1018 3755 quod
1071 3686 1301 3741 futurum
1342 3694 1446 3751 est,
1489 3686 1627 3739 sicut
1659 3686 1710 3739 in
1760 3684 2056 3754 Evangelio

487 3780 729 3849 legimus.
756 3779 887 3846 Quia
905 3778 1061 3833 Jesus
1081 3781 1370 3832 moriturus
1400 3786 1517 3831 erat
1542 3792 1635 3846 plO
1666 3788 1847 3846 genie,
1876 3786 1928 3831 et
1951 3792 2057 3830 non

482 3883 683 3926 tintum
730 3887 825 3941 pro
852 3882 1010 3940 gente
1037 3915 1051 3939 ,
1080 3870 1175 3926 sed
1214 3879 1271 3924 ut
1313 3870 1449 3924 ﬁlios
1477 3869 1569 3923 Dei
1596 3910 1610 3935 ,
1641 3870 1730 3938 qui
1762 3877 1917 3923 erant
1942 3867 2056 3922 dis-

484 3966 641 4032 pe:si,
685 3975 1033 4033 congregaret
1078 3963 1129 4017 in
1173 3978 1357 4016 unum.
1400 3961 1562 4015 Filios
1618 3961 1711 4015 Dei
1760 3970 1903 4015 cette
1943 3960 2052 4030 jam

484 4070 795 4121 nuncupatis
847 4055 940 4124 qui
972 4054 1147 4108 adhuc
1176 4052 1572 4107 essentdifl‘usa
1622 4052 1805 4121 gratia:
1864 4066 2057 4106 evoca-

484 4150 626 4203 tione
675 4165 767 4216 per
816 4147 1071 4202 mundum
1114 4148 1281 4201 sacris
1336 4145 1621 4201 innovandi
1683 4145 1968 4215 mysteriis,
2005 4146 2057 4198 in

493 4244 581 4295 hei
616 4244 749 4294 ﬁlios
779 4241 1063 4310 adeptandi
1098 4259 1109 4290 :
1144 4242 1223 4293 vel
1250 4255 1369 4294 cum
1401 4239 1595 4292 dicitur
1624 4255 1636 4291 :
1665 4236 1812 4290 Beati
1844 4238 1930 4307 qui
1959 4253 2059 4290 non

484 4334 709 4386 oiderun'
739 4342 783 4386 et
807 4332 1125 4385 crediderunt
1157 4329 1314 4401 (Juan
1345 4330 1434 4398 xx)
1458 4369 1471 4394 ,
1503 4329 1610 4397 jam
1640 4328 1780 4382 beati
1808 4327 2060 4397 appellati

484 4436 609 4478 sunt
642 4425 728 4493 qui
751 4424 923 4477 adhuc
970 4432 1092 4476 tunc
1118 4422 1275 4475 ῐι.ιιιι“ἰ
1308 4419 1513 4473 fuerant
1542 4420 1700 4485 licati,
1732 4435 1850 4474 cum
1882 4429 2063 4475 essent

485 4533 604 4584 qua:
630 4533 661 4570 n
688 4534 733 4569 ιιι
778 4516 1020 4569 viderant
1052 4514 1306 4569 crediuri
1332 4527 1346 4576 ;
1380 4513 1518 4566 sicut
1543 4522 1595 4567 et
1623 4514 1935 4580 pierutnque
1964 4528 2061 4581 pro

487 4607 741 4662 faciendis
778 4605 887 4672 jam
932 4603 1066 4656 facta
1114 4600 1449 4665 referuntur,
1489 4610 1546 4652 ut
1590 4600 1828 4669 foderunt
1880 4617 2061 4654 manus

488 4713 626 4750 meas
655 4705 699 4748 et
724 4696 872 4764 pedes
901 4709 1036 4747 meos
1074 4689 1255 4764 (Paul.
1289 4690 1429 4761 ut).
1472 4690 1488 4743 Ι
1517 4707 1600 4746 em
1645 4702 1891 4760 tanquam
1939 4707 2064 4761 pro-

489 4788 685 4841 litcndo
725 4785 976 4839 delinitur
1013 4782 1152 4854 quod
1202 4798 1304 4835 non
1340 4782 1407 4835 sit
1437 4798 1594 4836 causa
1627 4782 1861 4852 qualibet
1892 4783 2060 4838 inter-

492 4877 736 4933 venien'e
766 4876 1065 4930 faciendum
1091 4915 1107 4941 ,
1136 4876 1284 4929 sicut
1310 4873 1493 4928 beatus
1522 4875 1809 4941 Apostolus
1842 4890 1937 4945 pro
1968 4875 2065 4931 de-

489 4969 702 5021 votionc
736 4965 1125 5036 praedicationis
1162 4966 1409 5034 illjllilCiil:
1436 4968 1499 5018 ad
1546 4966 1825 5036 Hispanias
1855 4982 1914 5022 se
1942 4982 2064 5036 pro-

491 5062 670 5113 ﬁtetur
700 5061 892 5112 iturum
924 5056 1062 5127 quod
1103 5065 1278 5110 tamen
1320 5068 1464 5111 certa
1497 5057 1895 5125 diSpenSatione
1939 5058 2062 5114 Dei-

489 5153 615 5205 tatis
665 5149 805 5218 quod
835 5147 985 5202 ﬁeret
1039 5164 1143 5201 nun
1177 5147 1456 5215 provenit;
1501 5148 1636 5201 alter
1672 5163 1793 5203 cum
1821 5148 2062 5217 appella-

492 5252 576 5296 tur
627 5240 696 5294 ali
720 5241 824 5308 ,uid
857 5254 975 5295 esse
1012 5238 1151 5309 quod
1212 5239 1314 5294 hoc
1336 5239 1504 5308 ipsum
1542 5256 1662 5297 esse
1687 5243 1948 5306 cessavit,
1980 5242 2068 5296 vel

492 5342 821 5389 cessaturum
868 5343 951 5388 est
998 5333 1098 5387 hoc
1152 5333 1322 5401 ipsum
1362 5346 1484 5387 esse
1536 5334 1676 5401 quod
1719 5333 1955 5400 dicitur,
2007 5342 2064 5389 ut

492 5426 656 5479 .lntlas
685 5423 955 5494 apostolus
982 5424 1069 5493 qui
1094 5424 1524 5493 prmvaricando,
1557 5424 1695 5494 quod
1725 5434 1809 5480 est
1828 5427 2068 5497 appella-

496 5527 580 5570 tus
627 5515 823 5582 amisit,
855 5513 993 5569 sicut
1029 5514 1167 5569 idem
1194 5525 1247 5569 et
1276 5517 1565 5585 discipulus
1594 5516 1767 5572 dictus
1794 5526 1895 5583 est,
1940 5535 2059 5573 cum

494 5607 705 5676 quidem
738 5622 835 5663 nec
863 5605 1055 5660 Christi
1084 5605 1374 5675 discipulus
1404 5618 1543 5661 esset
1563 5649 1575 5670 ,
1610 5609 1701 5663 sed
1738 5625 1801 5679 po
1830 5609 1910 5664 ius
1943 5609 2064 5664 dia-

498 5699 629 5763 boli,
657 5699 792 5755 sicut
820 5698 885 5753 de
914 5713 979 5753 co
1007 5696 1205 5753 dictum
1236 5708 1315 5753 est
1352 5716 1361 5749 :
1403 5698 1540 5751 Euris
1567 5716 1629 5752 es
1658 5702 1791 5753 vobis
1822 5702 2053 5755 diabolus

2148 1869 2212 1907 ex
2243 1853 2344 1918 his,
2372 1869 2468 1922 per
2489 1869 2549 1908 ea
2573 1870 2691 1924 qua:
2713 1854 2855 1910 dicta
2880 1862 3024 1922 sunt,
3056 1857 3323 1925 mysteriis
3355 1855 3539 1910 imbuti
3565 1856 3730 1912 coale-

2148 1944 2317 2002 stibus
2339 1987 2357 2014 ,
2411 1948 2583 2002 sancti
2608 1947 2925 2023 ‘elﬁcientur
2948 1982 2964 2013 ,
2995 1957 3050 2002 et
3098 1949 3290 2003 merito
3315 1947 3424 2015 jam
3450 1962 3571 2003 esse
3596 1948 3730 2003 dicti

2146 2050 2272 2095 sunt
2300 2041 2442 2110 quod
2476 2041 2640 2096 futuri
2670 2050 2833 2105 sunt,
2858 2041 2943 2096 vel
2974 2056 3038 2095 ex
3070 2056 3131 2095 ea
3169 2041 3415 2111 portione
3438 2082 3453 2104 ,
3496 2056 3597 2109 qua
3631 2055 3730 2110 per

2150 2131 2459 2200 religiosum
2512 2138 2786 2200 parentem
2836 2141 2994 2185 erant
3047 2131 3333 2200 participes
3379 2130 3725 2195 sanctitatis,

2150 2230 2399 2292 tanquam
2418 2222 2526 2292 jam
2556 2238 2622 2278 ex
2646 2223 2853 2293 integro
2882 2222 2935 2277 id
2966 2231 3166 2286 essent,
3186 2224 3355 2276 sancti
3378 2233 3503 2276 sunt
3525 2235 3731 2276 nuncu-

2150 2315 2275 2383 pati,
2313 2313 2396 2367 vel
2422 2314 2545 2383 quia
2566 2329 2634 2369 ex
2665 2314 2862 2369 talibus
2889 2314 3012 2369 ﬁliis
3036 2314 3187 2368 multi
3216 2313 3377 2367 futuri
3406 2320 3592 2368 essent
3616 2312 3731 2382 ple-

2150 2419 2234 2459 na:
2258 2404 2695 2459 sanctiﬁcationis
2724 2404 2989 2461 baredes.

2218 2494 2336 2551 Jatu
2374 2503 2431 2550 et
2473 2495 2559 2550 isti
2600 2510 2666 2550 ex
2696 2509 2764 2551 eo
2802 2495 2944 2565 quod
2986 2495 3145 2550 futuri
3178 2496 3392 2550 fuerant
3443 2494 3729 2562 nuncupati

2150 2594 2294 2649 sunt,
2319 2594 2375 2640 et
2401 2585 2526 2640 licet
2551 2586 2655 2641 hoc
2677 2595 2860 2641 essent
2888 2586 3105 2655 plurimi
3132 2587 3353 2641 forsitan
3380 2599 3518 2639 nunc
3546 2584 3729 2650 futuri,

2152 2696 2181 2731 :i
2210 2688 2358 2747 parte
2384 2688 2688 2732 sanctorum
2722 2678 2813 2732 toti
2845 2680 3014 2733 sancti
3036 2679 3359 2747 generaliter
3379 2691 3503 2733 sunt
3530 2680 3729 2734 vocati.

2154 2769 2230 2823 De
2260 2770 2672 2824 resurrectionis
2699 2786 2828 2824 vero
2857 2771 3145 2839 qualitate,
3171 2771 3253 2825 vel
3285 2770 3352 2826 de
3377 2786 3437 2825 ea
3463 2786 3583 2840 qua:
3608 2778 3731 2839 post

2154 2859 2604 2914 resurrectionem
2630 2862 2835 2926 siuei-ies-
2857 2860 2927 2913 sit
2959 2860 3163 2925 futura,
3191 2860 3470 2914 audiamus
3498 2861 3731 2927 Aposto-

2156 2952 2262 3007 lum
2288 2952 2681 3019 praedicantem,
2706 2953 2793 3005 ubi
2818 2954 2923 3007 ait:
2958 2952 3063 3008 Sed
3086 2954 3218 3007 (licet
3241 2954 3444 3022 aliquis,
3467 2954 3734 3020 Quomodo

2154 3053 2416 3113 resurgant
2446 3046 2680 3099 mortui?
2711 3044 2861 3110 Quali
2885 3055 3053 3098 autem
3078 3059 3288 3114 corpore
3315 3046 3512 3099 venient
3534 3041 3589 3116 (Ι
3608 3039 3733 3101 Cor.

2157 3140 2287 3205 xv)?
2331 3147 2385 3192 et
2432 3137 2679 3193 humana:
2733 3139 2924 3193 mentis
2969 3137 3321 3192 difﬁdentiam
3380 3138 3731 3207 redarguens,

2157 3244 2313 3299 quam
2345 3230 2536 3284 merito
2563 3230 2780 3285 stultam
2808 3269 2824 3294 ,
2854 3244 2970 3299 qua:
2994 3228 3105 3283 Deo
3152 3229 3440 3298 quidquam
3470 3229 3737 3298 iudicaret

2158 3322 2517 3391 impossibile,
2564 3321 2962 3390 nuncupanda,
3005 3329 3377 3391 competenter
3436 3336 3502 3375 es
3554 3335 3734 3375 rerum

2158 3411 2317 3465 etiam
2359 3410 2497 3465 visib
2523 3412 2648 3465 lium
2692 3419 2747 3466 et
2774 3411 3021 3466 humanis
3047 3411 3541 3467 conversationibus
3572 3410 3737 3464 usita-

2158 3511 2264 3557 tam
2317 3504 2727 3558 similitudinem
2788 3506 3351 3574 comparationemqne
3402 3505 3736 3572 magniﬁcam

2159 3596 2447 3665 prmclarus
2473 3595 2657 3651 doctor
2684 3594 2908 3662 inducit,
2936 3593 3125 3649 dicens
3156 3610 3170 3647 :
3196 3592 3453 3661 [nsipiens
3485 3591 3594 3661 (qui
3627 3588 3738 3644 Deo

2157 3689 2273 3743 haec
2294 3687 2644 3758 impossibilia
2665 3687 2921 3753 aestimas,
2939 3686 3024 3741 vel
3056 3685 3281 3756 ambigis
3302 3699 3421 3739 esse
3448 3682 3737 3752 facienda),

2157 3788 2213 3832 tu
2240 3777 2377 3847 quod
2416 3776 2647 3829 seminus
2686 3790 2788 3826 non
2825 3770 3146 3839 uiviﬁcatur,
3172 3769 3271 3823 nisi
3296 3770 3443 3837 prius
3468 3766 3734 3825 moriatur

2156 3869 2337 3941 (ιδιά.)
2356 3868 2379 3921 ?
2400 3867 2573 3933 Quam
2603 3863 3025 3918 similitudinem
3041 3861 3109 3916 ad
3127 3859 3588 3915 resurrectionem
3606 3872 3732 3911 cor-

2155 3964 2308 4033 poris
2342 3968 2465 4031 post
2507 3967 2740 4013 mortem
2784 3955 3021 4009 futuram
3072 3951 3466 4008 convenienter
3501 3949 3729 4021 aptavit.

2158 4057 2369 4112 Deinde
2394 4055 2541 4124 quod
2567 4060 2789 4108 secutus
2810 4050 3040 4119 adjecit:
3065 4051 3130 4101 Et
3170 4046 3307 4117 quod
3348 4046 3598 4110 seminus,
3627 4062 3731 4098 non

2160 4165 2349 4219 corpus
2374 4146 2511 4217 quod
2530 4146 2767 4214 futurum
2791 4150 2866 4193 est
2882 4143 3130 4201 seminus,
3151 4139 3241 4192 sed
3262 4138 3456 4191 nudum
3482 4151 3729 4206 granum,

2160 4249 2217 4293 ut
2244 4247 2369 4308 puta
2394 4236 2554 4289 tritici
2573 4243 2619 4287 et
2633 4240 2963 4286 cwterorum.
2988 4229 3123 4282 Deus
3142 4235 3316 4281 autem
3336 4226 3427 4279 dut
3446 4225 3529 4279 illi
3546 4240 3733 4293 corpus

2164 4337 2315 4400 prout
2335 4327 2498 4380 voluit
2534 4324 2797 4395 (Ibidem).
2818 4321 2897 4375 Ad
2926 4319 3361 4390 qualitatemjam
3388 4323 3443 4370 et
3468 4316 3732 4385 speciem,

2165 4435 2286 4489 quze
2306 4427 2428 4487 post
2450 4414 2910 4469 resurrectionem
2933 4411 3119 4465 futura
3137 4419 3238 4474 est,
3263 4423 3434 4478 genus
3454 4421 3740 4475 compara-

2169 4511 2337 4565 tionis
2380 4508 2642 4561 adhibere
2681 4503 2912 4566 curavit,
2940 4510 3094 4572 prout
3138 4501 3323 4563 uoluit,
3354 4498 3551 4568 inquit.
3596 4496 3737 4562 Quid

2171 4604 2351 4657 adhuc
2385 4601 2629 4671 quaeris?
2673 4608 2835 4667 prout
2871 4596 3109 4651 voluerit
3134 4597 3297 4659 Deus,
3332 4594 3412 4648 sic
3435 4592 3585 4646 dabit
3619 4590 3743 4645 uni-

2172 4694 2373 4762 cuique
2414 4708 2615 4762 corpus
2656 4690 2921 4746 ineﬁ‘abili
2959 4690 3203 4760 potentia
3249 4688 3572 4743 suseitatum
3601 4701 3614 4737 :
3645 4682 3741 4738 sed

2174 4786 2401 4840 forsitan
2438 4784 2730 4838 arbitreris
2756 4783 2878 4837 ideo
2915 4782 3088 4851 magis
3127 4776 3429 4850 signiﬁcari
3479 4792 3587 4830 non
3620 4774 3748 4828 uni-

2176 4877 2375 4946 cuique
2424 4890 2584 4931 suum
2638 4874 3047 4930 reformandum
3080 4872 3298 4942 proprie
3344 4884 3565 4937 corpus,
3617 4880 3744 4921 cum

2178 4976 2456 5023 astruatur
2489 4975 2654 5039 prout
2675 4967 2818 5022 Deus
2841 4966 3079 5021 voluerit
3101 4980 3222 5020 esse
3247 4960 3638 5031 reparandum.

2240 5058 2529 5128 Diligenter
2558 5070 2685 5125 ergo
2715 5067 2933 5109 sensum
2966 5049 3176 5120 plenius
3207 5045 3323 5100 lucc
3353 5049 3630 5096 tractantzs
3663 5038 3749 5089 in-

2173 5149 2358 5213 tende,
2391 5147 2437 5202 si
2474 5146 2613 5201 scire
2641 5144 2851 5199 conaris
2900 5136 3200 5209 cujusmodi
3237 5145 3432 5202 corpus
3462 5128 3750 5196 unicuique

2173 5240 2243 5298 sit
2271 5239 2411 5295 Deus
2427 5238 2526 5292 hoc
2552 5237 2727 5305 ipsum
2757 5243 2914 5303 prout
2939 5229 3169 5285 voluerit
3200 5224 3527 5283 redditurus,
3552 5227 3605 5274 et
3637 5227 3751 5269 tan-

2173 5345 2330 5401 quam
2377 5330 2470 5384 tibi
2507 5329 2613 5397 jatn
2660 5335 2786 5380 tunc
2835 5324 2901 5376 ad
2950 5322 3050 5376 ista
3098 5313 3475 5387 respondentis
3511 5306 3752 5377 Apostnli

2170 5399 2331 5481 verba
2362 5421 2649 5494 perpende.
2700 5416 2870 5472 Nosse
2894 5412 3172 5468 desideras
3220 5421 3384 5476 quare
3425 5399 3752 5457 resuscitatis

2174 5516 2476 5573 hominibus
2520 5528 2714 5581 corpus
2762 5516 2920 5579 prout
2951 5506 3092 5559 Deus
3130 5499 3364 5557 voluerit
3403 5497 3473 5551 sit
3511 5494 3753 5555 damnis,

2174 5623 2402 5677 agnosce
2456 5604 2621 5674 pzude
2662 5614 2763 5664 ter,
2809 5608 2854 5652 et
2908 5598 3183 5665 unicuique
3212 5592 3461 5647 seminum
3491 5584 3753 5655 pmprium

2176 5676 2356 5771 corpus
2396 5697 2604 5766 (Ibid),
2637 5694 2774 5763 quod
2810 5692 2991 5761 utique
3036 5704 3141 5743 non
3187 5686 3304 5751 sine
3346 5694 3503 5737 causa
3538 5678 3614 5731 vir
3650 5676 3753 5729 ilco
