4098 6172
298 268 397 323 155

1508 246 1858 307 EPISTOLJZ
1904 248 1989 301 ET
2032 246 2135 302 DEt
2148 248 2374 305 ZRETA.

3468 250 3565 304 13$

292 378 488 447 Plenus
508 372 739 431 ωιηθςιίι
761 423 774 439 ,
811 372 907 426 nisi
938 379 990 425 υι
1032 370 1237 423 futuras
1261 365 1531 419 hominum
1561 360 1871 431 huiusmodi
1902 360 1952 419 Α
1982 362 2246 415 seminum
2287 362 2502 417 diversit
2524 377 2567 416 is
2593 362 2870 429 indicaret,
2902 365 3266 432 smpeditaret
3290 385 3370 432 μιαν
3401 371 3567 437 picum.

292 464 655 518 liuUllilliOlleS
684 462 1001 531 expelleret.
1038 458 1193 523 Audi,
1220 458 1451 525 inquam,
1487 454 1627 523 quod
1658 452 1874 519 sapien-

293 570 372 613 ter
393 557 614 626 adjecit,
648 564 700 607 et
730 569 793 607 ex
832 551 1177 605 similitudine
1206 564 1315 601 rem
1349 549 1514 614 ipsim
1548 545 1629 597 cui
1661 556 1885 609 compa-

292 662 443 704 ratur
488 661 764 718 agnosce:
811 652 858 697 et
886 643 1189 711 unicuique,
1239 639 1424 708 inquit,
1470 637 1721 689 seminum
1753 649 1875 702 pro-

292 740 463 809 prium
504 751 733 803 corpus;
784 735 826 789 si
874 734 924 786 in
966 724 1313 785 similitudine
1356 727 1627 798 proprium
1661 737 1880 792 corpus,

292 846 422 895 ergo
452 838 507 883 et
542 830 595 881 in
628 843 715 890 re,
751 824 903 894 cujus
926 823 1218 877 similitudo
1242 830 1357 887 est,
1386 821 1656 888 proprium
1687 831 1883 883 corpus

295 932 499 975 certum
546 928 626 972 est
660 933 779 970 esse
822 914 1186 976 rnddcndum;
1223 913 1430 965 semina
1459 909 1600 963 enim
1634 909 1735 962 ista
1769 908 1885 960 sine

294 1011 665 1064 controversia
710 1007 1011 1061 hominibus
1050 1003 1404 1072 comparavit,
1428 1003 1493 1054 de
1525 1016 1747 1070 quorum
1772 998 1881 1052 uti-

294 1117 400 1167 que
455 1110 628 1154 morte
674 1107 727 1151 et
759 1096 1151 1151 resurrectione
1183 1093 1505 1163 loquebatur
1533 1109 1544 1143 :
1578 1099 1737 1159 atque
1768 1088 1886 1142 ideo

296 1191 508 1258 singula
542 1190 767 1255 singulis
814 1186 1095 1240 conferens
1121 1225 1134 1246 ,
1168 1190 1424 1251 quantum
1474 1181 1539 1235 ad
1572 1178 1888 1233 viviﬁcanda

301 1291 420 1347 post
452 1288 680 1332 mortem
709 1290 934 1344 corpora
971 1274 1261 1342 pertineret
1290 1316 1302 1338 ,
1334 1272 1400 1325 de
1426 1270 1577 1340 grani
1609 1285 1711 1322 non
1743 1268 1888 1337 prius

299 1373 549 1425 viviﬁeati
582 1386 739 1440 quam
773 1369 967 1422 mortui
997 1366 1399 1435 comparatione
1434 1361 1692 1431 singulari
1720 1362 1885 1414 mira-

300 1464 482 1516 bil‘.ter
529 1461 838 1531 explicavit.
872 1458 1072 1512 Dehinc
1102 1456 1242 1526 quali
1276 1464 1397 1524 post
1435 1455 1887 1508 resurrectionem

299 1568 527 1619 cerpore
558 1562 875 1606 censeretur
903 1563 1023 1603 esse
1066 1549 1295 1616 quisque
1338 1554 1593 1598 venturus
1620 1583 1637 1608 ,
1682 1542 1733 1596 id
1764 1548 1886 1608 est,

300 1654 480 1697 utrum
514 1647 612 1697 hac
640 1641 977 1699 conditione.
1030 1653 1187 1705 quam
1223 1636 1504 1691 moriendo
1546 1641 1884 1704 gestaverat,

1990 454 2374 520 comparationi
2432 454 2653 507 facultas
2708 471 2800 521 per
2857 469 3015 519 quam
3066 454 3131 508 ad
3183 459 3568 525 specialitatem

1988 559 2098 604 cori
2121 560 2272 597 orum
2311 544 2693 614 designandam
2738 548 3252 603 convenientissime
3279 550 3568 616 «liceretur,

1989 644 2035 686 et
2058 636 2328 701 unicuimr
2349 636 2600 688 seminum
2632 638 2894 706 praprium
2918 654 3103 708 corpus
3131 638 3184 706 (1
3216 639 3336 693 Cor.
3364 640 3487 710 xv),
3515 653 3574 695 ιιι

1988 724 2128 793 quod
2192 741 2291 778 una
2324 728 2535 793 Species
2584 726 2873 795 cujuslib-t
2914 730 3083 796 grani.
3132 728 3365 785 dscreto
3414 746 3570 799 sexu,

1988 817 2075 884 qui
2110 816 2156 869 ei
2189 816 2365 869 nullus
2407 819 2676 871 :rstimare
2718 834 2822 871 non
2858 829 3032 887 posset
3065 822 3428 889 exprimendae
3453 840 3574 878 cor-

1990 923 2176 975 porum
2208 909 2515 974 proprietati
2546 949 2556 965 .
2592 908 2730 961 sicut
2760 925 2902 977 smpe
2921 910 3030 979 jam
3055 911 3256 966 dictum
3284 924 3385 979 est,
3410 916 3573 970 semi-

1991 1012 2114 1049 num
2155 998 2438 1051 diversitas
2471 1000 2872 1069 intelligentiam
2899 1003 3252 1057 ministraret.

2059 1088 2272 1157 Triplex
2323 1089 2481 1157 igitur
2540 1091 2588 1143 in
2646 1092 2744 1145 hac
2794 1096 3199 1162 comparatione
3252 1098 3573 1163 prepositio,

1982 1178 2298 1247 disputatio,
2328 1181 2570 1235 deﬁnitio
2593 1194 2703 1246 est;
2731 1194 2781 1237 et
2804 1192 3060 1253 quantum
3082 1186 3145 1237 ad
3168 1187 3572 1255 intelligendam

1991 1272 2439 1326 resurrectionem
2469 1274 2701 1341 pertinet
2730 1276 3065 1343 corporalem
3109 1292 3171 1329 ex
3223 1278 3575 1335 similitudine

1989 1363 2137 1429 grani
2172 1378 2277 1415 non
2308 1363 2453 1430 prius
2499 1363 2749 1417 viviﬁrati
2799 1379 2957 1433 quam
3021 1366 3217 1419 mortui
3268 1382 3577 1437 compe'evs

1990 1450 2282 1505 similitudo
2337 1451 2719 1521 sufﬁciensque
2775 1452 3091 1524 deprompta
3150 1464 3250 1508 est.
3310 1458 3575 1522 Quantum

1989 1553 2118 1594 vero
2146 1541 2209 1593 ad
2242 1541 2289 1594 'd
2320 1542 2532 1603 attinet,
2557 1544 2680 1611 quia
2708 1560 2808 1596 non
2833 1544 2887 1596 id
2913 1560 3100 1611 Corpus
3134 1548 3411 1600 seminatur
3444 1548 3578 1617 quod

1992 1634 2221 1697 futurum
2271 1640 2381 1696 est,
2434 1631 2522 1685 sed
2577 1629 2714 1687 Deus
2766 1633 2855 1685 dat
2914 1634 2990 1686 illi
3040 1650 3225 1703 corpus
3279 1647 3427 1699 prout
3475 1640 3580 1691 rult

300 1750 364 1787 an
395 1734 558 1802 longe
589 1733 837 1796 meliore,
866 1730 1211 1784 nihilominus
1240 1729 1327 1781 illa
1354 1726 1707 1781 similitudine
1736 1737 1885 1795 pate-
1915 1716 2187 1793 B(lbid.),
2226 1723 2280 1778 in
2328 1723 2567 1792 ejusdem
2618 1725 2945 1779 continentia
2989 1724 3233 1780 lectionis
3279 1729 3580 1781 necessario

300 1825 460 1888 fecit,
489 1840 647 1893 quam
679 1834 896 1877 secutus
928 1821 1174 1889 exposuit
1204 1836 1218 1873 :
1253 1817 1315 1872 Et
1341 1829 1394 1872 tu
1418 1820 1503 1888 qui
1524 1820 1767 1885 seminus,
1792 1833 1891 1870 nu-

305 1919 427 1969 dum
460 1932 679 1985 granum
706 1916 923 1968 seminus
947 1955 960 1977 ,
1007 1924 1061 1965 ut
1090 1920 1213 1980 puta
1242 1911 1397 1964 tritici
1423 1920 1512 1963 aut
1539 1910 1762 1979 alicujus
1798 1925 1897 1961 ca:-

306 2016 578 2071 terorum;
630 2018 677 2058 et
719 2004 857 2058 Deus
886 2001 977 2055 dat
1020 2002 1099 2055 illi
1148 2017 1333 2069 corpus
1361 2010 1510 2071 prout
1556 2000 1660 2053 vult
1691 1997 1746 2068 (Ι
1774 1998 1895 2052 Cor.

308 2102 423 2163 xv).
481 2097 537 2150 In
570 2097 669 2149 hac
701 2110 830 2163 ergo
863 2094 1031 2148 forma
1062 2107 1255 2161 corpus
1294 2092 1463 2146 Deum
1495 2090 1645 2154 dare,
1700 2090 1901 2145 decen-

306 2186 412 2239 ιιιις
443 2200 607 2254 quam
639 2184 867 2249 obierat,
892 2182 1171 2236 evidenter
1192 2180 1492 2249 expressit;
1525 2180 1665 2233 sicut
1693 2179 1743 2232 in
1772 2179 1896 2233 sub-

304 2277 661 2345 sequentibus
688 2276 884 2330 dicitur
910 2292 923 2327 :
958 2273 1254 2329 Seminatur
1281 2274 1334 2326 in
1356 2274 1712 2341 corruptione,
1736 2274 1900 2344 surgit

302 2370 355 2421 in
389 2369 868 2435 incorruptionem;
895 2366 1173 2419 seminatur
1201 2366 1253 2418 in
1276 2363 1617 2433 ignobilitate,
1645 2364 1810 2432 surgit
1843 2364 1897 2415 in

304 2463 387 2528 glo
410 2463 528 2513 ium
552 2478 572 2526 ;
602 2461 882 2514 seminatur
909 2460 960 2513 in
995 2455 1321 2527 inﬁrmitate,
1350 2458 1511 2527 surgit
1538 2459 1589 2510 in
1620 2457 1855 2509 virtutem
1882 2473 1901 2520 ;

306 2556 593 2605 scur'nnlttr
652 2567 836 2621 corpus
876 2549 1129 2613 animale,
1187 2549 1349 2621 surgit
1398 2563 1585 2618 corpus
1634 2546 1903 2616 spirituale

309 2644 533 2711 utor).
567 2645 699 2697 Ecce
730 2642 1178 2711 qnemadmodum
1216 2639 1448 2693 hominis
1483 2639 1760 2693 morientis
1796 2653 1903 2692 non

310 2739 413 2789 hoc
439 2736 743 2788 seminatur
785 2734 927 2802 quod
958 2746 1156 2802 corpus
1184 2739 1265 2786 est
1296 2741 1415 2800 post
1460 2730 1716 2784 futurum.
1762 2729 1903 2784 Ecce

317 2837 478 2893 prout
504 2827 616 2879 vult
646 2825 786 2879 Deus
835 2824 1150 2894 intelligitur
1187 2823 1573 2878 resurrecturis
1601 2837 1796 2892 corpus
1819 2837 1902 2877 re-

323 2916 561 2971 formare
596 2926 718 2987 post
761 2927 988 2972 mortem
1017 2932 1137 2971 cum
1169 2915 1526 2970 inaestimabili
1557 2929 1668 2968 suae
1694 2914 1905 2968 miseri-

314 3008 514 3061 cordia:
544 3009 821 3064 voluntate
852 3025 867 3062 :
899 3009 1038 3077 quod
1084 3008 1258 3061 fuerat
1289 3006 1339 3059 in
1372 3006 1714 3073 corruptione
1744 3004 1901 3059 semi-

316 3108 499 3151 natum
528 3138 543 3162 ,
574 3098 963 3169 incorruptibili
992 3098 1265 3152 nobilitate
1293 3106 1584 3162 reSIaurat;
1616 3096 1760 3166 quod
1791 3094 1903 3151 fue-
1928 3082 1974 3145 C

318 3198 399 3241 rat
432 3196 668 3242 terrenae
716 3188 1042 3243 conditioois
1083 3189 1133 3241 in
1182 3186 1511 3256 ignobilitate
1548 3186 1780 3253 ξυνίωσι
1809 3225 1823 3251 ,
1850 3185 1903 3241 in

319 3280 488 3346 gloria
546 3281 755 3334 caelesti
805 3282 1119 3344 resuscitat;
1170 3277 1312 3346 quod
1358 3277 1531 3331 fuerat
1562 3277 1907 3331 mortalitatis

319 3371 634 3425 inﬁrmitate
667 3372 956 3425 resolutum
979 3411 994 3436 ,
1029 3370 1353 3438 redintegrat
1396 3370 1445 3420 in
1496 3367 1906 3422 immortalitatis

320 3462 418 3516 do-c
457 3477 518 3515 re
550 3462 831 3526 vestitum;
869 3474 1139 3529 postremo
1166 3462 1303 3529 quod
1349 3461 1517 3513 fuerat
1561 3461 1791 3513 animale
1814 3460 1908 3513 de-

322 3555 586 3619 functum,
638 3568 833 3622 corpus
873 3554 1148 3621 Spiritttttic
1202 3554 1473 3621 restitu‘t,
1520 3562 1575 3607 et
1608 3554 1903 3607 reformat:

321 3663 437 3714 quc
466 3656 657 3701 cuncta
680 3645 745 3699 ad
770 3653 967 3699 statum
998 3646 1385 3699 meliorationis
1407 3646 1909 3713 sublimationisque

323 3737 637 3805 respiciunt.
669 3738 760 3790 Illa
796 3750 923 3791 vero
969 3751 1086 3806 qua:
1135 3747 1293 3791 restat
1329 3753 1453 3806 pars
1490 3736 1909 3805 comparationis

323 3830 545 3883 adnexa;
560 3829 860 3897 Specialiter
881 3829 945 3884 ad
971 3834 1350 3900 proprietatem
1366 3829 1609 3899 Corporis
1627 3830 1909 3899 unicui.,ue

323 3920 710 3976 redhibendam
760 3924 1028 3987 pertinere
1070 3923 1337 3987 ﬁrmatur,
1382 3936 1485 3991 qua
1516 3932 1909 3990 consequenter

321 4014 517 4067 dicitur
548 4030 563 4067 :
599 4012 664 4067 Et
700 4014 973 4084 unicuique
998 4015 1245 4068 seminum
1278 4014 1542 4083 proprium
1570 4029 1794 4084 corpus;
1819 4014 1906 4067 ubi

323 4106 453 4159 satis
494 4116 721 4174 apparet
753 4106 806 4158 in
849 4105 1037 4174 quavis
1067 4105 1460 4173 resurgentium
1505 4104 1750 4157 claritate
1780 4117 1908 4171 pro.

326 4202 606 4266 pr‘etatem
666 4198 909 4265 corporis
961 4212 1080 4253 esse
1131 4212 1469 4263 manturam;
1522 4211 1623 4251 nec
1675 4196 1906 4251 otiosum

323 4307 392 4359 qu
413 4292 461 4344 ›‹1
494 4291 685 4346 beatus
706 4292 997 4358 Apostolus
1032 4306 1151 4346 cum
1183 4292 1250 4345 de
1286 4292 1403 4345 solo
1430 4291 1661 4345 humano
1681 4306 1907 4360 genere,

324 4381 460 4449 quod
490 4384 664 4437 solum
689 4391 771 4437 est
796 4386 977 4452 utique
999 4381 1386 4447 suscitandum,
1411 4397 1508 4436 nec
1525 4383 1625 4435 alia
1652 4397 1906 4452 quaecun-

324 4487 425 4540 que
472 4473 769 4527 substantia
821 4474 923 4529 hoc
966 4482 1050 4528 est
1099 4488 1320 4528 munere
1364 4472 1687 4539 decoranda,
1742 4484 1904 4543 atque

326 4561 446 4617 ideo
470 4563 745 4619 sufﬁceret
792 4564 859 4619 ad
897 4582 1057 4620 unum
1102 4580 1269 4635 genus
1299 4565 1572 4620 hominum
1596 4581 1754 4621 unam
1782 4582 1905 4637 spe-

324 4655 457 4710 ciem
478 4657 700 4711 seminis
724 4658 889 4727 gratia
908 4657 1318 4727 comparationis
1336 4657 1612 4723 adhibere.
1634 4674 1726 4727 rer
1746 4674 1903 4729 quam

324 4757 373 4802 et
394 4764 496 4804 non
522 4750 672 4819 prius
694 4748 943 4805 vivificari
963 4766 1119 4821 quam
1144 4752 1301 4817 mori,
1322 4760 1378 4805 et
1400 4750 1768 4806 ltonorabilius
1784 4768 1906 4806 cor-

326 4855 423 4907 pus
450 4856 520 4910 qu
540 4856 612 4894 tm
648 4841 1004 4897 seminaretur
1042 4858 1330 4914 exsurgere
1357 4843 1706 4912 perduceret:
1731 4842 1823 4897 sed
1850 4852 1907 4897 et

323 4931 517 4984 diversi
549 4946 709 4987 sexus
740 4934 1010 5003 preprium
1041 4950 1236 5004 corpus
1262 4946 1465 4990 asserat
1493 4934 1584 5006 [F.
1610 4936 1900 5009 assereret]

319 5022 683 5079 iunovandum
709 5066 724 5091 ,
758 5027 898 5095 quod
939 5028 989 5081 in
1024 5044 1124 5081 una
1166 5029 1346 5097 specie
1384 5029 1602 5083 seminis
1643 5040 1901 5098 quantum

318 5118 384 5169 ad
408 5117 808 5173 similitudinem
835 5122 1147 5191 respiceret,
1181 5137 1287 5175 non
1313 5122 1562 5188 habebat,
1588 5139 1654 5177 ne
1678 5138 1769 5191 per
1800 5123 1903 5179 hoc

314 5221 369 5263 et
401 5225 559 5264 unam
591 5212 959 5266 tantummodo
996 5213 1225 5281 speciem
1253 5213 1747 5269 resuscitandorum
1778 5230 1900 5270 cor-

315 5317 507 5371 porum
540 5301 836 5356 futurarum
865 5304 1191 5373 signiﬁcasse
1213 5314 1488 5374 putaretur
1513 5307 1896 5375 proprietatum

313 5392 660 5448 distinctione
686 5393 965 5460 subm0ta,
997 5394 1227 5449 discreta
1257 5411 1590 5466 quiscunque
1633 5398 1897 5453 seminum

311 5498 511 5551 genere
566 5484 984 5553 comptratiouis
1027 5499 1140 5538 suae
1198 5496 1354 5542 caute
1408 5489 1900 5558 convenienterque

309 5574 461 5626 duxit
497 5574 796 5630 adhibenda
826 5615 841 5638 ,
893 5585 948 5629 ut
979 5577 1356 5645 preprietatem
1399 5593 1683 5649 corporum
1713 5622 1728 5647 ,
1762 5584 1901 5637 sicut

309 5666 514 5719 dictum
537 5676 811 5737 est,quam
835 5682 935 5721 una
964 5669 1171 5737 species
1191 5669 1496 5729 discernere
1521 5688 1627 5726 non
1659 5676 1809 5728 valeb
1848 5686 1890 5740 t,

1937 4440 1986 4501 D

1997 1832 2154 1872 causa
2187 1828 2478 1886 reseratur,
2507 1833 2626 1873 cum
2656 1819 3007 1887 corruptibile
3034 1834 3226 1888 corpus
3262 1821 3578 1873 seminatum

1999 1909 2309 1978 perhibetur
2329 1909 2734 1979 incorruptibile
2764 1909 3120 1975 redditurum,
3148 1920 3202 1964 et
3225 1921 3439 1975 cetera,
3464 1926 3583 1981 quae

1999 1999 2122 2054 huic
2150 2002 2329 2055 sensui
2357 2000 2652 2069 probantur
2677 2001 2976 2053 adiuerere.

2070 2090 2335 2157 Quantum
2365 2098 2544 2144 autem
2571 2089 2637 2143 ad
2671 2090 3051 2159 proprietatem
3098 2105 3380 2159 corporum
3413 2093 3582 2159 reSpi-

2001 2179 2073 2233 cit
2109 2179 2461 2243 edocendam,
2507 2179 2815 2248 plenissime
2859 2180 3161 2235 declaratur
3207 2183 3347 2252 quod
3400 2184 3583 2236 beatus

2002 2274 2291 2342 Apostolus
2341 2290 2672 2345 nequaquam
2723 2276 2943 2331 seminis
2990 2278 3146 2332 unius
3186 2281 3583 2348 comparatione

2001 2372 2317 2432 contentus,
2382 2380 2477 2434 per
2521 2365 2665 2434 quod
2717 2370 3097 2435 proprietatem
3146 2384 3431 2438 corporum
3478 2388 3584 2428 non

2005 2466 2185 2527 pOSset
2215 2457 2521 2521 ostendere,
2573 2473 2693 2511 cum
2732 2458 2780 2511 id
2814 2474 2915 2511 una
2945 2460 3172 2527 species,
3205 2471 3259 2513 ut
3285 2476 3444 2531 supra
3476 2479 3584 2517 mc-

2005 2560 2264 2604 ntoratum
2297 2560 2399 2617 est,
2431 2551 2650 2605 seminis
2681 2566 2785 2604 non
2818 2551 3058 2617 haberet,
3088 2552 3291 2607 studuit
3318 2568 3386 2608 ex
3422 2557 3584 2609 semi.

2006 2658 2130 2696 num
2178 2643 2488 2698 diversitate
2536 2653 2840 2698 monstrare
2884 2644 3169 2714 unicuique
3232 2652 3583 2716 surgentimu,

2006 2736 2097 2805 qui
2125 2744 2249 2789 sunt
2278 2736 2461 2805 utique
2492 2736 2785 2790 seminibus
2814 2739 3128 2805 comparati,
3162 2739 3434 2807 proprium
3461 2755 3586 2793 cor-

2009 2843 2104 2895 pus
2129 2841 2245 2881 csse
2272 2827 2620 2881 reddendum.
2656 2828 2719 2881 Et
2750 2837 3030 2897 resurgent
3058 2844 3185 2897 ergo
3235 2829 3477 2882 homines
3512 2832 3585 2882 εἰς

2006 2919 2199 2975 viﬁcati
2236 2931 2354 2989 post
2393 2933 2640 2985 mortem,
2688 2921 2775 2986 qui
2824 2920 3005 2988 utique
3038 2922 3183 2989 prius
3235 2923 3586 2977 merien'ihus

2007 3019 2061 3064 et
2080 3010 2418 3079 pottmodum
2446 3010 2620 3064 viviﬁc
2657 3010 2774 3064 ndis
2801 3011 3094 3066 seminlbus
3117 3013 3407 3079 comparati
3432 3023 3583 3077 sunt;

2006 3111 2185 3156 etnon
2216 3102 2316 3155 hoc
2344 3101 2484 3169 quod
2533 3102 2868 3165 moriuntur,
2922 3101 2971 3154 id
3018 3111 3096 3155 est
3129 3112 3374 3172 tanquam
3424 3104 3587 3158 semi-

2008 3202 2221 3258 nantur,
2255 3202 2568 3260 resurgunt,
2617 3193 2707 3246 srd
2741 3190 2874 3245 Deus
2915 3193 2985 3245 eis
3029 3193 3117 3245 dat
3152 3208 3339 3261 corpus
3381 3204 3434 3247 ut
3482 3198 3586 3249 t'u't

2008 3283 2257 3355 (lbid.),
2317 3292 2374 3338 ut
2420 3286 2488 3337 sit
2533 3284 2602 3338 dc
2645 3283 2977 3353 Corruptibili
3026 3285 3465 3353 incorruptibile,
3517 3287 3585 3341 de

2008 3377 2222 3430 inci-tali
2274 3375 2605 3436 immortale,
2676 3374 2743 3430 de
2800 3374 3120 3442 inspirituali
3166 3376 3477 3442 spirituale;
3528 3388 3587 3429 ut

2008 3466 2147 3535 quod
2183 3466 2369 3519 mortis
2400 3465 2573 3519 fuerat
2596 3465 2904 3519 conditione
2936 3464 3326 3532 decoloratum,
3360 3465 3585 3519 immor-

2011 3559 2113 3612 tale
2142 3570 2194 3613 et
2240 3559 2490 3613 decorum
2540 3557 2842 3628 integritate
2889 3557 3163 3624 reddatur,
3211 3566 3266 3612 et
3311 3560 3582 3626 preprium

2010 3664 2204 3715 corpus
2234 3650 2371 3704 sicut
2400 3650 2815 3720 unumquodque
2845 3652 3104 3705 seminum
3142 3652 3258 3708 sine
3282 3651 3445 3708 dubio
3494 3669 3583 3709 re-

2009 3742 2213 3809 cepturi
2243 3749 2403 3795 sunt:
2428 3739 2567 3810 quod
2599 3741 2719 3809 quia
2744 3740 2956 3795 diverso
2987 3742 3139 3795 sexui
3167 3741 3219 3795 in
3250 3757 3357 3797 uno
3382 3742 3585 3797 semine

2010 3832 2304 3901 comparari
2336 3846 2442 3886 non
2475 3841 2703 3900 poterat,
2750 3845 2818 3885 ex
2846 3832 3112 3885 seminum
3141 3832 3449 3886 diversitate
3475 3832 3587 3887 col-

2010 3923 2173 3977 latum
2201 3933 2304 3990 εει,
2338 3934 2393 3977 ιιι
2425 3938 2487 3977 ex
2522 3922 2830 3977 diversitate
2858 3923 3117 3976 seminum
3147 3938 3424 3992 corporum
3458 3938 3583 3991 pro-

2012 4015 2208 4083 prietas
2237 4016 2558 4083 signaretur.
2591 4013 2647 4068 Si
2678 4029 2804 4068 vero
2837 4014 3104 4081 proprium
3135 4029 3326 4081 corpu‘
3359 4015 3579 4067 rc~ttbti-

2013 4115 2153 4159 tatus
2177 4106 2401 4174 quisque
2428 4105 2703 4174 suscipiet,
2736 4103 3103 4159 indubitanter
3130 4114 3212 4157 est
3250 4119 3586 4173 οιιηκρίιτιηις

2012 4208 2069 4252 ut
2089 4196 2369 4265 unicuique
2388 4197 2537 4251 sexui
2561 4209 2756 4265 corpus
2776 4195 3046 4265 proprium
3062 4192 3407 4260 reformatur;
3436 4197 3583 4265 quia,

2012 4292 2146 4346 sicut
2168 4290 2364 4345 dictum
2386 4298 2487 4356 est,
2511 4297 2564 4345 et
2587 4288 2870 4358 unicutique
2890 4289 3155 4344 seminum
3182 4303 3329 4358 prop:
3344 4289 3448 4343 iuni
3469 4302 3588 4344 cor-

2013 4400 2109 4453 pus
2131 4382 2430 4439 restituitur
2470 4381 2804 4436 atttibutum.
2838 4381 2902 4436 Et
2929 4380 2972 4436 si
3010 4380 3296 4449 unicuique
3325 4381 3586 4436 seminum

2014 4477 2284 4547 proprium
2308 4488 2500 4544 corpus
2525 4473 2840 4538 restituitur,
2858 4488 2950 4543 per
2970 4488 3087 4543 qua:
3109 4475 3289 4543 utique
3308 4474 3511 4528 semina
3536 4474 3589 4530 in

2013 4580 2238 4637 utroque
2267 4582 2397 4621 sexu
2424 4580 2583 4620 omne
2617 4579 2783 4635 genus
2823 4563 3094 4617 hominum
3126 4565 3454 4635 designatum
3484 4573 3586 4629 est,

1974 4720 1975 4725 η
2012 4662 2253 4730 sequitur
2284 4669 2338 4714 ut
2366 4673 2525 4715 omne
2546 4670 2713 4728 genus
2743 4656 3056 4722 humanum,
3098 4655 3236 4724 quod
3270 4657 3319 4709 iu
3364 4668 3590 4727 utroque

2013 4768 2143 4807 sexu
2164 4750 2279 4806 istis
2296 4761 2378 4805 est
2400 4749 2692 4804 seminibus
2713 4746 3072 4818 designatum,
3089 4747 3360 4815 proprium
3384 4747 3450 4800 sit
3472 4762 3594 4801 cor-

2015 4860 2111 4913 pus
2135 4850 2553 4911 resumpturum.
2581 4839 2690 4893 lloc
2713 4853 2810 4892 nos
2832 4854 2895 4892 ex
2922 4836 3099 4891 verbis
3121 4836 3361 4904 Apostoli
3386 4834 3466 4889 fas
3507 4844 3593 4891 est

2012 4935 2188 4988 Sobria
2221 4933 2650 4987 consideratione
2696 4930 2890 4995 metiri,
2946 4929 3078 4983 ultra
3128 4945 3246 4998 qua:
3290 4932 3587 4983 cavendum

2012 5037 2095 5081 εει
2134 5025 2413 5080 temeraria
2443 5023 2751 5076 curiositate
2784 5034 3158 5090 prorumpere;
3203 5031 3419 5087 propter
3446 5020 3592 5087 quod

2012 5116 2174 5171 etiam
2200 5127 2603 5169 eommonemnr
2649 5128 2662 5165 :
2694 5109 2893 5164 Altiora
2922 5119 2968 5164 te
2996 5126 3056 5163 ne
3095 5110 3377 5177 quasiet-is,
3405 5119 3450 5163 et
3480 5110 3591 5177 {or-

2014 5210 2149 5261 tiora
2180 5218 2224 5260 te
2250 5222 2313 5260 ne
2341 5206 2499 5275 [ueris
2522 5212 2775 5258 scrutatus
2814 5200 3002 5272 (Eccli.
3041 5202 3140 5271 tu).
3203 5202 3290 5267 Et,
3334 5201 3455 5255 Non
3485 5204 3592 5255 alta

2012 5301 2288 5367 sapientes,
2315 5296 2405 5352 sed
2433 5296 2703 5350 humilibus
2724 5293 3089 5347 consentientes
3112 5293 3285 5363 (Rom.
3304 5293 3418 5361 xu).
3446 5293 3592 5346 Post-

2004 5408 2151 5448 remo
2179 5390 2511 5445 altandentes
2545 5385 2694 5453 illud,
2720 5384 2860 5455 quod
2891 5384 3181 5453 apostolica
3215 5399 3425 5454 quoque
3450 5397 3590 5453 prte-

2003 5487 2036 5541 d
2061 5488 2269 5542 catione
2301 5483 2565 5537 ﬁrmatum
2598 5488 2698 5544 est,
2749 5478 2888 5548 quod
2941 5477 3121 5531 oculus
3162 5493 3262 5530 non
3306 5477 3449 5543 vidi',
3499 5490 3590 5529 nec

2003 5579 2143 5634 auris
2182 5577 2393 5641 audivit,
2425 5589 2514 5628 nec
2542 5574 2595 5626 in
2625 5587 2711 5625 cor
2748 5571 2967 5624 hominis
2993 5569 3217 5623 ascendit
3244 5582 3357 5637 qua:
3383 5583 3588 5637 prapo-

2003 5671 2132 5728 ruvit
2165 5667 2301 5722 Deus
2329 5664 2622 5720 timentibus
2648 5680 2701 5717 se
2724 5661 2772 5719 (1
2800 5661 2919 5718 Cor.
2949 5660 3028 5732 ιι),
3078 5658 3317 5731 qui~quis
3344 5660 3591 5732 superius
