4098 6172
483 308 583 363 Γ5

1832 283 2098 343 GELASII
2139 279 2342 338 ΡΜ)λί
2382 281 2402 336 l

3667 275 3762 331 156

487 409 767 468 memorati
800 421 992 464 sensus
1036 399 1276 471 Apostoli
1323 414 1429 454 non
1475 405 1559 452 εει
1601 395 1955 465 intelligentia
1990 397 2074 448 vel
2106 398 2156 455 Α
2185 393 2301 462 ejus
2328 389 2565 448 conditio
2597 390 2648 444 in
2681 389 2784 444 illis
2813 404 3023 459 quoque
3053 386 3314 444 claritatis
3341 386 3539 442 derore
3563 401 3773 457 peritia-

483 502 879 573 coiuparatione
924 503 1230 551 contentus,
1281 489 1347 544 ad
1392 487 1495 542 hoc
1527 497 1700 552 certe,
1758 487 1884 538 velit
1917 485 2070 549 nolit,

484 601 598 651 sine
630 592 962 647 dubitatione
1001 583 1405 650 ciinstriiigitur,
1461 587 1519 632 ut
1566 592 1684 647 qua:
1730 576 1919 629 oculus
1964 589 2070 626 non

488 689 638 750 vidit,
669 703 766 739 nec
795 687 940 736 auris
970 675 1191 740 attilitit,
1223 689 1321 727 nec
1353 673 1403 725 in
1425 687 1520 725 cor
1551 667 1784 722 hominis
1811 665 2071 726 ascendit,

487 780 607 848 qit.il
636 783 723 830 tiet
760 774 951 825 audeat
998 767 1097 821 sibi
1148 765 1474 818 inediatione
1520 771 1866 828 componere,
1922 753 2073 821 quasi

487 845 653 921 verbo
682 863 893 917 tiuui.nii
925 858 1165 926 corpOi-is
1188 857 1363 924 aliqua
1390 852 1627 907 membra
1656 847 1965 916 culpabilia,
1989 845 2074 898 vel

488 963 702 1019 deciira,
763 953 843 1006 vel
891 946 1330 1020 reprehensihilin
1382 944 1491 997 sint
1535 949 1735 1002 creata,
1785 954 1904 990 cum
1938 937 2079 989 Deus

489 1051 674 1103 ἴθυνε-ιι
695 1047 870 1098 omnia
897 1047 1030 1094 lioua
1055 1039 1208 1091 valde
1248 1035 1454 1106 (Cenes.
1485 1036 1546 1102 t),
1572 1042 1627 1084 et
1647 1039 2078 1096 unamquamque

487 1139 721 1203 speciem
753 1140 801 1187 iit
834 1151 929 1185 situ
959 1146 1156 1198 genere
1183 1134 1503 1194 competenti
1536 1126 1731 1176 decore
1761 1119 2072 1180 subnixam,

489 1230 588 1284 Iii‘i
613 1227 752 1296 quod
788 1230 920 1284 haec.
954 1239 1074 1292 qua:
1099 1222 1378 1274 inhonesta
1415 1229 1595 1269 nostra
1624 1222 1745 1266 sunt
1771 1213 1930 1275 dicta,
1955 1225 2076 1263 con-

487 1323 831 1390 cupisci-ntia:
858 1313 1214 1384 printerdiatis
1237 1309 1607 1365 decolorasset
1637 1318 1896 1359 esi-cssus
1922 1319 1933 1354 :
1959 1315 2078 1368 (Illic

489 1417 672 1482 utique
703 1412 781 1463 sic
808 1409 1015 1461 fuerant
1057 1404 1315 1465 instituta,
1349 1408 1410 1454 tit
1441 1397 1506 1452 ad
1538 1408 1724 1451 nutum
1756 1392 1951 1448 mentis
1981 1391 2080 1444 ltu-

489 1520 662 1559 niattze
691 1501 1020 1563 famulantia,
1069 1493 1436 1549 tantummodo
1467 1507 1531 1546 ex
1577 1491 1772 1542 anima:
1803 1482 2079 1539 rationalis-

489 1596 716 1651 arbitrio
745 1597 809 1644 ait
860 1589 1201 1659 [recreandae
1233 1586 1436 1640 sobolis
1482 1596 1700 1638 causam
1748 1578 1860 1632 suis
1889 1575 2080 1632 ofticiis

491 1691 864 1758 fungerentur.
922 1684 1124 1738 Pro-ter
1155 1681 1290 1732 hanc
1317 1692 1446 1731 vero
1491 1689 1704 1728 causam
1736 1669 1866 1724 nihil
1893 1678 2078 1723 contra

2179 493 2324 548 neat,
2363 483 2464 537 nisi
2497 479 2638 536 forte
2678 481 2764 536 isti
2795 483 2954 535 etiam
2988 481 3094 535 illic
3119 480 3296 534 adhuc
3322 480 3630 534 existiment
3659 495 3773 534 mo-

2179 586 2262 628 tus
2289 587 2584 644 corporeos
2614 573 2869 635 orituros,
2921 573 3008 624 ubi
3037 573 3201 641 (sicut
3244 574 3356 641 ipse
3388 571 3646 625 Doiuintis
3676 572 3772 640 ait)

2178 683 2339 731 neque
2381 667 2566 719 nubent
2613 683 2773 732 neque
2800 665 3082 732 nubentur,
3125 664 3215 718 sed
3259 675 3375 716 sunt
3424 666 3556 716 sicut
3603 664 3776 730 angei’i

2181 760 2380 830 (Marc.
2414 761 2529 828 HI).
2563 759 2715 825 Quod
2747 762 2927 826 utique
2957 759 2999 810 si
3031 760 3081 810 in
3111 772 3271 810 unam
3319 756 3554 824 speciem
3583 771 3775 822 corpu-

2178 853 2254 905 ris
2298 866 2568 919 unumque
2607 866 2792 904 sexum
2839 863 3028 903 omnes
3071 849 3284 903 fuerant
3313 848 3633 909 suscitandi,
3679 863 3778 898 cur

2178 942 2448 994 diceretur
2472 955 2633 994 causa
2663 942 2874 1009 penitus
2903 955 3008 992 non
3042 939 3245 991 fuisset.
3271 939 3410 1004 Quin
3440 941 3614 1005 pmius
3643 952 3766 987 ctitn

2181 1034 2411 1088 femineo
2463 1048 2592 1088 sexu
2647 1035 2815 1103 magis
2879 1041 3147 1100 coinpetat
3205 1033 3448 1096 nubere,
3504 1047 3609 1081 non
3665 1028 3774 1081 illic

2177 1124 2508 1189 defuturum,
2557 1123 2650 1178 sed
2702 1134 3032 1177 cessaturum
3085 1136 3299 1190 prorsu-
3330 1136 3360 1174 a
3393 1120 3590 1184 nuptiis
3626 1119 3770 1172 indi-

2178 1228 2348 1269 catur.
2400 1215 2531 1269 Ciim
2563 1223 2742 1267 autem
2771 1212 3122 1265 nihilominus
3164 1212 3418 1265 scritilntn
3461 1213 3548 1275 sit,
3603 1221 3655 1262 ut
3687 1225 3775 1261 ca-

2179 1308 2286 1376 piat
2337 1307 2685 1374 unusquisque
2741 1306 2954 1372 prapi‘ia
3006 1319 3223 1373 corpora
3263 1317 3379 1369 qua?
3429 1301 3622 1369 gessit,
3671 1300 3775 1352 sive

2181 1397 2330 1460 bona,
2383 1397 2487 1448 sive
2535 1394 2672 1447 mala
2721 1395 2803 1452 tl!
2835 1393 2952 1447 Cor.
2987 1393 3066 1461 v),
3112 1392 3382 1461 quomodo
3427 1391 3475 1444 id
3525 1395 3634 1456 liet,
3672 1390 3776 1445 nisi

2182 1497 2406 1555 uterque
2431 1499 2591 1538 sexus
2613 1485 2666 1538 in
2689 1484 2769 1537 sui
2798 1485 3038 1551 corporis
3062 1483 3386 1551 proprietate
3408 1481 3487 1534 vel
3511 1482 3636 1546 ju-Iit
3659 1479 3773 1533 ium

2181 1579 2389 1644 subeat,
2424 1579 2507 1633 vel
2541 1577 2822 1647 praemium
2858 1576 3028 1629 beatae
3058 1576 3464 1628 resurrectionis
3496 1575 3723 1634 accipiat
3753 1572 3777 1624 2

2185 1670 2465 1725 Falluittur
2487 1679 2660 1724 autem
2681 1668 2770 1738 qui
2790 1677 2970 1737 putant
3000 1667 3127 1720 illttd
3151 1670 3211 1730 At
3233 1667 3387 1719 0310“
3411 1667 3776 1718 testimonium

492 1780 688 1833 mentis
719 1774 1026 1837 imperium,
1079 1786 1197 1840 qua:
1235 1767 1612 1837 pra‘venienilo
1643 1760 1959 1816 insolentius
1987 1773 2081 1812 vo~
2111 1747 2160 1810 Β
2185 1763 2402 1816 sibimet
2429 1761 2734 1830 suifragari,
2761 1774 2868 1829 quo
2899 1759 3145 1812 videntur
3173 1771 3418 1811 asserere
3468 1755 3520 1809 in
3567 1754 3776 1808 virilem

491 1870 770 1927 lnntntem,
802 1865 880 1915 vel
912 1879 1033 1917 cttnt
1063 1863 1110 1912 iil
1145 1859 1391 1912 voluntas
1433 1861 1730 1923 expeteret,
1789 1843 2076 1921 quidquam

490 1958 799 2012 rebellionis
849 1953 1093 2006 afferent.
1145 1948 1249 2002 Sed
1301 1953 1581 2014 postquam
1627 1941 1803 1994 anima
1853 1938 2079 1994 suminis

490 2052 603 2104 suis
633 2049 868 2114 subjecta
921 2059 1024 2095 non
1067 2040 1328 2102 constitl,
1385 2037 1494 2104 pari
1546 2034 1598 2086 itt
1648 2033 1826 2100 seipsa
1875 2040 2081 2083 natura:

491 2140 820 2195 cootumacis
848 2138 962 2204 lege
996 2135 1178 2201 punita
1209 2127 1456 2197 superbia
1479 2133 1582 2191 est,
1617 2135 1675 2178 ut
1704 2123 1824 2177 huic
1845 2135 2076 2191 quoque,

491 2233 545 2288 id
577 2239 660 2285 cst
696 2231 889 2283 anitum
937 2224 1172 2279 dominio
1202 2221 1442 2284 sub,ecta
1475 2224 1870 2284 consequenter
1918 2212 2081 2266 obsc—

493 2323 614 2392 quia
645 2325 1026 2388 repugnarent,
1069 2320 1120 2367 et
1157 2311 1297 2380 quod
1329 2309 1474 2361 vetiti
1510 2303 1924 2374 pra-sumptione
1953 2315 2084 2355 cun-

494 2411 790 2466 tratlixerat
841 2409 1086 2458 Itntnzitta:
1120 2400 1313 2454 utentis
1347 2395 1663 2452 inobedicns
1691 2397 1980 2463 appetitus.
2027 2393 2081 2446 in

492 2519 554 2557 ea
585 2511 733 2571 parte
762 2496 1002 2564 corporis
1032 2493 1310 2554 indicaret,
1362 2503 1466 2552 qua
1496 2487 1800 2554 degeneris,
1834 2498 1895 2538 ac
1922 2483 2083 2537 deco-

494 2594 680 2646 lor-alte
709 2587 1059 2655 supetbaeque
1083 2582 1278 2636 radicis
1304 2579 1486 2648 procul
1512 2578 1674 2632 dubio
1695 2575 1884 2631 vitiosa
1910 2573 2084 2628 fuerat

493 2681 771 2750 generatio
801 2673 1139 2746 prOpagttnda
1183 2690 1195 2724 :
1229 2685 1347 2739 quae
1375 2669 1555 2736 utique
1581 2669 1624 2721 si
1658 2667 1743 2720 hic
1773 2667 1874 2719 nisi
1902 2672 2085 2719 essent

496 2779 597 2829 hac
640 2771 1031 2826 exorbitatione
1077 2765 1272 2822 [redata
1320 2771 1603 2832 potuerant
1635 2759 1827 2812 decore
1879 2764 2080 2810 tantum

497 2869 730 2921 humano
760 2864 944 2933 generi
979 2856 1320 2930 pr0pagando
1359 2870 1464 2908 tam
1495 2851 1718 2905 hinesta
1766 2865 1922 2918 quam
1971 2863 2086 2900 mo-

497 2961 680 3015 derata
719 2959 1005 3027 persistere
1041 2952 1199 3004 etiam
1236 2951 1288 3004 in
1320 2960 1548 3016 corpore
1580 2947 1696 2997 sine
1741 2940 2085 2995 dubitatione

497 3061 736 3112 terreno,
789 3055 990 3116 quanto
1032 3046 1198 3111 inagis
1241 3039 1566 3093 credendum
1609 3043 1691 3088 est
1720 3034 1772 3087 in
1823 3030 2080 3101 spiritunli

2186 1845 2411 1910 formant
2446 1869 2634 1907 omnes
2664 1851 2908 1906 homines
2937 1850 3358 1911 resuscitandas,
3397 1847 3486 1900 ubi
3521 1847 3592 1900 ait
3632 1846 3779 1898 :Do-

2182 1960 2272 1997 nec
2300 1959 2629 1997 occurramus
2659 1943 2711 1996 in
2742 1957 2901 1995 unum
2926 1941 3089 1994 virum
3120 1939 3395 2008 perfectum
3429 1935 3645 2006 (Eplies.
3677 1935 3777 2005 tv).

2182 2034 2317 2102 Quid
2349 2048 2476 2101 ergo
2509 2033 2704 2088 lacient
2730 2046 2849 2086 cum
2893 2045 3077 2085 rursus
3121 2030 3259 2083 idem
3289 2027 3432 2082 dicat
3458 2041 3475 2082 :
3505 2026 3773 2094 Despondi

2182 2141 2270 2180 vos
2300 2125 2392 2179 uni
2419 2125 2526 2178 viro
2549 2124 2795 2193 virginem
2827 2134 3015 2175 castam
3043 2122 3276 2175 exhibere
3308 2118 3511 2174 Christo
3535 2117 3623 2188 (II
3655 2119 3777 2171 Cor.

2186 2218 2304 2283 si)?
2338 2218 2478 2281 quod
2509 2217 2629 2268 huic
2655 2216 2837 2283 utique
2866 2213 3102 2283 Opinioni
3133 2228 3317 2267 eorum
3347 2211 3449 2265 eiit
3478 2212 3596 2264 sine
3618 2207 3781 2262 dulii-

2184 2309 2385 2362 tatione
2425 2307 2774 2371 contrarium,
2827 2305 2928 2358 nisi
2976 2304 3231 2374 niy~terio
3277 2310 3648 2370 competenter
3696 2301 3782 2353 in-

2183 2407 2369 2468 Spi-cto
2422 2397 2669 2451 modesta
2724 2408 2906 2450 mente
2954 2405 3281 2465 cognoscant
3323 2395 3553 2462 qualicr
3599 2401 3776 2446 utinm

2185 2492 2489 2551 conveniat,
2539 2487 2662 2554 qttid
2718 2488 2896 2555 itaque
2944 2484 3069 2539 velit
3111 2485 3235 2548 sibi,
3281 2483 3423 2554 quod
3468 2485 3519 2536 in
3548 2496 3781 2550 utroque

2185 2599 2314 2639 sexu
2342 2582 2612 2637 desciihat
2643 2580 2908 2644 Ecclesia,
2956 2587 3214 2647 quantum
3247 2577 3472 2630 Domino
3504 2584 3783 2630 reseraute

2185 2674 2468 2739 sentimus,
2515 2675 2852 2741 exponimus.
2901 2673 2981 2723 Ab
3027 2669 3179 2722 initio
3209 2670 3480 2721 CliiiStiitn
3511 2677 3565 2720 et
3593 2667 3783 2721 Eccle-

2185 2767 2318 2819 siam
2354 2766 2581 2817 humana
2612 2778 2773 2817 carne
2799 2760 3150 2815 similitudine
3179 2759 3412 2828 conjugii
3443 2757 3778 2826 desigiiatam

2186 2870 2366 2913 Sancta
2399 2855 2675 2922 Scriptura
2708 2865 2951 2909 testatur.
2985 2853 3216 2908 Proinde
3245 2867 3365 2904 cum
3397 2851 3626 2906 femineo
3647 2863 3778 2902 sexu

2186 2964 2443 3006 censetur
2476 2947 2740 3010 Ecclesia,
2777 2948 3059 3000 inﬁrmitas
3102 2945 3317 3015 quidem
3361 2943 3608 2995 humana:
3649 2956 3781 2994 con-

2188 3044 2407 3097 ditionis
2436 3039 2760 3103 ostenditur,
2785 3054 2904 3107 qua:
2929 3047 3178 3106 tanquam
3203 3036 3255 3090 in
3284 3035 3520 3089 Ecclesia
3547 3035 3782 3102 conjuge

498 3159 727 3209 corpore
763 3137 917 3194 incfl'a
961 3137 1103 3190 iliter
1147 3135 1424 3186 decentius
1458 3132 1569 3181 haec
1617 3139 1774 3194 posse
1800 3133 2080 3187 constare;

2191 3132 2388 3186 Chr;sti
2416 3145 2618 3183 convett
2644 3143 2796 3183 enter
2817 3127 3164 3196 expiiinitur;
3194 3126 3285 3178 sed
3316 3126 3531 3179 nomine
3560 3122 3782 3193 viigini-

501 3236 767 3306 prtrcipuc
788 3248 909 3286 cum
943 3227 1068 3282 nihil
1101 3225 1211 3294 jam
1242 3221 1489 3291 genitalis
1505 3217 1665 3272 cilicii
1699 3215 1750 3270 itt
1783 3216 1869 3269 illa
1900 3229 2083 3283 perpe-

501 3341 590 3381 tua
619 3325 861 3379 claritate
910 3331 1125 3388 gesmra
1171 3312 1306 3368 sintl
1351 3312 1445 3366 sed
1496 3310 1560 3364 ad
1595 3310 1694 3362 hoc
1743 3319 1946 3362 tantum
1975 3321 2087 3359 sua:

499 3420 695 3488 speciei
731 3419 1025 3480 toruumque
1077 3423 1180 3461 non
1211 3405 1460 3466 deerunt,
1514 3413 1573 3457 ut
1622 3416 1726 3454 non
1759 3401 1934 3468 aliqua
1981 3398 2084 3452 alia

499 3510 668 3566 forma
701 3522 859 3577 quam
891 3503 1143 3563 humana,
1194 3498 1278 3553 etii
1332 3495 1596 3565 promissi
1632 3491 1953 3547 resurrectio
1981 3497 2084 3556 est,

499 3600 814 3658 resuscitata
847 3593 1136 3663 indicetur.
1169 3603 1268 3642 nec
1294 3586 1490 3654 aliquid
1535 3588 1602 3638 sEt
1633 3583 1772 3653 quod
1829 3583 1879 3636 in
1911 3593 2088 3636 carnzs

501 3700 780 3760 perspecta
815 3682 1205 3738 resurrecti0it.-
1237 3693 1342 3731 non
1377 3685 1607 3740 maneat,
1634 3686 1688 3727 et
1714 3673 1956 3726 videatur
1982 3672 2083 3724 alia

501 3780 710 3850 species
749 3775 1000 3830 suscitata
1049 3786 1206 3841 quam
1254 3774 1474 3835 integra:
1519 3768 1698 3819 carnis
1729 3765 1974 3818 humana:
2026 3763 2090 3818 li-

504 3883 788 3929 lii-amenta
819 3867 1096 3934 designant
1127 3878 1287 3932 :qna:
1317 3860 1543 3929 quisque
1583 3872 1686 3911 non
1719 3857 1832 3910 VIIII.
1862 3855 2088 3910 fortasse

501 3967 775 4022 mude=ata
823 3966 1032 4020 ratione
1063 3963 1282 4022 librare,
1329 3959 1459 4012 velit
1484 3957 1636 4022 nolit,
1665 3963 1721 4009 ut
1749 3954 1947 4008 dietnnt
1982 3963 2085 4018 est,

498 4069 594 4124 aut
617 4059 680 4112 ad
715 4057 842 4112 ilud
876 4058 1119 4124 superius
1143 4059 1470 4113 revertetur,
1515 4058 1566 4101 ut
1606 4047 1742 4117 quod
1777 4045 1953 4098 oculus
1984 4061 2086 4098 non

501 4150 648 4212 vidit,
702 4163 789 4200 nec
818 4150 958 4199 auris
1000 4145 1210 4203 audivit,
1263 4158 1354 4196 nec
1397 4142 1448 4193 in
1495 4154 1583 4191 cor
1618 4137 1834 4190 hominis
1861 4135 2088 4188 ascendit

500 4237 556 4310 (1
588 4237 705 4291 Cor.
743 4239 825 4307 ii),
857 4252 963 4289 non
994 4237 1224 4288 aistiinet
1251 4229 1718 4301 perscrutandum,
1744 4235 1838 4280 aut
1864 4228 1906 4279 si
1950 4228 2086 4278 ultia

501 4345 727 4384 ciinaiur
772 4341 1078 4397 erumpere,
1123 4327 1239 4391 ipse
1282 4323 1465 4376 videat
1508 4336 1617 4374 suzc
1650 4318 1967 4375 temeritatis
1996 4316 2089 4370 ab-

503 4432 740 4491 ruptum.
773 4427 941 4486 Quam
969 4426 1146 4471 autem
1175 4415 1389 4470 condita
1420 4423 1544 4465 sunt
1574 4411 1800 4464 honesta
1840 4408 2086 4462 humana:

505 4515 746 4568 mentbia
796 4508 1138 4570 substantiae,
1188 4505 1350 4558 etiam
1397 4517 1486 4557 res
1533 4502 1623 4555 illa
1673 4515 1770 4554 nos
1813 4500 2084 4564 admonet,
2116 4477 2170 4539 Ῐ)

504 4607 790 4672 quodcum
823 4603 872 4655 in
917 4598 1163 4668 paradiso
1209 4598 1335 4650 nudi
1379 4602 1562 4648 essent
1605 4593 1764 4662 primi
1815 4600 2086 4660 parentes,

505 4696 638 4750 nihil
670 4698 722 4749 in
769 4693 850 4746 his
877 4688 1205 4745 confusionis
1249 4685 1568 4739 habuerunt.
1605 4683 1755 4738 Unde
1801 4690 1920 4750 post
1965 4695 2088 4749 pec-

505 4795 682 4839 catum
709 4792 765 4838 et
787 4780 1236 4850 coiicupisceiitizn
1262 4779 1406 4831 vii-us
1438 4777 1761 4842 ingressum,
1802 4787 2088 4841 corporum

505 4891 728 4932 suorum
763 4873 1061 4927 inordinata
1095 4869 1495 4939 perturbatione
1517 4865 1721 4920 (Oniusi
1744 4875 1889 4918 sunt.
1914 4865 2090 4930 Atque

505 4970 628 5024 ideo
654 4969 786 5020 satis
814 4973 1057 5033 appaict,
1105 4961 1246 5031 quod
1295 4962 1339 5014 si
1373 4959 1430 5012 iu'
1471 4958 1559 5012 illa
1606 4957 1794 5026 quavis
1837 4954 2089 5009 feliiitate

507 5055 741 5129 paradisi
788 5053 968 5125 positi,
1021 5062 1240 5107 terreno
1285 5058 1464 5104 tanien
1515 5063 1740 5118 corpore
1789 5047 2086 5113 constituti,

506 5143 1199 5218 wnSpicisineconfnsione
1216 5149 1519 5212 potuerunt,
1537 5143 1706 5194 multo
1731 5140 1897 5209 magis
1923 5139 1978 5192 in
1999 5139 2090 5192 illo

507 5239 771 5308 spirituali
797 5251 1042 5304 corpore,
1095 5243 1255 5300 atque
1287 5235 1340 5288 in
1371 5232 1461 5288 illa
1493 5232 1706 5286 sublimi
1741 5230 2088 5296 beatitudine,

506 5347 624 5400 qute
652 5329 1052 5383 similitudinem
1083 5335 1296 5396 gestura
1326 5331 1410 5379 est
1450 5322 1784 5392 angelorum,
1832 5333 1887 5377 et
1915 5329 1976 5376 ut
1998 5322 2090 5375 lto-

509 5422 637 5476 initii
668 5424 718 5473 in
747 5420 926 5474 carnis
955 5419 1346 5472 resurrectione
1379 5415 1505 5470 nihil
1557 5414 1717 5483 desit,
1752 5415 1976 5485 integ-r
2007 5428 2093 5470 re-

511 5514 788 5570 forntetur.
825 5514 889 5566 Et
937 5526 1004 5566 ne
1043 5510 1239 5580 aliquid
1285 5507 1531 5564 deforme
1572 5509 1830 5562 Conditor
1877 5522 2092 5562 creasse

509 5609 771 5672 videatur,
801 5607 846 5661 si
875 5605 999 5675 quid
1031 5603 1097 5660 de
1126 5604 1446 5658 resuscitato
1474 5617 1702 5672 corpore
1744 5601 2092 5656 subtrahatur

511 5701 730 5769 bonum,
759 5699 935 5769 potius
955 5698 1072 5767 ejus
1103 5710 1235 5766 opus
1263 5693 1387 5751 inde
1407 5695 1567 5749 etiam
1591 5694 1991 5766 comprobetur,
2026 5702 2110 5763 ut

2197 3223 2341 3287 tatis,
2377 3221 2458 3275 \el
2490 3222 2834 3274 continentiae
2866 3221 2982 3288 ejus
3013 3217 3342 3287 propositum
3373 3217 3457 3269 vel
3502 3217 3782 3282 integritas

2192 3316 2338 3381 ﬁdei,
2373 3314 2438 3368 de
2467 3329 2567 3384 qua
2592 3322 2646 3366 et
2676 3312 2791 3381 ipse
2816 3311 2874 3363 Β.
2902 3310 3189 3378 Apostolus
3215 3307 3451 3369 disserit,
3478 3307 3776 3360 intimatur.

2191 3405 2324 3461 Cum
2357 3421 2486 3459 vero
2514 3405 2728 3464 dicitur,
2775 3400 2949 3454 Donec
2977 3416 3303 3454 occurramus
3333 3413 3506 3451 omnes
3535 3399 3584 3448 in
3612 3397 3781 3449 virum

2189 3496 2486 3568 perfectum,
2504 3509 2600 3548 nec
2617 3493 2884 3547 diversum
2903 3503 2976 3544 οδε
2990 3534 3004 3558 ,
3024 3504 3123 3544 nec
3137 3489 3375 3542 divinum
3391 3484 3480 3558 μ’.
3498 3484 3779 3555 divisum];

2190 3590 2443 3656 quoniam
2461 3586 2715 3654 quidquid
2736 3583 2787 3636 iit
2806 3583 3060 3636 Ecclesia:
3078 3595 3302 3648 Corpore
3322 3580 3646 3644 continetur,
3661 3591 3782 3646 qua:

2190 3695 2312 3733 cum
2345 3677 2560 3731 Christo
2586 3692 2686 3728 una
2718 3689 2844 3728 caro
2886 3684 2969 3726 est
3008 3672 3144 3726 sacri
3189 3671 3302 3739 lege
3331 3669 3585 3738 conjngii,
3617 3670 3779 3720 etiam

2191 3770 2356 3838 ipsius
2381 3782 2508 3821 caro
2532 3766 2705 3819 modis
2733 3765 2979 3817 omnibus
3003 3763 3057 3816 in
3086 3777 3214 3816 sexu
3243 3761 3358 3815 fieri
3389 3770 3614 3828 utroque
3637 3756 3782 3826 quod

2191 3855 2392 3914 dictum
2423 3869 2506 3913 est
2532 3860 2646 3911 sive
2675 3857 2778 3910 illic
2797 3857 3054 3923 virginem
3082 3854 3433 3916 castam,si\e
3459 3850 3580 3903 huic
3608 3848 3780 3902 virum

2190 3953 2507 4022 perfectum,
2555 3961 2609 4003 ttt
2641 3951 2712 4003 ita
2744 3949 2849 4003 sint
2884 3948 2936 4001 iit
2974 3947 3211 4000 Ecclesia
3253 3945 3511 3998 catholica
3555 3943 3781 3996 intente-

2193 4056 2305 4098 t-ata
2340 4044 2443 4098 fide
2474 4043 2736 4106 viventes,
2782 4050 2838 4096 et
2881 4047 3067 4092 sancto
3100 4037 3374 4107 proposito
3416 4043 3777 4089 continentes.

2193 4135 2341 4189 Licet
2359 4133 2536 4188 adhuc
2559 4133 2726 4202 possit
2751 4131 2801 4184 in
2827 4127 3136 4184 infirmitate
3164 4127 3487 4181 conditionis
3509 4125 3779 4190 humanm,

2193 4239 2248 4280 ut
2278 4237 2456 4279 tamen
2509 4240 2604 4292 per
2645 4238 2802 4276 unam
2844 4237 3060 4274 carnem
3097 4208 3351 4273 Ecelesia:
3381 4228 3437 4270 et
3473 4215 3696 4278 Christi,
3727 4215 3780 4269 id

2191 4328 2272 4372 est
2309 4315 2551 4384 conjugis
2579 4325 2629 4369 et
2661 4313 2780 4377 viri,
2834 4312 2885 4366 itt
2917 4313 3034 4380 ipso
3066 4325 3280 4380 quoque
3317 4308 3523 4362 virilem
3555 4305 3784 4375 aet-ipiat

2195 4411 2496 4466 firmitatem
2529 4409 2872 4477 vigoremque
2906 4407 3067 4474 periei
3088 4415 3220 4468 tum,
3271 4405 3424 4469 cujus
3477 4415 3569 4469 per
3599 4399 3784 4452 Eccle-

2193 4502 2284 4554 sia:
2315 4502 2605 4567 virgini-ain
2633 4499 2753 4551 fidei
2779 4499 2967 4550 castita
2995 4511 3104 4559 em,
3135 4508 3294 4563 quam
3318 4507 3437 4546 cum
3465 4492 3654 4543 eodem
3679 4500 3784 4542 una

2192 4606 2318 4646 caro
2350 4593 2502 4655 liunl,
2533 4600 2588 4644 et
2617 4588 2715 4642 viri
2747 4589 2986 4641 membra
3023 4586 3289 4653 perlecta;
3332 4585 3417 4636 ubi
3451 4581 3538 4635 illa
3571 4593 3786 4650 quoque

2193 4682 2333 4737 beati
2361 4681 2585 4749 apostoli
2615 4677 2760 4731 Pauli
2780 4682 2950 4749 verba
2985 4675 3260 4730 tractanda
3288 4684 3433 4737 sunt,
3458 4671 3649 4738 quibus
3675 4670 3783 4722 ait:

2196 4775 2384 4828 Omnes
2408 4788 2498 4824 nos
2524 4773 2575 4822 in
2607 4785 2764 4822 unum
2778 4748 2974 4836 ’σοι-ραι
3006 4768 3247 4837 baptizati
3279 4780 3458 4819 sumus
3498 4762 3553 4814 in
3579 4759 3786 4814 Christo

2196 4864 2248 4935 (I
2273 4865 2392 4919 Cor.
2423 4866 2543 4930 xu).
2591 4864 2857 4926 Quantum
2905 4858 2972 4913 ad
3021 4859 3277 4911 unitatem
3323 4856 3504 4923 utique
3556 4852 3787 4920 pertinet

2195 4955 2518 5012 sacramenti
2551 4967 2712 5006 unum
2755 4965 2952 5018 corpus
2993 4964 3180 5003 sumus
3224 4948 3276 5002 in
3316 4947 3560 5008 Christo;
3619 4957 3789 5010 quan-

2196 5057 2305 5104 tum
2342 5047 2410 5101 ad
2449 5059 2680 5101 sexuum
2725 5043 3091 5098 diversitatem
3139 5041 3254 5110 ipse
3303 5037 3428 5092 alibi
3473 5032 3791 5090 dicitzswe

2194 5141 2290 5205 vir,
2318 5139 2420 5192 sive
2467 5135 2672 5200 mulier,
2721 5149 2894 5188 omnes
2926 5148 3086 5186 unum
3139 5146 3314 5186 sumus
3340 5129 3394 5183 in
3425 5127 3628 5182 Christo
3662 5123 3791 5197 (Ga-

2195 5229 2290 5284 lat.
2321 5229 2403 5298 tn)
2440 5246 2455 5280 :
2496 5241 2621 5282 cum
2666 5240 2766 5282 suo
2816 5225 2958 5280 enim
3009 5233 3121 5278 tuto
3164 5235 3422 5290 corpore.
3479 5217 3624 5287 quod
3673 5217 3789 5284 ejus

2197 5330 2279 5376 est
2308 5320 2602 5391 plenitudo,
2650 5316 2916 5387 pet-fectus
2943 5322 3025 5368 est
3069 5312 3348 5375 Christus;
3398 5322 3450 5363 et
3502 5308 3626 5361 ideo
3664 5307 3790 5375 quia

2199 5429 2294 5485 per
2325 5428 2487 5468 unutn
2534 5412 2781 5476 idemque
2824 5405 3164 5477 mysterium,
3212 5403 3338 5458 licet
3380 5399 3576 5456 diiersi
3605 5410 3793 5458 sexus,

2197 5523 2358 5562 unum
2402 5517 2582 5560 tamen
2620 5515 2816 5570 corpus
2862 5498 3143 5568 accipitur,
3203 5510 3299 5565 per
3343 5492 3493 5562 cujus
3546 5487 3794 5558 corporis

2200 5595 2586 5669 plenitudinem
2635 5591 2908 5660 perfectus
2938 5597 3022 5642 est
3050 5586 3320 5642 Christus.
3369 5582 3502 5637 Cutn
3554 5594 3683 5648 ergo
3710 5578 3791 5630 vir

2200 5691 2445 5746 Christus
2476 5683 2728 5741 Ecclesia:
2780 5691 3032 5751 tanquam
3086 5675 3330 5747 conjugis
3371 5688 3480 5729 suae
3527 5679 3583 5727 et
3630 5679 3787 5735 caput
