4098 6172
296 259 392 312 15Ἱ

1502 250 1853 310 EPISTOLE
1895 249 1979 307 ΕΤ
2021 250 2364 309 DECRETA.

3461 256 3563 313 153

291 381 356 432 sit
384 386 440 431 et
470 376 640 429 virtus
683 384 844 443 atque
873 372 1147 443 perfectio,
1191 373 1381 429 merito
1411 373 1587 429 omnis
1633 371 1875 428 Ecclesia
1904 368 1951 426 Α
1984 369 2257 437 portiones
2284 387 2296 422 :
2325 384 2549 440 quarum
2580 387 2739 428 unam
2782 374 2880 429 sibi
2912 375 3010 444 ipsi
3047 376 3295 440 retineat,
3340 378 3560 435 alterum

293 474 340 525 in
374 471 517 524 hunc
538 482 702 522 unum
732 467 906 521 virum
936 464 1257 538 perfectum,
1288 465 1439 536 cujus
1466 475 1548 521 est
1589 480 1692 519 una
1723 478 1873 529 caro,

294 563 604 635 perhibetur
629 574 940 617 occurrere.

829 648 1143 704 DECRETA
1182 648 1338 703 DL‘O.

359 745 463 813 (Ει
496 742 723 809 epistola
752 742 817 796 ad
850 740 1126 795 Dardaniae
1155 739 1437 810 episcopos
1466 738 1790 809 desumpta.)

976 848 1194 887 ριιιιιωι.

295 928 476 999 Repeti
514 944 617 981 non
656 934 866 997 possunt
910 941 1024 1047 quae
1061 926 1276 993 triginta
1312 926 1460 978 annis
1502 924 1670 992 quiete
1708 924 1876 992 possi-

1011 1006 1181 1047 entur.

1011 1006 1181 1049 entur.

364 1090 495 1144 Post
520 1089 840 1159 quingentos
869 1102 1037 1141 annos
1063 1087 1349 1142 constituta
1377 1087 1577 1142 Christi
1617 1087 1876 1156 quosdam

298 1181 458 1236 audio
477 1180 613 1234 velle
638 1179 971 1244 subvertere,
992 1193 1112 1233 cum
1140 1177 1352 1249 triginta
1380 1191 1640 1231 annorum
1672 1177 1755 1231 lex
1783 1176 1879 1231 ho-

296 1274 497 1327 minum
530 1286 636 1325 non
669 1270 839 1341 possit
863 1269 1127 1336 abrumpi.

932 1373 1229 1414 δεουκιιωι.

298 1454 416 1509 Non
446 1460 642 1522 Oportet
676 1454 738 1506 ob
764 1469 937 1507 eorum
971 1453 1299 1523 eteemosynis
1326 1452 1575 1507 abstinere
1602 1461 1715 1521 post
1740 1467 1879 1506 mor-

385 1536 508 1589 tem,
538 1526 719 1593 quibus
748 1526 800 1577 in
826 1525 925 1577 vita
951 1524 1325 1577 communicare
1349 1540 1449 1576 non
1477 1524 1785 1578 destitimus.

364 1614 475 1668 Nec
505 1613 789 1682 quisquam
838 1612 988 1667 vobis
1030 1612 1250 1666 omnino
1295 1612 1633 1681 persuadeat,
1682 1612 1878 1666 Acacio

299 1703 765 1776 pm‘varieationis
786 1718 897 1757 sute
913 1704 1114 1759 crimen
1148 1702 1310 1757 fuisse
1342 1703 1577 1758 laxatum
1605 1720 1616 1755 :
1641 1704 1762 1773 quia
1786 1702 1877 1773 qui

296 1808 583 1867 postquam
611 1797 665 1851 in
693 1794 979 1866 collegium
1005 1794 1248 1850 recidens
1284 1794 1579 1864 pravitatis,
1610 1794 1731 1864 jure
1760 1810 1874 1849 me-

294 1893 399 1946 ruit
430 1892 501 1944 ab
526 1888 817 1958 apostolica
833 1888 1210 1944 communione
1238 1888 1460 1957 secludi,
1485 1889 1536 1942 in
1568 1890 1666 1944 bac
1688 1889 1874 1944 eadem

294 1983 595 2049 persistens
624 1980 966 2035 damnatione
995 1979 1280 2035 defunctus
1315 1990 1417 2047 est,
1464 1981 1875 2042 absolutiOuem,

292 2086 451 2140 quam
495 2078 772 2139 superstes
817 2086 923 2125 non
964 2070 1208 2139 quaesivit
1253 2071 1473 2126 omnino
1511 2086 1612 2127 nec
1658 2072 1874 2137 meruit,

294 2175 388 2214 nec
419 2170 668 2214 mortuus
714 2160 823 2228 jam
854 2168 1031 2230 potest
1078 2162 1382 2230 impetrare.
1435 2162 1708 2233 Siquidem
1749 2163 1879 2233 ipsis

294 2252 553 2319 apostolis
581 2250 778 2306 Christi
806 2266 935 2307 voce
966 2252 1267 2322 delegatum
1313 2264 1389 2306 est
1423 2272 1434 2306 :
1474 2256 1599 2319 Qua:
1643 2255 1877 2327 ligat-eri-

293 2345 355 2396 tis
400 2360 562 2411 super
614 2352 805 2397 terram
855 2342 1069 2411 (Matth.
1117 2342 1291 2413 xvm),
1338 2355 1392 2399 et
1440 2346 1663 2417 reliqua.
1707 2346 1880 2402 Czete-

295 2449 411 2488 rum
443 2434 514 2488 de
544 2448 613 2489 eo
638 2434 729 2504 qui
761 2435 811 2487 in
840 2434 1025 2489 divino
1055 2433 1260 2502 judicio
1289 2446 1370 2490 est
1394 2437 1735 2505 constitutus,
1779 2454 1876 2495 no-

297 2526 377 2580 bis
410 2524 493 2580 fas
520 2542 628 2581 non
661 2535 743 2581 est
787 2526 929 2579 atiud
973 2528 1287 2591 decernere,
1334 2537 1530 2598 prteter
1578 2530 1627 2584 id
1678 2531 1731 2586 in
1773 2548 1879 2602 quo

295 2633 417 2673 eum
466 2620 585 2673 dies
630 2634 915 2686 supremus
967 2620 1166 2675 invenit
1209 2630 1413 2690 :atque
1462 2622 1583 2679 ideo
1634 2623 1732 2678 nisi
1763 2624 1879 2694 ejus

298 2710 517 2765 nomine
544 2709 797 2776 refutato,
827 2712 1144 2783 eaeterisque
1172 2714 1512 2769 consortibus
1548 2716 1704 2785 hujus
1731 2732 1880 2771 erro-

296 2799 392 2865 ris,
440 2814 566 2853 cum
613 2801 761 2856 nullo
811 2815 1028 2870 prorsus
1072 2818 1258 2859 eorum
1311 2806 1627 2876 participare
1675 2808 1881 2865 debetis

299 2905 498 2944 mensae
526 2889 811 2945 dominica:
860 2891 1175 2960 puritatem,
1226 2910 1384 2964 quam
1435 2897 1667 2967 majores
1710 2901 1879 2954 nostri

299 2997 512 3051 semper
540 2983 609 3036 ab
659 2982 907 3038 haeretica
952 3000 1272 3055 magnopere
1311 2999 1661 3044 servaverunt
1708 2992 1880 3058 pollu-

302 3074 443 3129 tione
473 3074 785 3130 discretam.

864 3150 878 3178 ¹
921 3148 1347 3206 CONSTITUTA

302 3252 503 3292 OELASII
546 3255 718 3307 ΡΛΡᾸΞ,
759 3256 875 3304 QUAS
916 3256 1143 3295 EPISCOPI
1185 3257 1233 3295 ΙΝ
1273 3255 1366 3296 SUA
1407 3258 1759 3297 ORDINATIONE
1791 3260 1884 3299 AC-

970 3327 1216 3377 CIPIUNT;

306 3398 546 3469 (Quibus
583 3401 834 3474 Afrorum
881 3402 1242 3458 ordinationes
1277 3405 1417 3458 inter
1446 3404 1546 3459 alia
1593 3406 1883 3474 prohiben-

369 3480 552 3545 turex
600 3473 799 3545 Diurno
831 3476 1159 3540 pontiﬁcum,
1192 3476 1417 3541 aliisque
1458 3477 1560 3530 fide
1588 3473 1763 3545 dignis
1793 3493 1884 3533 co-

368 3541 578 3595 dicibus
605 3543 787 3611 mss).

371 3650 508 3719 Papa
540 3651 629 3707 ille
655 3653 825 3719 clero,
869 3654 1066 3718 ordini,
1092 3664 1146 3711 et
1176 3656 1314 3725 plebi
1346 3659 1767 3714 consistentibus
1807 3662 1880 3715 ci-

303 3742 461 3796 vitate
495 3742 611 3808 illa,
646 3744 1010 3800 dilectissimis
1038 3745 1159 3800 ﬁliis
1188 3748 1208 3778 ³
1241 3747 1292 3801 in
1326 3748 1550 3805 Domino
1575 3750 1822 3806 salutem.

370 3833 745 3889 Probabilibus
772 3835 1057 3891 desideriis
1082 3836 1102 3867 ³
1124 3837 1256 3892 nihil
1286 3839 1563 3894 attulimus
1591 3840 1877 3895 tarditatis.

304 3926 542 3981 Fratrem
574 3926 596 3957 δ
620 3926 733 3996 jam
763 3936 817 3982 et
858 3927 1233 3998 coepisc0pum
1262 3940 1504 3986 nostrum
1555 3932 1702 3987 illum
1732 3934 1883 3989 vobis

300 4017 662 4072 rrdinavimus
696 4020 1054 4074 sacerdotem.
1105 4020 1202 4076 Cui
1248 4022 1492 4079 dedimus
1523 4025 1574 4077 in
1616 4024 1882 4079 mandatis

300 4126 363 4165 ne
395 4128 631 4180 unquam
664 4113 1027 4169 ordinationes
1064 4126 1349 4185 praesumat
1394 4118 1634 4185 illicitas;
1683 4134 1751 4174 ne
1800 4119 1881 4172 bi-

298 4221 530 4275 gamum,
564 4216 656 4261 aut
685 4207 772 4277 qui
800 4207 1057 4277 virginem
1102 4224 1207 4263 non
1249 4218 1332 4265 est
1376 4211 1596 4266 sortitus
1627 4227 1876 4275 uxorem;

296 4300 377 4364 qui
406 4313 582 4369 neque
610 4296 969 4363 illitteratum,
1001 4298 1083 4353 vel
1113 4299 1165 4353 in
1199 4301 1431 4370 qualibet
1460 4302 1703 4372 corporis
1733 4312 1881 4371 parte

299 4389 560 4455 vitiatum,
593 4389 1151 4458 autexpteuitentem,
1195 4390 1280 4446 vel
1308 4392 1496 4458 curiae,
1540 4402 1632 4448 aut
1658 4394 1879 4449 cuilibet

296 4481 586 4535 conditioni
619 4480 931 4546 obnoxium,
980 4490 1327 4553 notatumque
1355 4482 1421 4538 ad
1448 4498 1633 4539 sacros
1661 4486 1877 4540 ordines

298 4572 567 4637 permittat
600 4571 878 4626 accedere.
924 4571 1027 4627 Sed
1057 4572 1099 4627 si
1129 4587 1262 4643 quos
1294 4573 1593 4643 hujusmodi
1628 4576 1761 4631 forte
1792 4592 1876 4633 re-

298 4662 516 4729 pererit,
565 4676 672 4714 non
720 4660 917 4716 audeat
969 4676 1305 4731 promovere.
1357 4664 1516 4719 Afros
1563 4668 1758 4733 passim
1808 4668 1874 4722 ad

294 4751 688 4807 ecclesiasucos
744 4752 960 4807 ordines
1016 4754 1410 4821 praetendentes
1466 4757 1611 4813 nulla
1666 4761 1874 4816 ratione

294 4842 567 4909 suscipiat,
601 4845 722 4908 quia
754 4843 916 4912 aliqui
956 4859 1139 4899 eorum
1184 4846 1479 4913 Manicluei,
1530 4851 1693 4921 aliqui
1722 4854 1875 4909 reba-

296 4933 473 4999 ptizati
496 4933 696 5001 saepius
722 4943 844 4988 sunt
874 4936 1099 5003 probati.
1123 4936 1415 4993 Ministeria
1438 4949 1595 5010 atque
1624 4952 1868 4998 ornatum

295 5023 570 5088 Ecclesiae,
605 5024 690 5079 vel
734 5026 989 5095 quidquid
1020 5027 1147 5081 illud
1178 5039 1259 5083 est
1291 5030 1340 5083 in
1383 5032 1702 5100 patrimonio
1727 5033 1874 5103 ejus-

296 5112 411 5167 dem
459 5130 570 5169 nou
626 5115 868 5172 minuere
911 5118 1140 5183 studeat,
1190 5120 1285 5175 sed
1325 5136 1539 5192 augere.
1576 5124 1874 5183 Deredditu

297 5208 688 5263 veroecelesiae
719 5210 801 5263 vel
848 5210 1118 5267 oblatiOue
1164 5212 1396 5269 ﬁdelium
1445 5228 1672 5286 quatuor
1721 5223 1878 5281 faciat

369 5384 383 5411 ¹
412 5383 465 5465 in
492 5383 633 5465 libro
662 5386 861 5465 Diurno
893 5388 1046 5465 Rom.
1074 5398 1219 5465 pont.
1240 5391 1551 5448 inscribitur
1578 5414 1589 5449 :
1618 5397 1883 5465 Sguodate

303 5455 642 5539 quodlurcipt't
673 5460 958 5539 episcopus.
994 5455 1087 5513 Est
1112 5470 1166 5515 et
1191 5462 1337 5539 inter
1361 5465 1615 5539 epistolas
1629 5455 1874 5539 Gregorii

303 5523 544 5597 ll‘ordine
567 5523 779 5593 quarta.
809 5523 1013 5582 Citatur
1045 5542 1097 5584 et
1130 5532 1264 5597 apud
1299 5523 1536 5590 Gratian.
1570 5552 1635 5591 ex
1658 5523 1876 5597 Gerasio

302 5590 382 5673 ΞΘ,
414 5591 527 5661 XII,
566 5590 850 5673 questa,
874 5600 1039 5673 clero,
1090 5590 1262 5673 ordini
1302 5616 1353 5657 et
1404 5606 1543 5673 plebi
1573 5590 1868 5666 Brendesvii‘.’

303 5660 551 5717 “ARLUIN.
584 5660 655 5705 '—
678 5664 892 5721 Gelasio
913 5660 1072 5724 etiam
1102 5660 1493 5729 inscribitur'in
1523 5660 1872 5738 Lucensi‘eo;

527 5754 801 5815 Punon.
853 5757 999 5817 LIX.

1981 456 2191 513 clericis
2222 474 2319 528 pro
2356 459 2657 517 ofﬁciorum
2696 478 2914 518 suorum
2944 466 3228 522 sedulitate
3254 468 3559 536 distribuat,

1984 550 2192 604 tertiam
2242 551 2568 621 pauperibus
2594 561 2649 607 et
2684 556 3003 625 peregrinis,
3035 567 3279 627 quartam
3308 558 3583 614 ecclesia;

1981 639 2129 694 stieis
2158 638 2376 697 fabricis
2402 644 2612 698 noverit
2637 646 3035 701 reservandum.
3065 647 3141 703 De
3170 650 3363 719 quibus
3383 651 3564 707 divino

1980 730 2084 786 erit
2112 732 2420 788 redditurus
2449 734 2650 805 judicio
2695 738 2975 792 rationem.
3020 740 3403 797 Ordinationes
3433 758 3565 799 vero

1983 822 2417 893 presbyterorum
2446 841 2540 881 seu
2568 826 2916 883 diaeouorum
2948 846 3053 885 non
3100 832 3200 887 nisi
3228 835 3430 903 quarti,
3480 851 3569 891 se-

1982 912 2155 981 ptimi,
2189 923 2241 968 et
2269 915 2461 969 decimi
2492 918 2753 971 mensium
2786 918 3035 989 jejuniis;
3086 923 3179 977 sed
3225 934 3279 978 et
3322 924 3566 995 ingressu

1981 1006 2427 1076 quadragesimaii
2448 1017 2608 1079 atque
2625 1010 2645 1040 ⁵
2667 1009 2865 1077 medio,
2891 1026 3110 1082 vespere
3130 1014 3337 1071 sabbati
3358 1021 3569 1073 noverit

1982 1096 2355 1153 celebrandas.
2386 1101 2725 1156 Sacrosancti
2767 1112 2947 1158 autem
2980 1105 3226 1175 baptismi
3261 1124 3567 1167 sacramen-

1984 1198 2093 1243 tum
2140 1205 2247 1244 non
2291 1191 2395 1245 nisi
2444 1193 2496 1247 in
2537 1193 2783 1250 Paschali
2835 1196 3121 1255 festivitate
3168 1209 3223 1256 et
3252 1201 3567 1260 Pentecoste

1982 1282 2289 1337 meminerit
2314 1298 2433 1339 esse
2465 1286 2831 1354 prtebendum,
2863 1290 3103 1355 exemtis
3136 1292 3218 1347 his
3248 1295 3337 1364 qui
3379 1300 3567 1351 mortis

1985 1383 2240 1441 urgentur
2267 1375 2524 1442 periculo,
2576 1391 2644 1430 ne
2692 1377 2742 1431 in
2783 1388 3043 1433 :cternum
3084 1392 3321 1450 pereant,
3374 1388 3567 1443 talibus

1983 1472 2197 1533 oportet
2227 1466 2480 1520 remediis
2506 1466 2801 1523 subveniri.
2856 1469 2990 1524 lluic
3033 1487 3163 1542 ergo
3198 1475 3292 1530 sed
3316 1492 3342 1531 s
3369 1488 3568 1534 nostrae

1986 1567 2251 1626 praecepta
2283 1559 2516 1611 servanti
2549 1558 2756 1613 devotis
2788 1561 2982 1616 animis
3029 1564 3250 1633 obsequi
3282 1581 3376 1622 vos
3403 1583 3567 1639 opor-

1985 1656 2094 1711 tet,
2153 1658 2209 1703 ut
2262 1648 2733 1718 irrcprehensibile
2796 1652 3173 1725 placidumque
3228 1656 3321 1711 ﬁat
3373 1673 3569 1730 corpus

1911 1731 1957 1791 B
1984 1741 2260 1805 Ecclesia',
2296 1755 2391 1809 per
2418 1738 2690 1797 Christum
2725 1743 3009 1800 Dominum
3052 1755 3317 1815 nostrum,
3365 1752 3457 1821 qui
3486 1753 3567 1806 vi-

1984 1834 2058 1886 vit
2113 1841 2169 1888 et
2198 1845 2383 1903 rrgnat
2412 1850 2531 1890 cum
2563 1835 2674 1891 Deo
2705 1835 2864 1892 Patre
2894 1838 3262 1909 omnipotente
3288 1852 3343 1897 et
3366 1843 3569 1913 Spiritu

1982 1938 2168 1981 Sancto
2200 1942 2297 1996 per
2326 1928 2504 1983 omnia
2536 1929 2730 1984 scecula
2756 1932 3093 1988 saeculorum.
3127 1936 3317 1990 Amen.
3359 1935 3423 1991 Et
3453 1937 3569 1991 sub-

1981 2018 2195 2086 scriptio
2218 2022 2351 2089 ejus.
2397 2020 2534 2073 Deus
2556 2034 2651 2074 vos
2683 2021 2977 2078 incolumes
2999 2025 3288 2089 custodiat,
3334 2026 3568 2083 dilectis-

1980 2109 2100 2161 simi
2135 2108 2249 2163 ﬁlii.

2538 2179 2867 2236 EPISTOLA
2913 2182 3025 2238 XV.

1984 2292 2179 2371 Narrat
2201 2309 2312 2362 qua:
2327 2310 2357 2345 a
2383 2295 2589 2371 Rustico
2608 2294 2941 2371 Lugdunensi
2962 2300 3116 2369 episc.
3133 2303 3383 2371 acceperit
3406 2304 3568 2356 subsi-

2051 2365 2139 2415 dia
2168 2373 2215 2417 et
2243 2373 2458 2433 quantas
2498 2367 2558 2417 ab
2589 2366 2775 2419 Acacio
2815 2365 3059 2423 sustinent
3104 2365 3496 2439 persecutiones.

2201 2457 2302 2529 (Ex
2332 2457 2546 2513 schedia
2569 2460 2630 2513 ft.
2661 2460 2718 2513 P.
2748 2460 2980 2517 Hieron.
3002 2462 3287 2533 V'gnerii.)

2056 2570 2413 2627 Dilectissimo
2441 2571 2591 2627 fratri
2623 2572 2843 2629 Rustico
2874 2574 3137 2630 Gelasius.

2056 2664 2199 2720 Inter
2224 2665 2586 2735 ingruentium
2636 2665 2899 2722 malorum
2942 2667 3185 2725 turbines
3222 2678 3276 2725 et
3306 2670 3568 2727 variarum

1984 2754 2335 2809 tentationum
2384 2755 2577 2823 quibus
2626 2769 2763 2824 pene
2811 2756 3104 2827 mergimur
3153 2758 3561 2824 afllictationes.

1984 2856 2067 2901 tua
2101 2847 2254 2901 nobis
2297 2846 2513 2911 caritas,
2544 2847 2911 2904 amantissime
2961 2848 3150 2915 frater,
3187 2851 3396 2921 grande
3426 2854 3565 2907 sola-

1980 2938 2113 2993 tium
2145 2940 2469 3009 propiuavit.
2493 2938 2629 3006 Quid
2669 2940 2813 2995 enim
2846 2942 3173 2997 consolatius
3206 2953 3387 3013 posset
3429 2948 3569 3002 acci.

1984 3031 2111 3086 dere
2141 3047 2299 3102 quam
2331 3030 2512 3086 videre
2555 3030 2751 3086 fratres
2793 3032 3102 3087 carissimos
3151 3035 3380 3091 invicem
3424 3052 3568 3091 com-

1906 3091 1953 3154 c
1989 3091 2255 3194 patientes
2306 3132 2362 3177 et
2411 3132 2616 3192 partem
2673 3123 2855 3178 oneris
2906 3124 3171 3189 ferentes,
3229 3127 3420 3195 quibus
3464 3144 3568 3182 non

1987 3216 2209 3272 minima
2255 3215 2643 3271 benedictionis
2671 3217 2847 3284 portio
2877 3215 3069 3270 collata
3113 3228 3213 3271 esr.
3248 3218 3568 3275 Benedictus

1988 3309 2149 3371 Deus,
2182 3308 2270 3377 qui
2296 3316 2385 3361 tua
2421 3322 2544 3377 erga
2593 3321 2690 3361 nos
2728 3308 2904 3363 taliter
2937 3308 3114 3363 afl'ccit
3153 3309 3442 3378 praecordia
3465 3352 3481 3375 ,
3514 3322 3571 3366 ut

1987 3414 2092 3452 non
2138 3406 2339 3452 tantum
2386 3411 2506 3467 qua:
2554 3399 2807 3466 patimur,
2857 3398 3037 3452 animo
3087 3401 3317 3465 sentias,
3368 3402 3463 3456 sed
3507 3418 3570 3457 ea

1987 3485 2895 3545 monSIresinsanetaatribulationis
2927 3490 3240 3548 exhibendo
3271 3493 3571 3550 misericor-

1988 3581 2161 3647 diam,
2194 3580 2406 3651 qualem
2452 3580 2651 3635 trabeas
2698 3581 2752 3634 in
2800 3582 3137 3651 compassivu
3179 3583 3343 3638 corde
3374 3585 3570 3639 carita-

1987 3686 2123 3745 tem,
2155 3687 2210 3733 et
2256 3677 2513 3747 adjungas
2547 3676 2613 3730 ad
2665 3676 2989 3731 dulcissima:
3028 3677 3413 3733 consolationis
3457 3693 3572 3734 ser-

1987 3784 2174 3824 mones
2194 3782 2315 3838 qua:
2330 3775 2455 3823 sunt
2475 3768 2759 3837 praecipua:
2781 3770 2920 3821 inter
2941 3766 3144 3822 amicos
3166 3768 3569 3837 epitulationes.

1989 3862 2184 3916 Verum
2215 3860 2561 3916 dilectionem
2594 3869 2736 3915 tuam
2765 3874 2869 3914 non
2904 3859 3243 3929 fatigabimus
3273 3861 3571 3917 scribentes

1985 3969 2145 4025 quam
2176 3954 2227 4008 in
2263 3961 2415 4009 arcto
2455 3952 2734 4008 fuerimus.
2776 3950 2888 4008 Scit
2921 3952 3084 4007 frater
3124 3964 3306 4009 noster
3346 3964 3401 4009 et
3443 3970 3569 4011 coe-

1989 4047 2237 4115 piscopus
2266 4045 2495 4100 Eonius
2529 4044 2912 4116 (Arelatensis)
2956 4060 3112 4112 quam
3156 4044 3284 4099 utile
3324 4046 3483 4102 fuerit
3516 4056 3570 4103 et

1985 4137 2123 4206 quod
2157 4136 2332 4201 misit,
2358 4144 2411 4190 et
2439 4134 2581 4205 quod
2606 4135 2671 4189 ad
2716 4148 2815 4188 nos
2860 4135 3053 4188 misisti
3100 4135 3420 4191 subsidium.
3451 4139 3569 4193 Cat-

1986 4236 2155 4280 terum
2200 4225 2362 4280 frater
2406 4232 2586 4278 noster
2616 4221 2946 4292 Epiphanius
2979 4223 3348 4295 (Ticiuensis),
3380 4227 3471 4297 qui
3501 4230 3567 4281 ad

1983 4315 2156 4386 gentis
2194 4329 2307 4369 suae
2356 4312 2679 4369 relevandos
2724 4320 2781 4367 et
2828 4311 3176 4369 redimendos
3219 4316 3461 4385 captivos
3502 4319 3569 4371 ad

1906 4458 1960 4519 Β
1985 4416 2164 4478 partes
2207 4416 2415 4463 vestras
2452 4404 2772 4470 destinatur,
2823 4403 3213 4461 fraternitatem
3266 4415 3408 4462 tuam
3452 4423 3570 4464 cer-

2204 4497 2360 4519 ..-ε-.
2396 4505 2641 4519 --η-.-μ
2692 4496 2751 4519 ,1.
2788 4496 3085 4519 ε..-εε--ε,.ε
3139 4497 3308 4519 .-ηις
3358 4512 3449 4519 Α---
3487 4516 3503 4519 ,
3556 4518 3559 4519 ν

1986 4502 2173 4557 tiorem
2204 4497 2363 4553 faciet
2391 4505 2644 4567 quantam
2688 4496 2758 4551 ob
2788 4496 3086 4565 impiissimi
3128 4497 3309 4565 Acacii
3353 4512 3451 4553 cau
3482 4516 3561 4555 ast

1983 4590 2414 4659 persecutionem
2462 4587 2812 4643 suStinemus.
2859 4586 2965 4643 Sed
3012 4602 3117 4642 non
3160 4587 3474 4655 deficimus,
3517 4611 3607 4663 c.,

1984 4682 2121 4737 inter
2154 4690 2225 4736 tot
2258 4695 2539 4752 pressuras
2581 4694 2680 4737 nec
2723 4679 2865 4735 cedit
2893 4681 3126 4748 animus,
3172 4697 3270 4738 nec
3301 4683 3570 4742 relaxatur

1985 4775 2161 4838 zelus,
2205 4790 2304 4829 nec
2346 4774 2613 4827 subvertit
2653 4782 2852 4828 metus.
2886 4773 2991 4828 Sed
3026 4774 3152 4831 licet
3180 4778 3485 4846 aporiantes
3516 4790 3572 4835 et

1982 4865 2267 4933 angustiati
2291 4909 2304 4931 ,
2334 4864 2650 4919 conﬁdimus
2688 4866 2738 4919 in
2779 4880 2900 4919 eum
2944 4868 3033 4936 qui
3063 4867 3210 4923 dabit
3241 4885 3363 4924 cum
3397 4878 3570 4927 tenta-

1983 4957 2129 5012 tione
2157 4965 2471 5026 proventum
2498 4974 2510 5009 :
2539 4965 2593 5010 et
2621 4956 2664 5010 si
2688 4957 2755 5011 ad
2787 4966 3000 5027 tempus
3027 4958 3152 5014 sinit
3181 4958 3431 5031 deprimi,
3461 4977 3569 5018 non

1985 5045 2216 5116 patietur
2271 5045 2526 5116 opprimi.
2581 5044 2715 5109 Fac,
2765 5047 3046 5101 carissime
3101 5048 3295 5117 frater,
3341 5059 3398 5105 ut
3447 5060 3568 5108 tuus

1987 5151 2307 5208 tuorumque
2332 5138 2386 5190 in
2418 5153 2538 5202 nos,
2566 5138 2649 5193 vel
2680 5138 2856 5206 potius
2894 5138 2946 5193 in
2992 5140 3176 5195 sedem
3215 5144 3567 5213 apostolicam

1988 5245 2093 5284 non
2138 5238 2314 5283 cesset
2349 5227 2592 5283 all‘ectus.
2624 5227 2723 5295 Qui
2762 5229 2903 5284 enim
2934 5230 2985 5283 in
3018 5240 3166 5300 petra
3195 5233 3567 5290 solidabuntur

1988 5403 2108 5457 dice
2136 5404 2520 5457 vetustissimo.
2554 5403 2669 5456 MAN
2703 5419 2738 5457 ι.

2059 5477 2077 5504 ³
2108 5474 2160 5525 In
2198 5473 2315 5526 eod.
2350 5473 2477 5526 Luc.
2505 5474 2607 5527 490
2636 5474 2787 5527 deest
2817 5475 2867 5528 in
2904 5474 3124 5530 Domino
3149 5477 3377 5531 salutem.

2058 5544 2077 5573 ³
2108 5543 2182 5596 Μ.
2210 5546 2327 5596 cod.
2353 5543 2479 5595 Luc.
2507 5543 2654 5596 addit
2678 5560 2715 5595 υ.
2738 5546 2875 5598 stris.

2053 5614 2073 5641 ‘
2107 5612 2178 5665 Μ.
2210 5613 2354 5675 cod.,
2385 5613 2557 5664 etiam.

2054 5683 2072 5713 '
2106 5684 2180 5736 ω.
2203 5683 2347 5747 cotl.,
2381 5683 2648 5737 mediante.

3280 5766 3312 5823 5
