4098 6172
318 308 407 361 Ml
1058 297 1399 356 APPENDIX
1437 295 1768 354 SECUNDA.
1810 291 2123 350 CANONES
2160 289 2456 347 GELASIO
2496 289 2831 347 ASClilPTl.

3476 297 3579 351 HQ

310 424 361 469 et
407 412 770 480 resipiscam,
803 410 895 466 sed
940 411 1165 465 necdum
1206 426 1360 465 sacro
1400 408 1717 480 baptismate
1760 416 1883 480 sunt
1913 412 1962 469 Λ
1992 418 2306 480 quacunque
2333 403 2623 480 criminali,
2660 404 2710 457 id
2742 413 2826 457 est
2866 404 3108 480 graviori
3132 405 3285 480 culpa
3328 408 3574 477 ejiciatur

310 484 496 537 abluti.
524 476 855 537 Paenitentes
883 481 934 535 bi
965 481 1215 535 dicuntur
1244 483 1292 534 in
1322 492 1527 533 canone
1556 478 1644 541 qui
1673 477 1739 531 de
1780 476 1886 529 cri-

311 553 565 617 minibus,
610 552 677 605 de
719 550 1010 618 majoribus
1046 551 1219 618 culpis
1258 557 1437 618 agunt,
1464 547 1674 616 publice
1718 546 1891 614 pinni-

313 623 552 676 tentiam.
591 622 658 674 Et
685 617 959 675 sciendum
986 629 1067 673 est
1091 617 1216 688 quia
1243 617 1535 688 secundum
1567 623 1889 688 prteceptum

309 692 531 745 canonis
562 705 668 744 non
719 691 843 744 licet
894 684 1158 751 ﬁdelibus.
1205 687 1255 741 id
1305 696 1389 741 est
1433 688 1542 755 jam
1590 684 1886 753 liaptizatis,

309 762 501 814 missas
530 760 583 813 in
614 760 841 814 ecclesia
868 773 987 812 cum
1030 758 1389 821 audientibus,
1420 757 1471 810 id
1513 765 1594 808 est
1640 757 1890 807 catechu-

310 832 484 884 menis
511 839 657 883 stare
683 840 923 896 tempore
947 826 1203 881 orationis
1232 836 1284 881 et
1309 826 1586 896 canonica:
1614 822 1804 896 laudis,
1835 833 1890 876 et

310 899 467 952 simul
499 914 620 952 cum
651 900 729 951 eis
757 893 911 951 orare
939 909 993 951 et
1024 897 1270 963 psallere.
1304 895 1485 963 Neque
1524 893 1755 956 clericis,
1799 904 1891 946 aut

309 969 426 1021 aliis
462 969 612 1022 laicis
649 968 769 1022 licet
794 982 914 1020 cum
960 967 1336 1035 paenitentibus
1364 964 1522 1018 simul
1553 964 1889 1035 mixtiorare

309 1048 400 1090 aut
432 1039 780 1106 psallere.....
828 1031 1117 1105 antiquitus
1164 1035 1409 1106 proprius
1438 1041 1666 1106 statutus
1714 1031 1885 1106 locus,

309 1117 399 1160 aut
429 1101 581 1162 extra
611 1106 927 1171 ecclesiam,
956 1101 1044 1157 aut
1078 1107 1128 1158 in
1162 1101 1312 1157 initio
1342 1102 1595 1157 introitus
1618 1101 1883 1163 ecclesiae,

310 1177 398 1230 tibi
427 1178 493 1229 ad
523 1177 784 1229 orandum
816 1186 868 1229 et
898 1170 1217 1228 audiendum
1250 1173 1485 1227 divinum
1516 1170 1752 1225 ofﬁcium
1783 1179 1890 1224 sti-

310 1245 438 1298 bant
465 1244 869 1307 catechumeni,
903 1244 953 1297 id
981 1253 1065 1298 est
1107 1243 1348 1297 instructi
1380 1242 1463 1305 vel
1503 1241 1803 1307 audientes,
1834 1249 1889 1293 et

310 1314 448 1368 infra
494 1316 799 1369 ecclesiam.
848 1315 1018 1378 Super
1060 1315 1191 1367 istos
1230 1323 1346 1365 erat
1383 1311 1629 1365 similiter
1675 1314 1889 1378 proprie

311 1384 460 1438 locus
479 1393 711 1438 statutus
732 1386 821 1437 ubi
842 1379 1051 1437 stabant
1078 1384 1415 1451 pmnitentcs,
1438 1390 1496 1451 ut
1518 1395 1703 1451 omnes
1727 1379 1778 1433 in
1802 1392 1889 1451 ec-

309 1456 527 1508 clesiam
562 1454 890 1507 introeuntes
921 1448 1118 1507 scirent
1146 1465 1238 1505 eos
1270 1452 1335 1504 de
1373 1450 1734 1504 crintii-alibus
1775 1448 1889 1501 cul-

310 1524 387 1591 pis
418 1523 706 1591 paenitere,
733 1532 788 1576 et
810 1530 1026 1576 orarent
1047 1537 1141 1589 pro
1162 1522 1260 1591 eis,
1288 1521 1436 1575 etilli
1468 1534 1561 1588 per
1586 1520 1697 1573 haec
1720 1517 1890 1591 hum_i-

312 1587 430 1646 iiati'
450 1594 622 1660 magis
644 1594 946 1659 reciperent
974 1587 1184 1645 veniam
1209 1587 1525 1644 delictorum
1557 1603 1794 1660 suorum.
1826 1587 1890 1660 Et

310 1676 471 1730 super
501 1657 603 1715 hos
630 1662 687 1715 in
724 1657 829 1715 alio
855 1663 1093 1715 ecclesiae
1136 1661 1314 1730 spatio
1352 1661 1565 1730 staban}
1604 1659 1788 1712 caeteri
1823 1657 1884 1709 li-

310 1727 457 1787 deles
489 1732 641 1795 laici,
673 1731 936 1800 segregati
990 1727 1223 1785 tamen'a
1263 1729 1493 1800 clericis.
1522 1727 1761 1796 Cumque
1788 1740 1889 1779 au-

309 1810 417 1856 tem
464 1801 519 1855 in
558 1798 851 1870 aliquibus
874 1800 1121 1870 capitulis
1161 1798 1383 1855 canonis
1427 1799 1637 1852 dicatur
1683 1806 1739 1850 ut
1791 1808 1889 1865 pro

311 1935 1843 1960 ’Μ-

1992 477 2059 528 alt
2087 474 2318 529 ecclesia
2345 476 2669 542 quicunque,
2701 488 2805 527 non
2833 482 2914 527 est
2943 474 3425 543 intefligendum'nt
3457 481 3575 533 foti-

1992 544 2136 597 ditus
2184 543 2531 612 prohibeatur
2580 545 2648 596 ab
2701 543 2845 595 omni
2888 555 3156 598 conventu
3199 556 3253 599 et
3298 549 3575 604 auditione

1991 613 2185 667 divina:
2217 612 2406 677 laudis,
2440 622 2494 666 et
2534 620 2921 679 prmceptorum
2964 613 3199 678 Domini;
3228 617 3370 683 quod
3413 618 3573 672 nimis

1991 683 2279 737 absurdum
2306 692 2416 748 est,
2450 692 2503 735 et
2527 693 2710 735 contra
2756 694 3078 751 prmccptutn
3108 684 3305 738 divine
3336 687 3578 741 clemen-

1994 752 2101 819 tim,
2138 762 2197 826 ut_
2232 766 2375 821 aeger
2402 767 2429 804 a
2460 751 2637 805 divina
2685 750 2996 826 excludatur
3024 754 3285 808 medicina
3325 756 3450 822 Dei,
3484 759 3574 826 qui

1995 837 2093 892 pro
2121 823 2294 877 salute
2333 831 2671 891 peccatorum
2703 830 2785 875 est
2828 824 3134 877 incarnatus
3164 834 3216 877 et
3258 823 3577 892 passusfet

1992 891 2233 957 abjectus
2259 892 2327 944 ab
2356 892 2498 944 omni
2530 901 2798 945 conventu
2839 900 2892 945 et
2928 891 3297 949 consolatione
3337 896 3573 949 fidelium

1992 960 2206 1015 diabolo
2234 960 2492 1013 tradatur.
2528 959 2631 1014 Sed
2664 960 2911 1027 praedicta
2956 964 3346 1018 ratiooabiliter
3382 966 3577 1019 intelli-

1992 1031 2222 1097 gendum
2254 1038 2364 1091 est,
2392 1039 2450 1083 ut
2476 1029 2720 1096 ejiciatur
2746 1044 2774 1083 a
2803 1032 3199 1096 communione,
3230 1034 3279 1087 id
3323 1044 3407 1088 est
3444 1051 3572 1089 con-

1991 1100 2159 1153 sortio
2206 1100 2431 1153 aliorum
2486 1099 2754 1163 fidelium,
2786 1100 2873 1167 qui
2920 1100 3056 1154 intra
3102 1104 3382 1157 ecclesiam
3431 1114 3576 1158 stant

1994 1168 2519 1241 temporeorationis
2544 1177 2598 1223 et
2627 1169 2807 1241 laudis
2824 1169 2916 1223 Dei
2935 1209 2950 1234 ,
2981 1181 3034 1241 et
3063 1182 3168 1226 stet
3207 1188 3301 1241 per
3342 1184 3573 1227 statutos

1990 1252 2161 1293 annos
2190 1239 2254 1291 ad
2296 1238 2556 1291 orandum
2589 1246 2642 1290 et
2690 1237 2871 1292 laudes
2915 1240 3004 1293 Dei
3052 1237 3372 1297 audiendum
3421 1253 3571 1297 extra

1993 1309 2276 1362 ecclesiam
2341 1307 2482 1376 inter
2527 1306 2838 1370 audientes,
2885 1309 2938 1362 id
2987 1320 3069 1363 est
3120 1313 3570 1376 catechumenos;

2002 1387 2061 1448 et
2098 1377 2323 1448 expletis
2369 1375 2451 1448 bis
2496 1378 2743 1448 omnibus
2787 1380 3075 1448 secundum
3119 1379 3375 1448 judicium
3422 1375 3571 1437 com?

1995 1446 2171 1499 missa:
2193 1447 2367 1508 culpa:
2411 1446 2572 1498 intret
2614 1446 2663 1498 in
2695 1447 2976 1511 ecclesiam
3027 1449 3077 1501 in
3109 1446 3572 1511 communionem.

2002 1512 2056 1567 id
2086 1519 2169 1567 est
2197 1511 2533 1582 consortium
2570 1508 2835 1582 orationis
2873 1524 2997 1582 cum
3047 1512 3457 1582 penitentibus,
3489 1508 3577 1573 in;

2003 1590 2086 1637 ter
2114 1595 2274 1651 quos,
2305 1580 2534 1652 expletis
2568 1580 2762 1652 iterum
2795 1581 2955 1652 annis
2975 1580 3275 1636 secundum
3301 1580 3568 1652 judicium

2003 1649 2174 1720 culpa:
2202 1665 2331 1713 suaz,
2366 1649 2548 1702 redeat
2580 1649 2794 1720 plenius
2813 1650 2879 1720 ad
2910 1649 3372 1719 communionem,
3411 1656 3461 1708 id
3489 1669 3571 1713 est

2003 1718 2341 1791 consortium
2373 1718 2987 1791 caaterorumlidelium,
3016 1730 3067 1774 ct
3096 1718 3460 1791 perceptionis
3492 1742 3573 1781 sa.

1920 1783 1969 1843 Β
2002 1791 2081 1844 cri
2112 1789 2361 1858 corporis
2386 1796 2440 1841 et
2466 1788 2749 1854 sanguinis
2777 1787 3004 1843 Christi.

984 2035 1947 2153 APPENDIX
2019 2030 2909 2144 SECUNDA.

1108 2216 1641 2302 CANONES
1703 2211 2195 2297 GELASIO
2236 2206 2797 2294 ASCBIPTI.

931 2438 1258 2495 MONITUM.

385 2558 535 2612 Inter
561 2564 749 2612 veteres
786 2554 1048 2622 panti/ices
1086 2552 1188 2622 fere
1216 2551 1387 2605 nullus
1416 2549 1661 2622 occurrit,
1691 2548 1735 2601 si
1768 2546 1896 2622 Gre-

313 2632 518 2700 gorium
550 2619 800 2700 Magnum
825 2633 872 2678 et
893 2624 1025 2700 forte
1051 2619 1203 2700 etiam
1230 2622 1447 2700 peonem
1477 2619 1719 2700 excipias,
1750 2620 1896 2700 cuius

313 2689 524 2753 nomine
555 2689 662 2750 tam
687 2696 848 2748 multa
869 2689 1072 2746 decreta
1097 2693 1340 2762 inscripta
1363 2690 1499 2759 apud
1526 2697 1714 2762 vetere;
1733 2689 1895 2762 colle-

312 2779 482 2822 ctores
511 2769 766 2836 legantur.
791 2762 904 2833 Ego
939 2762 1229 2836 iliaomnia
1252 2756 1333 2814 'ch
1362 2756 1465 2830 fere
1491 2760 1662 2811 omnia
1690 2756 1775 2811 hic
1801 2758 1894 2836 squ

314 2856 420 2891 uno
450 2827 604 2890 νειαῖὶ
625 2827 893 2905 σοηεμεεῐιι
910 2831 1149 2905 exhibere
1167 2827 1434 2905 aggressus
1461 2845 1571 2882 sum
1592 2845 1609 2893 ;
1634 2844 1735 2905 nen
1759 2827 1891 2905 quod

314 2910 493 2961 omnia
514 2899 872 2958 sinceros'esse
897 2900 1088 2955 Gelasii
1122 2899 1252 2969 fetus
1272 2900 1586 2961 existimem;
1607 2899 1696 2952 sed
1724 2899 1896 2969 eodem

316 2979 473 3045 plane
492 2976 705 3027 consilio
733 2989 832 3045 quo
856 2981 904 3025 et
932 2973 1097 3045 caeteri
1121 2967 1239 3024 ante
1274 2985 1351 3045 me
1372 2968 1707 3045 conciliorum
1734 2967 1898 3045 colle-

315 3038 503 3108 ctores,
554 3045 721 3097 minus
748 3038 912 3095 etiam
943 3042 1161 3105 sincera,
1196 3040 1286 3094 sed
1316 3054 1430 3109 qua:
1455 3040 1517 3091 ab
1546 3039 1662 3091 aliis
1702 3038 1899 3109 sincera

318 3105 498 3169 habita
521 3123 641 3167 sunt
666 3114 839 3165 danda
866 3127 970 3164 esse
994 3110 1311 3178 iudicarunt.
1329 3105 1507 3161 Porro
1533 3105 1901 3178 istis_colligen-

318 3187 397 3239 dis
424 3200 551 3238 usus
577 3199 692 3236 sum
725 3182 978 3252 pracipue
994 3174 1263 3252 codicibus
1285 3178 1596 3252 Dure/tardi,
1625 3174 1819 3252 (vanis,
1851 3186 1898 3229 et

319 3254 576 3309 Gratiani.
623 3248 800 3324 Adjeci
828 3253 1028 3324 natulas
1058 3251 1307 3305 interdum
1342 3265 1480 3324 meas
1507 3249 1597 3302 sed
1631 3248 1897 3324 breviores,

318 3338 363 3380 et
394 3342 511 3394 quae
531 3323 682 3394 facile
695 3318 774 3375 'ad
795 3322 1046 3394 variantes
1069 3336 1133 3374 ea:
1150 3337 1270 3394 mss.
1298 3318 1449 3394 codd.
1480 3328 1718 3386 acceptas
1744 3319 1898 3394 perri:

317 3387 461 3449 nent.
488 3387 785 3465 A'djungere
810 3393 1081 3465 potuissem
1107 3401 1151 3443 et
1179 3390 1496 3465 singulorum
1523 3404 1777 3465 censuras,
1797 3387 1900 3465 sed

318 3482 435 3519 cum
464 3458 587 3517 dicti
622 3458 720 3515 mei
749 3458 967 3513 rationes
996 3459 1267 3527 afferenda:
1294 3467 1478 3522 essent,
1518 3458 1666 3510 nimis
1696 3460 1748 3510 in
1790 3459 1901 3509 lon-

320 3551 441 3605 gum
470 3550 550 3586 me
575 3549 658 3585 res
677 3532 770 3605 ilia
798 3530 1128 3605 protraheret.
1157 3530 1352 3605 ᾼιέείιηι
1383 3527 1736 3605 qui'voiuerint
1764 3542 1898 3594 prte-

320 3596 519 3658 clarum
549 3619 678 3670 opus
703 3596 872 3670 Ceroti
895 3600 1183 3653 Sebastiani
1201 3596 1418 3670 Berardi
1443 3596 1734 3670 Uneliensis
1756 3612 1901 3665 pres-

322 3675 485 3744 byteri
510 3674 562 3725 in
582 3666 729 3744 regia
747 3669 1050 3744 Taurinensi
1080 3668 1341 3744 aeademie
1360 3666 1781 3744 jurisprudentia:
1795 3676 1902 3744 em.-

324 3735 425 3797 diis
447 3735 677 3812 praefecti
706 3740 1033 3812 inscriptum:
1060 3756 1078 3789 t
1101 3736 1341 3812 Gratiani
1363 3735 1585 3790 canones
1605 3735 1900 3812 genuiniab

324 3807 637 3882 apocryphis
656 3810 917 3873 discreti,s
949 3807 1167 3861 Taurini
1209 3808 1366 3873 1752,
1408 3815 1630 3876 quatuor
1659 3809 1711 3859 in
1751 3808 1899 3858 volu-

326 3886 465 3935 mina
487 3882 728 3934 divisum.

541 3984 793 4028 GELASIUS
821 3984 1074 4024 ηλιοιυεο
1103 3983 1169 4022 ΕΤ
1193 3983 1374 4023 JOANNI
1410 3980 1686 4021 EI’ISCOPlS.

432 4063 487 4118 Ν
492 4080 558 4117 on
583 4078 691 4116 esse
716 4060 1016 4115 sumendum
1046 4076 1232 4128 corpus
1255 4059 1464 4114 Domini
1485 4060 1593 4111 sine
1619 4058 1794 4112 calice.

394 4157 772 4226 Comperimus
792 4162 970 4209 autem
988 4152 1124 4223 quod
1142 4153 1362 4226 quidam,
1380 4154 1432 4209 in
1452 4151 1646 4226 eadem
1657 4151 1900 4226 regione,

328 4221 552 4297 sumpta
575 4234 779 4297 tantum
803 4221 1041 4297 corporis
1071 4221 1218 4297 sacri
1234 4224 1497 4297 portione,
1521 4236 1551 4274 a
1569 4221 1749 4297 ealicis
1766 4222 1903 4276 sacri

329 4289 522 4353 cruo're
547 4296 871 4351 abstineant.
901 4289 1002 4361 Qui
1037 4289 1414 4362 procul—dubio
1456 4289 1639 4345 nescio
1664 4306 1768 4360 qua
1808 4307 1903 4346 su-

331 4368 643 4437 perstitione
662 4365 923 4437 docentur
936 4362 1193 4437 obstringi
1211 4380 1224 4426 ;
1247 4371 1339 4416 aut
1355 4363 1556 4429 integra
1571 4370 1902 4437 sacramenta

332 4430 658 4507 percipiant,
693 4444 783 4488 aut
828 4434 895 4487 ab
945 4430 1167 4507 integris
1219 4442 1523 4507 arceantur,
1554 4430 1675 4507 quia
1702 4431 1903 4507 divisio

333 4500 755 4585 unius'ejusdem
802 4500 1197 4573 ntysterii'sine
1241 4502 1425 4572 grandi
1471 4500 1750 4571 sacrilegio
1795 4516 1900 4555 non

332 4587 507 4647 ρυιοει
538 4588 841 4642 provenire.

543 4678 794 4722 CELMIUS
828 4676 1080 4717 NAJORICO
1110 4678 1170 4715 [Τ
1198 4677 1378 4716 ιοΑΝΝι
1410 4676 1684 4716 ΕΡΙΞΕΟΡῙί.

335 4756 411 4811 De
444 4758 525 4812 his
548 4757 639 4827 qui
666 4757 795 4809 duos
820 4756 1078 4827 episcopos
1106 4770 1224 4808 suos
1252 4754 1543 4808 occiderunt
1588 4763 1642 4806 ut
1683 4754 1904 4824 amplius

885 4825 1119 4893 episcopo
1138 4834 1361 4876 careant.

402 4920 477 4973 Ita
507 4934 607 4973 nns
632 4916 844 4986 quidem
899 4916 1203 4970 Latinorum
1234 4916 1407 4970 caedes
1437 4918 1701 4985 geminata
1734 4919 1906 4985 ponti-

332 4990 490 5043 ﬁcum
543 4987 797 5041 horrendi
848 4986 1070 5040 scelrris
1117 4987 1398 5039 atrocitate
1432 4988 1689 5054 confudit,
1726 4997 1785 5043 ut
1812 4991 1905 5042 diu

332 5059 648 5112 constitutio
688 5068 883 5109 nostra:
920 5055 1320 5110 deliberationis
1356 5055 1656 5121 haesitaret;
1694 5058 1819 5113 dum
1851 5067 1906 5113 et

332 5130 576 5197 ingerere
592 5141 910 5196 quemquam
930 5126 1349 5197 parricidialibus
1361 5127 1619 5197 exemplis
1635 5128 1905 5183 dubitare-

334 5195 452 5251 mus
484 5195 800 5251 antistitem.
826 5197 1157 5263 QuaprOpter
1180 5195 1288 5262 jam
1318 5196 1463 5250 velut
1490 5212 1640 5251 usum
1680 5212 1906 5253 consue-

332 5268 681 5336 tudinemque
703 5267 1014 5337 sacrilegam
1039 5263 1386 5337 declinantes,
1416 5278 1637 5321 eatenus
1660 5269 1903 5337 religioni

330 5339 580 5391 duximus
602 5335 1011 5391 consulendum.
1041 5342 1098 5387 ut
1130 5336 1376 5403 paraecia:
1418 5339 1560 5391 vices
1602 5338 1669 5390 ab
1698 5335 1903 5391 extrin-

331 5422 487 5462 secus
510 5407 697 5475 positis
733 5404 1102 5476 sacerdotibus
1133 5406 1519 5474 guberneutur,
1552 5407 1676 5476 quia
1704 5407 1899 5462 ibidem

330 5474 736 5531 commanentes
807 5475 948 5528 ferro
1018 5474 1319 5545 didicerunt
1381 5474 1583 5531 necare
1626 5486 1901 5545 pastores,

331 5547 679 5613 inauditoque
724 5545 958 5598 facinore
984 5543 1177 5615 (quod
1219 5547 1378 5599 etiam
1424 5544 1582 5599 nullis
1622 5543 1905 5615 provinciis

330 5631 593 5684 nusquam
630 5630 847 5683 prorsus
883 5614 1313 5684 aq-ciglerit,_qtia:
1344 5616 1603 5670 bellorum
1626 5614 1905 5672 Continuis

330 5682 665 5756 diversisque
689 5684 1077 5739 incursionibus
1107 5682 1430 5755 affliguntur)
1461 5686 1571 5741 haec
1600 5698 1811 5756 reperta
1840 5688 1906 5740 sit

1999 2435 2210 2501 civitas,
2241 2449 2363 2506 quae
2406 2436 2666 2506 prastilcs
2705 2434 3055 2489 ministrando
3083 2437 3185 2492 sibi
3233 2439 3386 2493 ﬁdem
3422 2442 3576 2497 Chri-

2000 2506 2228 2561 stianam
2267 2506 2383 2560 sine
2410 2505 2779 2574 persecutione
2808 2513 3132 2574 prosternat.
3160 2507 3466 2565 Curandum
3496 2524 3577 2568 e~t

2000 2574 2160 2643 igitur
2176 2586 2231 2630 ut
2259 2574 2370 2649 illic
2390 2574 2599 2649 funesta
2628 2576 2890 2649 pcrniries
2911 2577 3208 2649 cessatione
3239 2584 3576 2649 propriorum

1999 2654 2220 2699 sanetur
2247 2645 2562 2711 antistitum,
2592 2655 2751 2712 atque
2780 2644 2851 2699 ita
2880 2646 3067 2699 saltem
3090 2645 3287 2704 furoris
3311 2644 3438 2705 tanti
3463 2668 3578 2706 ma-

2001 2717 2161 2789 teries
2186 2714 2551 2789 subtrahatur,
2583 2728 2753 2789 eoque
2771 2715 2938 2789 modo
2964 2716 3049 2789 rel
3076 2716 3183 2779 illa.
3214 2719 3338 2772 dum
3364 2722 3414 2774 in
3445 2738 3577 2789 quos

2002 2784 2189 2840 saeviat
2211 2800 2316 2839 non
2348 2784 2584 2847 habebit,
2604 2784 2672 2837 ab
2693 2786 2993 2851 liujusmodi
3015 2790 3315 2843 cessatione
3336 2784 3578 2852 desistat.

2008 2855 2089 2909 vel
2112 2856 2233 2930 aliis
2253 2854 2580 2930 imitantibus
2606 2854 2980 2930 diracontagia
3013 2861 3393 2930 nonprzebeat.
3418 2861 3578 2930 Egeat

2003 2938 2133 2992 ergo
2152 2923 2544 2997 episcopalibus
2562 2923 2813 2997 subsidiis
2839 2925 3055 2997 sibimet
3070 2923 3287 2982 aliunde
3308 2923 3577 2997 deprensis,

2002 3009 2123 3063 qua:
2147 3009 2353 3049 sacram
2402 2995 2453 3047 in
2489 3007 2587 3047 suo
2622 2995 2826 3063 gremio
2854 2996 3099 3049 collatam
3136 2997 3252 3050 l‘uso
3294 2995 3579 3054 crudeliter

2004 3060 2295 3135 macularat
2327 3060 2948 3135 sanguine‘dignitatem;
2978 3067 3097 3133 quia
3137 3067 3187 3121 in
3231 3076 3453 3135 utroque
3482 3071 3579 3125 hac

2005 3144 2088 3187 e~t
2122 3132 2323 3187 ultione
2362 3132 2667 3202 plectenda,
2709 3135 2821 3187 sive
2869 3132 3072 3189 sciliCet
3110 3132 3577 3193 instinctu'dome-

2003 3206 2160 3264 stico.
2198 3217 2291 3256 seu
2332 3203 2481 3256 furiis
2521 3202 2760 3266 incitata,
2793 3204 2942 3257 nefas
2984 3205 3085 3258 hoc
3117 3207 3399 3262 committit
3425 3219 3576 3264 exte-

2003 3275 2135 3347 rius.
2161 3273 2397 3347 Praebeat
2423 3287 2553 3347 ergo
2567 3273 2796 3347 _dilectio
2818 3282 2990 3347 vestra
3023 3275 3073 3329 in
3097 3274 3199 3330 hoc
3221 3286 3359 3331 statu
3393 3280 3578 3347 positae

2003 3343 2355 3399 ministerium
2387 3343 2703 3398 visitationis
2722 3344 3000 3407 ecclesiae;
3024 3354 3078 3399 et
3102 3343 3579 3403 autconveniendo

2001 3416 2201 3483 pariter
2231 3424 2320 3495 aut
2346 3414 2580 3495 veissim
2629 3424 2783 3495 prout
2806 3414 3033 3495 qualitas
3072 3430 3285 3495 rerum,_
3312 3432 3579 3495 causaque

2003 3484 2328 3566 poposcerit,
2368 3484 2545 3565 divina
2586 3484 2878 3538 ministeria
2926 3484 3019 3554 [αι.
3070 3486 3348 3613 mysteria;
3382 3484 3579 3569 reprae-

2003 3564 2174 3609 sentet
2202 3563 2448 3613 ingratis;
2476 3570 2541 3608 ne
2574 3568 2693 3608 cum
2720 3554 3017 3609 devitamus
3052 3556 3273 3613 zizania.
3351 3560 3579 3613 ommica

2000 3564 2174 3609 sentet
2202 3554 2448 3617 ingratis;
2476 3570 2541 3608 ne
2574 3568 2693 3608 cum
2720 3554 3017 3609 devitamus
3052 3554 3273 3622 zizania,
3313 3554 3579 3615 dominica

2002 3624 2275 3680 videamur
2305 3624 2578 3694 praeterire
2613 3624 2898 3678 frumenta.

2412 3729 2660 3770 GELASIL‘S
2687 3729 2867 3769 JOANNI
2898 3729 3161 3771 EPISCOPO.

2074 3805 2183 3859 Nos
2220 3818 2380 3861 ausus
2410 3805 2552 3873 impii
2584 3819 2925 3860 commovere
2954 3806 3143 3869 Aselli,
3177 3806 3265 3874 qui
3306 3808 3576 3863 archidia-

2004 3883 2229 3930 conatus
2252 3873 2569 3944 fungebatur
2588 3874 2797 3937 ofﬁcio;
2825 3891 2943 3928 nam
2967 3890 3087 3929 cum
3111 3877 3245 3928 duro
3263 3890 3389 3931 casu
3409 3879 3579 3943 letha-

2004 3945 2128 4000 litcr
2147 3938 2383 3999 sanciato
2413 3944 2661 4011 pontiﬁce
2701 3957 2810 4009 prie
2848 3946 3055 3998 caeteris
3092 3946 3371 4000 ecclesiam
3398 3938 3579 4002 custo-

2005 4015 2121 4067 dire
2150 4012 2414 4079 debuerit,
2446 4027 2510 4067 ac
2540 4028 2606 4067 ne
2629 4014 2754 4077 quid
2784 4013 2852 4067 de
2872 4014 3158 4082 episcopali
3189 4013 3348 4069 domo
3369 4017 3575 4069 subdu-

2005 4093 2239 4152 ceretur,
2264 4092 2319 4136 et
2344 4097 2465 4153 eum
2493 4084 2673 4153 ipsum
2696 4086 2746 4137 in
2785 4084 3014 4136 tumultu
3054 4084 3299 4153 praesenti
3338 4087 3578 4153 permisit

2005 4154 2196 4216 occidi,
2229 4167 2349 4207 cum
2390 4151 2456 4205 ad
2502 4151 2772 4206 fatendum
2819 4155 3019 4205 servari
3060 4151 3350 4217 debuisset,
3397 4164 3574 4209 utrum

2009 4226 2120 4276 haec
2164 4237 2257 4293 sua
2284 4220 2561 4293 voluntate
2603 4220 2885 4293 peregerit,
2918 4220 3357 4293 antecuj‘usquam
3391 4229 3578 4293 praeci-

2007 4295 2205 4362 pitatus
2234 4290 2487 4362 impulsu,
2509 4300 2559 4362 et
2585 4289 2815 4362 priuseab
2835 4305 2921 4353 eo,
2945 4290 3064 4362 quia
3092 4289 3228 4345 idem
3259 4289 3577 4350 creditarius

2008 4360 2251 4433 praesulis
2299 4360 2462 4433 fuisse
2502 4361 2696 4433 dicitur
2730 4360 3055 4429 interempti,
3083 4361 3457 4433 ecclesiastica
3492 4381 3576 4419 re-
3622 4408 3627 4415 .

2004 4430 2142 4502 quiri
2170 4432 2486 4502 substantia.
2508 4430 2641 4502 Quis
2666 4443 2842 4502 autem
2875 4446 2978 4502 non
3006 4430 3287 4502 evidenter
3318 4432 3578 4501 intelligat

2005 4499 2220 4570 propter
2238 4500 2338 4556 hoc
2361 4501 2683 4569 praecipuum
2708 4501 2905 4555 dictum
2928 4500 3085 4554 citius
3103 4499 3261 4555 fuisse
3285 4499 3572 4566 sublatum,
3611 4504 3631 4557 ἱ

2004 4582 2265 4639 quatenus
2291 4584 2389 4624 nec
2413 4570 2700 4639 complices
2721 4570 2989 4639 proderet,
3015 4579 3068 4624 et
3091 4570 3324 4638 ignorata
3353 4570 3577 4627 facuftns

1928 4652 1982 4713 υ
2006 4634 2246 4713 ecclesize
2273 4640 2480 4713 facilius
2506 4634 2890 4713 direptionibus
2905 4634 3249 4713 subjaceret?
3275 4639 3405 4693 Nam
3433 4653 3485 4696 et
3510 4644 3573 4696 li-

2009 4711 2255 4765 bellarius
2278 4712 2475 4765 incisus
2501 4710 2735 4779 episcopi
2767 4710 3076 4779 perhibetur
3104 4708 3373 4777 inventus,
3405 4722 3456 4767 et
3494 4715 3577 4767 vir

2011 4780 2182 4835 binus
2212 4781 2421 4835 Asellus
2451 4796 2513 4833 ac
2540 4778 2653 4832 suo
2678 4778 2842 4850 gradu
2881 4778 3072 4847 dignus
3111 4780 3272 4848 (quod
3306 4796 3573 4850 nunquam

2008 4862 2130 4904 ante
2161 4859 2417 4905 tentatum
2446 4851 2550 4916 est)
2574 4850 2720 4917 prius
2754 4849 2805 4904 in
2836 4863 2892 4902 se
2923 4851 3218 4915 decretum,
3250 4849 3453 4905 adactis
3481 4868 3575 4907 ec-

2007 4921 2184 4975 clesiae
2213 4920 2469 4974 ministris
2499 4920 2755 4988 compulit
2782 4919 3062 4982 celebrari,
3086 4933 3243 4988 quam
3264 4919 3331 4974 de
3352 4935 3576 4976 excessu

2008 4990 2298 5045 secundum
2344 4988 2605 5043 tramitem
2654 4992 2930 5042 vetustatis
2968 4988 3034 5042 ad
3084 4987 3227 5042 sedis
3269 4992 3578 5057 apostolica:

2008 5059 2249 5114 notitiam
2281 5061 2470 5114 refatio
2502 5059 2819 5113 mitteretur.
2843 5060 3009 5125 Quam
3037 5058 3301 5112 sitatitem
3326 5060 3577 5115 intolera-

2005 5130 2111 5183 bile
2142 5132 2334 5182 maluin
2353 5130 2471 5197 quis
2493 5128 2825 5182 Christianus
2855 5128 3160 5182 addubitet?
3179 5137 3235 5181 ut
3256 5144 3376 5183 cum
3406 5133 3577 5183 soleat

2004 5199 2162 5254 etiam
2191 5199 2455 5252 communi
2482 5208 2624 5252 sorte
2644 5197 2891 5251 defuncto
2910 5197 3159 5268 pontiﬁce
3185 5201 3438 5254 transitus
3462 5199 3576 5268 ejus

2005 5278 2129 5323 ante
2158 5269 2334 5322 omnia
2383 5268 2633 5330 nuntiari,
2684 5279 2994 5335 competens
3038 5266 3279 5333 deputari
3318 5266 3571 5333 visitatio,

2005 5348 2163 5402 atque
2194 5340 2260 5391 ita
2291 5338 2357 5391 de
2380 5339 2720 5406 subrogando
2747 5352 2868 5391 sace
2901 5339 3022 5391 dote
3053 5337 3290 5399 tractari,
3322 5339 3408 5392 hic
3439 5353 3575 5392 unus

2008 5406 2294 5473 exstiterit,
2325 5410 2410 5476 qui
2447 5406 2728 5460 interfecto
2770 5406 3041 5474 religionis
3080 5408 3336 5476 antistite,
3366 5407 3433 5460 de
3475 5421 3576 5460 suo

2009 5493 2131 5531 mox
2165 5475 2365 5530 honore
2390 5476 2719 5543 cogitaverit,
2753 5491 2908 5543 quam
2936 5476 3195 5529 studuerit
3215 5475 3574 5542 deferrequod

2008 5556 2213 5614 gestum
2245 5555 2348 5599 est.
2383 5545 2479 5598 Ubi
2514 5547 2723 5600 tametsi
2755 5546 2884 5598 lati-t
2911 5546 3243 5599 extrinsecus
3281 5544 3407 5610 quid
3449 5560 3577 5613 aga-

2013 5630 2127 5675 tur,
2158 5627 2333 5667 tamen
2363 5614 2621 5669 aﬂectaltn
2653 5616 2930 5682 potestatis
2967 5615 3267 5682 abruptum,
3298 5618 3576 5669 conscien-

2014 5695 2135 5738 t‘atn
2166 5686 2469 5755 StISpiciOnC
2517 5701 2620 5740 non
2657 5681 2833 5750 cauit,
2881 5684 3114 5739 defuncti
3166 5681 3340 5737 locum
3382 5685 3580 5755 pariter
