4098 6172
443 5485 458 5519 ι

502 372 601 425 H7

1420 366 1511 421 AD
1548 362 1775 421 OPERA
1816 354 2083 414 GEL\SII
2123 352 2328 409 PAl’tE
2369 353 2810 409 APPENDICES.

3660 352 3765 409 MS

499 506 675 547 rerum
728 490 959 545 ﬁdeliter
1003 488 1273 543 examinet
1324 482 1626 542 veritatem.
1674 488 2075 550 quateousuec
2104 470 2155 529 Δ
2185 469 2561 537 βαῐτῖηιοῐιῖιιηι
2584 472 2917 550 ἔξιβθτηξιεξθ
2946 474 3308 542 εοεηοεείιυτ.
3334 480 3514 543 Panes
3535 472 3765 529 ἀοπιῖηίο

498 562 685 631 religio
712 570 969 616 temerata
998 558 1258 631 videatur,
1288 568 1602 631 nec_ser_vus
1634 548 2072 631 hac__ohsectione

498 624 752 687 mentitus
804 629 1160 700 competentis
1195 627 1317 693 jura
1369 624 1574 679 domini
1629 624 1899 679 declinare
1946 631 2076 673 cun-

498 703 703 758 tendat.

588 805 836 847 ςεωδιυε
876 802 1127 843 HAJORICO
1157 801 1358 841 SERANO
1389 802 1455 840 Ετ
1487 798 1671 840 ιουεκι
1700 794 1982 838 εριεῦοιιιε.

497 881 550 937 Ν
555 899 581 936 e
603 882 717 953 quis
749 892 925 935 contra
952 879 1342 953 ecclesiasticam
1364 877 1761 953 satisfactionem
1782 886 2078 929 excommu-

1005 950 1186 1003 nicatis
1216 948 1576 1001 communicet.

564 1041 888 1097 leestinus
931 1040 1212 1110 presbyter
1246 1039 1423 1093 fratris
1464 1048 1531 1110 et
1556 1035 1861 1107 coepiscopi
1904 1033 2075 1089 nostri

494 1113 680 1167 Serani
728 1114 819 1181 qui
861 1120 1046 1165 contra
1100 1108 1405 1178 pontificale
1440 1108 1723 1178 judicium,
1782 1114 2076 1181 contraque

494 1176 804 1257 apostolicae
856 1182 999 1237 sedis
1048 1176 1300 1257 mandata
1347 1176 1707 1257 prorumpens
1755 1176 2077 1257 supradictis

495 1250 925 1327 communionem
974 1264 1183 1305 sacram
1231 1250 1539 1327 ministrare
1567 1250 1926 1327 praesumpsit.
1953 1260 2074 1327 eum

495 1339 602 1376 non
640 1323 873 1388 potuerit
903 1322 1147 1390 ignorare
1177 1321 1497 1375 sententiam
1548 1314 1744 1390 proprii
1780 1314 2078 1390 sacerdotis

495 1393 561 1445 ab
592 1386 771 1448 officio
811 1386 1058 1460 protinus
1084 1390 1454 1446 ecclesiastico
1477 1386 1789 1460 repellatur,
1816 1394 1875 1439 ut
1899 1386 2076 1437 nullus

495 1464 749 1518 Ecclesim
782 1458 1151 1516 ministrorum
1189 1469 1374 1515 contra
1405 1458 1725 1530 pontificalia
1754 1465 1949 1511 statuta
1985 1470 2075 1510 re.

495 1533 613 1589 nire
642 1532 951 1587 contendat.

679 1637 929 1677 CELASIUS
959 1637 1089 1676 ΡΔΡΔ
1118 1634 1322 1676 ΡΑυετο
1352 1633 1611 1676 ΜΑςιετκο
1638 1632 1875 1674 μιιιτιβ.

570 1714 807 1768 Mortuos
857 1713 1146 1767 suscitasse
1193 1711 1417 1781 legimus
1455 1709 1750 1781 Christum,
1806 1706 1857 1760 in
1889 1718 2077 1760 errore

495 1793 737 1837 mortuos
763 1784 1061 1838 absolvisse
1091 1798 1195 1836 non
1239 1780 1493 1847 legimus,
1525 1790 1581 1833 et
1618 1782 1706 1848 qui
1734 1780 1835 1831 hoc
1872 1784 2072 1848 certam

2183 553 2274 595 cas
2300 551 2517 611 cogatur
2544 543 2770 598 reddere
2797 541 3095 598 indemnes.

2555 669 2807 710 οειΑειυε
2847 670 3076 711 HONOBIO
3114 670 3382 712 EPISCOPO.

2249 742 2453 817 Divina!
2491 745 2863 801 retributionis
2909 762 3114 802 memor
3144 747 3208 801 ad
3242 746 3599 817 pontificalem
3631 763 3765 804 con-

2178 815 2583 889 scientiamnon
2604 818 2850 889 ambigas
2870 818 3138 886 pertinere
3161 815 3429 889 egentium
3460 821 3765 875 commodis

2181 885 2319 953 piam
2349 884 2779 940 sollicitudinem
2812 884 2917 941 non
2949 902 3165 956 negare.

2177 992 2430 1033 GELASIUS
2466 992 2771 1044 CBESCONIO,
2811 994 2992 1036 JOANNI
3028 996 3093 1034 ET
3132 982 3152 1013 ³
3187 994 3435 1036 υεςελιε
3476 996 3759 1039 ειηεοοριε.

2322 1069 2533 1125 Statuta
2563 1071 2791 1139 priorum
2832 1073 3117 1128 decessores
3138 1090 3337 1129 servare
3380 1085 3597 1145 oportet.

2254 1162 2599 1235 Decessorum
2628 1171 2825 1218 statuta
2868 1162 3005 1235 sicut
3030 1165 3261 1234 legitima
3293 1177 3348 1221 et
3374 1166 3513 1235 jnsta
3545 1184 3764 1224 succes-

2179 1244 2331 1313 sores
2359 1232 2629 1288 custodire
2653 1234 2927 1302 convenit,
2955 1236 3023 1289 ita
3054 1232 3216 1292 etiam
3238 1232 3439 1293 debent
3476 1241 3761 1296 malefacta

2179 1315 2467 1372 corrigere.

2463 1408 2713 1457 σειλειυε
2746 1410 2927 1451 «ΙΟΑΝΝΙ
2966 1411 3211 1455 EPISCOPO
3249 1412 3470 1455 SOBANA.

2249 1484 2467 1539 Certum
2495 1494 2578 1538 est
2598 1485 2835 1559 quidem,
2862 1497 2916 1559 et
2934 1489 3131 1559 nostris
3162 1491 3608 1559 praceptionibns
3628 1507 3764 1547 con-

2181 1555 2448 1619 stitutum,
2482 1570 2548 1609 ne
2566 1555 2683 1623 quis
2711 1556 2762 1610 in
2784 1556 3009 1611 ecclesia
3035 1566 3127 1613 aut
3155 1560 3208 1613 in
3229 1555 3466 1616 oratorio
3488 1562 3634 1617 sedis
3664 1577 3764 1618 no-

2181 1635 2308 1679 stra:
2340 1625 2671 1699 no_u_legitur
2699 1628 3055 1699 permissione
3096 1628 3421 1693 dedicatum,
3454 1634 3764 1699 processio-

2184 1709 2303 1765 nem
2328 1695 2589 1765 publicam
2612 1704 2823 1763 putaret
2844 1697 3110 1765 impendi:
3136 1714 3204 1753 ne
3224 1695 3529 1756 conditores
3551 1702 3763 1757 furtivis

2183 1764 2615 1837 subreptionibus
2638 1775 2822 1837 contra
2857 1764 3157 1837 regularum
3190 1776 3383 1823 statuta
3425 1772 3756 1837 prosilirent.

494 1833 733 1908 ridendi
752 1833 911 1906 solus
928 1833 1448 1921 lrabuitpotest‘itteni
1473 1833 1809 1903 heato'Petro
1829 1844 2070 1921 θροξῖθιυ

2181 1833 2444 1921 quia
2488 1834 3047 1921 hiagetiaspectabilis
3098 1836 3293 1921 femina
3324 1833 3563 1921 petitorii
3602 1842 3760 1897 nobis

496 1923 864 1992 principaliter
887 1923 1105 1976 mandat
1133 1916 1144 1974 Ξ
1167 1923 1510 1992 Quaecunque
1535 1933 1697 1984 super
1720 1927 1916 1972 terram
1942 1916 2072 1992 liga-

495 1985 701 2068 veritis',
736 2001 890 2047 erunt
919 1992 1080 2061 ligata
1110 2000 1163 2046 et
1191 1985 1241 2045 in
1269 1985 1438 2068 coelo,
1458 2001 1512 2044 et
1540 2001 1871 2068 quaecunque
1889 1985 2073 2068 felve-

494 2064 615 2118 ritis
643 2054 1046 2133 super‘terra'm,
1083 2054 1439 2133 eruntsoluta
1470 2070 1524 2114 et
1558 2059 1612 2112 in
1652 2054 1805 2133 prelis
1842 2057 1859 2123 (
1880 2054 2067 2133 diana.

491 2146 625 2194 xvn,
662 2122 764 2198 l8).
791 2130 963 2198 Super
1006 2122 1225 2191 terram,
1252 2128 1448 2196 inquit,
1486 2124 1705 2198 namgin
1743 2124 1846 2198 hac
1873 2122 2061 2192 alliga-

490 2193 637 2254 tioue
670 2193 983 2253 défuneium
1010 2212 1289 2265 nunquam
1325 2193 1460 2252 dixit
1494 2193 1904 2248 absolvendum.

742 2304 995 2347 cseasws
1015 2304 1193 2344 rosum
1224 2302 1471 2342 ertscoro
1493 2288 1510 2319 ¹
1535 2300 1827 2340 vrvmeusr.

498 2380 804 2452 Exemplum
835 2381 1068 2434 vindicta:
1103 2379 1155 2452 in
1189 2394 1276 2452 eos
1300 2380 1387 2452 qui
1412 2394 1466 2431 se
1478 2382 1648 2448 justas
1676 2374 1864 2429 habere
1890 2389 2073 2428 causas

1006 2450 1317 2502 mendaciter
1352 2449 1573 2517 ﬁngunt.

572 2543 717 2595 Uxor
768 2540 986 2601 Felicis,
1033 2549 1087 2593 et
1120 2537 1237 2608 filia
1264 2537 1487 2592 Romam
1524 2536 1671 2608 (quia
1699 2536 1781 2608 sic
1812 2536 2072 2605 oportuit)

495 2619 896 2676 pervenerunt:
928 2608 1189 2676 siquidem
1227 2607 1370 2662 hunc
1417 2608 1589 2674 ipsum
1629 2607 1859 2676 primum
1900 2621 1961 2661 se
2006 2608 2071 2660 ad

494 2680 843 2735 barbarorum
902 2678 1173 2734 basilicam
1223 2678 1623 2743 conferentem,
1686 2689 1855 2746 seque
1906 2680 2073 2730 bonas

495 2763 685 2804 causas
730 2746 927 2805 habere
971 2749 1261 2817 iactantem
1302 2747 1481 2816 egredi
1505 2748 1606 2800 sub
1635 2747 1735 2802 hac
1766 2746 2075 2817 conditione

497 2822 870 2889 praecepimus,
900 2828 957 2873 ut
975 2819 1018 2873 si
1036 2827 1189 2873 actus
1216 2832 1341 2871 suos
1364 2817 1596 2872 fideliter
1617 2827 1666 2873 et
1691 2816 2074 2872 rationabiliter

494 2890 771 2957 allegaret,
803 2889 933 2944 nihil
978 2897 1161 2944 contra
1198 2902 1320 2942 eum
1368 2901 1588 2957 prorsus
1629 2901 1879 2957 asperum
1931 2889 2071 2952 tieri,

494 2956 794 3029 durumque
836 2968 1179 3027 pateremur;
1210 2958 1443 3027 alioquin
1485 2956 1529 3029 si
1578 2968 1767 3012 contra
1800 2956 2074 3029 fidemdet

495 3026 781 3084 utilitatem
810 3026 1129 3084 dominicam
1160 3026 1373 3082 venisse
1408 3027 1747 3096 probaretur,
1797 3026 1912 3095 ipse
1940 3027 2073 3082 sibi-

494 3107 606 3153 mct
627 3101 930 3166 imputaret,
953 3110 1113 3165 atque
1131 3098 1452 3153 ordinationi
1477 3112 1726 3167 congrua:
1743 3097 2067 3167 subjaceret.

493 3170 595 3250 Qui
621 3170 1378 3250 superveniente_lilio_nostro
1407 3169 1522 3221 viro
1561 3166 1851 3250 spectabili
1874 3169 2067 3250 Ortha-
2096 3185 2143 3250 ο

492 3242 597 3304 sio,
645 3243 723 3294 sic
770 3248 853 3294 est
899 3241 964 3293 ad
1016 3238 1225 3307 singula
1271 3252 1496 3307 quaeque
1549 3238 1849 3300 convictus,
1908 3248 1960 3291 ut
2006 3252 2069 3292 os

493 3308 704 3377 aperire
728 3322 832 3363 non
860 3318 1063 3379 posset,
1086 3318 1140 3363 et
1164 3322 1290 3365 vera
1312 3322 1453 3379 esse,
1479 3322 1597 3376 quae
1624 3307 1747 3363 huic
1770 3307 2069 3379 objiceren-

492 3375 828 3447 tur’propria
852 3375 984 3434 voce
1015 3380 1292 3445 fateretur,
1345 3375 1576 3447 ideoque
1620 3375 1848 3433 tenetur
1870 3378 2073 3432 manci-

494 3456 649 3515 patus
676 3449 953 3503 custodian

867 3557 1118 3599 GELASIUS
1157 3556 1384 3597 nftNORIO
1423 3556 1692 3597 EPISCOPO.

491 3633 572 3689 De
599 3634 887 3690 hominibus
913 3636 1237 3689 ecclesiastici
1258 3635 1398 3707 juris
1432 3651 1494 3689 ne
1539 3636 1821 3689 testamenti
1854 3636 1950 3690 sibi
1978 3653 2072 3707 pa-

1062 3707 1236 3775 ginam
1261 3705 1497 3773 faciant.

560 3795 691 3850 Illud
737 3797 897 3851 etiam
929 3795 1291 3851 sinceritatem
1323 3804 1465 3849 tuam
1497 3810 1600 3849 non
1636 3795 1801 3850 latere
1826 3797 2069 3852 volumus

488 3866 555 3919 ad
586 3880 682 3921 nus
706 3865 872 3922 fuisse
914 3867 1202 3936 perlatum,
1237 3865 1379 3935 quod
1428 3866 1715 3934 ampliatus
1743 3869 2064 3932 conductor,

487 3951 644 4004 quem
669 3952 776 3992 non
806 3937 978 3991 solum
1002 3950 1215 3990 servum
1237 3945 1449 3990 constat
1476 3936 1741 4002 eeclesim,
1771 3937 1864 3993 sed
1888 3937 1963 3990 ita
1992 3952 2070 3990 ra-

487 4007 719 4061 tionibus
745 4022 774 4060 a
803 4006 984 4061 multis
1011 4007 1341 4076 temporibus
1389 4006 1741 4075 implicatum,
1772 4019 1828 4061 ut
1856 4007 2067 4063 etiamsi

485 4086 630 4130 esset
669 4077 950 4146 ingenuus,
983 4076 1155 4131 donec
1184 4076 1461 4131 ratiocinia
1499 4087 1693 4131 cuncta
1735 4077 2064 4143 deduceret,

484 4146 661 4200 modis
690 4147 937 4201 omnibus
968 4146 1237 4202 obnoxius
1270 4146 1577 4211 haberetur,
1608 4161 1740 4202 ausu
1778 4151 2067 4203 temerario

482 4217 699 4272 molitus
753 4218 910 4270 fuerit
952 4221 1187 4273 condere
1233 4219 1478 4286 paginam
1534 4218 1879 4284 testamenti,
1913 4217 2066 4285 cujus

482 4300 643 4340 omne
675 4287 939 4357 peculium
968 4287 1334 4342 ecclesiastico
1376 4287 1479 4356 juri
1514 4287 1721 4357 legibus
1767 4305 1870 4344 non
1912 4289 2065 4343 dubi-

481 4364 628 4409 tetur
674 4356 1012 4427 obstrictum.
1064 4357 1399 4427 Quapropter
1430 4360 1512 4410 his
1560 4356 2064 4427 praesumptionibus

480 4426 599 4480 vice
621 4433 799 4497 nostra
831 4435 917 4497 tua
945 4424 1246 4497 fraternitas
1267 4424 1617 4492 contradicat,
1644 4443 1741 4483 nec
1768 4424 1881 4485 fieri
1906 4443 2063 4497 pror-

478 4508 574 4548 sus
601 4494 775 4566 aliqua
806 4495 1151 4566 subreptione
1184 4498 1472 4562 permittat.
1509 4499 1584 4551 Ac
1611 4498 1653 4551 si
1685 4498 1859 4553 eidem
1906 4494 2062 4566 quid-

478 4547 1044 4631 quan.‘*st.asat‘a’tts"
1058 4547 1203 4636 an;
1229 4547 1547 4633 somniat;
1561 4547 2061 4636 'qitta'gismse'tis
2091 4547 2142 4608 Ῑ)

479 4648 601 4688 esse
631 4645 978 4694 memoratur,
1001 4647 1121 4687 mox
1141 4634 1258 4702 ejus
1276 4636 1392 4689 sine
1423 4634 1678 4692 dilatione
1706 4634 2057 4697 substantiam

479 4704 804 4777 unanimitas
833 4712 921 4756 tua
950 4702 1071 4756 [iliis
1098 4704 1214 4777 ejus
1256 4704 1530 4777 duntaxat,
1560 4710 1757 4777 quibus
1797 4714 2057 4777 patrimo-

478 4771 624 4826 nium
674 4771 929 4849 probatur
967 4775 1313 4849 commissum
1359 4774 1461 4829 sub
1489 4771 1649 4849 Atideli
1696 4771 2058 4849 descriptione

477 4842 793 4905 contrudat,
821 4840 995 4897 donec
1033 4844 1364 4913 temporibus
1411 4845 1708 4914 universis,
1740 4840 1935 4917 quibus
1958 4851 2057 4906 hoc

549 4999 576 5025 ἰ
610 4990 901 5065 ᾼῃεᾳιηιυξ
945 4991 1203 5048 Lucensis
1251 4992 1303 5047 in
1343 5007 1439 5065 sua
1490 4995 1808 5052 collectione
1850 4998 1943 5053 lib.
1977 5016 2052 5065 vr,

475 5072 595 5137 gap.
626 5060 712 5137 f9,
747 5060 850 5137 hoc
878 5062 1229 5137 fragmentum
1254 5064 1475 5137 totidem
1509 5066 1690 5120 verbis
1731 5083 1798 5122 ex
1830 5060 2054 5137 epistola

476 5126 673 5204 Gelasii
698 5130 762 5184 ad
786 5126 1025 5204 Natalem
1048 5136 1360 5204 episcopum
1386 5136 1571 5200 refert,
1599 5137 1692 5191 sed
1718 5126 1877 5192 circa.
1894 5140 2053 5195 linem

475 5199 614 5263 apud
642 5202 887 5256 eumdem
920 5199 1249 5259 Ausel'mum'
1270 5205 1343 5258 ita
1373 5204 1581 5258 variat:
1610 5205 1884 5261 Caritatem
1917 5218 2056 5265 tuam

474 5269 717 5323 duximus
764 5272 1111 5346 instruendam
1152 5290 1242 5327 nos
1287 5275 1479 5346 pariter
1520 5277 1589 5327 ad
1633 5278 2054 5345 metropolitanos

473 5348 651 5417 uestra:
671 5342 1062 5417 provinciaasive
1086 5342 1384 5414 cujusquam
1429 5347 1681 5417 contigua:
1698 5387 1714 5411 ,
1743 5342 1854 5417 qua:
1878 5352 2054 5403 catho-

473 5408 629 5462 licam
650 5421 849 5465 servant
875 5414 1118 5467 unitatem
1140 5408 1447 5488 'marjmpere
1470 5408 1726 5487 deligasse
1746 5408 1800 5472 ut
1820 5421 2057 5476 obeuntes

546 5525 561 5596 ξ
594 5524 879 5596 Gratianus
906 5526 1037 5596 legit
1073 5527 1363 5583 Viennensi.

543 5595 564 5665 ξ
596 5592 667 5665 l_ta
699 5596 823 5663 legit
843 5592 1436 5661 codeeusdeditmum
1462 5602 1513 5657 in
1536 5604 1665 5659 edit.
1691 5606 2051 5665 sitMessaliw.

545 5661 801 5747 '__l)esnnt
857 5668 1130 5747 sequentia
1182 5670 1428 5747 i_tr_e_ttit.,
1478 5677 1570 5730 Sed
1604 5686 1818 5747 reperta
1860 5661 2050 5737 suntia—

473 5730 757 5791 Ballat‘iuis
785 5736 840 5793 iu
868 5730 993 5796 cod.
1027 5736 1141 5795 Vat.
1184 5739 1345 5798 3855.

2176 1903 2451 1958 oblatione
2499 1905 2873 1978 suggessit,__i_n
2905 1903 3339 1978 possessionibus
3361 1910 3594 1978 propriis
3631 1926 3760 1966 suo-

2174 1988 2292 2043 rum
2319 1974 2630 2041 corpuscnla
2661 1974 2993 2032 condidisse:
3040 1976 3206 2032 frater
3236 1974 3534 2043 carissime,
3564 1981 3759 2034 turma-

2175 2042 2361 2114 nitatis
2388 2044 2633 2105 intuitur.
2664 2044 2803 2114 quod
2860 2047 3037 2114 priora
3088 2056 3282 2102 statuta
3328 2064 3436 2102 non
3487 2042 3761 2106 maculent

2174 2112 2483 2188 funeribus,_
2502 2122 2556 2167 et
2580 2112 2839 2188 sepulcris
2861 2112 3096 2188 tantum,
3139 2120 3189 2171 in
3221 2118 3627 2187 comprehensis
3663 2136 3760 2188 pe-

2175 2182 2355 2256 titorio
2384 2183 2527 2256 locis
2546 2184 2841 2256 ministeria
2880 2187 3095 2241 noveris
3125 2202 3221 2256 pro
3242 2182 3583 2244 solemnitate
3612 2182 3759 2254 prae-

2174 2254 2386 2316 stantia,
2417 2260 2476 2305 ut
2500 2252 2873 2308 defunctorum
2924 2252 3142 2311 nomine
3193 2258 3533 2313 solummodo
3574 2252 3758 2315 divina

2173 2322 2511 2399 celebrentur
2534 2322 2760 2399 ofticia,_
2788 2325 3016 2399 publica
3027 2326 3485 2399 frequentatione,
3531 2337 3588 2385 et
3627 2346 3761 2399 pro-

2173 2394 2417 2446 cessione
2445 2401 2712 2448 cessante.
2741 2393 2761 2425 ³
2786 2394 2919 2449 Data
2949 2396 3124 2451 idibus
3149 2398 3367 2467 Aprilis.

2447 2496 2697 2537 CELASIUS
2736 2499 2867 2538 ΡΑΡΑ
2902 2499 3173 2541 SENECIONI
3214 2503 3481 2544 EPISCOPO.

2175 2571 2240 2626 In
2281 2574 2491 2629 ecclesia
2518 2589 2675 2642 quam
2709 2574 2821 2644 quis
2854 2577 3078 2700 redi/ierit
3116 2579 3245 2635 nihil
3279 2580 3377 2635 sibi
3414 2598 3522 2637 orw
3557 2585 3757 2638 caeteris

2840 2663 2922 2700 om
2960 2664 3035 2700 rce
3063 2685 3079 2700 .

2840 2663 3079 2702 vmatcet.

2245 2732 2355 2809 Pia;
2386 2734 2578 2809 mentis
2608 2733 3214 2809 amplectendadevotio
3243 2747 3348 2805 est,
3386 2755 3486 2809 qua
3516 2756 3576 2797 se
3605 2742 3627 2773 ⁸
3656 2743 3758 2798 Ju—

2175 2802 2284 2878 lius
2307 2803 2369 2878 υΓ
2397 2806 2460 2860 H.
2489 2806 2541 2860 in
2570 2819 2630 2860 re
2658 2804 2876 2878 Juviana
2915 2808 2995 2863 sui
3014 2807 3148 2878 juris
3171 2802 3422 2864 fundasse
3443 2812 3759 2878 perhibetur

2173 2873 2479 2951 ecclesiam,
2510 2890 2668 2951 quam
2691 2876 2742 2929 in
2774 2873 3031 2951 honorem
3059 2877 3119 2932 S.
3156 2878 3258 2951 Υἱῑί
3288 2873 3613 2951 confessoris
3637 2883 3758 2951 ejus

2175 2944 2391 2998 nomine
2418 2944 2566 3013 cupit
2609 2948 2935 3002 consecrari.
2981 2946 3126 3001 lianc
3157 2948 3348 3015 igitur,
3396 2950 3561 3006 frater
3587 2944 3758 3008 caris-

2174 3015 2309 3068 sime
2334 3014 2401 3085 (si
2432 3016 2497 3069 ad
2534 3015 2979 3093 tuamrditecesim
3027 3014 3293 3093 pertinere
3332 3034 3434 3093 non
3468 3022 3754 3093 ambigis),

2174 3097 2246 3157 ex,
2274 3100 2423 3157 more
2445 3085 2946 3157 c0nvenitdedicari
2977 3088 3169 3141 collata
3194 3090 3440 3157 primitus
3462 3085 3758 3149 donatious

2174 3156 2422 3229 solemni,
2454 3170 2612 3229 quam
2645 3156 2902 3210 ministris
2923 3157 3164 3229 ecclesia:
3198 3156 3502 3215 destinasse
3526 3176 3584 3215 se
3615 3178 3757 3229 prm-

2176 3224 2268 3281 fati
2314 3226 2550 3280 muneris
2591 3233 2845 3295 testatur,
2893 3227 3124 3281 sciturus
3179 3230 3294 3282 siue
3346 3229 3509 3284 dubio
3558 3224 3758 3295 praeter

2177 3297 2535 3367 processionis
2581 3294 2781 3349 aditum
2800 3336 2815 3360 ,
2836 3296 2937 3367 qui
2987 3297 3132 3352 omni
3161 3298 3461 3353 Christiano
3495 3294 3754 3367 debetur,

2174 3365 2305 3419 nihil
2358 3366 2552 3421 ibidem
2583 3379 2644 3421 se
2675 3364 2870 3435 proprii
2913 3364 3050 3436 juris
3092 3367 3420 3423 habiturum.
3448 3371 3468 3401 ⁸
3496 3371 3626 3426 Data
3660 3364 3755 3429 sui

2174 3437 2278 3490 cal.
2313 3436 2555 3491 Augusti.

2172 3445 2278 3490 cat.
2313 3445 2555 3506 Augusti.

2821 3526 2898 3581 De
2919 3528 3111 3584 eadem.

2244 3621 2545 3698 Frigentius
2579 3636 2706 3677 vero
2748 3622 3013 3698 petitoris
3036 3623 3191 3678 nobis
3233 3623 3592 3698 insinuatione
3620 3641 3753 3698 sug-

2171 3693 2335 3762 gessit
2361 3694 2410 3745 in
2439 3708 2497 3745 re
2526 3707 2618 3745 sua
2650 3708 2806 3761 quam
2832 3693 3179 3748 Sextilianum
3204 3705 3442 3756 vocatur.
3474 3693 3753 3754 basilicain

2171 3778 2231 3816 se
2258 3770 2561 3816 sanctorum
2592 3763 2866 3817 Michaelis
2896 3762 3234 3830 archangeli,
3281 3774 3336 3819 et
3375 3766 3583 3821 Martini
3616 3784 3753 3822 con-

2172 3832 2390 3886 fessoris
2418 3846 2515 3899 pro
2541 3847 2636 3886 sua
2666 3831 2976 3886 defensione
3004 3830 3276 3888 fundasse.
3309 3836 3372 3888 Et
3401 3836 3543 3901 ideo,
3587 3837 3755 3891 frater

2171 3903 2466 3965 carissime,
2492 3901 2537 3955 si
2564 3902 2627 3955 ad
2653 3910 2793 3956 tuam
2819 3902 3047 3970 pertinet
3071 3904 3395 3971 parochiam,
3422 3906 3755 3960 benedictio-

2174 3987 2294 4024 nem
2325 3987 2483 4039 supra
2512 3981 2822 4026 memoratm
2856 3973 3090 4027 basilicae
3134 3974 3361 4028 solemni
3402 3979 3754 4033 veneratione

2171 4040 2458 4110 dependet.
2497 4040 2637 4094 Nihil
2672 4052 2846 4097 tamen
2881 4043 2981 4096 sibi
3017 4042 3268 4097 fuudanr
3291 4060 3356 4098 ex
3402 4045 3501 4100 hac
3530 4046 3753 4102 basilica

2172 4112 2405 4188 nouerit
2435 4112 2840 4188 vindicandum,
2875 4113 2975 4166 nisi
3010 4114 3369 4188 processionis
3397 4116 3623 4185 aditum,
3656 4118 3752 4188 qui

2168 4181 2489 4236 Christianis
2514 4182 2764 4236 omnibus
2792 4181 2846 4237 in
2871 4196 3154 4238 commune
3182 4183 3426 4239 debetur.

2277 4272 2523 4342 Episcopi
2552 4288 2583 4326 a
2620 4288 2713 4328 suo
2744 4275 3138 4341 metropolitano
3164 4284 3210 4328 et
3236 4275 3342 4347 ipse
3374 4276 3438 4329 ab
3466 4278 3645 4332 eodem

2789 4354 3127 4398 consecretur.

2240 4444 2276 4506 ⁸4
2299 4434 2429 4500 Quia
2450 4449 2549 4504 per
2571 4433 2893 4506 ambitiones
2924 4435 3133 4490 illicitas
3164 4450 3269 4489 non
3298 4436 3459 4504 pudet
3487 4437 3749 4506 quosdam

2168 4504 2527 4576 ecclesiarum
2562 4504 2684 4573 jura
2715 4505 2973 4576 turbare,
3005 4520 3067 4559 ac
3095 4507 3367 4575 privilegia
3395 4504 3518 4576 quai
3551 4519 3752 4562 metro-

2167 4575 2417 4643 politanis
2447 4575 2531 4629 vel
2577 4575 2988 4643 provincialibus
3017 4576 3284 4643 episcopis
3326 4575 3563 4631 decrevit
3604 4580 3751 4631 anti-

2166 4645 2343 4716 quitas
2394 4646 2677 4698 temeraria
2723 4645 3137 4716 prgesumptione
3186 4648 3493 4714 pervadere.
3531 4657 3753 4716 propter

2165 4715 2308 4782 quod
2339 4715 2501 4769 etiam
2532 4713 2924 4768 communionis
2963 4713 3271 4779 apostolica:
3301 4713 3606 4771 desiderant
3635 4713 3753 4772 dis-

2166 4787 2359 4857 sidinrn
2383 4794 2601 4848 tenere;
2637 4798 2743 4851 quo
2764 4784 2968 4857 scilicet
2996 4785 3061 4837 ab
3090 4785 3205 4857 ejus
3226 4786 3543 4840 auctoritate
3566 4788 3750 4857 divisi,

2165 4858 2250 4909 vel
2304 4854 2553 4917 impuues
2597 4853 2840 4923 pr0prias
2882 4856 3254 4922 usurpationes
3285 4869 3596 4928 exerceant,
3643 4853 3754 4915 non

2160 5004 2435 5077 episcopos
2479 5006 2532 5058 in
2573 5004 2748 5058 eadem
2774 5006 2994 5077 regione
3040 5010 3465 5077 metropolitanus
3512 5028 3636 5067 suus
3666 5016 3756 5069 de-

2165 5075 2275 5147 beat
2324 5075 2582 5138 ordinare,
2631 5075 2959 5145 eamdemque
3009 5078 3177 5147 ipsum
3206 5075 3681 5143 metropolitanum
3712 5088 3756 5139 si

2165 5146 2392 5219 humana
2423 5156 2582 5219 morte
2604 5147 2883 5211 transierit,
2927 5146 3129 5201 nonnisi
3158 5153 3609 5217 comprovinciales
3640 5157 3758 5219 epi-

2165 5215 2307 5283 scopi
2321 5215 2478 5282 juxta
2506 5217 2722 5279 formam
2754 5227 2964 5271 veterem
3010 5219 3246 5272 studeant
3276 5215 3539 5286 ordinare,
3570 5215 3757 5284 qua-te-

2166 5300 2262 5337 nus
2291 5299 2406 5351 qua:
2439 5287 2727 5339 veneranda
2760 5287 2977 5341 decrevit
3016 5289 3291 5355 antiquitas
3334 5291 3508 5345 nullus
3557 5293 3757 5349 sibimet

2164 5364 2343 5408 contra
2375 5355 2455 5423 [as
2486 5372 2739 5426 usurpare
2769 5361 3058 5412 contendat.
3094 5359 3282 5413 MANa‘l.

2238 5541 2259 5572 ⁸
2287 5540 2360 5617 lt_a
2390 5544 2985 5617 restituunt_Ballerini
3024 5565 3086 5602 ex
3118 5548 3243 5604 cod.
3274 5549 3597 5617 Deusdedit,
3631 5566 3753 5605 cum

2162 5614 2215 5666 in
2245 5613 2367 5666 cod.
2401 5615 2667 5681 legeretur
2683 5613 2856 5667 Julius
2888 5618 3030 5671 nobis
3052 5620 3103 5672 in
3129 5636 3184 5671 re
3212 5618 3450 5674 Iuliana.

2157 5766 2185 5810 ς
2226 5682 2255 5807 3
2289 5682 2413 5737 Harc
2454 5686 2652 5740 desunt
2699 5685 2753 5739 in
2797 5684 2955 5742 editis
2992 5697 3049 5744 et
3091 5691 3344 5761 supplent
3390 5690 3640 5747 Balleriui
3688 5706 3752 5746 es

2189 5767 2220 5807 0
2264 5789 2279 5809 .
2312 5767 2416 5810 ms.
