4120 6186
338 302 435 357 l-l')

1053 301 1400 357 APPENDIX
1437 302 1775 359 SECUNDA.
1816 302 2128 359 CANONES
2165 303 2459 360 CELASIO
2500 305 2831 362 ASClllPTl.

3503 308 3600 363 150

330 422 681 489 respicientes
708 422 827 489 quia
860 430 1063 493 mtertto
1106 422 1275 477 Judiei
1310 422 1568 475 rationem
1600 430 1704 475 tam
1732 422 1797 475 de
1824 436 1914 476 ca-
1942 422 1991 483 Α
2020 422 2178 475 datur
2224 424 2465 478 entltec's
2517 432 2577 478 ut
2622 426 2664 478 si
2713 425 2885 493 major
2933 404 3217 480 emerserit
3267 427 3494 490 fabrica,
3529 431 3594 482 sit

330 493 540 546 tbolieaz
556 493 879 548 sinceritatis
903 492 1115 561 injuria,
1141 506 1299 559 quam
1315 493 1383 547 de
1406 492 1747 546 traditionum
1772 507 1908 561 prte-

327 562 541 631 ittdiciis
570 574 910 630 paternarum
944 578 1050 617 non
1080 563 1199 618 sine
1240 570 1509 630 perpetum
1553 564 1661 617 sint
1690 562 1908 616 damna-

330 633 490 688 tionis
522 632 736 687 interitu
766 633 1049 698 reddituri,
1096 632 1139 686 si
1174 633 1225 686 itt
1259 633 1358 686 hac
1399 633 1755 687 obstinatione
1783 649 1902 699 per-

327 704 647 767 manserint,
678 706 954 757 caritatem
989 714 1217 758 vestram
1248 702 1495 756 duximtts
1518 703 1907 769 instruendam,

327 782 382 825 ut
408 788 507 827 vos
537 787 725 827 omnes
754 774 806 827 in
833 789 1118 828 commune
1146 773 1338 828 fratres
1369 774 1411 826 si
1445 788 1540 841 per
1569 774 1906 840 Dardaniam,

323 845 436 896 sive
467 859 565 909 per
594 859 858 913 quamque
884 845 1185 911 contiguam
1234 843 1560 912 provinciam
1614 845 1907 910 constituti,

324 912 415 979 qui
441 928 540 966 vos
567 912 669 968 sub
706 914 1133 982 metropolitanis
1176 914 1372 968 vestris
1400 928 1520 967 esse
1567 915 1906 978 meministis,

323 992 379 1037 et
404 983 476 1037 ab
504 984 709 1039 eisdem
737 984 1006 1039 substituti
1036 985 1410 1045 decernentes,
1444 984 1579 1038 sicut
1609 993 1760 1038 vetus
1782 999 1910 1038 con-

322 1054 560 1107 suetudo
608 1055 875 1122 deposcit,
909 1054 1234 1108 unanimiter
1263 1055 1509 1107 statuatis
1540 1054 1825 1120 antistites,
1857 1063 1913 1109 et

322 1123 566 1177 vicissim
592 1124 636 1177 si
669 1125 1114 1190 metropolitanus
1145 1125 1390 1177 humana:
1421 1123 1744 1179 conditionis
1776 1125 1910 1179 forte

322 1192 643 1258 decesserit,
674 1209 701 1245 a
731 1195 1269 1263 eumprovincialibus
1294 1191 1587 1261 episcopis,
1618 1194 1757 1248 sicut
1798 1194 1909 1248 for-

322 1278 409 1316 ma
438 1265 738 1317 transmisit
760 1265 959 1319 sacrari
990 1265 1162 1317 modis
1191 1263 1438 1316 omnibus
1467 1265 1730 1318 θιιηςεξηιίς
1756 1283 1770 1319 :
1812 1279 1911 1318 nec

323 1349 649 1401 quemquam
676 1335 801 1397 sil~i,
824 1351 980 1403 quam
1006 1334 1154 1387 vobis
1176 1333 1387 1400 antiqua
1413 1334 1760 1399 diSllOs‘llltme
1782 1349 1912 1387 eon-

323 1418 537 1457 cessum
583 1414 686 1472 est,
721 1405 992 1473 patiamini
1025 1404 1335 1457 vindicare:
1369 1415 1631 1472 quatenus
1673 1413 1726 1458 et
1770 1408 1908 1458 inter

324 1474 466 1540 ipsas
507 1474 909 1529 adversantium
955 1475 1287 1528 voluntatum
1336 1475 1635 1540 procellas,
1669 1484 1910 1528 veterum

324 1544 540 1611 regulas
581 1545 888 1599 nullatenus
917 1545 1188 1599 custodire
1219 1543 1464 1605 cessetis,
1493 1544 1628 1597 sicut
1661 1559 1911 1612 persecu-

323 1614 531 1683 tionum
554 1623 794 1681 tempore
816 1615 1145 1669 diversarum
1168 1621 1347 1683 patres
1368 1622 1581 1669 nostros
1605 1622 1913 1669 constanter

323 1682 518 1739 fecisse
542 1700 650 1739 nou
682 1684 899 1740 dubium
930 1694 1033 1741 est.

682 1792 933 1832 GELASIUS
965 1790 1250 1832 ANASTASIO
1290 1790 1556 1832 EPISCOPO.

396 1863 745 1937 Defensionis
774 1868 1005 1937 propriae
1045 1867 1298 1923 desolatis
1342 1867 1560 1931 auxilio,
1593 1875 1648 1922 et
1681 1867 1770 1934 qui
1802 1867 1914 1924 suis

322 1935 528 1991 actibus
555 1936 749 1991 adesse
774 1935 883 2006 pro
916 1938 1087 1993 aetatis
1136 1937 1447 1992 infirmitate
1490 1952 1596 1991 non
1628 1946 1909 2005 possunt,

322 2014 605 2060 exoratum
658 2008 964 2075 pontificem
992 2008 1146 2063 decet
1190 2008 1511 2071 subvenire,
1540 2008 1663 2075 quia
1698 2008 1913 2076 pupillis

325 2076 605 2146 tuitionem
657 2078 819 2132 etiam
868 2079 1119 2134 divinitas
1170 2078 1327 2145 jussit
1367 2078 1624 2146 impendi.
1680 2078 1745 2132 Et
1792 2078 1913 2131 ideo

325 2144 556 2200 Maximo
583 2155 643 2202 et
684 2147 942 2204 Januario
970 2149 1232 2205 clericalis
1276 2144 1583 2219 officiilqui
1621 2163 1681 2202 se
1722 2148 1913 2203 solatio

326 2226 608 2289 parentum
622 2219 707 2273 vel
732 2220 1151 2288 propinquorum
1171 2228 1419 2273 asserunt
1437 2218 1742 2289 destitutos)
1759 2220 1915 2272 anxi-

326 2286 446 2358 linm
493 2302 561 2342 ex
594 2286 777 2343 nostra
818 2286 1155 2358 delegatione
1196 2290 1504 2358 praestabis,
1554 2299 1614 2343 ut
1652 2286 1912 2342 adversus

327 2356 701 2425 improltitates
751 2356 1455 2413 adversariorum—suorum
1508 2359 1763 2425 protecti,
1810 2367 1914 2412 tua:

324 2429 693 2483 cssecutionis
723 2429 949 2494 annixu,
981 2431 1137 2483 noxia
1161 2438 1462 2484 commenta
1488 2445 1590 2483 non
1617 2429 1871 2483 sentiant.

665 2535 919 2576 CELASIUS
960 2536 1271 2575 FORTUNATO
1313 2536 1575 2576 EPISIOPO.

409 2610 647 2664 Tueatur
672 2611 905 2667 Ecclesia
933 2628 1058 2680 quos
1089 2614 1141 2665 in
1167 2612 1246 2665 sui
1276 2612 1571 2681 defensione
1597 2612 1837 2681 suscepit.

394 2703 757 2772 lrreligiosum
794 2717 1014 2771 prorsus
1053 2714 1103 2758 et
1134 2703 1465 2758 exsecrabile
1507 2703 1837 2771 iudicamus,
1864 2703 1909 2758 si

323 2774 606 2842 quisquam
631 2774 715 2828 vel
740 2785 1029 2828 extraneos
1054 2774 1105 2826 in
1132 2773 1212 2827 sui
1245 2774 1469 2828 tuitione
1494 2781 1773 2839 susceptos
1804 2788 1908 2828 non

323 2844 471 2897 omni
504 2844 609 2898 fide
631 2855 682 2899 et
709 2853 817 2898 tota
849 2844 1011 2897 animi
1041 2843 1123 2898 sui
1171 2843 1481 2899 educaverit
1509 2844 1807 2897 sanetitate.
1841 2845 1911 2898 At

323 2929 444 2968 cum
492 2915 772 2983 Olympius
819 2914 1076 2969 diaconus
1116 2913 1423 2968 dilectionis
1470 2924 1573 2968 tua:
1624 2913 1817 2967 Felicis
1858 2921 1911 2968 et

322 2985 539 3054 Olympi
566 2994 883 3053 suggeratur
920 2985 1237 3051 avunculus,
1265 2998 1465 3052 eosque
1497 2983 1747 3053 parvulos
1773 2992 1910 3039 tute-

322 3055 386 3107 la:
410 3058 528 3109 vice
551 3055 849 3124 suscrperit
877 3054 1215 3119 nutriendos,
1245 3054 1384 3108 ultra
1420 3054 1757 3108 latrocinium
1788 3068 1909 3110 esse

321 3124 649 3193 iudicamus,
679 3126 818 3195 quod
864 3140 957 3180 eos
986 3124 1280 3179 bonisculis
1312 3134 1613 3195 parentum,
1647 3126 1783 3195 sicut
1819 3139 1905 3178 as-

320 3205 533 3260 serunt,
564 3193 777 3263 reliquit
804 3205 1070 3261 extorres,
1103 3197 1208 3251 alia
1255 3193 1559 3263 retinendo,
1590 3194 1692 3250 alia
1722 3202 1911 3250 contra

320 3265 469 3333 leges
496 3276 553 3319 ct
578 3265 697 3334 jura
731 3267 1033 3320 vendendo.

449 3372 705 3412 GELASIUS
742 3373 956 3413 JUSTINO
997 3372 1382 3413 ARCBIDIACONO
1420 3374 1489 3412 ΕΤ
1529 3371 1790 3418 FAUSTINO

965 3444 1274 3491 DEFENSORI.

432 3513 511 3569 De
547 3517 697 3569 rebus
734 3518 961 3572 ecclesia:
993 3535 1093 3572 non
1116 3529 1190 3573 est
1217 3520 1413 3587 aliquid
1453 3520 1802 3575 alienandum.

394 3606 560 3661 Vobis
588 3610 731 3660 enim
760 3616 814 3659 ct
836 3607 993 3663 fama:
1014 3616 1207 3663 vestrm
1229 3610 1533 3664 consultum
1561 3609 1829 3673 duximus,
1855 3618 1915 3665 ut

323 3678 593 3744 pontificis
648 3677 813 3730 vestri
865 3680 1015 3742 loco,
1046 3679 1320 3734 vobiscum
1371 3679 1437 3734 ab
1487 3679 1675 3733 eodem
1721 3680 1913 3743 alituis

323 3747 669 3816 subrogetur,
697 3748 786 3816 qui
826 3750 943 3814 ejus
965 3750 1183 3803 nomine
1215 3751 1414 3817 pariter
1447 3750 1694 3804 universa
1728 3750 1912 3819 dispo-

322 3826 459 3890 nat},
499 3826 767 3885 quatenus
815 3820 994 3890 omnia
1042 3820 1240 3890 praedia
1271 3821 1336 3873 ad
1370 3831 1606 3874 vostrum
1652 3822 1914 3875 rcvocetis

321 3888 582 3959 studium,
637 3902 737 3942 nec
763 3888 1010 3957 cuiquam
1043 3888 1257 3944 clerico
1283 3906 1380 3959 pro
1412 3891 1657 3958 portione
1680 3904 1774 3943 sua
1811 3890 1913 3944 ali-

321 3958 462 4031 quod
516 3960 693 4031 solum
747 3959 991 4031 ecclesia:
1022 3961 1213 4027 putetis
1252 3958 1372 4015 esse
1413 3960 1810 4031 deputandum:
1845 3975 1914 4016 ne

324 4042 419 4093 per
446 4028 712 4099 incuriam
742 4037 796 4082 et
836 4029 1215 4099 negligentiam
1259 4028 1561 4096 minuatur;
1613 4032 1705 4084 sed
1737 4031 1913 4086 onmis

322 4098 603 4220 Baetisionis
627 4113 892 4152 summam
930 4116 993 4154 ex
1022 4101 1271 4155 omnibus
1319 4100 1536 4170 praediis
1559 4102 1794 4165 rusticis,
1824 4115 1914 4154 ur-

392 4167 587 4220 nisoue
636 4168 920 4220 collectam
951 4169 1017 4220 ad
1048 4170 1338 4220 antistitem
1380 4170 1653 4220 deieratis.
1687 4170 1765 4220 Ex
1810 4186 1911 4220 nua

392 4167 587 4237 nisque
636 4168 920 4224 collectam
951 4169 1017 4225 ad
1048 4167 1339 4225 antistitem
1380 4170 1653 4226 deieratis.
1687 4170 1765 4224 Ex
1810 4186 1911 4238 qua

324 4245 504 4292 tamen
529 4238 853 4294 collectione
883 4239 1141 4295 habeatur
1162 4243 1321 4307 ratio,
1347 4241 1472 4309 quid
1509 4244 1575 4295 ad
1608 4255 1794 4295 causas
1830 4240 1913 4295 vel

319 4320 587 4380 expensas
610 4309 968 4380 accidentium
997 4311 1376 4366 necessitatum
1404 4325 1540 4380 Opus
1563 4324 1683 4366 esse
1709 4310 1915 4379 perSpi-

319 4377 479 4451 citur,
508 4388 569 4432 ut
587 4377 661 4451 de
687 4380 863 4451 medio
888 4391 1287 4451 sequestretur;
1312 4390 1365 4436 et
1386 4377 1616 4451 quatuor
1636 4377 1911 4448 portiones

1950 1785 1997 1846 Β

1938 3159 1985 3223 C

2016 493 2262 566 subsidio
2289 494 2428 563 quod
2452 512 2514 547 ex
2544 496 2741 550 diversi
2772 497 3027 562 temporis
3055 498 3327 566 diligentia
3362 500 3593 564 potuerit

2013 563 2294 645 custodiri,
2327 575 2414 618 aut
2445 574 2591 619 certe
2618 575 2827 621 ematur
2857 563 3303 639 possessio,'qute
3342 563 3595 624 utilitates

2015 644 2271 702 respiciat
2299 649 2637 690 communes.

2083 742 2333 783 GELASlUS
2384 744 2555 783 CLERO
2594 746 2659 783 ΕΤ
2698 744 2876 783 OBDINI
2916 745 2981 784 ετ
3023 745 3171 785 Ριεηι
3228 746 3522 790 Βῐιυκιιιιειιο

2162 823 2437 877 Redituum
2458 832 2504 878 et
2526 822 2833 905 oblationuom
2855 824 2971 877 dua:
2998 824 3255 893 portiones
3274 824 3471 877 clericis

2605 902 2999 946 committantur.

2084 986 2355 1041 Concesso
2407 986 2586 1048 vobis,
2633 1000 2792 1053 quem
2844 985 3079 1053 petistis,
3139 985 3379 1041 antistite
3427 985 3593 1040 fratre

2008 1056 2123 1124 jam
2166 1066 2219 1110 et
2261 1056 2579 1124 coepiscopo
2630 1070 2750 1110 meo
2799 1055 3041 1117 luliano.
3087 1058 3445 1112 necessarium
3497 1056 3593 1111 fttit

2014 1128 2225 1196 (eodem
2257 1126 2321 1196 ad
2346 1127 2626 1196 ecclesiam
2667 1140 2817 1179 suam
2848 1141 2971 1180 mox
3002 1128 3248 1194 remisso)
3277 1127 3341 1181 ad
3372 1142 3465 1180 vos
3497 1142 3592 1179 no-

2013 1195 2124 1251 Stra
2164 1195 2364 1263 scripta
2421 1195 2618 1262 pariter
2661 1196 2954 1250 destinati:
3002 1196 3196 1263 quibus
3232 1197 3593 1264 agnosceretis

2013 1268 2188 1321 eidem
2242 1266 2404 1319 fuisse
2444 1274 2805 1334 praeceptum,
2848 1282 2915 1320 ne
2959 1282 3190 1334 unquam
3230 1267 3591 1321 ordinationes

2014 1344 2301 1405 prtestttnat
2332 1335 2560 1393 illicitas.
2597 1345 2644 1389 et
2674 1336 2832 1402 infra.
2885 1337 3104 1390 Reditus
3133 1346 3188 1391 et
3220 1337 3596 1391 ttb‘atittttcsfi—

2013 1409 2209 1460 delium
2255 1406 2305 1458 itt
2347 1416 2575 1470 quatuor
2604 1416 2780 1473 partes
2807 1407 3010 1461 dividat
3037 1421 3261 1476 quarum
3305 1423 3460 1460 unam
3490 1407 3590 1460 sibi

2018 1477 2132 1545 ipse
2163 1477 2408 1535 retineat.
2435 1475 2658 1529 alteram
2692 1475 2903 1530 clericis
2930 1492 3026 1545 pro
3052 1475 3348 1530 officiorum
3374 1492 3591 1529 suorum

2015 1547 2300 1600 sedulitate
2330 1546 2651 1599 distribuat:
2686 1545 2898 1599 fabricis
2921 1547 3165 1609 tertiam;
3198 1556 3439 1615 quartam
3464 1562 3597 1613 pau-

2013 1618 2229 1686 peribus
2278 1624 2332 1670 et
2378 1616 2674 1683 peregrinis
2720 1615 2913 1669 habeat
2959 1617 3187 1670 fideliter
3233 1616 3592 1681 erogandam:

2016 1701 2241 1757 quarum
2271 1688 2528 1740 rationem
2556 1686 2737 1739 divino
2764 1695 2847 1740 est
2871 1686 3177 1741 redditurus
3197 1686 3451 1740 exatizini.

2095 1792 2342 1836 GELASIUS
2381 1792 2639 1833 EPISCOPIS
2677 1791 3052 1832 ORIENTAUBUS
3089 1794 3157 1833 DE
3194 1791 3526 1832 DAINA'I‘IONB

2684 1863 2942 1904 DIOSCOBI.

2162 1940 2283 1996 Non
2313 1942 2530 2008 petenda
2560 1947 2629 1995 est
2658 1940 2929 2021 absolutio,
2970 1955 3088 1993 cum
3113 1940 3283 2009 inique
3317 1943 3471 2013 fertur

2676 2019 2945 2065 sententia.

2089 2110 2114 2139 ⁸
2146 2100 2239 2155 Cui
2271 2109 2353 2155 est
2382 2101 2521 2154 illata
2550 2100 2812 2154 sententia
2859 2099 3092 2162 deponat
3129 2113 3388 2163 errorem,
3422 2107 3474 2153 et
3499 2113 3588 2151 va.

2015 2187 2111 2226 cua
2136 2182 2251 2236 est;
2284 2170 2375 2224 sed
2404 2174 2446 2224 si
2478 2171 2673 2235 iniusta
2700 2179 2811 2236 est,
2846 2178 2994 2222 tanto
3019 2184 3136 2223 cam
3162 2184 3351 2222 curare
3373 2184 3477 2222 non
3500 2168 3590 2222 de-

2016 2243 2127 2307 bet,
2156 2250 2353 2308 quanto
2380 2241 2519 2310 apud
2570 2241 2737 2294 Deum
2768 2250 2821 2292 ct
2849 2241 3140 2293 Ecclesium
3181 2239 3297 2306 ejus
3328 2240 3593 2310 neminem

2018 2321 2195 2381 potest
2228 2312 2404 2378 iniqua
2449 2326 2672 2378 gravare
2702 2311 2985 2363 sen'entia.
3022 2310 3092 2362 Ita
3128 2324 3257 2379 ergo
3286 2324 3343 2381 se
3365 2324 3470 2381 non
3496 2309 3601 2381 ab-

2016 2378 2150 2437 Solvi
2201 2382 2502 2449 desideret,
2544 2396 2646 2450 qua
2701 2395 2760 2436 se
2813 2383 3113 2435 nullatenus
3163 2380 3417 2448 perspicit
3459 2378 3595 2433 obli-

2014 2462 2214 2523 gutum.

2196 2560 2443 2599 GELASIUS
2474 2544 2489 2575 ¹
2522 2558 2785 2599 certortrto
2818 2560 2883 2596 ετ
2922 2557 3089 2597 νετιιο
3127 2556 3407 2596 ειιιεοορις.

2087 2634 2483 2706 Implorantibus
2504 2636 2845 2703 patrocinium
2874 2634 3094 2703 cpiscotti
3120 2634 3295 2686 debent
3318 2633 3514 2687 ade~se.

2087 2726 2232 2782 Licet
2262 2727 2512 2781 omnibus
2533 2728 2598 2780 de
2619 2725 2768 2778 nobis
2792 2725 3131 2792 sperantibus
3155 2740 3257 2777 non
3281 2723 3594 2792 debeamus,

2014 2798 2068 2851 in
2098 2806 2353 2867 quantum
2406 2811 2725 2863 possumus,
2758 2810 2854 2849 nes
2886 2810 3119 2863 negare;
3149 2794 3268 2867 plus
3311 2804 3485 2867 tamen
3518 2795 3595 2845 vi-

2014 2864 2237 2922 duarum
2262 2879 2315 2922 et
2346 2868 2710 2936 orphantrum
2733 2880 2944 2936 causas,
2962 2872 3016 2919 et
3042 2864 3599 2936 impensiustlut'imtis

2012 2934 2423 3005 exsequendas,
2443 2952 2576 3006 quas
2599 2936 2733 2990 tueri
2758 2950 2789 2990 a
2820 2935 2995 3006 nobis,
3036 2936 3121 2989 vel
3150 2935 3217 2989 ab
3238 2934 3483 2989 omnibus
3512 2934 3594 2988 di-

2014 3009 2133 3063 vina
2167 3006 2477 3063 manifestat
2503 3008 2748 3062 assertio.

2245 3135 2495 3176 GELASIUS
2526 3133 2751 3174 LEONTIO
2779 3134 2843 3173 ET
2878 3133 3047 3173 ρετιῑο
3074 3131 3358 3172 Εριςεονιε.

2088 3210 2339 3279 Quisquis
2364 3211 2415 3264 in
2438 3209 2665 3280 negotiis
2704 3209 2814 3262 suis
2861 3210 3026 3263 nostri
3058 3208 3290 3280 nominis
3338 3207 3595 3261 interces-

2018 3283 2172 3337 sione
2196 3290 2375 3347 sperat
2404 3279 2769 3334 sibi'remedia
2804 3295 2961 3345 posse
3001 3279 3253 3344 con‘erri,
3289 3294 3452 3348 prona
3497 3293 3595 3333 nos

2018 3358 2271 3410 convenit
2296 3353 2637 3406 animositate
2662 3352 2919 3418 priestari.

2143 3456 2395 3499 GELASIUS
2425 3457 2618 3502 CLERO.
2651 3456 2848 3505 ORDL‘il,
2879 3456 2943 3494 ΕΤ
2968 3454 3117 3494 PLEBI
3148 3441 3167 3470 ²
3192 3454 3485 3494 Βηειιωεειι.

2088 3533 2118 3573 δ
2148 3536 2420 3589 Concesso
2448 3533 2598 3587 vobis
2620 3546 2776 3600 quem
2805 3530 3012 3601 petistis
3031 3530 3267 3585 antistite
3295 3531 3458 3584 fratre
3482 3529 3592 3600 jam

2017 3616 2072 3663 et
2100 3606 2421 3673 coepiscopo
2468 3618 2587 3657 meo
2613 3602 2849 3666 Iuliano,
2884 3603 3241 3673 necessarium
3282 3601 3592 3673 fuiteodem

2018 3678 2085 3731 ad
2118 3672 2409 3730 Ecclesiam
2433 3689 2582 3727 suam
2616 3689 2736 3726 mox
2771 3673 3019 3737 remisso,
3043 3672 3106 3726 ad
3130 3687 3223 3725 vos
3252 3681 3434 3726 nostra
3465 3672 3595 3725 scri~

2019 3758 2105 3816 pta
2153 3748 2358 3814 pariter
2403 3743 2708 3802 destinare.
2762 3744 2956 3813 quibus
2992 3743 3393 3816 agnoscentis,
3424 3742 3596 3796 eidem

2018 3812 2183 3871 fuisse
2206 3824 2528 3884 praeceptum
2553 3830 2619 3868 ne
2648 3812 2883 3883 unquam
2910 3812 3275 3867 ordinationes
3307 3820 3597 3880 pra-sumat

2020 3888 2254 3942 illicitas.
2283 3885 2361 3940 Ne
2391 3885 2681 3953 bigamum,
2711 3893 2765 3939 et
2803 3884 2892 3951 qui
2938 3884 3195 3953 virginem
3244 3898 3345 3937 non
3373 3892 3455 3936 est
3483 3897 3597 3935 sor-

2018 3960 2145 4012 titus
2196 3969 2415 4009 uxorem
2438 3999 2453 4023 ,
2487 3964 2646 4023 atque
2676 3954 3037 4016 illitteratum,
3078 3955 3162 4006 vel
3205 3953 3513 4016 obnoxium,
3536 3953 3595 4023 in

2019 4029 2194 4095 aliqua
2247 4033 2397 4094 parte
2445 4022 2705 4095 corporis
2737 4023 2999 4095 debilem_
3027 4030 3377 4095 notatumque
3425 4022 3598 4095 modis

2018 4090 2268 4153 omnibus
2293 4095 2358 4148 ad
2384 4090 2568 4149 sacros
2591 4093 2808 4148 ordines
2831 4090 3106 4159 permittat
3133 4091 3411 4146 accedere.
3443 4091 3599 4157 Quod

2017 4167 2179 4223 etiam
2203 4166 2268 4220 tle
2293 4164 2589 4234 peregrinis
2620 4172 2781 4234 atque
2810 4161 3092 4234 incognitis
3115 4161 3200 4215 vel
3223 4160 3597 4234 erpetentibus

2018 4251 2210 4292 cavere
2236 4231 2473 4298 debebit,
2505 4234 2627 4302 quia
2661 4231 2960 4302 huiusmodi
2986 4246 3015 4285 a
3040 4231 3438 4286 venerabilibus
3466 4246 3598 4300 pro-

2020 4308 2275 4362 hibentur
2295 4304 2504 4367 officiis,
2527 4301 2600 4358 ac
2631 4301 2762 4356 nihil
2788 4317 2854 4356 ex
2882 4301 3191 4356 ministeriis
3214 4310 3375 4371 atque
3403 4312 3599 4356 ornatu

2018 4386 2290 4448 postremo
2310 4374 2387 4448 ide
2412 4377 2816 4448 quacunquere
2844 4387 3005 4448 quam
3057 4380 3269 4448 constat
3314 4372 3381 4425 ad
3424 4371 3599 4448 eccle~

320 4447 406 4499 vel
437 4441 505 4502 de
532 4449 768 4503 fidelium
794 4441 1087 4515 oblatione,
1110 4453 1191 4507 vel
1214 4441 1284 4505 de
1315 4441 1417 4506 hac
1442 4453 1569 4505 fiant
1596 4441 1768 4505 modis
1796 4465 1912 4504 om-
1938 4451 1991 4513 D
2018 4441 2152 4502 siam
2187 4441 2477 4514 pertinere,
2509 4441 2706 4499 audeat
2744 4442 2798 4497 in
2843 4441 3083 4515 alterum
3108 4441 3345 4515 qualibet
3388 4442 3598 4497 ratione

325 4516 483 4570 nibus
508 4520 800 4582 pensione:
822 4521 895 4575 ita
919 4529 978 4575 ut
998 4536 1156 4576 unam
1187 4521 1284 4577 sibi
1313 4521 1465 4576 tollat
1488 4522 1729 4585 antistes,
1751 4519 1909 4576 aliam

321 4587 531 4660 clericis
562 4604 662 4660 pro
708 4606 806 4645 suo
831 4592 1032 4660 judicio
1076 4599 1132 4647 et
1160 4591 1427 4647 electione
1474 4591 1774 4660 dispertiat,
1803 4600 1911 4646 ter-

323 4658 451 4731 tiam
481 4658 806 4731 pauperibus
832 4658 933 4716 sub
962 4663 1104 4716 omni
1129 4662 1458 4718 conscientia
1486 4658 1645 4716 faciat
1666 4663 1905 4731 erogari:

321 4726 541 4783 fabricis
569 4726 701 4803 vero
725 4739 985 4803 quartam
1005 4772 1020 4797 ,
1051 4748 1171 4803 qum
1201 4733 1489 4801 competit,
1521 4732 1585 4785 ad
1618 4726 1911 4803 ordinatio-

320 4812 442 4851 nem
494 4800 799 4867 pontificis,
854 4800 1161 4867 erogatiune
1211 4800 1389 4857 vestra
1420 4802 1760 4858 decernimus
1789 4816 1909 4856 esse

321 4869 675 4933 pensandatn.
711 4871 768 4925 Si
798 4871 927 4940 quid
962 4872 1101 4927 forte
1130 4872 1234 4926 sub
1273 4887 1447 4927 annua
1479 4873 1778 4927 remanebit
1804 4887 1904 4925 ex-

318 4951 511 5007 pensa,
540 4940 717 4996 electo
746 4940 943 4998 idoneo
972 4942 1039 4998 ab
1065 4951 1289 5014 utraque
1318 4952 1471 5013 parte
1508 4942 1763 5009 custode,
1799 4951 1905 4997 tra-

391 5102 418 5130 ι
451 5092 679 5147 Exstant
706 5093 820 5150 hac
844 5096 1002 5152 verba
1031 5096 1085 5152 in
1110 5106 1337 5152 tractatu
1368 5097 1561 5153 Felicis
1588 5096 1652 5152 lll
1677 5096 1744 5153 de
1770 5096 1905 5153 Aca-

315 5164 403 5216 cio
426 5164 532 5217 rite
561 5165 836 5227 damnato,
873 5165 959 5221 hic
987 5168 1112 5220 dato
1139 5183 1205 5223 ex
1234 5167 1462 5223 Maffeio.
1505 5168 1690 5223 Mansr.

389 5232 416 5269 δ
439 5230 717 5305 integrum
757 5236 890 5289 hanc
928 5238 1199 5305 epistolam
1235 5237 1518 5292 Gratianus
1555 5239 1609 5291 in
1646 5239 1777 5290 duas
1807 5238 1911 5291 dis-

316 5303 495 5377 tinxit,
522 5302 724 5358 diverso
761 5310 925 5375 etiam.
953 5302 1104 5362 titulo
1143 5309 1392 5377 prce/iro;
1420 5325 1538 5360 nam
1566 5308 1629 5361 ab
1656 5309 1760 5362 illis
1803 5325 1912 5363 ver-

314 5375 437 5447 bis,_
459 5375 731 5447 tioncesso
756 5377 910 5447 vobis
932 5394 1090 5447 usque
1107 5375 1176 5430 ad
1199 5375 1291 5433 illa
1317 5379 1624 5433 redditurus
1653 5379 1908 5445 examini,

314 5445 525 5520 tiinlum
552 5446 776 5520 praﬁxit
802 5446 960 5520 clero,
999 5445 1046 5501 et
1072 5448 1264 5520 ordini,
1292 5459 1338 5503 et
1364 5450 1497 5520 plebi
1536 5447 1821 5520 Brundusii
1842 5453 1913 5504 ita

318 5514 405 5575 l2,
434 5525 626 5594 quaest.
649 5518 704 5579 2,
730 5532 853 5594 can.
878 5516 981 5594 2f}:
1008 5519 1081 5573 Ab
1104 5519 1206 5594 illis
1227 5514 1387 5594 verbis
1409 5519 1909 5594 venerabilisetiam

316 5587 572 5649 baptismi
616 5601 770 5653 usque
812 5587 863 5640 in
896 5588 1049 5653 ﬁnem
1093 5589 1266 5645 relatis
1306 5591 1373 5648 de
1400 5603 1643 5647 cousecr.
1697 5589 1823 5646 dist.
1854 5590 1908 5657 ι,

394 5720 408 5750 ⁸
450 5720 608 5776 Forte
639 5720 872 5778 Leontio.

2019 4512 2333 4573 transferre.
2369 4515 2592 4570 Reditus
2613 4523 2668 4569 et
2694 4513 2991 4568 oblationes
3018 4512 3252 4566 ﬁdelium
3286 4512 3337 4565 in
3367 4519 3597 4580 quatuor

2020 4599 2198 4657 partes
2226 4585 2447 4650 dividat,
2480 4598 2704 4657 quarum
2734 4583 2837 4637 sibi
2863 4597 3024 4638 unam
3054 4582 3155 4651 ipsi
3188 4582 3598 4657 retineat,__alte-

2017 4651 2132 4714 ram
2159 4657 2368 4713 clericis
2399 4651 2509 4723 pro'
2523 4654 2823 4708 officiorum
2866 4667 3099 4723 suorum
3117 4651 3598 4723 sedulitatedistri-

2018 4729 2166 4792 buat,
2222 4721 2435 4781 fabricis
2467 4725 2708 4785 tertiam.
2738 4739 2961 4787 quarum
3003 4721 3265 4778 rationem
3309 4721 3491 4777 divino
3514 4730 3599 4776 est

2017 4799 2323 4853 redditurus
2367 4795 2622 4850 examini.
2667 4794 2851 4849 Sacris
2878 4808 3092 4864 quoque
3120 4792 3398 4864 ordinibus
3420 4792 3595 4860 appli-

2015 4869 2237 4933 candos,
2263 4869 2361 4921 hac
2377 4865 2752 4921 observatione
2769 4862 3104 4933 promoveat,
3133 4862 3412 4932 utjejunio
3437 4877 3598 4933 quar-

2015 4941 2079 5007 ti,
2109 4932 2320 5008 septimi
2345 4946 2400 4991 et
2423 4933 2619 4991 decimi
2649 4932 2852 4991 mensis
2881 4947 3108 5003 vespere
3137 4934 3345 4989 sabbati
3374 4932 3597 5004 presby-

2012 5110 2138 5152 can.
2171 5095 2260 5159 l7,
2285 5093 2464 5160 incipit
2486 5108 2639 5145 novus
2666 5107 2831 5145 canon
2859 5106 2977 5144 cum
2998 5089 3439 5146 titulo:Gelasius
3461 5106 3596 5159 papa

2018 5167 2167 5220 clero
2190 5177 2241 5219 et
2272 5165 2408 5231 plebi
2438 5162 2765 5217 Tarentinas.
2798 5160 3041 5232 Profecto
3061 5160 3170 5215 Ittec
3200 5162 3434 5232 leguntur
3459 5162 3511 5215 in
3533 5164 3598 5217 li-

2019 5238 2106 5290 bro
2156 5237 2357 5289 Diurno
2400 5235 2762 5287 Romanorum
2798 5231 3127 5299 pontificum,
3173 5244 3218 5285 et
3251 5231 3343 5286 est
3370 5233 3597 5300 formula

2016 5309 2301 5361 litterarum
2327 5320 2440 5375 qua:
2477 5304 2805 5357 tradebantur
2832 5304 3082 5373 episc0pis
3112 5319 3282 5375 recens
3300 5302 3593 5375 “ordinatis.

2016 5380 2080 5431 At
2108 5376 2240 5429 hanc
2263 5371 2538 5445 formulam
2559 5384 2819 5445 acceptam
2840 5389 2948 5427 esse
2974 5371 3037 5428 ea:
3062 5373 3265 5439 scriptis
3286 5371 3479 5445 Gelasii
3504 5390 3596 5445 sa-

2018 5449 2082 5501 tis
2119 5442 2313 5501 indicat
2338 5454 2563 5504 vetustus
2607 5442 2851 5500 Lucensis
2901 5445 3063 5498 codex
3104 5442 3499 5509 manuscriptus,
3543 5443 3597 5497 in

2014 5534 2114 5587 quo
2154 5518 2261 5569 Ita’c
2292 5515 2410 5587 ipsa
2431 5514 2657 5587 formula
2693 5516 2784 5569 sub
2815 5514 3004 5569 Gclasii
3025 5515 3226 5587 nomine
3270 5512 3470 5587 legitur.
3508 5511 3597 5569 Est

2016 5581 2185 5641 autem
2208 5586 2368 5639 cades:
2398 5581 2484 5639 ille
2504 5584 2690 5641 saeculo
2711 5595 2922 5643 exeunte
2947 5588 3037 5642 Vtit
3059 5584 3298 5652 scriptus.
3331 5581 3520 5637 MANSI.

2082 5728 2101 5760 ‘
2133 5725 2218 5783 Al.
2255 5724 2559 5782 Brundusii.
