4098 6172
338 469 508 487 ’1-1
528 467 2183 484 -Ἡ

1019 560 1848 674 ΔΡΡΕΠΙΠ

1957 560 1981 671 :
2054 530 2823 672 unum.
3565 589 3572 699 ε

346 766 1197 854 CONCILIORUM
1275 764 1494 848 SUB
1569 761 2071 847 GELASIO
2146 761 2866 854 HABITORUM
2938 744 3510 849 RELATIO.
3569 712 3573 721 φ

615 1045 642 1072 ι
698 1031 1073 1089 CONCILIUM
1113 1032 1454 1090 ROMANUM
1491 1036 1532 1091 l.

280 1160 391 1227 Quo
422 1173 455 1209 a
489 1151 816 1227 septuaginta
838 1150 1087 1227 episcogis
1112 1150 1387 1227 lilrri_sacri
1414 1160 1462 1205 et
1490 1151 1769 1227 authentici
1801 1152 1869 1227 ob

354 1219 805 1292 apocry’phis‘sunt
833 1219 1060 1292 discreti,
1081 1221 1181 1292 sub
1212 1219 1440 1285 Gelasio,
1473 1238 1611 1276 anno
1661 1221 1868 1277 Domini

343 1287 449 1353 «594
478 1287 676 1349 Asteria
701 1300 851 1359 atque
887 1287 1141 1344 Prmidio
1172 1292 1485 1357 consulibus.

280 1476 304 1515 δ
331 1483 475 1534 Ordo
501 1481 517 1511 ¹
534 1478 784 1532 librorum
820 1474 1016 1529 Veteris
1040 1473 1347 1526 Testamenti
1375 1489 1523 1542 quem
1557 1483 1580 1512 ε
1612 1483 1792 1528 sancta
1820 1485 1868 1527 et

342 1551 601 1605 catholica
635 1548 868 1601 Romana
890 1543 1101 1611 suscipit
1132 1553 1465 1611 etAveneratur
1493 1542 1753 1603 Ecclesia.
1786 1544 1867 1595 di-

340 1631 515 1702 gestus
538 1638 571 1673 a
590 1620 734 1672 beato
758 1615 962 1671 Gelasio
984 1609 1121 1683 papa
1163 1609 1193 1666 1
1236 1628 1354 1666 cum
1393 1615 1725 1684 septuaginta
1758 1613 1868 1677 epi-

340 1708 536 1761 scapis.

277 1801 502 1860 Genesis
532 1798 671 1853 liber
699 1810 859 1850 unus.

276 1873 443 1927 Exodi
479 1872 616 1925 liber
646 1883 803 1921 unus.

275 1942 500 1998 Levitici
533 1940 672 1994 liber
700 1948 856 1989 unus.

274 2013 490 2069 Numeri
515 2010 654 2064 liber
682 2019 841 2061 unus.

275 2079 674 2137 Deuteronomii
700 2077 834 2130 liber
862 2087 1022 2127 unus.

274 2153 390 2207 Jesn
424 2166 579 2220 nave
596 2145 805 2220 [Josue]
833 2144 967 2200 liber
992 2157 1151 2198 unus.

275 2223 515 2278 iudicum
546 2219 684 2273 liber
709 2230 865 2270 unus.

278 2293 412 2347 ilth
441 2290 587 2346 liber
615 2302 773 2341 unus.

278 2364 583 2432 Regnorum
616 2354 1013 2432 [llegnrnjliliri
1040 2361 1289 2425 quatuor.

278 2425 740 2499 Paralipomenon
771 2425 891 2499 libri
919 2425 1047 2479 duo.

274 2497 611 2557 Psalmorum
644 2499 746 2552 150
770 2497 902 2551 liber
928 2508 1090 2551 unus.

274 2570 585 2626 Salomonis
608 2568 731 2622 libri
764 2575 875 2622 tres
906 2583 921 2621 :

271 2641 587 2705 Proverbia,

274 2712 656 2772 Ecclesiastes,
688 2714 743 2762 et

272 2782 491 2837 Cantica
520 2778 881 2834 canticorum.

272 2852 398 2907 Item
430 2848 725 2917 Sapientia:
752 2847 887 2900 liber
916 2859 1053 2900 unus
1079 2846 1120 2897 '.

273 2920 682 2976 Ecclesiasticus
710 2918 847 2971 liber
872 2930 1030 2969 unus.

273 2991 398 3047 Item
424 2990 563 3046 ordo
595 2988 973 3058 pr0phetarum
1004 2984 1063 3041 ἐ

338 3134 365 3163 ι
389 3125 473 3180 Ad
508 3121 669 3178 fidem
696 3121 1011 3177 catholicam
1042 3119 1240 3175 illibate
1270 3119 1672 3175 custodiendam
1702 3161 1716 3183 ,
1747 3120 1857 3175 dis-

274 3197 408 3250 sidla
444 3193 679 3249 tollenda
705 3236 721 3260 ,
755 3207 1048 3262 pacemque
1080 3194 1131 3245 in
1167 3190 1405 3245 Ecclesia
1446 3192 1855 3262 restituendam,

272 3265 511 3337 pontifex
546 3279 648 3317 una
678 3261 800 3337 cum
833 3261 1062 3337 concilio
1083 3262 1156 3337 .in
1188 3275 1260 3337 eo
1274 3262 1613 3337 potissimum
1647 3261 1857 3337 labora-

274 3330 363 3403 uit,
397 3346 458 3391 ut
501 3334 809 3403 apostolicae
839 3342 893 3403 et
922 3330 1201 3385 mtlrolica:
1248 3331 1496 3403 lictjlesim
1545 3332 1854 3403 communio

274 3401 414 3461 nulla
448 3401 552 3459 vel
582 3404 683 3458 levi
725 3402 929 3457 macula
960 3415 1247 3470 conspersa
1274 3442 1290 3465 ,
1334 3401 1530 3455 illibata
1563 3401 1771 3467 penitus
1800 3412 1855 3455 et

274 3477 552 3543 impolluta
584 3482 725 3527 sarta
770 3486 835 3526 ac
861 3481 1004 3543 teeta
1040 3472 1369 3543 inomnibus
1409 3480 1735 3543 seruaretur.
1771 3471 1849 3525 Ad

274 3541 367 3599 hoc
394 3557 579 3600 autem
612 3541 969 3612 prasstandum
1014 3542 1382 3612 sollicitiorem
1422 3556 1603 3612 curam
1648 3541 1854 3612 impen-

271 3618 431 3676 dens.
466 3630 578 3669 non
615 3610 791 3668 solum
823 3612 1123 3665 vindicasse
1150 3611 1317 3665 voluit
1348 3613 1514 3679 ipsam
1553 3610 1848 3665 Ecclesium

270 3687 333 3739 ab
360 3685 615 3741 omnibus
640 3724 655 3745 ,
707 3690 764 3736 ut
792 3696 1004 3748 semper
1035 3682 1167 3743 fuit,
1212 3681 1504 3736 immunem
1556 3680 1849 3736 literesibns

270 3766 423 3824 atque
455 3753 832 3824 hmreticorum
863 3753 1168 3815 consortio;
1204 3750 1304 3824 sed
1346 3759 1402 3804 ut
1438 3766 1556 3805 eam
1599 3750 1849 3805 redderet

270 3840 299 3877 a
326 3822 614 3893 pravorum
656 3823 976 3893 scriptorum
1006 3822 1325 3893 contagione
1354 3835 1596 3893 securam
1622 3860 1651 3893 ,ί
1685 3836 1847 3875 omne

269 3890 498 3949 studium
522 3890 805 3959 adhibens,
836 3891 1103 3945 delectum
1148 3890 1332 3944 habuit
1361 3891 1842 3945 ecclesiasticorum

1890 1043 1941 1099 Α
1974 1038 2123 1094 Isaiae
2149 1040 2285 1095 liber
2306 1052 2465 1096 unus.

1970 1107 2219 1164 Jeremize
2253 1109 2387 1163 liber
2413 1122 2568 1163 unus.

1973 1178 2190 1239 CillOlit,
2214 1178 2263 1233 id
2291 1192 2396 1243 est,
2425 1178 2492 1232 de
2521 1175 2991 1230 lamentationibus
3017 1176 3146 1227 su‘s.

1974 1248 2270 1305 Ezechielis
2302 1248 2433 1301 liber
2460 1261 2616 1301 unus.

1972 1318 2207 1373 Danielis
2234 1320 2371 1373 liber
2404 1332 2559 1370 unus,

1970 1389 2122 1443 Oscae
2150 1390 2286 1443 liber
2317 1403 2474 1442 unus.

1968 1457 2136 1512 Amos
2166 1460 2297 1513 iibt‘l‘
2325 1472 2462 1511 unus

1970 1528 2205 1582 Michaue
2236 1528 2370 1583 liber
2394 1541 2549 1581 unus.

1968 1597 2081 1652 Joel
2111 1599 2243 1651 liber
2274 1613 2431 1651 unus.

1969 1668 2156 1722 Abdita
2186 1668 2319 1723 liber
2349 1684 2503 1721 unus.

1966 1737 2117 1792 Jonas
2148 1738 2281 1792 liber
2307 1752 2463 1791 turns.

1967 1806 2175 1862 Nabum
2206 1808 2344 1862 liber
2369 1823 2528 1860 unus.

1970 1877 2217 1931 Habacuc
2248 1877 2383 1931 liber
2414 1894 2569 1931 unus.

1968 1946 2255 2016 Sophoniae
2287 1947 2420 2000 liber
2440 1962 2596 2002 unus.

1970 2017 2151 2085 Λεξεωί
2184 2018 2316 2071 liber
2344 2032 2501 2071 unus.

1972 2085 2245 2139 Zacharize
2275 2086 2410 2139 liber
2439 2102 2601 2141 unus.

1971 2157 2242 2211 Malachize
2272 2155 2407 2209 liber
2437 2171 2592 2210 unus.

1968 2224 2099 2279 Item
2132 2226 2266 2280 ordo
2296 2224 2633 2280 historiarum
2658 2244 2670 2280 :

1968 2295 2070 2350 Job
2098 2295 2231 2350 liher
2262 2310 2415 2360 unus,
2448 2298 2509 2348 ab
2530 2299 2647 2351 aliis
2672 2296 2906 2351 omissus.

1972 2365 2154 2419 Tobim
2183 2366 2317 2419 liber
2346 2381 2507 2421 unus.

1897 2424 1945 2483 B
1976 2434 2157 2489 Esdrm
2188 2436 2209 2467 ⁸
2239 2436 2375 2490 liber
2404 2450 2566 2491 unus;

1969 2504 2166 2585 Esther
2182 2504 2423 2628 {Hester}
2456 2507 2590 2561 liber
2614 2522 2769 2560 unus.

1969 2574 2150 2628 Judtth
2202 2575 2318 2628 iber
2346 2590 2502 2628 unus.

1966 2574 2150 2628 Judith
2182 2574 2318 2629 liber
2346 2574 2502 2629 unus.

1968 2644 2396 2701 Machabteorum
2426 2646 2563 2701 liber
2593 2661 2732 2700 unus
2759 2646 2904 2717 [libri
2930 2643 3080 2716 duo].

1962 2752 2095 2808 Item
2114 2754 2239 2825 ordo
2260 2755 2631 2821 scripturarum
2649 2755 2762 2807 novi
2782 2764 2828 2808 et
2848 2755 3026 2809 (ειενηὶ
3053 2754 3355 2808 Testameuti
3380 2754 3547 2825 [φαίνῃ

2040 2824 2295 2966 cumcirca
2320 2835 2496 2878 sancta
2519 2825 2754 2879 Romana
2796 2826 3008 2895 suscipit
3048 2832 3097 2879 et
3142 2823 3406 2881 ueneratur
3450 2823 3549 2878 Ec-

2038 2911 2064 2947 c
2089 2909 2193 2949 esto
2226 2936 2240 2949 .

1970 2989 2383 3060 Evangeliorum
2413 2988 2533 3044 libri
2560 2998 2809 3060 quatuor.

1964 3124 2238 3185 stamenti.
2292 3124 2450 3179 iidem
2496 3139 2634 3193 pene
2690 3139 2878 3179 omnes
2914 3122 3161 3180 recensiti
3215 3131 3339 3178 sunt
3389 3138 3547 3191 supra

1963 3209 2169 3247 canon~-
2200 3195 2391 3248 ultimo
2443 3192 2657 3249 concilii
2684 3195 2993 3259 Laodiceni,
3020 3204 3070 3249 et
3096 3209 3300 3248 canone
3326 3192 3395 3246 47
3422 3210 3546 3247 con-

1962 3264 2069 3317 cilii
2097 3263 2533 3332 Carthaginensis
2556 3281 2610 3319 Ill
2633 3283 2647 3331 ;
2672 3266 2796 3319 item
2829 3266 2987 3333 epist.
3016 3266 3049 3319 5
3074 3264 3365 3333 innocentii
3390 3264 3547 3331 primi

1968 3333 2034 3387 ad
2080 3336 2425 3403 Exuperium.
2468 3334 2737 3391 Canonem
2786 3332 3150 3402 apostolorum
3202 3332 3292 3397 ει,
3371 3342 3548 3400 utpote

1959 3420 2065 3466 quo
2101 3407 2238 3458 sacri
2270 3408 2620 3470 omittuntur,
2652 3404 3019 3475 etapocryphi
3058 3407 3118 3475 in
3151 3418 3432 3475 numerum
3462 3416 3547 3458 sa-

1958 3488 2175 3528 crorum
2203 3475 2529 3542 referuntur,
2556 3478 2796 3543 spurium
2818 3474 2938 3530 esse
2958 3486 3013 3530 et
3035 3474 3375 3543 illegitimum
3388 3487 3546 3541 supra

1960 3544 2012 3597 in
2043 3546 2181 3597 notis
2209 3545 2448 3611 ejusdem
2474 3542 2696 3601 canunis
2720 3547 2938 3613 copiose
2966 3545 3316 3599 ostendimus.
3337 3542 3547 3597 Veteris

1958 3628 2021 3668 ac
2060 3615 2187 3668 Νονί
2216 3616 2545 3669 Testamenti
2577 3616 2740 3671 libros
2779 3630 2962 3670 sacros
2983 3630 3010 3667 a
3042 3614 3306 3670 calumnia
3335 3613 3548 3667 haereti-

1956 3699 2140 3738 corum
2170 3686 2409 3739 omnium
2444 3686 2689 3740 liberavit
2731 3685 3043 3740 doctissime
3084 3694 3139 3739 et
3177 3684 3545 3752 copiosissime

1956 3755 2435 3810 reverendissimus
2473 3764 2526 3809 et
2576 3756 2966 3810 illustrissimus
2997 3755 3283 3809 cardinalis
3333 3753 3541 3807 Bellar-

1956 3825 2132 3894 niinus
2160 3833 2272 3879 toto
2296 3826 2386 3879 lib.
2422 3842 2434 3879 ι
2464 3826 2530 3879 de
2558 3826 2733 3881 Verbo
2765 3826 2857 3881 Dei
2898 3826 3125 3894 scripto;
3156 3822 3543 3894 illustrissimus

1954 3893 2077 3947 item
2102 3896 2387 3949 cardinalis
2415 3897 2673 3950 Baronius
2696 3904 2828 3950 tom.
2860 3896 2874 3949 I
2900 3893 3205 3959 Annalium,
3234 3895 3459 3948 diversis
3491 3893 3542 3948 in

269 3964 528 4019 librorum
562 3965 649 4031 qui
672 3964 930 4035 hactenus
959 3960 1210 4035 editilegi
1234 3960 1851 4035 soltgrent:_distiriguens
1881 3965 1929 4030 ο
1960 3963 2122 4029 locis,
2172 3967 2230 4021 S.
2286 3966 2462 4028 Pauli,
2507 3968 2749 4035 aliasque
2797 3966 3081 4035 canonicos
3123 3964 3375 4035 epistolas
3415 3978 3536 4035 cum

270 4030 652 4101 separansqne,
673 4032 820 4100 quasi
852 4046 912 4084 os
941 4031 1165 4093 domini,
1187 4030 1531 4101 mundumiab
1554 4031 1851 4096 immundo,

268 4100 633 4160 et’secernens
661 4106 948 4171 pretiosum
979 4115 1007 4153 a
1038 4100 1152 4155 \ili.
1184 4101 1349 4169 Cujus
1389 4100 1466 4154 rei
1511 4102 1853 4169 perﬁciendae

268 4178 427 4243 gratia
455 4177 739 4229 decretum
760 4172 1035 4227 constituit
1074 4172 1143 4225 ab
1174 4172 1699 4243 Ecclesiacatholica
1718 4186 1855 4243 Aper-

272 4240 421 4311 pein
455 4243 807 4305 servandum,
852 4244 904 4295 in
945 4257 1049 4311 quo
1081 4251 1199 4309 post
1228 4242 1519 4297 recensitos
1550 4240 1759 4295 Veteris
1788 4256 1853 4294 ac

269 4313 392 4368 Novi
420 4313 757 4369 Testarnenti
786 4314 946 4366 libros
964 4312 1275 4372 canonicos.
1303 4312 1499 4381 adjecit
1526 4311 1591 4365 de
1622 4314 1853 4380 primatu

270 4383 524 4439 Romana:
556 4384 812 4439 Ecclesia:
853 4392 907 4436 et
934 4383 1159 4436 aliarum
1193 4381 1620 4451 patriarchalium
1658 4381 1851 4435 Eccle-

268 4455 460 4510 siarum
495 4455 739 4523 juribns,
769 4452 835 4506 ad
865 4452 1261 4520 reprimendam
1307 4452 1849 4523 Constantinopolita-

268 4539 447 4579 norum
496 4520 800 4578 antistitum
851 4523 1317 4590 praasumptionem
1367 4532 1422 4576 et
1460 4520 1738 4576 audaciam
1768 4520 1850 4576 in-

269 4594 617 4664 fringendam,
649 4610 750 4664 qna
782 4608 841 4647 se
870 4594 1097 4647 Aeacius
1128 4597 1379 4664 primum,
1424 4592 1546 4664 inde
1574 4593 1690 4661 ejus
1719 4606 1847 4645 suc-

267 4662 501 4721 cess-ores
563 4662 825 4719 adversus
892 4664 1183 4733 Romanam
1244 4662 1542 4718 Ecclesiatn
1598 4673 1850 4733 proterve

269 4738 417 4790 nimis
443 4744 755 4790 erexerant.
790 4735 918 4789 Sev.
951 4732 1151 4787 BINIUS.

328 4809 353 4844 ιι
397 4810 676 4875 Quotquot
726 4805 825 4859 hoc
869 4804 986 4857 loco
1040 4811 1442 4875 enumerantur,
1476 4812 1557 4875 et
1590 4801 1643 4857 in
1683 4816 1853 4875 rano-

264 4890 376 4931 nem
404 4872 689 4933 sacrorum
734 4875 991 4930 librorum
1026 4872 1328 4929 referuntur
1366 4874 1485 4929 libri
1519 4873 1725 4929 Veteris
1754 4872 1855 4928 Te-

330 4995 342 5023 ¹
381 4994 471 5046 Est
497 4993 550 5045 in
583 4992 901 5045 collectione
921 4988 1131 5053 lsidori,
1158 4989 1308 5055 cujus
1329 4987 1653 5057 exemplaria
1693 4996 1847 5041 vetu-

261 5064 491 5115 stissima
521 5064 628 5115 duo
658 5072 785 5115 sunt
814 5065 864 5112 in
896 5060 1025 5113 bibl.
1058 5057 1277 5127 Collegii
1316 5059 1486 5112 Paris.
1528 5059 1652 5114 Soc.
1694 5058 1841 5112 Jesu.

259 5132 309 5184 In
337 5150 435 5185 ms.
461 5134 583 5187 cml.
615 5132 945 5187 Dacheriano
974 5129 1306 5183 eolleetionis
1348 5127 1686 5199 Dionysiante
1716 5166 1731 5191 ,
1788 5134 1847 5199 ut

257 5214 421 5267 potnt,
454 5208 731 5257 decretum
762 5202 861 5255 hoc
883 5200 1110 5254 Damaso
1142 5200 1412 5253 tribuitur.
1450 5197 1512 5253 Et
1534 5198 1752 5265 Baron.,
1777 5197 1843 5251 ad

256 5290 339 5325 an.
374 5275 463 5332 69.
493 5289 558 5327 es
605 5272 834 5325 concilio
864 5271 1103 5323 llomano
1131 5269 1232 5323 sub
1262 5269 1513 5333 Damaso,
1544 5269 1686 5337 quod
1713 5283 1843 5321 con-

255 5343 384 5395 tinot
428 5344 792 5397 Cresconiana
842 5343 1125 5402 collectio.
1172 5350 1376 5407 partem
1428 5339 1585 5408 hujus
1636 5338 1837 5392 decreti

1961 4036 2277 4106 Apocalypsi
2310 4036 2368 4089 S.
2398 4036 2566 4106 Joann
2592 4051 2618 4090 s
2647 4032 2875 4106 apostoli
2910 4049 2945 4106 _a
2978 4034 3157 4106 lurore
3179 4043 3233 4086 et
3261 4032 3529 4106 dementia

1961 4101 2328 4159 haereticorum
2364 4104 2654 4158 vindicavit
2683 4101 2698 4157 Ξ
2731 4105 2797 4159 ad
2840 4103 3139 4157 evitandam
3187 4101 3540 4169 prolixitatem

1956 4173 2133 4227 isthuc
2160 4175 2409 4229 lectorem
2434 4175 2755 4229 benevolum
2777 4174 3012 4227 remitto.
3038 4171 3114 4225 De
3142 4171 3291 4224 libris
3315 4186 3540 4241 apocry-

1958 4244 2079 4310 pliis
2105 4258 2396 4312 eorumque
2425 4242 2730 4298 auctoribus
2758 4243 2983 4295 diversis
3012 4243 3063 4294 in
3096 4241 3226 4312 locis
3254 4242 3538 4295 Annalium

1959 4312 2216 4368 llaronius
2233 4311 2541 4382 dignissima
2567 4313 2851 4369 observatu
2877 4311 3167 4373 adnotavit,
3197 4318 3252 4365 et
3272 4318 3390 4382 post
3415 4326 3536 4365 eum

1954 4382 2219 4439 Antonius
2270 4380 2588 4440 l‘ossevinus
2628 4384 2681 4438 in
2724 4386 2995 4455 Apparatu
3054 4396 3229 4437 sacro.
3278 4380 3407 4437 Ssv.
3452 4382 3540 4435 Βι-

1956 4468 2093 4507 κως.

2027 4533 2049 4562 ε
2084 4524 2196 4580 lloc
2219 4524 2493 4579 decretum
2519 4532 2693 4579 esstat
2723 4523 2961 4578 distinet.
2992 4522 3079 4587 15,
3112 4536 3234 4577 ean.
3266 4522 3321 4575 5.
3353 4520 3538 4575 Lectio

1952 4593 2069 4662 ejus
2097 4597 2165 4649 ab
2216 4596 2459 4664 originali
2492 4604 2772 4662 tantopere
2805 4594 3096 4659 discrepat,
3144 4601 3200 4664 ut
3228 4591 3357 4664 satis
3386 4605 3537 4647 certo

1953 4661 2113 4719 statui
2139 4680 2244 4719 non
2287 4661 2593 4735 possitquae
2621 4661 2689 4720 sit
2718 4680 2845 4719 vera
2876 4674 2930 4718 et
2972 4678 3101 4735 pura
3146 4661 3343 4735 Gelasii
3368 4703 3383 4728 ,
3408 4678 3536 4735 “nec

1955 4732 2604 4803 magnopere'inirandum
2633 4738 2705 4790 sit
2730 4738 2773 4789 si
2814 4734 3069 4788 nonnulla
3111 4734 3218 4786 sint
3243 4748 3362 4803 qute
3390 4732 3536 4786 dilli-

1957 4801 2208 4859 cultato-m
2249 4806 2469 4861 faciunt.
2503 4806 2636 4860 Vide
2681 4816 2837 4860 notas
2880 4803 3288 4859 emendaturum
3334 4801 3532 4859 decreti

1956 4874 2225 4943 Gratiani,
2258 4887 2364 4932 etc.
2394 4878 2521 4932 Ssv.
2553 4877 2753 4932 BINIUS.

1958 5002 2045 5041 mo
2067 4989 2118 5042 in
2148 4988 2239 5043 lib.
2268 4989 2337 5044 de
2361 4990 2543 5043 Laude
2564 4987 2891 5057 Virginitatis
2920 5002 3039 5056 cap.
3078 4987 3136 5041 Η
3164 5031 3177 5055 ,
3219 4996 3399 5057 postea
3436 5003 3533 5041 an-

1954 5067 2061 5129 tem
2091 5058 2306 5114 Gelasio
2335 5060 2623 5129 appellato,
2653 5060 2722 5112 ab
2753 5060 3039 5112 llincmaro
3072 5059 3341 5121 Hennensi,
3382 5059 3532 5122 Lupo

1952 5127 2307 5193 Ferrariensi,
2333 5127 2551 5185 Nicolao
2582 5144 2734 5198 papa,
2767 5139 2820 5181 et
2850 5129 2903 5182 in
2932 5129 3197 5183 Chronico
3219 5128 3529 5183 Centulensi

1949 5202 2088 5266 apud
2121 5200 2460 5263 Daclierium,
2504 5212 2633 5255 lum.
2674 5199 2736 5253 IV
2762 5199 2949 5268 Spicil.
2988 5199 3113 5253 Vide
3144 5209 3195 5254 et
3227 5198 3532 5269 Capitulare

1950 5271 2161 5324 Attonis
2186 5280 2330 5325 torno
2359 5270 2491 5325 Vlll.
2546 5272 2805 5325 "annum.

2022 5340 2222 5411 ’Hunc
2252 5341 2442 5395 librum
2476 5341 2831 5411 Hieronymus
2856 5339 2992 5411 apud
3024 5338 3277 5411 liebrzeos
3308 5338 3525 5411 nonlia-

255 5415 411 5467 eshib
448 5424 486 5468 t.
539 5414 594 5466 ln
642 5429 742 5466 nis.
796 5412 1007 5466 Jurensi
1044 5404 1339 5464 llormisdte
1376 5404 1528 5478 papa}
1573 5411 1838 5472 tribuitur,
1873 5404 1923 5464 ἰ)
1952 5410 2063 5464 beri
2086 5412 2339 5473 afﬁrmat,
2371 5411 2464 5466 sed
2498 5404 2699 5464 tantum
2730 5412 2868 5477 apud
2895 5404 3137 5463 ’Gratcos.
3170 5409 3339 5474 Quem
3366 5408 3523 5461 etiam

255 5495 387 5539 te~te
411 5485 469 5537 P.
500 5484 736 5538 Labbeo.
760 5484 815 5537 In
845 5492 1028 5536 nostro
1060 5482 1365 5535 inscribitur
1390 5497 1403 5535 :
1438 5480 1635 5533 Notitia
1659 5495 1836 5533 sacra-

254 5571 361 5606 rum
393 5555 805 5623 Scriptururum,
832 5571 919 5606 seu
942 5554 1188 5606 librorum
1211 5551 1571 5623 canonicorum
1598 5566 1709 5623 cum
1732 5551 1832 5623 ide-

254 5620 523 5694 scriptione
546 5626 625 5678 vel
669 5626 997 5678 adnotatione
1044 5623 1233 5675 Ge'asii
1279 5636 1448 5694 papas.
1480 5620 1832 5694 Describitur

253 5691 650 5749 lioc‘decretutn
681 5712 711 5748 a
743 5694 1023 5749 Vincentio
1057 5693 1259 5749 ilellov.
1292 5692 1344 5747 in
1379 5691 1584 5759 prolog.
1614 5705 1733 5757 cap.
1766 5692 1831 5745 15

254 5777 301 5819 ιι
336 5768 419 5824 lt.
447 5767 612 5825 .llultu
641 5775 819 5831 antea.
852 5765 1012 5823 tacito
1036 5765 1234 5824 Gelasii
1259 5763 1492 5831 nomine,
1517 5764 1583 5817 ab
1611 5762 1832 5818 Aldhel-

1944 5483 2071 5537 Jesu
2101 5481 2265 5535 lilium
2298 5482 2483 5535 Siracli
2509 5482 2700 5534 fecisse
2726 5480 2924 5534 imlieat
2953 5479 3090 5535 sicut
3133 5481 3294 5532 aliutn
3337 5478 3525 5532 subse-

1941 5562 2190 5621 quentem
2221 5553 2434 5606 librum.
2470 5552 2729 5605 Luscus.

2012 5621 2032 5652 ³
2065 5622 2206 5673 Libri
2243 5622 2651 5690 PrOpltetarum,
2684 5636 2833 5677 num.
2868 5620 2953 5678 16.
2986 5619 3249 5674 Luscus.

2008 5691 2027 5722 ⁸
2056 5692 2166 5760 ΑΙ..
2194 5690 2309 5747 libri
2340 5695 2461 5746 duo.
2492 5692 2747 5748 Lanaeus.
