4024 6172
428 336 513 388 171

791 459 1086 502 ιυοεκειε.

492 565 756 648 Opuscula
786 564 922 619 beati
954 559 1191 629 Gregorii
1211 558 1251 611 N
1272 571 1457 611 tnzan-

422 655 537 693 sent
564 653 671 705 ept.
804 686 805 689 η

491 695 759 789 Dpuscula
803 704 858 757 Β.
908 699 1067 755 Basili
1105 695 1455 767 Cappadocia:

422 793 679 846 episcopi.

466 845 756 929 .Opuscula
788 843 845 897 Β.
873 840 1127 895 Athanasi
1157 837 1219 891 Al
1248 838 1460 892 mandi-i-

422 934 475 969 ηε
505 930 760 986 episcopi.

493 1111 756 1181 Opuscula
806 1107 1088 1178 Theophili
1120 1105 1460 1160 Alexandrini

422 1180 679 1253 episcopi.

499 1247 763 1321 Opuscula
802 1248 866 1304 Β.
900 1247 1085 1320 Cyrilli
1121 1247 1459 1301 Alexandrini

425 1323 668 1393 episcopi.

495 1384 763 1460 Opuscula
818 1391 876 1443 Β.
938 1386 1113 1443 Helat-i
1144 1387 1158 1417 ¹
1193 1384 1464 1439 Pictaben-

428 1466 498 1517 sis
520 1461 778 1528 episcopi.

497 1525 799 1600 'Opusc'ula
834 1530 893 1583 Β.
939 1528 1160 1582 Joannis
1199 1525 1461 1580 Constan-

429 1602 764 1671 tinopolitaui
797 1600 1052 1668 episcopi.

501 1663 767 1735 Oiiuseula
805 1663 865 1723 Β.
904 1663 1172 1722 Ambrosii
1211 1663 1462 1720 Mediola-

428 1743 596 1798 nensis
623 1741 877 1809 episcopi.

499 1804 761 1880 Opuscula
809 1804 873 1862 Β.
927 1807 1207 1876 Augustini
1248 1805 1268 1835 ³
1308 1804 1471 1873 Ipone

432 1882 712 1947 Regiensis
738 1880 994 1947 episcopi.

552 1945 864 2019 pascula‘li.
910 1947 1201 2001 Hieronimi
1243 1945 1466 2014 presby-

432 2022 553 2077 teri.

502 2089 767 2159 Opuscula
801 2087 941 2141 Beati
977 2085 1225 2155 Prosperi
1255 2084 1353 2139 viri
1384 2100 1461 2138 re-

435 2162 779 2230 ligiosissimi.

503 2231 526 2262 ⁸
561 2227 929 2299 Οριιςειιιειώιῖ.
982 2226 1175 2299 Leonis
1216 2239 1361 2299 papae
1401 2225 1465 2277 ad

437 2295 745 2355 Flavia-num
815 2295 1459 2363 Constantinopolimnum

434 2377 740 2438 episc0pum
779 2368 1061 2430 destinata,
1086 2366 1237 2438 cujus
1269 2372 1470 2438 textum

436 2435 697 2511 quispiam
755 2439 797 2491 si
845 2453 1000 2505 usque
1056 2436 1120 2487 ad
1154 2451 1311 2511 unum
1367 2435 1472 2511 iota

436 2504 897 2579 i‘lis;iutavcr-t,iqet
919 2504 1038 2558 nou
1073 2520 1183 2557 eam
1218 2506 1269 2579 in
1300 2504 1473 2556 omni-

441 2576 537 2633 bus
579 2577 953 2633 venerabiliter
998 2576 1296 2644 receperit,
1348 2588 1479 2626 aua-

439 2652 617 2705 thema
650 2649 737 2701 sit.

506 2718 796 2788 Opuscula,
837 2717 872 2788 5A
907 2722 1167 2769 tractatus
1236 2718 1473 2788 oumium

439 2784 653 2845 Patrum
686 2786 1127 2845 orthodoxttrum,
1159 2785 1247 2852 qui
1277 2785 1329 2837 in
1358 2784 1472 2836 nul-

440 2864 488 2916 Io
512 2878 540 2915 a
572 2868 768 2913 sancta:
799 2857 1036 2911 ecclesia:
1068 2855 1322 2908 Romanae
1345 2870 1474 2908 con-

438 2932 608 2986 sortio
634 2928 940 2989 «leviarunt,
970 2940 1067 2979 uec
1112 2926 1179 2977 ab
1228 2924 1343 2991 ejus
1374 2924 1476 2976 Iide

440 3004 516 3054 vel
548 2997 924 3069 praedicatione
953 2996 1177 3069 sejtmcti
1202 3004 1357 3056 sunt;
1380 2994 1472 3048 sed

440 3066 601 3137 ipsius
624 3081 675 3122 ut
711 3066 1186 3119 communicationis
1228 3080 1321 3129 per
1350 3078 1471 3137 gra-

439 3135 566 3194 tiam
614 3140 703 3191 Dei
752 3151 921 3207 usque
963 3136 1014 3190 in
1066 3137 1311 3207 ultimum
1341 3135 1472 3187 diem

442 3212 540 3263 viae
569 3225 678 3262 sum
711 3203 859 3261 luere
888 3207 1193 3275 participes,
1227 3203 1472 3274 legendos

437 3282 793 3335 decernimus.

446 3404 449 3407 ,
509 3351 637 3404 Item
691 3346 985 3402 decretales
1031 3344 1287 3414 epistolas
1340 3360 1472 3412 quas

441 3420 732 3472 beatissimi
771 3431 923 3485 papae
961 3415 1187 3485 diversis
1219 3415 1474 3482 tempori-

445 3492 540 3541 bus
568 3490 635 3541 ab
668 3483 799 3539 urbe
833 3483 998 3538 Roma
1023 3499 1116 3551 pro
1141 3483 1471 3537 diversorum

441 3560 654 3611 Patrum
683 3555 1050 3610 Consolatione
1075 3553 1356 3621 dederunt,
1382 3568 1475 3609 ve-

441 3628 746 3682 nerabiliter
776 3625 795 3655 ⁸
826 3623 1184 3692 suscipienda.

511 3698 636 3751 Item
666 3704 813 3765 gesta
852 3702 1155 3748 sanctorum
1191 3692 1467 3765 martirum

436 3768 525 3837 qui
562 3764 869 3837 multiplicis
900 3764 1074 3835 [manu
1096 3764 1305 3832 antiqua
1334 3765 1471 3837 mul-

438 3833 729 3907 tiplictbus]
778 3833 1163 3907 tormentorum
1184 3903 1198 3907 Α
1224 3833 1471 3907 cruciati-

438 3902 536 3961 bus
576 3915 629 3960 et
656 3902 1020 3968 ‘mirabilibus,
1070 3902 1468 3958 confessionum

436 3977 719 4046 triumphis
748 3975 1031 4046 inradiant.
1057 3975 1222 4046 Quis"
1251 3976 1351 4027 ista
1382 3989 1469 4026 ca.

435 4042 752 4101 tholicorum
803 4044 1010 4098 dubitet.
1056 4042 1233 4115 {inanti
1262 4046 1471 4112 antiqua

434 4117 506 4189 et]
548 4118 747 4185 majora
794 4130 887 4170 eos
934 4115 985 4168 in
1016 4115 1276 4189 agonibus
1309 4115 1471 4189 fuisse

435 4186 741 4255 perpessos,
769 4201 867 4241 nec
882 4189 992 4240 suis
1010 4188 1231 4245 viribus.
1249 4187 1344 4238 sed
1378 4186 1469 4238 ltei

432 4258 567 4325 grati
586 4283 595 4305 ι
616 4257 1188 4324 ctadjutoriounivcrsa
1204 4257 1473 4308 tolerasse?

436 4329 542 4380 Sed
558 4330 668 4380 ideo
690 4326 969 4380 secundum
986 4327 1246 4395 antiquam
1265 4342 1475 4377 consue-

434 4400 656 4449 tudinem
686 4396 940 4463 singulari
968 4398 1174 4448 cautela
1213 4398 1260 4446 in
1289 4406 1467 4449 Sancta

431 4468 670 4521 Romana
720 4466 955 4520 Ecclesia
1027 4481 1132 4517 non
1199 4465 1465 4531 leguntur,

431 4542 553 4603 quia
599 4547 652 4591 et
702 4550 887 4589 eorum
934 4536 1021 4603 qui
1060 4545 1465 4601 conscripserunt

432 4608 647 4660 nomina
687 4606 897 4674 penitus
926 4607 1266 4672 ignorantur;
1308 4615 1361 4656 et
1401 4607 1464 4657 ab

434 4673 736 4729 inﬁdelibus
762 4676 784 4706 ⁸
813 4677 891 4727 vel
936 4673 1113 4726 idiotis
1169 4674 1460 4741 superllua,

433 4754 522 4798 aut
546 4744 718 4797 minus
747 4755 869 4811 apta
900 4758 1055 4811 quam
1082 4744 1157 4797 rei
1194 4743 1325 4796 ordo
1356 4745 1466 4797 t'ue-

433 4815 504 4867 rit
546 4828 666 4867 es<e
712 4820 948 4881 putatur.
986 4813 1137 4867 Sicut
1182 4814 1457 4881 cujusdam

434 4883 628 4948 Quirici
684 4893 738 4938 et
802 4882 1020 4953 Julitaz,
1078 4885 1215 4937 sicut
1261 4881 1465 4953 Georgii

429 4955 761 5023 aliorumque
833 4952 1093 5022 ejusmodi
1166 4952 1459 5021 passiones,

380 5034 383 5037 λ
430 5040 547 5091 ιμιτυ
576 5024 644 5077 ab
671 5023 932 5077 luereticis
958 5024 1299 5090 perhibentur
1320 5039 1463 5079 eom-

432 5093 636 5158 positte.
696 5094 917 5161 PrOpter
969 5096 1131 5160 quod,
1177 5105 1235 5147 ut
1263 5094 1461 5148 dictum

428 5173 530 5229 est,
558 5178 625 5217 ne
646 5164 726 5217 vel
760 5163 889 5217 levis
916 5165 1462 5219 subsannandiorire-

432 5244 516 5287 tur
542 5233 755 5288 occasio
800 5234 851 5286 in
883 5237 903 5267 θ
932 5232 1171 5288 Romana
1225 5235 1458 5289 Ecclesia

503 5474 518 5504 ⁸
549 5473 693 5528 Idem
718 5472 863 5536 cod.,
900 5471 1226 5529 Pictnvensis.

499 5546 520 5613 ἒ
555 5545 606 5596 In
634 5543 937 5597 Florentino
967 5543 1052 5598 hic
1081 5547 1292 5611 ponitur
1324 5558 1439 5613 post
1465 5550 1519 5604 S.
1546 5549 1924 5608 Athanasium.

499 5612 521 5686 ξ
550 5614 691 5686 Mem
723 5613 863 5686 cori”
898 5613 1177 5686 Yponeregi
1202 5612 1549 5686 Regionensis.

501 5682 522 5755 ξ
549 5684 688 5755 Idem
710 5684 853 5748 cod.,
886 5682 1131 5755 epistolam

495 5752 520 5785 ⁸
545 5753 691 5809 Idem
712 5756 858 5822 cod.,
886 5752 1032 5825 atque
1061 5763 1324 5810 tractatus.

1350 325 1439 378 AD
1478 324 1702 378 0PER.\
1746 323 2013 378 CELASII
2059 322 2252 376 I‘AI’JS
2294 317 2734 375 APPEI‘IDICICS.

1660 452 2020 496 VATICANUM
2063 449 2430 494 FONTANINI.

1600 556 1864 637 Opuscula
1884 556 2020 608 beati
2049 554 2272 623 Grcgori
2292 552 2533 605 Nazazeu
2550 579 2567 590 -

1531 627 1605 682 sis
1629 627 1736 692 epi.

1602 689 1732 750 Item
1762 693 2015 763 opuscula
2042 693 2185 749 beati
2218 692 2374 747 Basili
2399 689 2570 758 Capa-

1532 767 1700 822 docim
1724 766 1831 834 epi.

1605 836 1733 890 Item
1761 830 1773 834 ⁷
1803 834 2057 903 opuscula
2124 834 2263 888 beati
2317 830 2573 886 Athanasi

1538 906 1876 960 Alexandria:
1899 906 2005 973 epi.

1607 977 1736 1030 Item
1764 992 1853 1043 op.
1884 972 2022 1028 beati
2044 972 2267 1028 Joannis
2315 972 2576 1027 Constan-

1538 1046 1900 1114 tinopoIitanze
1939 1044 2047 1109 θινὶ.

1604 1113 1732 1170 Item
1760 1132 1847 1183 op.
1867 1115 2004 1169 beati
2028 1113 2313 1181 TheOphili
2338 1113 2576 1167 Alexan-

1535 1186 1700 1240 drina:
1728 1189 1835 1254 cpi.

1574 1386 1743 1469 .Item.
1767 1401 1857 1458 op.
1910 1385 2051 1440 beati
2095 1384 2273 1439 Ilelari
2316 1382 2577 1438 Pictavin-

1542 1472 1617 1512 SIS
1659 1472 1767 1527 ept.

1616 1654 1742 1711 Item
1774 1668 1861 1735 op.
1886 1653 2025 1709 beati
2055 1651 2306 1708 Ambrosi
2330 1651 2587 1705 Mediola-

1545 1739 1738 1779 DEHSCS
1764 1740 1870 1793 (ενι.

1617 1796 1745 1875 Item
1777 1791 1863 1875 op.
1908 1795 1966 1848 Β.
1997 1792 2278 1863 Augustini
2300 1791 2584 1861 Ipponere-
2612 1860 2629 1875 .

1543 1865 1706 1935 giusis
1740 1867 1842 1935 cpi.

1618 1936 1744 1989 Item
1774 1933 1863 2004 ep.
1889 1933 2028 1989 beati
2068 1933 2361 1989 Hieronimi
2394 1933 2532 2002 prbi.

1629 2081 1757 2134 Item
1787 2095 1876 2149 op.
1906 2077 2153 2147 Prosperi
2185 2078 2284 2132 viri
2305 2078 2592 2147 religiosis-

1548 2168 1691 2203 HIIII.

1627 2220 1753 2273 Item
1784 2218 2007 2286 (Epistula
2040 2217 2111 2271 lii.
2139 2217 2332 2270 Leonis
2358 2233 2478 2285 pztp.
2514 2220 2579 2273 ad

1548 2290 1862 2345 Flavianum
1933 2288 2580 2353 Constantinopolitanom

1547 2360 1855 2429 episcobum
1884 2357 2129 2411 distinam
2156 2369 2185 2409 t.
2216 2358 2364 2425 cujus
2386 2366 2586 2412 textum

1548 2430 1809 2495 quispiam
1845 2429 1977 2495 suis,
2003 2443 2121 2496 qum
2161 2429 2225 2479 ad
2264 2444 2426 2480 unum
2482 2431 2585 2481 iota

1548 2500 1916 2568 disputaverit.
1958 2508 2011 2551 et
2044 2514 2145 2549 non
2179 2512 2295 2549 ram
2331 2502 2380 2551 in
2413 2504 2587 2552 omni-

1550 2573 1647 2624 bus
1671 2568 2337 2637 venerabiliterreceperit,
2363 2569 2586 2622 anathe-

1552 2656 1634 2693 ma
1654 2642 1743 2692 sit.

1620 2711 1748 2764 Item
1779 2723 1866 2776 op.
1918 2715 2171 2761 tractatus
2214 2706 2446 2760 omnium
2489 2708 2588 2762 Pa-

1552 2790 1691 2833 trum
1738 2778 2157 2831 orthodoxorum
2202 2780 2289 2846 qui
2338 2779 2387 2830 in
2440 2781 2587 2833 nullo

1548 2866 1575 2901 a
1605 2864 1707 2903 sca:
1737 2849 1992 2902 Ecclesia:
2021 2847 2261 2902 Romane
2313 2850 2584 2904 consortio

1548 2920 1832 2972 deviarunt
1862 2934 1962 2971 nec
1984 2923 2049 2970 ab
2069 2919 2183 2985 ejus
2208 2918 2311 2971 Iide
2339 2919 2420 2970 vel
2452 2933 2589 2987 prae-

1548 2990 1815 3043 dicatiOne
1842 2989 2069 3053 sejuncti
2102 2998 2223 3041 sunt
2249 3004 2263 3051 ;
2289 2988 2381 3041 sed
2419 2988 2587 3056 ipsius

1547 3060 2031 3113 communicatione
2082 3073 2174 3126 per
2214 3059 2437 3125 gratiam
2496 3059 2586 3114 Dei

1547 3146 1711 3198 usque
1740 3131 1789 3182 in
1839 3129 2079 3182 ultimmu
2125 3131 2249 3184 vita:
2277 3144 2385 3180 sua:
2435 3128 2583 3184 luere

1549 3201 1852 3268 participes,
1897 3198 2118 3267 legendo
2147 3200 2504 3253 decernimus.

1619 3344 1747 3397 Item
1780 3343 2075 3397 decretales
2120 3343 2392 3410 epistolas,
2449 3361 2579 3413 quas

1548 3414 1842 3467 beatissimi
1864 3428 1982 3481 pap.
2000 3413 2224 3467 diversis
2251 3415 2581 3481 temporibus

1544 3485 1612 3536 ab
1635 3483 1766 3537 urbe
1797 3483 1981 3547 Roma,
2000 3498 2097 3551 pro
2120 3484 2457 3537 diversorum
2479 3484 2579 3538 Pa-

1547 3564 1683 3607 trum
1742 3553 2127 3617 consolatione,
2183 3554 2465 3618 dederunt,
2493 3570 2583 3609 ve-

1550 3624 1857 3677 nerabiliter
1888 3623 2273 3690 suscipiendas.

1616 3696 1745 3748 Item
1790 3702 1937 3762 gesta
1968 3705 2270 3747 sanctorum
2307 3696 2580 3749 martier

1550 3764 1641 3832 qui
1715 3763 2100 3830 multiplicibus
2192 3775 2575 3818 tormentorum

1544 3834 1883 3894 cruciatibus,
1913 3843 1967 3887 et
2011 3834 2342 3888 mirabilibus
2364 3836 2577 3887 conti-s-

1544 3905 1754 3958 sionum
1795 3903 2078 3969 triumphis
2110 3904 2402 3957 inradiant.
2453 3906 2582 3971 Quis

1546 3975 1644 4028 ista
1692 3972 2089 4043 Catholicormn
2131 3975 2337 4027 dubitet
2383 3978 2580 4043 majora

1544 4059 1638 4099 eos
1679 4044 1729 4097 in
1763 4045 2020 4112 agonibus
2067 4042 2227 4097 fuisse
2275 4059 2578 4111 perpessos,

1546 4132 1643 4168 nec
1669 4114 1782 4168 suis
1814 4115 2037 4177 viribus,
2063 4115 2155 4167 sed
2188 4116 2277 4168 Dei
2309 4115 2496 4181 gratia,
2528 4125 2583 4169 et

1545 4185 1848 4253 adjutorio?
1875 4184 2137 4252 Singulari
2161 4186 2385 4239 ctuteIIa
2416 4186 2466 4239 in
2493 4202 2577 4239 sca

1547 4257 1785 4309 ltomana
1855 4256 2089 4309 Ecclesia
2152 4271 2255 4307 non
2316 4257 2581 4323 leguntur,

1546 4326 1665 4394 quia
1700 4334 1753 4378 et
1780 4340 1965 4379 eorum
1988 4327 2075 4392 qui
2106 4326 2447 4380 eonscrihere
2483 4342 2581 4378 no-

1546 4398 1686 4448 mina
1720 4398 1930 4464 penitus
1973 4396 2269 4462 ignoratur,
2310 4407 2362 4449 et
2404 4398 2471 4450 ab
2503 4399 2582 4449 in—

1545 4466 1789 4519 fidelibus
1838 4476 1891 4519 et
1948 4466 2129 4521 idiotis
2178 4466 2466 4533 superﬂoa,
2493 4478 2579 4520 aut

1542 4538 1717 4589 minus
1746 4546 1891 4604 apta,
1916 4552 2073 4605 quam
2122 4537 2195 4589 rei
2228 4536 2359 4590 ordo
2399 4536 2577 4604 fuerit,

1538 4620 1657 4658 esse
1677 4617 1951 4674 putantur.
1977 4608 2123 4660 Sicut
2148 4606 2423 4674 cujusdam
2446 4606 2583 4661 Ciri-

1537 4676 1584 4727 ci
1610 4685 1665 4728 et
1698 4677 1896 4736 .lulitm.
1931 4676 2069 4730 sicut
2096 4675 2299 4743 Giorgi,
2329 4678 2581 4731 aliorum-

1536 4759 1640 4812 que
1707 4744 2009 4814 ltujusmodi
2056 4747 2352 4814 passiones.
2414 4764 2464 4812 (ι.
2518 4748 2582 4801 ad

1539 4814 1793 4870 hereticis
1840 4815 2186 4883 perhibentur
2241 4818 2576 4884 compositae.

1544 4884 1766 4952 Propter
1818 4885 1981 4955 quod,
2022 4896 2080 4939 ut
2134 4886 2338 4940 dictum
2382 4898 2484 4951 est,
2519 4903 2584 4941 ne

1540 4956 1621 5009 vel
1652 4955 1785 5010 levis
1828 4956 2151 5010 subsanandi
2184 4969 2458 5012 orreretur
2494 4973 2577 5013 oc-

1537 5027 1704 5092 casio,
1732 5027 1784 5079 in
1815 5041 1905 5080 sca
1933 5027 2172 5081 Romana
2204 5028 2439 5082 Ecclesia
2474 5042 2578 5082 non

1540 5100 1803 5167 leguntur.
1830 5097 1937 5150 Nos
1962 5105 2137 5152 tamen
2169 5112 2289 5152 cum
2326 5100 2576 5167 praedicta

1538 5166 1772 5221 Ecclesia
1803 5182 1989 5221 omnes
2021 5170 2292 5233 martires,
2326 5179 2575 5224 eteorum

1535 5238 1799 5305 gloriosos
1823 5252 2045 5308 agones,
2079 5240 2166 5308 qui
2200 5239 2426 5293 Domino
2459 5255 2575 5294 ma-

3584 313 3697 379 ιη

2799 449 2823 488 J
2839 449 3077 491 υιιιξκδε
3123 451 3515 493 CIIIFFIJZTII.

2717 551 2845 607 Item
2869 555 3121 627 opuscula
3140 554 3289 627 beati
3322 555 3566 627 Gregorii
3597 561 3698 617 Na—

2648 624 2884 677 zianzeni
2914 624 3170 692 episcopi.

2722 696 2849 769 Item
2882 696 3145 769 cpuscala
3169 694 3312 749 beati
3340 696 3516 751 Basilii
3544 698 3688 769 Cap~

2652 764 2888 832 padocize
2908 764 3169 832 episcopi.

2722 836 2848 888 Item
2905 835 3157 898 OpuSCula
3215 834 3355 890 beati
3412 835 3692 894 Athanasii

2649 904 2993 958 Alexandrini
3013 906 3266 974 episcopi.

2724 976 2850 1028 Item
2927 978 3177 1042 opuscula
3256 976 3393 1030 beati
3466 977 3691 1034 Joannis

2650 1045 3223 1111 ConstantinOpolitani
3253 1047 3509 1115 episeopi.

2727 1115 3153 1188 ltemopuscu'a
3219 1117 3354 1171 beati
3403 1119 3690 1188 Theophili

2654 1184 2995 1238 Alexandrini
3037 1188 3294 1251 episeopi.

2725 1252 2857 1307 Item
2882 1258 3126 1327 apuscula
3157 1259 3287 1310 beati
3312 1255 3495 1327 Cyrilli
3532 1260 3698 1314 Alex-

2653 1327 2854 1376 andrini
2882 1326 3119 1395 episcopi.

2728 1396 2854 1449 Item
2896 1398 3147 1463 opuscula
3198 1396 3337 1450 beati
3383 1398 3566 1452 IIilarii
3599 1398 3690 1453 Pi-

2654 1465 2941 1519 ctaviensis
2965 1465 3227 1535 episcopi.

2728 1659 2855 1714 Item
2905 1660 3155 1729 opuscula
3216 1660 3357 1715 beati
3421 1661 3694 1716 Ambrosii

2662 1730 3073 1798 Mediolanensis
3100 1731 3266 1796 epise.

2736 1802 2863 1853 Item
2918 1802 3175 1867 opuscula
3222 1799 3359 1853 Iteati
3415 1802 3701 1870 Augustini

2664 1870 3166 1937 Ilipponeregiensis
3187 1885 3273 1938 ep.

2736 1942 2862 2013 Item
2919 1940 3171 2008 OPUSCtlla
3221 1939 3358 1994 beati
3391 1939 3703 2013 Ilieronymi

2662 2010 2977 2079 presbyteri.
3061 2044 3073 2059 .

2734 2080 2864 2139 Item
2896 2080 3145 2149 opuscula
3173 2080 3301 2134 beati
3332 2079 3579 2149 Prosperi
3623 2082 3707 2135 νῖν

2668 2150 2710 2203 ri
2741 2150 3148 2219 I‘8iigiOSISSiilIi.

2741 2220 2866 2273 Item
2890 2221 3091 2289 cpistola
3119 2238 3166 2273 III
3187 2220 3323 2273 beati
3344 2234 3492 2287 papa:
3510 2219 3707 2273 Leonis

2668 2290 2732 2341 ad
2789 2291 3099 2344 Flavianum
3153 2291 3697 2357 CenstantinOpolila.

2669 2377 2790 2413 num
2815 2362 3122 2428 episcln-um
3155 2359 3471 2414 destinatam
3496 2363 3584 2414 :de
3609 2376 3702 2428 cu-

2662 2435 2747 2495 jus
2811 2426 2957 2485 textu
3016 2430 3278 2498 quispiam
3337 2430 3378 2482 si
3428 2445 3594 2497 usque
3634 2426 3700 2484 ail

2667 2516 2828 2554 unum
2894 2504 2997 2553 iota
3042 2500 3410 2567 diSputaverit,
3479 2508 3535 2553 et
3594 2516 3700 2554 non

2663 2587 2781 2624 eam
2815 2571 2867 2624 in
2906 2572 3154 2624 omnibus
3200 2570 3579 2625 venerabiliter
3618 2586 3701 2623 re-

2663 2643 2882 2709 Crpcrit,
2911 2650 3053 2693 anat.
3090 2640 3178 2694 sit.

2737 2714 2862 2765 Item
2920 2714 3172 2778 opuscula
3237 2719 3388 2780 atque
3442 2719 3697 2765 tractatus

2662 2782 2901 2835 omnimn
2981 2782 3192 2835 Patrum
3278 2780 3700 2835 orthodoxorum

2662 2853 2749 2921 qui
2777 2853 2826 2905 in
2858 2852 3000 2905 nullo
3031 2867 3058 2904 a
3084 2857 3285 2904 sancta:
3315 2851 3567 2904 Romana?
3595 2851 3699 2905 Ec-

2662 2925 2837 2976 clesia?
2863 2925 3135 2976 consortio
3161 2922 3463 2982 deviarunt,
3496 2934 3595 2973 nec
3629 2923 3699 2975 ab

2661 2993 2776 3058 ejus
2807 2993 2908 3046 ﬁde
2939 2992 3016 3045 vel
3060 2992 3439 3060 praeditatione
3483 2990 3700 3057 sejunc-

2663 3066 2696 3114 ti
2728 3071 2883 3127 sont;
2914 3064 3005 3116 sed
3033 3062 3196 3127 ipsius
3226 3061 3699 3114 communicationi

2663 3148 2755 3198 per
2778 3133 2998 3200 gratiam
3033 3132 3123 3185 Dei
3158 3146 3325 3200 usque
3374 3133 3423 3184 in
3452 3132 3701 3185 ultimum

2655 3205 2795 3256 diem
2816 3203 2937 3257 vitae
2959 3216 3068 3256 sum
3090 3203 3235 3255 luere
3284 3201 3591 3271 participes,
3624 3200 3701 3256 lc-

2651 3274 2852 3341 gendos
2873 3273 3231 3326 decernimus.

2724 3344 2852 3397 Item
2901 3343 3199 3397 decretales
3262 3342 3518 3408 epistolas
3564 3357 3701 3410 quas

2656 3413 2951 3467 beatissimi
2986 3427 3156 3481 papm.
3191 3411 3417 3466 diversis
3444 3414 3703 3479 tempori-

2659 3484 2756 3535 bus
2784 3483 2852 3537 ab
2881 3484 3014 3537 urbe
3042 3482 3207 3535 Roma
3238 3497 3336 3550 pro
3359 3482 3698 3535 diversorum

2656 3553 2870 3608 Patrum
2931 3552 3328 3606 consultatione
3404 3553 3693 3615 dederunt,

2658 3624 3030 3679 venerabiliter
3066 3622 3457 3690 suscipiendas.

2729 3695 2853 3748 Item
2887 3703 3032 3761 gesta
3057 3702 3358 3747 sanctorum
3377 3703 3695 3762 martyrum,

2654 3780 2794 3841 (iuge
2842 3764 3226 3841 multiplicibus
3269 3836 3278 3841 _
3302 3772 3701 3841 tormentorum

2651 3834 2978 3889 cruciatibus
3000 3873 3014 3899 ,
3045 3844 3096 3888 et
3129 3835 3457 3887 mirabilibus
3483 3834 3699 3888 confes-

2657 3905 2865 3958 sionum
2923 3903 3204 3971 triumphis
3244 3904 3531 3957 inradiant.
3566 3905 3705 3971 Quis

2658 3975 2756 4028 ista
2782 3975 3163 4029 catholicorum
3190 3975 3417 4039 dubitet,
3449 3986 3496 4027 ct
3530 3979 3701 4043 majo-

2658 4060 2714 4097 ra
2752 4060 2845 4100 eos
2903 4048 2955 4099 in
2997 4045 3252 4115 agonibus
3281 4044 3443 4099 fuiss+
3477 4061 3702 4112 perpes-

2655 4131 2743 4169 sos
2766 4117 2787 4167 '?
2812 4116 2919 4170 Nec
2949 4118 3058 4170 suis
3090 4116 3315 4176 viribus,
3338 4116 3428 4168 sed
3448 4115 3543 4168 Dei
3569 4131 3701 4184 gra-

2657 4186 2726 4238 tia
2757 4196 2811 4241 et
2857 4186 3120 4255 adjutorio
3144 4189 3375 4240 universa
3414 4188 3657 4239 tolerasse
3679 4188 3707 4240 Ξ)

2661 4256 2767 4310 Sed
2801 4258 2932 4321 ideo,
2967 4258 3245 4310 secundum
3284 4256 3546 4319 antiquam
3577 4273 3700 4309 con-

2655 4329 2996 4391 suetudinem,
3050 4325 3309 4397 singulari
3384 4326 3589 4380 cautela
3646 4327 3697 4381 in

2656 4408 2837 4451 sancta
2892 4398 3127 4451 Romana
3175 4397 3414 4452 Ecclesia
3472 4411 3575 4450 nou
3625 4398 3704 4451 le-

2655 4478 2868 4535 guntur,
2897 4468 3017 4536 quia
3048 4476 3103 4522 et
3126 4484 3308 4521 eorum
3343 4469 3429 4534 qui
3461 4468 3699 4521 conscri-

2656 4553 2813 4606 psere
2856 4540 3065 4591 nomina
3110 4539 3318 4606 pcnittts
3360 4538 3702 4605 ignorantur,

2657 4618 2710 4661 et
2731 4608 2800 4662 al)
2823 4610 3124 4662 inlidelihus
3137 4618 3188 4663 et
3209 4609 3387 4662 idiotis
3411 4607 3699 4673 surertlua,

2664 4688 2754 4732 aut
2779 4679 2954 4732 minus
2976 4689 3117 4744 apta,
3142 4694 3299 4748 quam
3332 4678 3407 4731 rei
3436 4679 3567 4732 ordo
3587 4681 3701 4732 Ioe-

2660 4750 2748 4814 rit,
2806 4764 2927 4803 esse
2968 4758 3237 4818 putantur.
3296 4750 3446 4802 Sicut
3485 4748 3700 4818 iQuirici

2659 4818 2936 4888 eujusdam
2971 4817 3030 4874 et
3061 4820 3275 4883 .Iulitm;
3309 4820 3441 4873 sicut
3466 4817 3701 4886 Grorgii,

2660 4891 2997 4958 aliorumque
3060 4890 3321 4959 ejusmodi
3400 4890 3701 4956 passiones,

2659 4976 2780 5029 qua:
2801 4960 2868 5014 ab
2899 4962 3163 5014 luereticis
3184 4960 3533 5028 perhibentur
3549 4973 3703 5011 com-

2659 5031 2868 5100 positte.
2918 5030 3144 5099 Propter
3189 5030 3353 5099 quod,
3403 5029 3703 5100 utdictum

2654 5099 2758 5168 est,
2790 5116 2857 5156 ne
2885 5102 2963 5155 vel
2995 5102 3127 5156 levis
3148 5099 3506 5155 subsannandi
3536 5100 3703 5152 orire-

2658 5182 2742 5226 tur
2764 5172 2995 5239 occasio,
3024 5176 3075 5226 iu
3107 5182 3291 5225 sancta
3322 5171 3561 5224 Romana
3593 5170 3699 5223 Ec-

2654 5243 2816 5298 clesia
2875 5256 2978 5297 non
3033 5245 3300 5313 leguntur.
3357 5241 3461 5296 Nos
3495 5251 3697 5303 tamen,

2196 5481 2213 5553 ξ
2248 5479 2387 5533 Idem
2407 5480 2563 5553 _co_d.,
2590 5486 2935 5553 suscipiendas
2955 5502 3080 5542 esse.

2196 5552 2213 5579 ⁷
2242 5554 2293 5603 In
2323 5550 2443 5602 cod.
2472 5550 2613 5605 Flor.
2644 5550 2793 5610 deest
2824 5559 2919 5609 ἰείη

2192 5624 2213 5653 ⁸
2240 5621 2382 5676 ltlcm
2413 5622 2554 5687 c0tl.,
2589 5634 2655 5678 el.

2192 5694 2212 5725 '
2240 5692 2383 5748 Idem
2413 5690 2532 5751 cod.
2563 5695 2705 5751 addit
2736 5705 2929 5751 sancta.
