4024 6172
258 259 357 313 I73

622 379 924 425 LUCBNSE.

250 492 685 563 nonhteguntur.
724 483 853 563 .Nos
915 493 1091 538 tamen
1165 499 1285 563 cum
1361 491 1620 563 gisquam
1643 492 1946 546 hominibus
1969 494 2078 545 noti
2108 500 2252 555 sunt,
2283 508 2399 547 om-
2471 509 2590 548 cum
2649 496 2899 563 przedicta
2962 498 3195 554 Romana

251 553 505 625 praedicta
536 554 771 625 Ecclesia
819 567 1004 607 omnes
1040 556 1284 607 martires

249 624 305 681 et
358 640 549 678 eorum
604 624 866 693 gloriosos
919 638 1149 692 agones,
1200 626 1286 689 qni

252 697 361 750 Deo
418 696 589 761 magis
632 708 789 759 quam
841 693 1143 746 hominibus
1178 694 1287 747 noti

251 772 377 819 sunt
397 766 543 816 omni
565 764 851 818 devotione
878 778 1215 816 veneramur.

320 835 452 888 Item
490 834 633 887 Vitas
664 834 898 896 Patrum,
931 833 1099 895 Pauli,
1124 834 1291 885 Anto-

251 904 345 971 n'i,
380 903 649 968 Ilarioais,
675 910 730 955 et
750 906 973 955 omnium
1004 903 1288 955 heremita-

254 989 393 1037 rum,
422 987 555 1038 quas
593 980 771 1026 tamen
822 975 900 1025 vir
948 973 1287 1026 beatissimus

251 1043 541 1123 descripsit
570 1042 949 1123 Hieronymus,
978 1057 1097 1095 cum
1126 1043 1149 1073 τ
1173 1058 1289 1095 ont-

255 1115 305 1166 ni
341 1116 549 1165 honore
584 1114 923 1178 Suscipimus.

322 1182 455 1253 Item
501 1186 664 1253 Actus
692 1182 832 1235 beati
863 1181 1117 1253 Sylvestri
1150 1184 1290 1250 Apo-

250 1252 458 1304 stolicze
503 1251 646 1303 sedis
699 1251 960 1318 praesulis,
1004 1253 1125 1303 licet
1172 1257 1288 1318 ejus

250 1324 337 1389 qui
372 1322 691 1387 conscripsit
721 1336 902 1374 nomen
933 1321 1236 1389 ignoretur;
1258 1336 1285 1373 a

248 1391 435 1444 multis
484 1398 664 1443 tamen
732 1391 782 1443 in
841 1391 989 1444 ntlie'
1041 1391 1206 1443 Itonia
1256 1408 1287 1443 a

250 1460 530 1513 catholicis
560 1461 658 1528 legi
697 1474 1058 1527 cognovnmus,
1111 1470 1162 1512 et
1194 1475 1287 1525 pro

252 1530 473 1598 antiquo
517 1543 617 1583 usu
666 1530 848 1583 multa:
889 1530 981 1582 hoc
1012 1530 1286 1584 imitantur

255 1600 531 1652 Ecclesiae.

318 1672 338 1699 *
369 1670 502 1722 Item
549 1669 813 1736 scriptura
861 1668 928 1723 de
984 1668 1288 1724 inventione

250 1748 438 1791 sancta
496 1739 675 1792 crucis
736 1738 1040 1805 dominicas,
1098 1748 1152 1793 et
1185 1740 1286 1791 alia

250 1808 518 1877 scriptura
592 1808 659 1861 de
726 1809 1029 1863 inventione
1099 1809 1287 1876 capitis

254 1877 474 1931 Ioannis
520 1877 790 1946 Baptistae,
826 1878 1049 1933 novellae
1076 1878 1286 1946 quiden

251 1947 528 2001 relationis
570 1946 591 1977 ³
633 1948 870 2002 nonnulli
916 1964 999 2001 eas
1043 1948 1289 2001 catholici

250 2018 457 2084 legunt,
492 2016 586 2070 sed
614 2031 732 2070 cum
766 2017 879 2072 huic
908 2018 971 2071 ad
995 2019 1287 2071 catholico-

247 2102 366 2139 rum
395 2101 587 2139 manus
612 2087 969 2154 pervenerint,
999 2090 1135 2141 beati
1165 2104 1293 2155 apo-

249 2157 368 2229 s‘oli
397 2157 631 2229 probant
662 2157 840 2229 [manu
861 2166 1071 2229 antiqua
1094 2171 1288 2229 prince-

247 2225 359 2297 dat]
391 2225 715 2290 sententiain
751 2226 772 2257 ⁸
806 2244 819 2277 :
853 2225 1038 2280 Omnia
1061 2228 1288 2295 probate,

247 2300 386 2364 quod
408 2298 600 2348 bonum
625 2306 696 2349 est
726 2304 904 2350 tenete.

320 2366 454 2419 Item
478 2365 709 2437 Bulinus
734 2365 844 2419 viro
860 2366 1290 2437 religiosissimus,

248 2435 269 2465 ⁸
309 2436 401 2507 qui
436 2434 647 2507 plurius
675 2435 852 2507 [manu
880 2434 1293 2507 antiiqu-ipluri-

250 2506 389 2576 tuos]
417 2506 800 2559 ecclesiasticis
825 2506 1006 2572 operis
1033 2506 1198 2558 edidit
1225 2507 1293 2560 Ii-

250 2574 400 2636 bros,
446 2590 551 2627 non
585 2576 756 2628 nullas
781 2577 939 2629 etiam
986 2576 1291 2639 Scripturas

252 2647 641 2711 interpretatus
676 2653 774 2714 est.
831 2643 936 2699 Sel
987 2644 1234 2714 quoniam
1266 2646 1285 2677 ⁷

251 2713 601 2767 beatissimus
649 2713 1016 2767 Hieronimus
1053 2730 1174 2768 eum
1238 2716 1291 2769 in

251 2785 517 2851 aliquibus
538 2784 604 2836 de
630 2784 826 2836 arbitrii
856 2783 1101 2838 libertate
1138 2793 1291 2838 nota-

254 2860 351 2922 vit,
376 2852 465 2906 illa
491 2853 785 2907 sentiemus
814 2868 931 2922 qua:
979 2853 1288 2922 prazdictum

254 2921 598 2976 Ilierouimus
645 2924 847 2978 sentire
887 2921 1290 2992 cognoscimus;

253 3001 306 3044 ct
328 3008 434 3046 non
467 2994 642 3045 solum
673 2993 739 3047 de
770 2992 980 3054 Rultnn,
1012 2993 1105 3046 sed
1132 2994 1290 3046 etiam

256 3063 324 3115 de
367 3063 651 3123 universis,
686 3077 819 3130 quos
850 3063 929 3117 vir
954 3064 1148 3131 sepius
1176 3077 1291 3116 me-

256 3143 495 3183 moratus
535 3133 651 3184 zelo
681 3132 773 3186 Dei
810 3143 863 3186 et
890 3132 1011 3186 ﬁdei
1040 3133 1295 3201 religione

256 3203 625 3266 reprehendit.
1109 3232 1121 3241 -

323 3272 469 3341 Item,
488 3270 733 3341 Origenis
758 3272 1010 3325 nonnulla
1042 3275 1289 3341 opuscula

254 3354 374 3408 quae
423 3340 506 3393 vir
545 3339 896 3413 beatissimus
940 3339 1290 3413 Hieronymus

256 3407 362 3480 non
392 3407 659 3478 repudiat,
690 3410 910 3478 legenda
939 3407 1285 3480 suscipimus;

259 3479 458 3547 reliqua
486 3487 665 3532 autem
693 3479 714 3512 ⁸
735 3482 908 3533 omnia
932 3496 1051 3535 cum
1074 3479 1289 3537 auctore

256 3563 352 3602 suo
378 3549 606 3602 dicimus
636 3550 961 3602 rennurnda.

327 3622 458 3673 Item
481 3618 705 3671 Cronica
732 3619 1287 3675 EusebiiCesaricnsis

258 3689 573 3767 {cpi-atque
592 3689 827 3756 ejusdem
852 3688 1093 3767 Historize
1119 3693 1291 3767 eccle-
1324 3752 1327 3755 η

260 3759 485 3828 siastica:
520 3759 705 3824 libros,
741 3760 985 3828 quamvis
1029 3761 1079 3813 in
1119 3762 1287 3827 primo

261 3827 724 3899 narrationissnm
766 3830 900 3882 libro
941 3830 1188 3899 tepuerit,
1236 3842 1292 3886 et

262 3907 373 3967 post
401 3900 454 3950 in
487 3898 730 3951 laudibus
767 3909 924 3967 atque
949 3904 1290 3956 excusatione

258 3966 499 4036 Origenis
547 3984 701 4020 unum
748 3966 1017 4022 scismilici
1059 3973 1289 4023 conscri-

262 4039 425 4102 pserit
464 4037 689 4100 librum;
738 4046 954 4106 prOpter
996 4055 1174 4093 rerum
1213 4049 1291 4094 ta-

263 4122 374 4178 men
425 4108 755 4178 singularum
787 4108 1048 4174 notitiam,
1078 4125 1193 4178 quae
1224 4110 1288 4164 ad

265 4176 305 4205 '°
327 4186 706 4249 scrutationem
738 4177 925 4249 [manu
955 4176 1163 4247 antiqua
1208 4181 1291 4234 itt-

259 4246 626 4320 structiOnem]
674 4246 955 4313 peitinent,
991 4246 1289 4320 usquequa-

261 4330 353 4382 que
386 4330 493 4368 non
522 4317 746 4369 dicimus
773 4319 1087 4371 rennuenda.

335 4387 582 4439 Urosmm
641 4386 812 4439 virum
867 4387 1284 4443 eruditissimum

260 4454 671 4507 collaudamus“
696 4457 816 4522 quia
841 4456 992 4511 valde
1020 4458 1171 4512 nobis
1196 4475 1283 4514 ne-

262 4525 538 4596 cessariam
566 4526 819 4596 adversus
848 4526 1177 4596 Paganorum
1199 4544 1289 4583 ca-

264 4593 477 4646 lumnias
522 4594 787 4665 ordinavit
828 4593 1084 4665 Storiam,
1126 4600 1288 4653 mira-

261 4678 352 4727 que
383 4664 647 4717 brevitate
677 4669 969 4720 contexuit.

322 4731 657 4807 venerabilis
682 4736 774 4788 tiri
799 4736 977 4791 Sedttli
1002 4739 1045 4770 ³³
1067 4739 1290 4807 episcOpi

262 4799 511 4857 Pascltale
557 4818 710 4870 opus,
757 4807 897 4873 quod
940 4799 1157 4861 heroicis
1195 4799 1289 4862 de-

259 4873 464 4947 scripsit
518 4874 794 4940 versibus,
824 4878 1016 4947 insigni
1066 4878 1222 4933 laude
1246 4878 1288 4909 ¹³

259 4940 589 5005 proferimus.

322 5010 543 5066 Juvenci
578 5013 919 5069 nihilominus
961 5017 1283 5072 laboriosum

257 5091 383 5145 opus
407 5096 511 5135 non
533 5085 853 5151 spernimus,
885 5087 981 5141 sed
1006 5089 1281 5142 miramus.

323 5235 339 5264 ¹
369 5233 423 5287 1η
451 5236 641 5291 eodem
662 5238 781 5293 cod.
814 5239 967 5295 deest
994 5244 1151 5295 omni.

322 5304 342 5333 ¹
371 5304 509 5358 Idem
538 5307 659 5363 cod.
688 5324 792 5361 non
821 5311 977 5364 habet
1006 5321 1216 5366 sanctw.

322 5371 343 5442 Ξ
371 5374 506 5428 Idem
530 5382 652 5432 cod.
683 5387 823 5442 sunt,
850 5392 956 5434 etc.

321 5440 344 5516 ξ
372 5445 507 5516 Idem
537 5448 685 5513 cod.,
708 5440 949 5516 prce-cedit
988 5453 1250 5507 sententia.

325 5512 345 5589 ξ
367 5515 507 5589 Idem
529 5512 685 5589 cod.,
708 5512 996 5589 religiosus.

324 5582 343 5661 ξ
367 5583 415 5661 In
444 5585 630 5661 eodem
662 5582 785 5642 cod.
810 5582 968 5661 deest
993 5592 1099 5661 qui.

326 5653 340 5679 ⁷
366 5655 502 5709 Idem
525 5657 672 5716 cod.,
702 5653 1016 5713 venerabilis:

761 255 1095 312 APPENDIX
1136 256 1406 312 TERTIA.
1448 256 1759 313 CONCILIA
1798 258 2107 325 QUAEDAM
2150 260 2192 313 A
2234 258 2520 314 OELASIO
2563 259 2991 316 (ZELEBRATA.

1482 388 1845 434 VLTICANUM
1891 390 2254 434 POSTASINI.

1362 561 1413 615 ni
1438 562 1719 618 devotione
1752 578 2088 617 veneramur.

1434 829 1561 882 Item
1595 827 1740 881 Vitas
1756 828 1992 891 Patrum,
2022 829 2192 893 Pauli,
2225 836 2391 884 Auto-

1365 898 1438 961 ni,
1475 898 1775 961 Hilarionis,
1809 909 1860 952 ct
1889 901 2139 953 omnibus
2161 901 2393 955 heremi-

1363 979 1554 1030 tarum,
1588 983 1717 1035 quas
1749 976 1925 1022 tamen
1951 970 2029 1021 vir
2058 969 2395 1025 beatissimus

1360 1039 1641 1105 descripsit
1690 1038 2050 1104 Ilii-ronimus,
2099 1054 2218 1093 cum
2247 1043 2391 1095 omni

1364 1109 1568 1161 honore
1594 1108 1930 1175 suscipimus.

1433 1178 1561 1231 Item
1594 1177 1756 1231 Actus
1801 1179 1934 1231 beati
1982 1178 2223 1234 Silvestri
2250 1180 2395 1245 Apo-

1363 1248 1565 1301 stolicre
1611 1246 1752 1300 sedis
1791 1248 2051 1315 prmsolis,
2105 1250 2227 1302 licet
2278 1251 2396 1317 ejus

1361 1318 1448 1385 qui
1494 1317 1813 1384 conscripsit
1842 1321 2058 1371 nomine
2098 1320 2391 1386 ignoretur,

1357 1401 1384 1438 a
1409 1386 1775 1441 multistamen
1803 1389 1852 1440 in
1878 1389 2005 1441 urbe
2034 1390 2196 1442 Roma
2211 1395 2396 1443 catho-

1361 1458 1476 1510 licis
1506 1456 1604 1524 legi
1636 1459 2003 1525 cognovimus,
2036 1468 2090 1513 et
2122 1476 2218 1527 pro
2249 1461 2391 1513 anti-

1358 1542 1464 1595 quo
1505 1540 1599 1580 usu
1628 1529 1803 1581 multa:
1847 1528 1962 1583 hinc
1987 1530 2255 1584 imitantur
2297 1533 2395 1584 Ec-

1361 1597 1559 1651 clesize.

1430 1666 1560 1719 Item
1628 1666 1891 1734 scriptura
1954 1666 2023 1722 de
2088 1670 2395 1726 inventione

1326 1735 1864 1810 ,crucis‘dotninicm,
1897 1747 1951 1791 et
1978 1738 2136 1792 aliam
2168 1742 2399 1810 scriptu-

1361 1822 1472 1859 ram
1521 1806 1586 1860 de
1632 1808 1935 1861 inventione
1961 1810 2148 1875 capitis
2176 1806 2395 1866 Joannis

1364 1876 1632 1945 Itaptistm,
1666 1878 1871 1932 novelle
1894 1880 2105 1945 quidem
2129 1881 2396 1936 relationis

1360 1956 1413 1999 et
1458 1946 1695 2000 nonnulli
1725 1948 1992 2017 catholici
2047 1950 2248 2017 legunt.
2291 1952 2393 2005 Sed

1361 2030 1481 2070 cum
1533 2018 1647 2070 haec
1672 2015 1738 2069 ad
1791 2015 2175 2073 catholicorum
2210 2036 2395 2075 manus

1362 2087 1707 2158 advenerim,
1762 2086 1898 2142 beati
1964 2088 2112 2142 Pauli
2168 2092 2395 2158 apostoli

1365 2156 1629 2230 prtecedet
1651 2159 2004 2230 sententia...
2042 2156 2227 2213 Omnia
2249 2176 2394 2230 Apro-

1366 2224 1499 2291 bate,
1524 2226 1660 2294 quod
1690 2227 1875 2278 bonum
1901 2236 1974 2281 est
2002 2238 2178 2283 tenete.
2248 2228 2252 2232 ’

1437 2362 1564 2416 Item
1608 2363 1828 2435 Rufinus
1859 2364 1938 2416 vir
1978 2364 2253 2435 religiosus
2281 2367 2396 2435 plu-

1366 2432 1530 2487 rimos
1586 2433 1960 2488 ecclesiasticre
2002 2432 2179 2501 operis
2229 2432 2394 2493 edidit

1366 2502 1547 2574 libros,
1584 2504 1860 2557 nonnullas
1896 2505 2056 2574 etiam
2086 2505 2391 2574 Scripturas

1365 2572 1739 2641 interpretatus
1771 2583 1870 2627 est.
1900 2572 2005 2627 Sed
2044 2591 2168 2643 qum
2199 2572 2395 2631 beatis-

1363 2643 2051 2716 simusIlierouyutuseum
2111 2646 2163 2699 in
2209 2648 2397 2716 aliqui-

1365 2710 1465 2783 bus
1517 2712 1583 2766 de
1620 2713 1842 2767 arbitrio
1890 2714 2132 2769 libertate
2168 2710 2392 2783 notavit,

1366 2780 1482 2835 illas
1523 2783 1733 2835 sentim.
1767 2797 1819 2850 q.
1842 2783 2150 2847 praedictum
2182 2780 2392 2842 beatum

1368 2850 1754 2917 Hieronymum
1784 2852 1985 2906 sentire
2005 2853 2399 2922 cognoscimus,

1371 2922 1962 2987 nonsolumdeliolino,
1984 2927 2077 2978 sed
2132 2928 2291 2980 etiam
2332 2929 2399 2984 de

1367 2991 1627 3045 universis
1668 2995 1806 3062 quod
1841 3008 1919 3046 νη·
1960 2993 2017 3047 S.
2050 2996 2229 3062 sepius
2286 3013 2397 3053 me-

1367 3070 1635 3137 moratus,_
1658 3062 1777 3137 zelo
1793 3061 1909 3127 Dei,
1941 3075 1992 3118 et
2022 3061 2143 3119 ﬁdei
2173 3064 2391 3137 religio—

1366 3144 1435 3185 ne
1465 3130 1824 3199 reprehendit.

1434 3268 1562 3341 Item
1593 3267 1836 3341 Qrigenis
1876 3271 2128 3341 nonnulla
2157 3285 2245 3340 op.
2277 3286 2395 3341 qua:

1363 3338 1444 3393 vir
1485 3337 1824 3410 beatissimus
1877 3337 2231 3410 Hieronymus
2286 3337 2393 3398 non

1362 3408 1625 3476 repudiat,
1659 3408 1883 3479 legenda
1906 3408 2224 3479 suscipimus
2255 3428 2270 3465 :
2304 3428 2392 3467 re-

1361 3479 1502 3548 liqua
1553 3488 1728 3533 autem
1781 3480 1958 3534 omnia
2010 3495 2131 3534 eum
2178 3492 2394 3539 auctore

1359 3564 1456 3603 suo
1485 3548 1515 3602 d
1541 3549 1711 3603 cimus
1740 3552 2121 3606 rennuenslam.

1429 3618 1690 3689 Chronica
1757 3619 1945 3689 Einelii
2008 3620 2387 3689 Caesariensis,

1360 3701 1516 3757 a'que
1548 3688 1788 3757 ejusdem
1823 3688 2066 3744 Historire
2114 3688 2399 3747 ecclesias;

1363 3756 1478 3812 lica:
1506 3756 1690 3821 libros,
1722 3764 1962 3826 quamvis
1990 3762 2040 3813 in
2072 3766 2242 3829 primo
2268 3779 2391 3817 nar-

1361 3828 1580 3900 rationis
1600 3843 1713 3900 sum
1743 3829 1877 3883 libro
1916 3828 2164 3899 tepueiit,
2195 3843 2248 3887 et
2279 3843 2398 3900 post

1362 3900 1412 3953 in
1455 3897 1695 3951 laudibus
1724 3910 1881 3968 atque
1911 3897 2250 3957 excusatione
2274 3897 2392 3957 Ori-

1361 3968 1510 4036 genis
1531 3968 1813 4023 scismatici
1835 3986 1995 4024 unum
2017 3976 2395 4041 conscripserit

1363 4041 1554 4091 librum
1588 4058 1599 4090 :
1635 4054 1847 4106 pr0pter
1873 4056 2049 4095 rerum
2078 4054 2251 4097 tamen
2280 4046 2391 4097 sin-

1360 4109 1602 4176 gularum
1626 4110 1888 4175 notitiam,
1914 4127 1966 4179 q.
2000 4112 2065 4163 ad
2090 4113 2395 4166 instructio-

1363 4193 1483 4252 ncm
1528 4187 1819 4247 perteucut,
1872 4196 2247 4252 usquequaque
2287 4197 2390 4235 tt0tt

1362 4250 1586 4303 dicimus
1616 4253 1933 4305 retinendos.

1430 4382 1574 4439 Idem
1609 4384 1856 4440 Orosium
1896 4386 2064 4440 virum
2095 4385 2390 4441 eruditissi-

1361 4470 1526 4519 mum,
1547 4470 1701 4524 quem
1719 4455 2117 4522 coulaudamus,
2135 4455 2225 4524 qui
2243 4458 2393 4513 valde

1362 4525 1514 4579 nobis
1549 4526 1903 4580 necessariam
1940 4527 2193 4580 adversus
2235 4542 2394 4594 paga-

1360 4610 1547 4649 norum
1580 4595 1872 4649 calumnias
1920 4595 2181 4649 ordinavit
2212 4597 2389 4653 Histo-

1359 4666 1513 4729 riam,
1547 4668 1783 4734 miraque
1817 4667 2074 4720 brevitate
2097 4670 2388 4723 eontexuit.

1430 4737 1557 4789 Item
1583 4735 1903 4789 venerabilis
1921 4736 2120 4789 Sedulii
2138 4736 2392 4793 Paschale

1359 4818 1512 4873 Opus,
1544 4805 1683 4872 quod
1714 4806 1938 4859 eruditis
1966 4805 2243 4874 descripsit
2274 4824 2392 4864 ver-

1360 4877 1528 4942 sibus,
1562 4876 1753 4944 insigui
1787 4876 1939 4929 laude
1970 4875 2319 4942 praeferimus.

1428 5016 1557 5072 Item
1604 5015 1825 5071 Juvenci
1866 5015 2209 5070 nihilominus
2250 5017 2396 5071 labo-

1357 5086 1556 5143 riosum
1594 5100 1729 5157 opus
1774 5099 1881 5141 non
1928 5087 2249 5156 spernimus,
2299 5087 2391 5141 sed

3406 271 3499 328 171

2626 390 2903 436 JUBENSE
2946 392 3332 441 CHIFFLBTII.

3240 502 3501 577 Ecclesia,

2472 579 2658 619 omnes
2686 576 2968 643 martyres,
2994 579 3060 643 _et
3088 587 3273 626 eorum
3303 575 3504 643 glorio;

2470 649 2557 713 sos
2598 649 2826 713 agones,
2856 642 2943 713 qui
2994 639 3104 693 Deo
3135 639 3499 713 magis'quatn

2470 705 2772 760 hominibus
2831 705 2940 761 noti
2972 718 3118 774 sunt,
3150 705 3294 767 onini
3339 705 3503 772 devo-

2464 774 2607 829 tione
2634 790 2967 831 veneramur.

2540 844 2667 898 Item
2702 847 2847 899 Vitas
2871 848 3107 915 Patrum,
3155 852 3300 907 Pauli
3333 857 3503 914 Anto-

2469 914 2543 974 ni,
2584 915 2889 983 Hilarionis,
2932 928 2980 971 et
3032 914 3267 975 omnium
3306 932 3501 983 eremi-

2474 994 2664 1047 tarum,
2691 1001 2822 1053 quas
2845 995 3023 1042 tamen
3048 991 3128 1042 vir
3160 992 3501 1050 beatissimus

2473 1053 2837 1129 Hieronymus
2864 1056 3169 1129 descripsit,
3205 1077 3325 1117 eum
3353 1071 3498 1124 omni

2472 1123 2682 1177 honore
2701 1127 3040 1192 Suscipimus.

2541 1192 2667 1245 Item
2719 1197 2882 1249 Attus
2926 1197 3209 1253 beatissimi
3256 1204 3499 1263 Silvestri

2469 1263 2776 1337 apostolicze
2846 1266 2988 1319 sedis
3040 1274 3304 1337 prtesulis,
3375 1277 3499 1334 licet

2468 1334 2583 1414 ejus
2601 1334 2686 1400 qui
2711 1334 3248 1414 conscripsit—nomen
3290 1334 3499 1414 ignore-

2470 1410 2572 1461 tur,
2600 1417 2629 1454 a
2662 1404 2841 1457 multis
2872 1404 3047 1461 tamen
3091 1410 3141 1461 in
3174 1404 3500 1472 urbevlioma

2468 1472 2747 1552 catholicis
2790 1475 2890 1543 legi
2936 1480 3280 1555 cognovimus
3319 1494 3373 1539 et
3402 1502 3500 1555 pro

2471 1542 2689 1612 antiquo
2722 1559 2820 1599 usu
2858 1542 3044 1600 multa:
3082 1549 3183 1604 hoc
3226 1542 3501 1612 itnitan'tur

2472 1609 2747 1666 Ecclesiae.

2542 1681 2671 1752 Item
2696 1683 2958 1752 scriptura
2977 1686 3042 1741 de
3076 1688 3381 1749 Inventione
3407 1697 3501 1750 do.

2469 1750 2678 1831 mimicae
2709 1750 2901 1823 crucis,
2936 1766 2991 1831 et
3017 1759 3119 1831 alia
3148 1763 3409 1831 scriptura
3431 1769 3498 1821 de

2470 1819 2782 1895 Inventione
2837 1819 3025 1895 capitis
3083 1830 3224 1886 beati
3259 1819 3500 1892 'Juaouis

2472 1890 2741 1957 Baptistae,
2775 1890 3004 1951 novella
3033 1900 3244 1966 quidem
3287 1890 3500 1961 relatio;

2471 1974 2565 2032 nes
2593 1971 2731 2022 sunt,
2762 1974 2816 2017 et
2869 1969 3105 2021 nonnulli
3138 1986 3227 2025 eas
3251 1975 3499 2032 catholici

2470 2027 2669 2094 legunt.
2703 2032 2807 2086 Sed
2839 2048 2959 2088 cum
2994 2036 3106 2091 Ita-c
3149 2040 3215 2093 ad
3266 2027 3498 2100 Catlioli;

2467 2113 2893 2175 comminantis
2938 2111 3312 2175 pervenerint,
3356 2115 3498 2170 beati

2468 2171 2693 2241 a‘postoli
2731 2173 2872 2225 Pauli
2900 2171 3163 2241 praecedat
3182 2171 3446 2239 sententia
3484 2204 3495 2237 :

2471 2235 2656 2319 Omnia
2685 2235 2913 2311 probate,
2966 2256 3014 2298 et
3053 2250 3189 2317 quod
3215 2235 3499 2310 bonum—est

2468 2318 2693 2362 retinete.

2538 2376 2666 2455 Item
2700 2379 2919 2455 Ruﬁnus
2960 2384 3043 2437 vir
3080 2388 3496 2455 religiosissimus

2467 2447 2728 2525 plurimos
2778 2453 3123 2525 ecclesiastici
3173 2447 3346 2525 operis
3387 2447 3500 2518 edi;

2464 2514 2545 2569 dit
2574 2517 2780 2573 libros:
2816 2524 3097 2580 neunullas
3143 2514 3317 2583 etiam,
3355 2514 3497 2587 sci-i-

2470 2593 2649 2665 ptnras
2678 2589 3053 2671 interpretatus
3084 2607 3183 2651 est.
3215 2600 3319 2654 Sed
3366 2618 3498 2671 quo-

2468 2658 2961 2735 nianpvenerabilis
2993 2665 3343 2734 Hieronymus
3376 2658 3499 2729 cum

2469 2726 2520 2779 in
2564 2726 2829 2794 aliquibus
2871 2730 2939 2785 de
2992 2726 3207 2791 arbitrii
3256 2726 3497 2799 libertate

2469 2800 2713 2876 notavit;_
2751 2800 2832 2850 illa
2886 2806 3166 2876 sentimus,
3217 2824 3335 2876 quae
3367 2828 3499 2876 prte~

2471 2865 2672 2945 dictum
2703 2868 2912 2945 beatum
2956 2865 3333 2945 Ilieronyttium
3367 2865 3498 2935 Iseo-

2470 2942 2588 3006 tire_
2620 2942 2987 3003 cognoscimus
3018 2960 3030 2995 :
3064 2954 3119 2998 et
3156 2942 3273 3000 'non
3326 2950 3497 3006 solum

2469 3003 2535 3056 de
2564 3003 2770 3086 Rulino,
2800 3011 2899 3086 scd_
2946 3016 3105 3067 etiam
3132 3015 3198 3069 de
3235 3003 3497 3075 universis

2463 3088 2597 3146 quos
2646 3080 2726 3146 vir
2773 3080 2967 3146 smpius
3007 3096 3332 3141 memoratus
3374 3093 3492 3144 zelo

2465 3141 2581 3209 Dei,
2605 3152 2659 3197 et
2686 3145 2806 3199 fidei
2840 3141 3095 3219 religione
3122 3141 3492 3223 reprehendit.

2536 3275 2919 3361 Item-Origenis
2941 3286 3192 3361 nonnulla
3215 3292 3493 3361 Opuscula,

2465 3360 2583 3412 qua:
2630 3348 2712 3402 vir
2746 3348 3092 3432 _l.ieati_ssiniu_s
3145 3348 3498 3432 Hieronymus

2467 3430 2572 3497 non
2596 3419 2858 3487 repudiat,
2892 3422 3111 3497 legenda
3134 3419 3454 3497 suscipimus
3481 3452 3495 3486 :

2465 3486 2665 3554 reliqua
2696 3500 2869 3544 autem
2904 3486 3082 3547 omnia
3114 3511 3235 3550 cum
3279 3486 3496 3557 auctore

2464 3569 2561 3608 suo
2590 3557 2814 3613 dicimus
2844 3565 3131 3618 rennenda.

2499 3695 2509 3705 _
2536 3625 2662 3679 Item
2684 3629 2944 3705 Chrenica
2966 3633 3180 3705 Eusebii
3200 3637 3494 3697 Caesarien-

2468 3700 2773 3767 sis,ratqne
2827 3700 3064 3766 ejusdem
3110 3705 3355 3764 Historite
3398 3713 3493 3767 Ec-

2467 3766 3230 3848 clesiastica:libros,_quamvis
3251 3781 3300 3832 in
3326 3766 3496 3848 primo

2469 3839 2942 3914 narratio_nis__su:e
2986 3839 3120 3897 libro
3160 3839 3407 3914 tepuei-it,
3443 3862 3495 3905 et

2468 3914 2589 3971 post
2616 3907 2666 3959 in
2698 3907 2938 3964 laudibus
2968 3922 3126 3977 atque
3153 3907 3495 3974 excusatione

2466 3976 2707 4043 Urigenis
2732 3978 3056 4035 schismatici
3081 4000 3240 4038 unum
3271 3989 3479 4043 conseri

2467 4046 2628 4107 pserit
2660 4046 2869 4117 librum
2908 4066 2918 4100 :
2953 4063 3166 4117 propter
3203 4070 3380 4109 rerum
3421 4071 3497 4112 ta-

2464 4127 2584 4193 men
2628 4114 2963 4193 singularum
2988 4114 3248 4193 notitiam,
3282 4142 3400 4193 qua:
3429 4129 3494 4181 ad

2464 4185 2866 4265 instructionem
2894 4189 3173 4256 pertinent,
3197 4185 3495 4265 usquequa-

2465 4264 2569 4319 que
2592 4267 2695 4306 non
2727 4254 2953 4311 dicimus
2974 4254 3297 4319 renuendos'.

2534 4383 2664 4439 Item
2705 4386 2948 4443 Orosium
2988 4392 3158 4448 virum
3202 4398 3495 4454 eruditissi-

2466 4470 2607 4508 mum
2646 4458 3046 4531 conlaudamus,
3091 4465 3179 4531 qui
3208 4467 3360 4523 valde
3397 4484 3493 4524 ne-

2464 4526 2746 4606 cessariam
2790 4530 2942 4606 nobis
2977 4526 3230 4606 adversus
3265 4552 3496 4606 pagano-

2464 4610 2579 4677 rum
2597 4598 2889 4678 calumnias
2909 4603 3177 4657 ordinavit
3190 4598 3491 4678 Historiam,

2464 4668 2703 4734 miraque
2731 4667 2996 4725 brevitate
3025 4677 3324 4732 contexuit.

2538 4737 2676 4818 Item
2688 4741 3000 4818 venerabilis
3019 4743 3118 4818 viri
3131 4745 3326 4818 Sedulii
3348 4747 3493 4818 Opus

2466 4806 2734 4887 paschale,
2756 4810 2914 4887 _qu_od
2932 4881 2942 4887 _
2960 4812 3186 4887 heroicis
3217 4806 3496 4887 descripsit

2465 4876 2727 4939 versibus,
2754 4878 2945 4949 insigni
2964 4882 3119 4938 laude
3144 4876 3496 4953 priererinius.

2536 5016 2757 5071 Iuvenci
2787 5034 2999 5088 quoque
3035 5021 3383 5080 nihilominus
3414 5027 3493 5080 la-

2465 5086 2737 5142 boriosum
2769 5086 3036 5158 opus—non
3056 5092 3378 5163 spernimus,
3402 5097 3496 5152 sed

1992 5241 2014 5273 ⁸
2053 5240 2107 5293 In
2131 5238 2321 5295 eodem
2343 5241 2462 5295 cod.
2491 5242 2646 5298 deest
2670 5246 2859 5299 omnia.

1992 5312 2028 5382 ξ
2053 5311 2106 5363 In
2135 5311 2477 5382 eodemrcod.
2507 5313 2658 5367 deest
2684 5316 2789 5382 epi.

1994 5380 2037 5411 ¹⁶
2076 5381 2218 5434 Idem
2253 5381 2398 5446 cod.,
2424 5380 2822 5441 instructionem.

1996 5451 2035 5480 “
2078 5449 2222 5503 Idem
2256 5450 2401 5513 cod.,

2428 5452 2536 5519 qui.

1994 5519 2038 5593 ξξ
2077 5518 2131 5593 tu
2154 5519 2347 5593 eodem
2369 5520 2490 5573 cod.
2521 5519 2673 5593 deest
2693 5523 2934 5593 episcopi.

1997 5586 2040 5618 ¹³
2076 5587 2221 5642 Idem
2251 5587 2397 5655 cod.,
2417 5586 2752 5659 prteferintus.
