4024 6172
424 236 525 293 183
1349 233 1436 290 AD
1476 233 1703 288 OPEBA
1745 228 1989 286 GELASI

2105 224 2262 279 ΑΡᾹΞ
2304 223 2748 280 APPENDICES.
3580 226 3686 281 18-5

325 339 338 345 ’
422 354 612 408 Turcio
640 355 773 426 Rufo
803 355 870 410 U.
899 353 959 409 ϐ.
992 353 1196 407 consule
1224 352 1485 406 ordinario
1516 360 1663 426 atque
1688 347 1920 426 patricio.
1940 362 1976 424 ,ι
2021 341 2203 399 Verum
2234 355 2296 394 ex
2330 340 2554 426 ζαιξάίξιὶε
2578 357 2696 426 ηιδξ.
2729 339 2902 406 liquet.
2932 340 3042 392 Ιοσο
3066 335 3354 426 CXC-00399

423 406 783 492 eiscriptore'nt
808 406 1155 494 ierim-em
1197 424 1421 486 posuisse
1461 406 1704 494 consule:
1719 413 2023 494 ordinario;
2073 425 2283 491 cumque
2325 410 2549 494 Asterius
2581 417 2698 494 ante
2735 425 2925 461 annum
2960 416 3249 494 sequentem
3281 406 3539 494 excotlsul
3581 409 3685 461 dici

554 475 792 561 poluerit,
816 475 1076 549 (anteeant
1102 475 1292 545 annum
1319 475 1519 545 sedulii
1548 489 1776 561 carmina
1807 502 1893 561 nec
1925 481 2146 550 collegit,
2173 475 2263 561 nec
2291 479 2562 561 emi/gavit,
2594 479 2804 561 ideoque
2829 518 2860 561 ,_
2877 494 2967 561 nec
2993 477 3398 561 antea-synodus
3427 475 3686 561 Romam),

995 543 1451 634 "Sedullolmentio,
1480 560 1730 634 celebrata
1756 557 1880 634 [πῂ.-
1901 562 1954 605 ut
1986 543 2118 634 recte
2140 549 2304 634 videre
2336 543 2572 634 Heinius
2603 543 2794 634 έέῢέςιμ
2827 551 2888 634 de
2922 546 3233 634 Printordiis.

955 614 1029 686 inw
1051 614 1290 684 Vindieiis
1311 614 1635 698 epistolarunt
1663 614 1827 698 sancti
1860 624 2187 698 lguat._pag:
2216 617 2306 674 46.
2337 626 2382 670 ct
2413 619 2556 698 card.
2595 616 3117 698 Norisiusloudatus,
3144 617 3233 684 qui
3258 616 3409 698 plura
3437 614 3584 698 liabet
3619 619 3686 669 de

427 702 639 776 Sedulio
660 713 706 756 et
728 709 837 776 ejus
865 720 1030 776 opere.
1066 700 1190 755 Cum
1212 687 1522 776 t'e‘rol'tnense
1546 697 1738 751 Martio
1762 697 1862 746 alia
1890 687 2120 776 :y'ttodits
2416 687 2880 776 Alt-ab_i__f't_lr§ilr‘e¢_lﬁlf
2896 687 3475 776 ﬁliifilii

425 754 832 840 iasﬁuncnié'ii
868 754 1118 837 llroniana,
1140 773 1230 825 sub
1254 769 1476 836 Gelasio,
1501 786 1600 821 non
1632 784 1672 836 ι,
1705 775 1756 819 ut
1784 754 2047 834 perperam
2079 760 2318 812 hactenus
2349 773 2380 809 a
2405 757 2734 810 conciliorum
2757 754 3101 810 collectoribus
3122 754 3401 825 appellata,
3428 764 3475 807 et
3502 755 3683 808 horum

427 844 656 912 exemplo
681 847 744 898 ab
769 844 909 898 aliis.

1548 937 1574 965 ³
1608 919 2014 979 ‘CONCILIUM
2053 914 2385 970 ROMANUM
2434 914 2473 967 tl
2508 915 2550 970 '.

889 1021 1002 1088 Quo
1029 1038 1061 1073 a
1091 1019 1290 1075 Gelasio
1319 1027 1365 1072 et
1393 1017 1640 1088 episcopis
1661 1017 1730 1070 55
1755 1011 1979 1065 Misenus
1999 1005 2271 1060 absolvitur
2285 1020 2421 1056 anno
2449 1004 2652 1056 Domini
2670 1005 2774 1060 495
2804 1020 2858 1058 ιη
2889 1006 3003 1058 idus
3055 1003 3202 1058 Maii.

501 1111 787 1168 Resideme
820 1113 871 1167 in
914 1113 1122 1183 synodo
1153 1109 1442 1166 venerabili
1465 1108 1582 1162 νίτο
1611 1120 1746 1176 papa
1777 1101 1990 1156 Gelasio
2017 1101 2069 1159 Α
2097 1095 2279 1149 Miseni
2317 1093 2527 1148 libellus
2556 1095 2732 1150 denuo
2759 1098 3033 1151 recitetur.
3071 1097 3382 1150 Anastasius
3423 1096 3682 1150 d'acoaus

429 1213 529 1255 una
555 1217 676 1256 cum
709 1203 1003 1268 Bonifacio,
1047 1201 1352 1264 Maximino,
1410 1197 1728 1267 Epiphanio,
1774 1190 1996 1254 Basilio,
2101 1187 2379 1242 recitavit:
2417 1187 2602 1241 Datum
2632 1203 2664 1242 a
2691 1188 2888 1242 famulo
2916 1201 3094 1242 vestro
3126 1189 3330 1243 Miseno
3369 1188 3461 1242 die
3489 1197 3684 1242 octavo

429 1288 612 1360 Vitali,
639 1292 819 1358 Claro,
848 1293 1074 1357 Irenaeo,
1107 1290 1283 1354 Decio,
1316 1287 1518 1350 Asello,
1569 1283 1762 1353 Euplo,
1812 1280 1998 1335 Valen-

429 1382 558 1446 tina,
589 1383 931 1447 Martiniano,
963 1383 1145 1445 Basso,
1183 1379 1441 1446 Benigno,
1481 1375 1775 1438 Primitive,
1823 1371 1998 1424 Palla-

430 1470 540 1534 dio,
570 1471 874 1536 Uiudemio,
903 1469 1241 1536 Constantio,
1265 1467 1538 1533 Martyrio,
1565 1461 1824 1524 Candide,
1859 1459 1997 1513 Lau-

432 1562 637 1626 rentio,
697 1561 950 1626 Deodato,
1011 1559 1272 1615 Mercurio
1296 1602 1310 1626 ,
1359 1555 1631 1624 Stephano
1653 1591 1670 1617 ,
1732 1549 1995 1612 Dulcitio,

431 1649 744 1715 Fortunato,
773 1651 1080 1718 Paschasio,
1116 1649 1392 1712 Sanctulo,
1420 1644 1746 1708 Innocentio,
1769 1642 2000 1710 Chryso-

431 1753 594 1808 gono,
651 1739 938 1806 Colonico,
991 1739 1236 1802 Molensi,
1288 1737 1629 1799 Maximiano,
1692 1731 1993 1796 Valentino,

431 1829 1108 1896 Constantio,Gandentio,
1143 1829 1337 1895 Felice,
1375 1826 1652 1888 Vitaliano,
1680 1823 1863 1888 Petro,
1897 1820 1997 1876 Se-

431 1936 586 1984 reno,
615 1922 873 1989 Aucupio,
908 1921 1210 1985 Timotheo,
1260 1919 1555 1988 Stephano,
1603 1914 1914 1982 Laurentio,
1945 1921 2000 1968 et

432 2013 609 2068 Probo
660 2014 947 2082 episcopis,
998 2012 1358 2067 residentibus
1400 2011 1561 2064 etiam
1590 2008 1832 2073 Castino,
1864 2006 2000 2060 Lau-

431 2106 628 2171 rentio,
659 2106 913 2173 Canusio,
945 2105 1218 2175 Eugenio,
1249 2104 1522 2167 Januario,
1554 2103 1834 2167 Martiano,
1863 2099 1998 2154 Gor-

432 2193 612 2257 diano,
637 2195 817 2260 Petro,
854 2195 1066 2261 UrbECo,
1095 2195 1335 2259 Paulino,
1358 2195 1601 2258 Valente,
1637 2194 1815 2256 Petro,
1846 2192 1999 2245 Aste-

434 2286 539 2350 rin,
590 2283 904 2352 Smaragdo,
961 2283 1261 2347 Bonifacio,
1317 2283 1625 2345 Maxentio,
1677 2281 1996 2350 Epiphanio,

437 2375 666 2440 .lustino,
719 2375 921 2440 Felice,
978 2374 1315 2440 Redempto,
1373 2372 1696 2441 Projectltio,
1751 2371 1991 2436 Callisto,

2101 1277 2281 1332 iduum
2313 1277 2640 1343 Martiarum,
2689 1279 2912 1332 Viatore
2939 1279 3004 1334 V.
3031 1279 3089 1332 (Ξ.
3123 1279 3362 1334 consule.
3411 1277 3679 1344 Quantum

2099 1369 2164 1422 ad
2187 1384 2321 1423 mea:
2353 1371 2583 1437 pertinet
2634 1369 2964 1424 infelicitatis
2995 1370 3301 1439 abruptum,
3345 1371 3515 1423 errori
3558 1383 3681 1423 meo

2102 1460 2342 1530 qualibet
2373 1461 2579 1518 ratione
2607 1470 2883 1516 contracto
2913 1462 3112 1516 deﬁnio
3144 1479 3246 1516 non
3288 1477 3407 1516 esse
3450 1477 3678 1530 parcen-

2104 1553 2229 1606 dutn
2272 1553 2563 1621 :quoniam
2592 1554 2692 1606 hoc
2742 1555 2857 1621 ipso
2889 1569 3046 1622 poma
3098 1567 3286 1608 carere
3333 1568 3436 1607 non
3481 1553 3677 1616 debeo,

2101 1643 2239 1711 quod
2266 1641 2437 1695 merui
2468 1642 2487 1672 ³
2512 1641 2578 1696 ad
2603 1657 2815 1698 causam
2849 1643 3136 1712 pcenalem,
3159 1657 3483 1712 qumcunque
3511 1642 3676 1710 foret,

2102 1734 2341 1803 perduci.

2169 1824 2436 1890 Quantum
2462 1838 2591 1879 vero
2617 1825 2846 1893 pertinet
2880 1823 2974 1896 [al.
3017 1824 3255 1897 respicit]
3284 1823 3349 1878 ad
3373 1824 3671 1880 remediale

2098 1914 2415 1981 subsidium,
2447 1915 2554 1970 duo
2579 1925 2700 1969 sunt
2723 1931 2838 1982 qua:
2863 1931 2947 1970 me
2973 1917 3038 1969 ad
3069 1915 3172 1970 hoc
3211 1914 3527 1986 suppliciter
3574 1917 3680 1968 im-

2099 2009 2416 2079 plorandum
2447 2011 2630 2064 venire
2658 2011 3068 2080 censtringunt;
3121 2025 3187 2065 ne
3221 2010 3302 2065 vel
3347 2024 3448 2080 ego
3489 2009 3682 2079 despe-

2099 2105 2304 2157 ratione
2336 2105 2503 2174 magis
2555 2105 2828 2172 perpetuis
2859 2104 3184 2159 cruciatibus
3213 2105 3314 2158 sim
3358 2103 3552 2172 dignus
3580 2102 3678 2154 ad-

2097 2192 2223 2255 dici,
2254 2194 2406 2248 .ludte
2432 2195 2856 2262 praevaricatoris
2885 2194 3136 2262 exemplo
3169 2211 3182 2248 :
3209 2204 3264 2249 et
3291 2194 3411 2262 quia
3429 2201 3573 2244 tanta
3597 2202 3679 2245 est

2100 2282 2383 2337 ineliahilis
2424 2284 2512 2336 illa
2562 2283 2868 2346 clementia,
2918 2281 3039 2352 time
3091 2284 3380 2352 apostolica
3415 2291 3680 2351 potestate

2101 2376 2405 2429 universum
2434 2373 2639 2428 facinus
2669 2374 3148 2443 possitabsolvere.
3169 2373 3317 2428 lianc
3333 2375 3491 2442 igitur
3507 2373 3677 2427 solam

435 2465 658 2528 Joanne,
697 2465 995 2528 Valentino,
1029 2464 1364 2527 Sebastiano,
1395 2464 1642 2528 Martino,
1677 2461 1996 2531 Epiphanio,
2028 2443 2075 2503 Β
2105 2466 2155 2517 in
2197 2479 2316 2517 meo
2343 2463 2571 2532 negotio,
2599 2478 2733 2532 papa
2755 2462 3092 2527 venerabilis,
3128 2477 3310 2516 vocem
3339 2461 3675 2516 miserandus

435 2555 666 2616 Andrea,
697 2553 973 2616 Servodei,
1004 2553 1306 2620 Apellione,
1339 2554 1519 2617 Petro,
1545 2552 1838 2616 Servando,
1864 2554 2001 2622 Aga-

436 2644 565 2710 pito,
615 2644 975 2705 Abundantio,
1031 2644 1361 2706 Marcellino,
1415 2643 1638 2710 Litorio,
1691 2643 1995 2706 Laurentia,

433 2734 730 2803 Agathone,
749 2734 1084 2797 Sebastiano,
1106 2733 1405 2801 Valentino,
1429 2734 1995 2801 Anastasio,Genesio,

433 2826 703 2896 Dionysio,
755 2825 1087 2894 Epiphanio,
1137 2826 1386 2892 Acontio,
1446 2825 1688 2889 Paulino,
1751 2827 1995 2895 Agapito,

430 2917 729 2980 Adeodato,
764 2916 1073 2982 Benedicto,
1105 2916 1404 2982 Dominico,
1432 2916 1748 2987 Redempto,
1773 2916 1994 2983 Severo,

429 3005 663 3075 Juliano,
694 3005 986 3076 Stephano,
1015 3005 1415 3073 Crescentiano,
1439 3006 1757 3076 Septimino,
1780 3006 2000 3077 Cypria-

431 3115 522 3165 ne,
567 3110 619 3154 et
666 3100 974 3169 Epiphanio
1017 3100 1344 3171 presbyteris
1374 3114 1624 3154 una—cum
1665 3099 1998 3154 Amandiano

428 3190 546 3244 viro
576 3190 793 3257 illustri,
823 3199 878 3244 et
908 3190 1232 3259 Diogeniano
1277 3189 1393 3243 viro
1419 3189 1723 3258 spectabili;
1769 3189 1993 3243 astanti-

429 3279 529 3340 bus
555 3295 766 3351 quoque
792 3279 1126 3344 diacouibus,
1155 3279 1400 3336 Gelasius
1432 3279 1713 3347 episc0pus
1744 3278 1998 3335 Ecclesia:

429 3371 706 3426 catholica:
728 3371 876 3424 urbis
903 3369 1086 3423 Romae
1115 3370 1247 3423 dixit
1274 3386 1287 3421 :
1321 3369 1558 3423 Meminit
1584 3368 1798 3423 dilectio
1827 3377 2000 3424 vestra

430 3461 708 3530 superiore
732 3471 1002 3516 conventu
1029 3460 1262 3514 oblatum
1294 3458 1446 3512 nobis
1468 3473 1498 3512 a
1525 3459 1728 3513 Miseno
1763 3459 1995 3513 libellum

432 3551 486 3605 in
517 3557 805 3618 conspectu
836 3558 1014 3603 vestro
1046 3548 1207 3602 fuisse
1237 3547 1551 3611 recitatum;
1582 3547 1723 3618 hunc
1751 3547 1997 3602 eumdem

431 3640 474 3696 si
505 3621 678 3709 placet
721 3638 990 3697 dilecuoni
1021 3647 1232 3702 vestras,
1281 3636 1456 3691 denuo
1508 3612 1915 3703 recansendum,
1943 3646 2001 3692 ut

431 3742 546 3786 acta
572 3739 753 3785 nostra
785 3729 1114 3784 contineant.
1147 3730 1211 3783 Et
1240 3729 1361 3797 quia
1393 3728 1535 3782 aliud
1562 3744 1620 3783 se
1660 3744 1872 3797 quoque
1902 3745 1994 3798 pe-

430 3820 668 3875 titorium
701 3833 813 3889 prte
840 3818 1087 3873 manibus
1118 3817 1315 3873 habere
1346 3817 1639 3886 profitetur,
1679 3818 1805 3885 quid
1837 3820 1994 3874 etiam
2025 3800 2070 3862 (ἶ

431 3912 483 3968 in
516 3911 617 3969 hoc
641 3912 997 3974 contineatur,
1030 3911 1294 3981 possimus
1317 3924 1628 3979 agnoscere.
1677 3909 1744 3964 Et
1767 3910 1994 3979 adjecit:

498 4068 524 4095 ⁸
551 4065 680 4118 Cum
721 4063 909 4117 Vitalis
934 4071 987 4117 et
1011 4062 1592 4134 Misenusiapostolicm
1638 4063 1780 4119 sedis
1817 4065 1998 4134 legati,

426 4150 521 4202 per
549 4136 814 4190 Zenonem
850 4134 1224 4201 imperatorem
1258 4133 1453 4188 inducti
1481 4135 1676 4188 Acacio
1704 4133 2001 4188 communi-

425 4213 658 4267 cassent,
697 4213 754 4259 et
776 4205 917 4257 Petri
949 4204 1115 4272 Moggi
1157 4204 1528 4258 Alexandrina:
1556 4204 1807 4257 Ecclesiae
1852 4204 2001 4258 inva-

423 4275 563 4330 soris
610 4287 806 4327 nomen
841 4275 894 4326 in
931 4272 1196 4342 diptyi-his
1232 4272 1442 4342 publice
1487 4273 1697 4327 recitari
1724 4273 1839 4327 sine
1865 4289 1997 4328 con-

423 4342 738 4398 tradictioue
788 4341 1116 4396 audivissent
1148 4380 1163 4401 .
1227 4341 1454 4408 ideoque
1520 4343 1663 4409 justo
1714 4343 1914 4409 judicio
1965 4359 1992 4395 a

426 4411 605 4467 Felice
623 4425 754 4479 papa
788 4411 841 4464 in
873 4410 1112 4480 synodali
1158 4409 1371 4463 Patrum
1403 4426 1657 4465 consessu
1692 4427 1998 4467 excommu-

423 4481 584 4534 nicati
624 4483 889 4542 fuissent;
951 4480 1161 4533 tandem
1214 4489 1332 4547 post
1372 4481 1704 4535 intervallum
1744 4481 1988 4536 undecim

422 4564 686 4606 annorum
719 4590 734 4614 ,
787 4558 1009 4618 postque
1062 4547 1283 4618 Vitalem
1336 4549 1389 4602 in
1443 4551 1994 4607 exeommunicatione

423 4618 755 4680 defunctum,
788 4616 1016 4672 Misenus
1047 4617 1212 4686 gratia
1244 4616 1336 4671 Dei
1380 4618 1612 4686 adjutus,
1646 4619 1712 4673 ad
1758 4631 1990 4675 men-tem

423 4687 629 4750 rediit;
669 4703 926 4756 suumque
964 4687 1216 4741 delicmm
1243 4687 1526 4754 plurimum
1564 4689 1886 4753 detestatus,
1926 4689 1991 4743 ad

425 4757 789 4825 paenitentiam
817 4765 866 4810 et
909 4755 1164 4811 Ecclesia;
1199 4757 1451 4810 unitatem
1482 4757 1644 4825 recipi
1684 4759 1990 4824 postulavit.

424 4824 627 4879 ludicto
673 4827 832 4893 igitur
879 4825 976 4880 hac
1017 4825 1084 4880 de
1131 4839 1288 4878 causa
1343 4824 1605 4894 concilio,
1659 4835 1781 4894 post
1816 4842 1992 4881 causa:

424 4895 780 4962 cognitionem
819 4909 1008 4964 magno
1046 4896 1281 4965 omnium
1323 4895 1578 4963 applausu
1630 4895 1864 4950 humeris
1903 4912 1996 4965 pa-

423 4972 627 5036 storum
658 4962 937 5036 impositus
966 4965 1030 5018 ad
1060 4962 1441 5036 oviIerristi,
1467 4965 1608 5036 unde
1648 4966 1801 5036 annis
1830 4962 1993 5036 prope

424 5033 674 5087 undecim
716 5034 1076 5100 aberraverat,
1115 5034 1349 5088 vicissim
1389 5035 1636 5090 reductus
1685 5034 1800 5089 fuit.
1832 5033 1991 5093 Habi-

497 5173 719 5228 ’Edidit
755 5174 1011 5229 Batonius
1041 5188 1160 5227 cum
1205 5171 1366 5226 variis
1412 5169 1730 5226 lectionibus
1768 5185 1832 5224 ex
1883 5184 1985 5225 ms.

429 5243 920 5312 Virdunensi.quas
966 5258 1088 5298 cum
1129 5258 1194 5298 eo
1239 5239 1653 5296 communicavit
1693 5239 1753 5293 P.
1790 5239 1990 5301 Fronto

424 5313 670 5368 Ducaius.
705 5313 962 5367 “ARDUI‘N.

497 5385 517 5413 '
551 5383 611 5438 Si.
637 5383 917 5437 concilium
949 5383 1002 5436 in
1043 5395 1149 5448 quo
1177 5381 1242 5436 de
1262 5379 1415 5437 libris
1439 5377 1986 5450 apocryphis‘actum,

428 5466 570 5506 anno
605 5461 803 5507 tantum
835 5453 935 5507 496
984 5450 1217 5504 habitum
1263 5460 1344 5505 est
1367 5492 1380 5515 ,
1415 5459 1470 5505 ut
1498 5448 1894 5515 supradiximus
1921 5464 1988 5502 ex

429 5519 609 5588 Pagio,
639 5531 803 5578 restat
830 5531 888 5577 ut
925 5522 1027 5576 hoc
1063 5520 1343 5574 concilium
1376 5521 1430 5573 in
1475 5534 1580 5588 quo
1610 5519 1840 5573 Misenus
1889 5519 1985 5572 ab-

427 5590 668 5660 solvitur,
703 5594 929 5666 primum
972 5591 1072 5647 sub
1097 5588 1307 5646 Gelasio
1336 5589 1440 5646 dici
1480 5588 1691 5657 debeat,
1737 5588 1865 5645 illud
1898 5602 1987 5646 se-

2101 2555 2334 2610 eﬂ'undo.
2352 2555 2513 2622 Parce
2532 2565 2817 2622 prostrato,
2836 2556 3046 2624 porrige
3059 2537 3675 2622 manumiacentiﬁullis

2101 2646 2410 2717 ignorantiae
2435 2639 2867 2699 excusatiouiluts
2897 2663 2908 2695 ι
2933 2645 3053 2707 itor,
3079 2645 3250 2699 nullas
3271 2645 3541 2714 decipulas
3574 2646 3676 2698 cir-

2099 2736 2485 2790 cumventionis
2517 2735 2769 2801 obteudo,
2813 2750 2911 2790 nec
2943 2738 2993 2789 in
3037 2752 3355 2805 quemquam
3397 2735 3674 2790 calamita-

2102 2827 2169 2880 tis
2196 2842 2329 2880 meae
2351 2828 2538 2880 studeo
2567 2827 2855 2881 transferre
2892 2826 3213 2892 discrimen;
3245 2828 3367 2897 quia
3413 2828 3550 2880 alios
3580 2827 3670 2880 in-

2099 2933 2287 2974 cusare
2318 2934 2422 2972 non
2471 2919 2660 2983 debeo,
2709 2920 2797 2989 qui
2832 2934 3045 2988 poscam
3093 2919 3384 2974 clementer
3437 2918 3671 2979 absolvi;

2101 3010 2222 3079 quia
2253 3009 2374 3064 licet
2401 3009 2528 3063 mihi
2570 3023 2666 3077 pro
2715 3023 2830 3063 mea
2891 3008 3208 3064 defensione
3245 3008 3375 3061 nihil
3427 3007 3674 3071 afferam,

2102 3114 2207 3153 non
2233 3099 2498 3166 ambigam
2528 3108 2703 3154 tamen
2740 3099 2855 3153 haec
2876 3099 3053 3152 omnia
3080 3108 3170 3154 tuo
3191 3098 3391 3167 judicio
3420 3113 3541 3153 esse
3565 3108 3676 3152 tra-

2100 3190 2313 3245 ctanda.
2345 3190 2570 3244 Tantum
2625 3205 2826 3258 quaeso,
2881 3201 2936 3243 ut
2987 3205 3221 3259 superno
3261 3188 3474 3243 Numini
3515 3187 3674 3244 obse-

2099 3288 2344 3349 quentes,
2377 3279 2517 3349 quud
2543 3280 2846 3349 pronuntiat
2867 3294 2962 3348 per
2994 3279 3304 3348 prophetam
3330 3297 3345 3333 :
3375 3277 3512 3332 Nolo
3533 3293 3674 3331 mor—

2103 3379 2201 3421 tem
2217 3370 2498 3433 morientis,
2516 3375 2673 3422 donec
2695 3377 2970 3422 revertatur
2985 3379 3030 3423 et
3054 3371 3183 3422 vivat
3203 3367 3416 3439 (Ezech.
3448 3365 3669 3434 xum),

2100 3475 2194 3512 vos
2226 3460 2400 3527 potius
2441 3469 2631 3513 cuncta
2679 3475 2799 3526 qua:
2848 3461 2898 3512 in
2946 3474 3171 3526 persona
3206 3474 3320 3514 mea
3348 3467 3493 3527 gesta
3544 3469 3672 3512 sunt

2103 3550 2328 3620 benigna
2352 3550 2780 3605 consideratione
2812 3551 3070 3604 librantes
3127 3549 3222 3621 [al.
3267 3549 3673 3618 deliberantes].

2103 3642 2352 3695 viaticum
2381 3641 2498 3694 seni
2529 3640 2549 3670 δ
2579 3640 2890 3709 :egritudine
2921 3649 2975 3694 et
3014 3641 3262 3694 continua
3311 3640 3673 3693 maceratione

2104 3742 2443 3800 consumpto,
2485 3747 2553 3786 ne
2596 3732 2710 3786 sine
2742 3731 3102 3786 ecclesiastica
3157 3731 3529 3784 communione
3583 3743 3674 3782 ra-

2105 3824 2240 3892 piar,
2294 3836 2398 3877 non
2447 3822 2649 3890 negetis
2680 3837 2743 3875 ex
2799 3822 3018 3874 alterius
3066 3835 3194 3874 casu
3247 3819 3673 3888 experimentum

2103 3929 2236 3969 mea:
2270 3913 2563 3967 formidinis
2594 3914 2842 3966 intuens:
2884 3913 2970 3980 qui
3000 3911 3275 3977 auxilium,
3318 3911 3477 3965 etiam
3519 3907 3674 3962 vobis

2103 4075 2211 4137 tum
2251 4077 2330 4121 est
2369 4066 2468 4121 hoc
2518 4066 3088 4137 synodalejudicium
3131 4068 3182 4121 in
3230 4067 3447 4123 basilica
3489 4068 3674 4124 Sancti

2103 4135 2264 4200 Petri,
2298 4151 2436 4190 anno
2461 4134 2658 4190 Christi
2688 4134 2827 4200 495,
2852 4136 3006 4190 tertio
3042 4136 3157 4190 idus
3189 4137 3331 4200 Maii,
3360 4138 3458 4192 sub
3483 4153 3676 4192 consu-

2101 4205 2212 4258 latu
2243 4207 2338 4259 viri
2370 4206 2650 4260 clarissimi
2680 4205 3116 4271 FlaviiViatoris,
3153 4207 3240 4274 qui
3282 4216 3365 4262 est
3405 4207 3597 4262 Gelasii
3643 4211 3676 4262 Δ

2100 4282 2156 4328 et
2186 4275 2453 4329 Anastasii
2494 4275 2835 4344 imperatoris
2872 4289 3041 4328 annus
3073 4275 3280 4342 imperii
3311 4279 3364 4332 5.
3418 4279 3546 4331 Acta
3578 4277 3676 4331 hu-

2099 4345 2187 4411 jus
2216 4345 2429 4398 concilii
2479 4361 2573 4413 per
2619 4345 2928 4414 Dionysium
2973 4346 3230 4412 Exiguum
3267 4347 3519 4400 translata
3560 4347 3676 4402 fue-

2101 4423 2243 4468 runt.
2279 4415 2361 4486 Ea
2384 4429 2500 4484 qua:
2532 4430 2599 4468 ex
2632 4414 2883 4486 Vaticana
2912 4414 3234 4486 bibliotheca
3276 4425 3494 4483 accepta
3525 4429 3673 4486 sunt,

2100 4493 2259 4551 atque
2293 4482 2585 4539 etiamnum
2630 4482 2820 4538 tomol
2864 4484 3087 4550 Epistol.
3131 4487 3315 4552 pontii.
3359 4482 3675 4552 recitantur,

2102 4553 2343 4622 nonnihil
2377 4553 2630 4607 mendosa
2658 4561 2800 4613 sunt,
2825 4563 2877 4607 et
2906 4552 3009 4608 fide
3037 4564 3239 4607 carent.
3283 4556 3412 4622 Qum
3440 4570 3567 4608 vero
3607 4572 3673 4610 ex

2101 4623 2289 4675 codice
2313 4621 2634 4678 Virdunensi
2650 4637 2743 4690 per
2775 4622 3101 4677 Frontonem
3130 4621 3378 4678 Ducaeum
3402 4626 3678 4680 societatis

2102 4690 2228 4745 Iesu
2255 4691 2610 4758 professorem
2649 4691 2815 4746 edidit
2852 4693 3236 4748 illustrissimus
3259 4694 3545 4748 cardinalis
3577 4695 3680 4749 Ba-

2104 4761 2308 4832 ronius,
2334 4776 2475 4832 anno
2514 4761 2653 4824 495,
2702 4763 2984 4832 integriora
3024 4771 3148 4816 sunt
3180 4773 3235 4818 et
3276 4764 3441 4832 magis
3487 4778 3674 4818 emen-

2103 4829 2248 4902 data.
2280 4831 2408 4902 Quae
2436 4831 2674 4884 Romano
2694 4829 2996 4902 exemplari
3038 4832 3251 4896 collata,
3301 4835 3350 4887 in
3371 4829 3673 4902 pristinum

2100 4900 2219 4954 fere
2249 4900 2538 4955 candorem
2563 4900 2781 4955 omnino
2801 4901 3072 4971 restituta,
3098 4902 3179 4955 Ιιίι·
3214 4904 3350 4956 infra
3384 4900 3501 4971 post
3523 4912 3677 4957 notas

2020 5010 2069 5068 Β
2097 4979 2311 5024 nostras
2352 4971 2464 5040 tibi,
2511 4971 2763 5025 benevole
2799 4970 2989 5038 lector,
3037 4970 3545 5028 exhibemus.’Sr.v.
3591 4975 3678 5028 Bt-

2095 5055 2231 5094 NIUS.

2095 5172 2349 5229 cundum.

2171 5243 2191 5272 ³
2226 5241 2616 5312 Manuscriptus
2642 5240 2843 5312 habuit,
2874 5245 2940 5295 ad
2961 5258 3165 5296 causam
3185 5243 3428 5312 pa‘naleut
3448 5259 3678 5312 quacun-

2097 5327 2194 5383 que
2225 5321 2361 5383 sorte
2384 5311 2950 5383 perduri._7Eod_emque
2969 5312 3138 5383 modo
3161 5311 3349 5381 legitur
3377 5313 3533 5381 paulo
3555 5327 3677 5383 post

2098 5381 2152 5434 in
2174 5381 2275 5435 hoc
2304 5382 2422 5449 ipso
2451 5381 2698 5434 concilio.
2733 5381 2931 5435 Fnosr.
2963 5382 3208 5436 DUCEIIS.

2169 5450 2188 5479 ⁸
2221 5449 2556 5521 ίΕθτὶιαάεηε
2581 5450 2821 5504 continua
2851 5460 2898 5505 et
2929 5454 3285 5509 maceratione.
3335 5452 3532 5513 Fuonr.
3573 5454 3674 5513 [ω.-

2096 5534 2265 5575 (ZEUS.
