4024 6172
223 339 324 399 185

675 340 1011 398 APPENDIX
1047 342 1318 398 TERTIA.
1359 342 1670 399 CONCILIA
1709 343 2022 412 QUASIMM
2063 346 2107 399 A
2145 343 2439 401 GELASIO
2479 329 2912 400 CELEBRATA.

3384 343 3483 405 HG

219 453 467 509 conferre
496 451 819 506 volentibus.
857 467 958 505 non
988 453 1155 521 potuit
1182 453 1447 520 indipisci.
1483 452 1546 506 Et
1579 467 1664 507 me
1696 468 1791 520 per
1822 460 1875 516 Α
1904 452 1989 523 nc]
2015 468 2256 522 voceque
2301 453 2631 518 condemno,
2679 454 2936 514 detestor.
2966 452 3250 520 exhorreo,
3281 454 3335 508 in
3367 454 3480 507 sola

219 546 547 614 imperitiam
591 543 692 598 hac
736 545 888 600 clade
927 545 1102 613 potius
1149 545 1474 614 implicatum
1503 546 1642 600 thoc
1683 545 1800 613 ipso

217 639 506 706 dignanter
535 635 804 690 ostendite
840 635 984 703 quod
1011 637 1031 666 ⁸
1064 635 1129 688 ad
1177 634 1498 703 receptionis
1542 635 1798 690 Ecclesia:

217 739 494 796 superstes
522 731 743 793 gratiam
768 726 907 779 valui
932 727 1230 795 pervenire.

285 820 406 884 Qun
450 818 614 883 lecto,
674 816 918 871 Gelasius
962 817 1246 886 episcopus
1277 817 1440 871 dixit:
1476 817 1793 872 Petitoriuin

215 918 362 975 gesta
395 906 720 960 retinebunt.
749 905 813 959 Et
839 905 1034 975 adjecit
1063 923 1075 957 :
1103 907 1220 974 Ipse
1249 920 1389 960 nunc
1438 907 1672 961 Misenus
1697 906 1797 960 ad-

214 1001 416 1062 veniat,
449 1007 508 1053 et
559 999 866 1066 petitorium
911 997 1053 1066 quod
1099 998 1311 1064 obtulit,
1352 1000 1466 1065 ipso
1513 1006 1795 1065 przesente,

215 1091 502 1146 recitetur.
552 1087 804 1158 Cumque
847 1091 1118 1158 ingressus
1169 1091 1350 1143 fuisset
1381 1089 1638 1154 Misenus,
1680 1104 1798 1158 pro-

213 1190 414 1234 stratus
444 1181 496 1234 in
535 1189 730 1234 terram
761 1181 906 1234 aliud
934 1181 1236 1249 petitorium
1269 1181 1480 1244 obtulit,
1508 1191 1560 1234 et
1592 1180 1797 1248 rogatit

215 1279 269 1322 ut
299 1272 689 1339 susciperetur.
724 1270 960 1340 Cumque
990 1279 1295 1339 susceptum
1317 1271 1521 1334 fuisstrt,
1549 1271 1794 1326 Gelasius

213 1360 500 1429 episc0pus
527 1361 689 1414 dixit:
721 1359 952 1429 Utraque
984 1361 1228 1428 petitoria
1264 1377 1381 1427 qua:
1414 1362 1654 1428 protulit,
1680 1361 1795 1428 ipso

215 1468 428 1520 quoque
461 1463 748 1520 pnesente,
785 1453 1049 1522 legantur.
1085 1453 1279 1507 lterum
1326 1454 1641 1508 Anastasius
1682 1454 1797 1508 dia-

215 1559 382 1596 conus
419 1543 681 1597 recitavit.
717 1544 904 1596 Datum
938 1559 968 1596 a
1013 1543 1210 1596 famulo
1239 1553 1415 1597 vestro
1447 1544 1668 1608 Miseno,
1701 1559 1793 1597 vni

215 1635 326 1688 idus
365 1635 603 1701 Martias,
635 1634 814 1688 Flavio
847 1634 1057 1689 Viatore
1085 1634 1198 1687 viro
1215 1633 1517 1688 clarissimo
1551 1635 1792 1688 consule.

277 1724 554 1790 Quantum
583 1724 649 1776 ad
683 1739 817 1777 mea:
846 1724 1075 1791 pertinet
1126 1723 1452 1778 infelicitatis
1507 1723 1791 1792 abruptum

1906 559 1993 599 me
2023 546 2623 615 fidccommunioneque
2653 545 2914 599 catholica
2941 556 2993 598 i-t
3020 546 3309 613 apostolica
3337 560 3481 600 sem-

1903 649 1997 703 per
2023 635 2330 688 duraturum
2362 649 2483 690 esse
2520 635 2864 690 confirmans.
2904 635 3000 690 Cui
3050 635 3293 704 petitioni
3341 651 3476 690 mem

1902 738 2059 776 manu
2090 738 2207 777 mea
2247 724 2542 792 subscripsi
2592 724 2681 778 die
2727 725 2884 778 tertio
2925 725 3105 778 iduum
3140 725 3473 790 Martiarum,

1905 811 2116 866 Viatore
2143 813 2254 866 κίε-ο
2279 814 2606 867 clarisssinio
2632 814 2872 869 consule.
2908 814 3031 868 llrcc
3075 823 3268 870 vestra:
3307 814 3478 869 beati-

1901 904 2067 957 tudini
2099 904 2150 957 in
2179 914 2448 958 conventu
2493 905 2916 960 venerandorum
2955 904 3050 977 [αι.
3087 906 3230 958 addit
3260 905 3474 975 episco-

1899 995 2108 1065 porum]
2126 996 2328 1051 credidi
2352 997 2485 1051 meis
2503 998 2750 1052 manibus
2764 997 3056 1051 offerenda.
3075 997 3138 1051 Et
3155 997 3257 1050 alia
3279 1011 3437 1050 manu
3456 1014 3468 1050 :

1898 1087 2008 1153 Ego
2037 1086 2269 1141 Misenus
2289 1086 2412 1141 huic
2445 1089 2684 1156 petitioni
2718 1103 2851 1142 meae
2881 1097 2936 1143 et
2963 1103 2992 1142 a
3019 1104 3107 1144 me
3136 1089 3328 1143 oblata:
3345 1089 3472 1142 sub-

1897 1177 2106 1245 scripsi,
2133 1176 2220 1231 die
2248 1186 2304 1230 et
2329 1179 2546 1233 conside
2576 1182 2963 1246 suprascripto.

1966 1263 2209 1321 Gelasius
2235 1266 2520 1335 episcopus
2537 1268 2705 1322 dixit:
2735 1269 2865 1333 Quae
2893 1268 3029 1322 lecta
3060 1276 3182 1321 sunt
3207 1267 3464 1323 transcri-

1898 1357 2110 1412 bantur.
2143 1359 2204 1412 Et
2233 1359 2429 1427 adjecit
2456 1377 2468 1413 :
2500 1360 2636 1426 Quid
2679 1361 2889 1414 videtur
2919 1359 3236 1414 fraternitati
3277 1371 3472 1414 vestrae

1896 1448 2233 1503 statuendum
2262 1491 2278 1516 ,
2323 1451 2486 1503 vestri
2535 1465 2744 1518 quoque
2799 1450 3006 1504 consilii
3060 1450 3468 1520 participatione

1895 1538 2264 1595 desideramus
2292 1557 2599 1611 agnoscere.
2652 1543 2986 1597 Levat-erunt
3020 1559 3078 1599 se
3123 1559 3310 1599 omnes
3355 1545 3469 1613 epi-

1895 1629 2046 1699 seupi
2072 1641 2125 1685 et
2150 1631 2475 1701 presbyteri,
2524 1646 2774 1702 rogantes
2821 1646 2874 1688 et
2918 1636 3197 1688 dicentes:
3263 1635 3466 1688 Exaudi

1895 1719 2136 1775 Christe:
2165 1721 2378 1775 Gelasio
2409 1723 2543 1775 vita:
2571 1723 2768 1776 dictum
2787 1723 2971 1779 vicies.
2991 1725 3140 1789 Quod
3165 1727 3314 1779 vobis
3333 1726 3472 1781 Deus

216 1817 301 1886 [αι.
337 1813 634 1885 obtutum],
668 1816 838 1869 errori
874 1830 990 1867 ineo
1017 1814 1252 1884 qualibet
1278 1814 1482 1868 ratione
1514 1822 1792 1868 contracto
1826 1821 1871 1880 Β
1894 1812 2040 1865 dedit
2076 1812 2126 1864 in
2160 1822 2444 1880 potestate,
2481 1822 2768 1876 prmstate:
2799 1815 2996 1869 dictum
3025 1815 3329 1870 duodecies.
3361 1817 3475 1871 [loc

215 1909 416 1962 definio
445 1923 548 1963 non
582 1923 701 1960 esse
720 1906 1042 1976 parcendum
1072 1921 1085 1958 :
1111 1906 1359 1973 quoniam
1385 1906 1485 1960 hoc
1506 1906 1622 1974 ipso
1638 1920 1792 1974 ptena

213 2014 402 2051 carere
430 2013 536 2050 non
574 1998 764 2062 debeo,
799 1997 1048 2066 quoniam
1082 1997 1250 2050 merui
1281 1994 1345 2049 ad
1377 1997 1640 2064 ptenalem
1670 2011 1794 2048 cau-

211 2103 319 2141 sam
351 2103 568 2156 quacun
593 2103 676 2154 lue
705 2095 848 2140 sorte
877 2086 1118 2154 perduci.
1145 2087 1410 2152 Quantum
1442 2102 1569 2140 vero
1615 2087 1791 2155 respi-

211 2179 277 2233 cit
307 2179 378 2233 ad
411 2179 701 2234 remedialc
723 2179 1040 2240 subsidium,
1068 2178 1174 2232 duo
1197 2186 1320 2233 sunt
1344 2193 1462 2246 quzr
1487 2192 1570 2230 me
1598 2177 1664 2231 ad
1696 2177 1796 2232 hoc

211 2271 529 2339 suppliciter
560 2268 952 2338 implorandum
980 2271 1164 2324 venire
1189 2269 1589 2338 constringunt:
1622 2283 1688 2322 ne
1712 2267 1794 2322 vel

211 2377 302 2429 ego
345 2360 729 2430 deSperatiouc
780 2359 946 2428 magi.
996 2360 1265 2428 perpetuis
1321 2360 1646 2414 cruciatibus
1692 2359 1792 2412 sim

213 2453 409 2519 dignus
441 2449 615 2503 addici
639 2449 788 2503 Juda:
828 2449 1250 2518 praevaricatoris
1273 2449 1554 2517 exemplo;
1594 2458 1648 2503 et
1691 2462 1796 2500 cte-

209 2555 318 2598 tera
350 2559 475 2611 qua:
522 2545 768 2611 superius
814 2543 1177 2597 continentur.
1231 2543 1359 2596 ltem
1408 2541 1551 2594 aliud
1607 2541 1796 2609 petito-

211 2637 344 2689 riuin
375 2636 582 2689 recitat.
625 2634 814 2687 Datum
844 2650 872 2687 a
907 2633 1104 2687 famulo
1139 2641 1319 2687 vestro
1345 2634 1552 2687 Miseno
1589 2633 1687 2685 sub
1709 2632 1796 2685 die

211 2731 368 2782 tertio
395 2728 491 2799 [aL
523 2724 736 2796 quarto]
781 2727 898 2780 idus
934 2725 1170 2793 Martias,
1201 2725 1383 2780 Flavio
1419 2719 1634 2779 Viatore
1679 2723 1794 2779 viro

210 2820 516 2874 clarissimo
537 2816 780 2872 consule.

279 2912 479 2965 Ublato
512 2909 758 2977 primitus
785 2908 1031 2976 petitorio
1064 2923 1204 2972 meo,
1232 2906 1362 2960 nihil
1401 2906 1544 2960 aliud
1590 2907 1793 2976 suppli-

210 3013 345 3057 citer
376 2999 601 3055 exoravi
631 3014 792 3069 quam
820 3009 874 3052 ut
925 2998 1289 3052 misericordia
1322 2997 1450 3050 inihi
1503 2997 1646 3052 sedis
1674 3012 1796 3066 apo-

211 3094 416 3147 stolica:
443 3091 628 3145 nonin
655 3097 970 3157 perpetuum
994 3095 1305 3157 negaretur:
1331 3087 1791 3156 cujusmihispem

1897 1904 1977 1957 fac
2002 1904 2142 1973 quod
2166 1902 2290 1957 facit
2317 1904 2548 1959 domnus
2577 1905 2796 1971 Petrus;
2832 1906 3030 1960 dictum
3059 1907 3263 1962 decies.
3299 1907 3366 1962 Ut
3395 1909 3476 1961 in-

1895 1995 2136 2064 dulgeas,
2168 2009 2418 2064 rogamus
2443 2013 2455 2049 :
2488 1995 2689 2049 dictum
2715 1998 2918 2050 novies.
2946 1998 3080 2052 Cum
3106 1997 3283 2053 denuo
3303 1999 3474 2054 sedis-

1895 2094 2032 2150 seat,
2065 2087 2305 2141 Gelasius
2326 2087 2614 2156 episcopus
2637 2087 2768 2141 dixit
2792 2104 2807 2141 :
2841 2087 3007 2142 Sedes
3038 2089 3329 2156 apostolica
3356 2089 3472 2158 qui-

1895 2175 2040 2240 dem,
2072 2190 2190 2244 qua:
2211 2176 2428 2230 Christo
2463 2176 2689 2230 Domino
2729 2176 3012 2245 delegante
3035 2177 3196 2231 totius
3218 2177 3472 2232 Ecclesia:

1898 2268 2091 2321 retinet
2121 2267 2499 2336 principatum,
2532 2281 2627 2334 pro
2666 2267 3069 2336 dispensatione
3116 2283 3349 2338 curaque
3383 2283 3473 2337 ge-

1897 2361 2086 2425 nerali,
2115 2374 2275 2428 quam
2303 2359 2384 2413 vel
2420 2375 2514 2427 pro
2537 2359 2638 2413 fide
2667 2359 2950 2424 catholica,
2987 2360 3071 2414 vel
3119 2375 3216 2429 pro
3237 2361 3474 2430 paternis

1895 2453 2189 2506 canonibus
2214 2451 2516 2521 regulisque
2551 2451 2813 2519 majorum
2847 2450 3149 2505 necessaria
3196 2451 3215 2480 ³
3259 2465 3475 2519 semper

1896 2545 2372 2613 circumspectione
2399 2544 2704 2613 dependet,
2735 2545 2996 2598 Misenum
3030 2554 3189 2612 atque
3218 2543 3471 2606 Vitalem,

1897 2654 2030 2708 quos
2059 2647 2242 2693 contra
2276 2631 2621 2706 Eut'ychianve
2663 2636 2980 2706 pestilentiae
3034 2643 3347 2697 sectatores,
3389 2634 3471 2689 vel

1897 2739 2083 2785 contra
2113 2744 2206 2785 eos
2227 2730 2315 2798 qui
2337 2728 2517 2782 talium
2545 2742 2603 2782 se
2625 2728 3002 2783 communione
3017 2727 3340 2796 polluerant,
3360 2740 3472 2780 sua:

1898 2821 2178 2892 potestatis
2220 2819 2486 2888 legatione
2534 2818 2780 2873 suffultos
2831 2818 2898 2873 ad
2946 2818 3218 2872 Orientem
3271 2816 3470 2870 dudum

1897 2914 1996 2969 sub
2026 2923 2224 2967 sanctae
2251 2911 2522 2965 memerita
2556 2910 2841 2965 decessore
2874 2923 2993 2963 meo
3044 2909 3274 2975 prtesule
3303 2906 3335 2958 d
3371 2908 3468 2959 sti-

1897 3014 2071 3072 naral,
2100 3003 2240 3072 quod
2271 3001 2562 3070 apostolica
2591 3008 2855 3069 praecepta
2877 2999 3209 3052 declinantes
3237 2996 3475 3066 quolibet

1900 3097 2058 3151 modo
2086 3096 2137 3149 iu
2161 3109 2344 3149 eorum
2367 3095 2649 3148 adversum
2679 3106 2812 3160 quos
2837 3091 2987 3144 miSsi
3017 3090 3225 3142 fuerant
3251 3102 3467 3142 consor-

213 3182 464 3251 quoniam
500 3195 597 3250 pro
622 3180 882 3233 immensa
910 3179 1000 3232 Dei
1022 3178 1239 3247 pietate,
1261 3191 1363 3246 qua
1394 3178 1619 3245 regitur,
1651 3177 1792 3230 relu-

1901 3188 1968 3242 tia
2004 3186 2339 3250 recidissent,
2373 3184 2535 3254 gestis
2556 3183 2902 3253 synodalibus
2936 3197 3113 3235 rerum
3141 3179 3473 3233 discussione

212 3290 333 3327 cere
361 3273 472 3342 jam
503 3269 696 3336 sentio,
731 3269 898 3338 magis
927 3266 1198 3337 magisque
1243 3266 1576 3321 consentiam
1619 3281 1791 3321 meam

217 3363 477 3431 contagiis
534 3358 881 3428 perfidorum,
929 3372 1047 3426 qua:
1100 3355 1382 3411 infeliciter
1421 3355 1597 3424 potius
1635 3370 1794 3424 quam

217 3455 413 3517 studio,
447 3446 849 3507 circumventus
872 3449 1186 3514 incideram,
1231 3449 1457 3502 liberam
1490 3456 1792 3517 purgatam-

217 3561 316 3614 que
344 3559 465 3599 esse
499 3542 868 3613 pronuntians,
897 3548 1008 3594 toto
1031 3539 1194 3594 corde
1216 3551 1377 3609 atque
1404 3553 1499 3593 ore
1528 3548 1795 3608 protestor

215 3641 314 3691 sub
341 3639 542 3692 divina:
571 3634 1037 3704 contemplationis
1068 3635 1286 3701 intuitu,
1327 3648 1411 3688 me
1450 3649 1638 3688 omnes
1676 3634 1795 3704 qui-

216 3732 337 3782 dem
373 3729 614 3782 hatreses
641 3736 692 3781 et
722 3724 975 3795 quidquid
1003 3724 1278 3778 inimicum
1319 3733 1404 3778 est
1437 3723 1714 3779 catholicae
1740 3734 1794 3780 et

215 3821 523 3890 apostolicae
572 3819 718 3885 fidei,
771 3818 1269 3887 communionisque
1320 3820 1574 3883 sincerae,
1624 3834 1792 3888 prona

216 3921 390 3966 mente
420 3909 681 3976 refutare,
697 3920 805 3963 tum
839 3924 961 3977 praet
982 3908 1103 3976 ipue
1132 3908 1516 3979 Eutycliianam
1549 3910 1790 3964 heresim

215 4017 333 4054 cum
358 4017 456 4056 suo
490 4001 693 4055 scilicet
721 4008 938 4053 auctore
976 3999 1277 4068 Eutyclicte
1299 4008 1353 4054 et
1381 3999 1497 4067 ejus
1526 4008 1794 4055 sectatore

220 4094 498 4156 Dioscoro,
529 4092 610 4145 vel
637 4091 1039 4145 successoribus
1066 4091 1181 4159 ejus
1224 4101 1382 4159 atque
1431 4092 1791 4145 communica-

217 4185 420 4240 toribus
449 4183 736 4238 Timotheo
767 4183 977 4247 Ailuro,
1004 4183 1159 4236 Petro
1181 4182 1566 4248 Alexandrino,
1600 4182 1795 4237 Acacio

217 4275 829 4345 Constantinopolitano,
870 4275 1028 4330 Petro
1073 4276 1432 4341 Antiocheno,
1483 4277 1794 4345 cunctisque

219 4381 398 4420 eorum
427 4367 782 4436 complicibus
829 4376 884 4420 et
931 4368 1477 4422 communicatoribus
1517 4383 1791 4437 respuere,

219 4458 494 4522 damnare,
508 4468 563 4512 et
590 4458 972 4511 anathematiza
983 4475 1038 4512 re
1060 4467 1337 4528 perpetuo,
1356 4474 1648 4528 omnesque
1665 4461 1795 4514 istos

1900 3277 2182 3346 patefacta,
2214 3278 2588 3330 communione
2619 3273 2820 3344 pariter
2849 3281 2904 3327 et
2929 3273 3132 3325 honore
3166 3269 3358 3324 merito
3382 3269 3473 3335 ju-

1896 3385 1954 3423 re
1976 3383 2060 3434 iue
2088 3367 2378 3422 submovit.

1967 3458 2170 3526 Quibus
2196 3466 2369 3512 tamen
2405 3453 2784 3510 misericordke
2818 3454 2991 3508 locum
3037 3466 3243 3506 memor
3283 3463 3474 3519 snper-

1895 3567 1977 3605 [ιω
2011 3551 2220 3617 pietatis
2251 3563 2346 3617 pro
2371 3562 2468 3602 suo
2499 3545 2866 3600 moderamine
2896 3543 3196 3598 reservavit
3224 3558 3237 3594 :
3272 3540 3472 3594 etdqu

1896 3641 2261 3698 coiiditionem
2296 3640 2473 3708 posuit
2516 3638 2754 3701 ultionis,
2805 3651 2955 3705 Spem
3005 3633 3174 3689 noluit
3219 3634 3474 3702 propitia-

1897 3734 2058 3788 tionis
2084 3730 2323 3786 abscindi
2360 3746 2376 3785 :
2409 3729 2591 3798 sicque
2614 3742 2763 3782 suam
2790 3726 3108 3781 sententiam
3137 3725 3472 3789 temperavit,

1895 3834 1954 3878 ut
1982 3824 2204 3878 istorum
2237 3821 2445 3876 veniam
2476 3834 2596 3874 cum
2622 3818 2835 3872 illorum
2862 3816 3042 3871 mallet
3077 3815 3247 3869 salute
3287 3827 3473 3879 prove-

1895 3917 2033 3980 nire,
2067 3929 2291 3984 quorum
2316 3913 2524 3967 fuerant
2555 3910 2960 3980 participatione
2984 3905 3193 3974 decepti
3227 3922 3240 3956 :
3274 3918 3336 3957 ac
3373 3916 3472 3970 po-

1896 4008 2000 4062 tius
2032 4006 2333 4075 prmlierent
2351 4003 2451 4066 eis,
2476 4015 2616 4070 quos
2635 4015 2730 4054 suo
2759 4000 3103 4052 firmaverant
3134 3998 3187 4048 in
3213 3993 3470 4061 pravitate

1894 4095 2177 4160 consensu,
2203 4105 2255 4150 et
2280 4095 2546 4149 salubrem
2576 4092 2924 4147 correcﬁonis
2952 4098 3175 4150 metum,
3206 4092 3260 4138 et
3286 4098 3470 4137 emen-

1894 4191 2124 4246 dationis
2170 4188 2442 4242 imitanda:
2504 4186 2856 4239 consortium.
2918 4179 3154 4248 Denique
3217 4177 3296 4232 sic
3358 4176 3474 4242 ipsa

1895 4276 2376 4334 animadversionis
2407 4274 2568 4329 verba
2597 4274 2786 4326 librata
2811 4280 2956 4336 sunt,
2984 4278 3038 4322 ut
3069 4281 3130 4322 se
3166 4267 3240 4320 illi
3270 4276 3324 4321 et
3352 4280 3472 4319 cum

1898 4371 2012 4425 istis
2039 4369 2060 4399 ⁸
2091 4368 2362 4436 perculsos
2386 4366 2746 4428 adverterent,
2782 4370 2835 4416 et
2862 4377 2930 4416 ex
2955 4375 3138 4415 eorum
3171 4359 3482 4424 conditione,

1898 4475 2002 4512 non
2034 4459 2339 4512 diffiderent
2378 4470 2535 4525 posse
2577 4455 2790 4509 salvari.
2838 4457 2888 4506 In
2933 4467 3040 4521 quo
3084 4453 3264 4520 utique
3293 4457 3348 4503 et
3393 4448 3475 4503 his

221 4558 277 4602 et
298 4548 596 4618 hujusniodi
631 4548 961 4602 horiibiliter
989 4549 1280 4615 exsecrari,
1311 4565 1411 4604 nec
1441 4565 1671 4620 unquam
1710 4565 1794 4603 me
1825 4556 1873 4614 D
1901 4567 2002 4605 nnn
2027 4549 2186 4603 estin
2219 4556 2387 4602 telum
2415 4549 2499 4602 via
2532 4545 2790 4616 prrcclusa
2819 4541 3120 4604 remeandi;
3171 4549 3226 4594 et
3270 4540 3396 4603 illis,
3428 4538 3473 4592 si

219 4653 341 4692 cum
367 4640 561 4694 talibus
593 4639 756 4692 ullum
787 4638 1026 4707 quolibet
1064 4639 1224 4692 modo
1273 4641 1528 4708 profiteor
1579 4639 1792 4694 habitu-

223 4745 342 4782 rum
369 4745 487 4785 esse
529 4731 881 4794 consortium,
915 4729 1007 4783 sed
1035 4729 1103 4783 ab
1129 4729 1214 4783 his
1256 4730 1505 4784 omnibus
1558 4729 1792 4785 futurum

225 4833 438 4886 prorsus
468 4821 721 4873 alienum.
751 4822 988 4884 Quorum
1019 4821 1336 4887 pravitatem
1380 4822 1501 4875 licet
1525 4837 1792 4892 nunquam

220 4911 492 4966 voluntate
518 4913 835 4978 receperim,
871 4921 1047 4966 tamen
1077 4928 1162 4968 me
1185 4916 1304 4982 quia
1333 4915 1654 4970 calamitatis
1692 4918 1793 4970 im-

220 5004 376 5068 pulsu
405 5003 580 5056 minus
605 5013 792 5056 cautus
819 5002 1004 5056 videor
1042 5002 1309 5068 incidisse,
1356 5003 1455 5059 sub
1501 5018 1795 5075 conSpectu

218 5093 317 5146 Dei
360 5101 410 5146 et
436 5094 576 5148 beati
605 5093 746 5146 Petri
773 5094 998 5162 apostoli
1029 5094 1251 5162 ejusque
1278 5095 1483 5160 vicarii,
1526 5111 1589 5153 ac
1630 5101 1793 5154 totius

216 5182 493 5246 Ecclesiae,
519 5198 634 5236 mea
655 5182 815 5252 (sicut
839 5181 970 5251 dixi)
994 5181 1328 5251 professione
1364 5183 1460 5254 [αι.
1493 5186 1792 5243 confessio-

294 5321 310 5348 ‘
349 5317 458 5372 Hoc
510 5320 679 5388 ipsum
724 5321 1048 5389 indignanter
1092 5321 1328 5388 ostendit,
1381 5323 1535 5387 quod.
1589 5324 1787 5377 FRUNT.

219 5391 286 5442 Di.
301 5405 467 5442 ςιειέ.

288 5463 309 5489 ³
340 5460 457 5532 illuc
477 5463 664 5527 ipsum,
690 5459 871 5527 inquit,
899 5477 976 5511 me
1010 5462 1226 5514 ostendit
1247 5463 1499 5532 immerito
1523 5464 1677 5532 fuisse
1709 5481 1796 5516 ca.

213 5530 450 5582 lamitate
473 5545 786 5599 oppressum,
813 5531 949 5597 quod
974 5548 1074 5583 non
1115 5542 1168 5583 ut
1221 5531 1398 5583 Vitatis
1439 5530 1639 5584 ex'lmc
1689 5535 1790 5585 vita

212 5602 500 5652 subdurtns
521 5619 633 5652 sum
670 5603 812 5666 prius
835 5618 985 5666 quam
1021 5604 1534 5672 communicarent/io
1561 5604 1649 5654 ica:
1674 5621 1794 5672 pos-

213 5686 328 5720 sem
361 5671 566 5722 restitui.
595 5671 745 5723 Unde
774 5671 987 5735 sulijicit
1016 5673 1173 5737 paulo
1206 5680 1324 5740 post.
1344 5671 1586 5725 Gelasius
1612 5691 1622 5723 :
1655 5671 1794 5724 [Ior-

214 5751 365 5799 tatur
400 5757 486 5795 itus
535 5741 795 5803 intercepti
832 5741 1117 5812 periculum
1164 5743 1216 5795 in
1255 5743 1522 5807 superstite
1566 5745 1790 5799 sttbs’dia

1904 4642 2146 4704 mallent,
2184 4655 2277 4708 per
2315 4641 2448 4694 istos
2487 4646 2569 4693 est
2601 4636 2774 4691 oblata
2813 4634 3097 4697 correctio,
3139 4633 3477 4698 studiumque

1903 4743 2232 4804 porrectum,
2275 4748 2380 4801 quo
2427 4730 2633 4800 possint
2677 4729 2897 4783 meliore
2943 4734 3134 4779 conatu
3184 4723 3480 4792 prseteritos

1902 4814 2252 4897 compensare
2281 4825 2577 4894 prolapsus,
2603 4823 2648 4875 si
2680 4826 2939 4884 favorem,
2972 4832 3129 4887 quem
3160 4814 3478 4885 przevarica—

1905 4917 2110 4972 toribus
2141 4915 2284 4970 facili
2315 4917 2586 4969 voluntate
2608 4911 2917 4966 detulerunt
2943 4909 2996 4962 in
3037 4904 3476 4961 reformationem

1904 5008 2288 5063 catholicorum
2323 5007 2497 5077 potius
2526 5009 2899 5059 converterent
2926 4999 3284 5055 sacerdotum.

1974 5099 2184 5153 Dictum
2211 5107 2293 5154 est
2319 5099 2483 5158 enim,
2516 5095 2698 5149 tandiu
2726 5094 2860 5148 istos
2889 5093 3001 5147 fore
3039 5103 3353 5160 suspensos,
3381 5087 3481 5142 do-

1905 5203 2002 5245 nec
2033 5198 2252 5244 auctore
2281 5189 2412 5254 Deo,
2445 5197 2499 5242 et
2527 5185 2717 5240 adnisu
2741 5183 3122 5238 catholicorum
3157 5179 3479 5249 principum,

1905 5341 2002 5376 non
2025 5324 2310 5392 cii/ferenda
2331 5324 2569 5388 sanandi,
2595 5322 2680 5390 qui
2701 5322 2754 5375 in
2780 5320 2872 5374 hoc
2896 5315 3218 5386 recipiendus
3241 5314 3480 5368 divinitus

1902 5396 2182 5450 indicatur.
2211 5393 2408 5448 Fsosr.
2442 5395 2680 5446 Deciens.

1975 5465 2232 5534 3Semper
2278 5463 2728 5527 circumspectione
2793 5458 3053 5528 dependit.
3112 5458 3315 5512 Fnoar.
3369 5453 3475 5505 Duc

1902 5549 2305 5658 ϐ’ῑιυῗενειιηοε
2326 5603 2666 5660 adverterent,
2717 5616 2778 5654 ex
2824 5613 3001 5654 eorum
3045 5596 3334 5650 conditione
3379 5608 3479 5646 non

1905 5675 2195 5744 difﬁderent
2219 5693 2250 5744 ρ
2273 5691 2364 5728 ‘sse
2386 5674 2595 5727 saivari.
2627 5671 2828 5729 FBON'I‘.
2865 5671 3116 5723 l)cc-cus.
