4024 6172
527 247 628 301 187

1448 232 1539 287 AD
1577 228 1801 285 OPERA
1842 222 2108 282 CELASII
2152 220 2347 275 ΡΑΡᾹΞ
2386 224 2826 281 APPENDICES.

3673 221 3789 277 183

525 360 607 414 vel
633 354 812 429 populi
842 350 1150 419 Christiani,
1189 352 1202 380 ⁸
1248 346 1602 403 Alexandrina
1648 345 1968 401 catholicum
2002 354 2088 393 sa-
2118 335 2171 396 Α
2198 353 2353 407 posse
2380 352 2762 411 prmsumptmn
2788 349 2899 408 est;
2929 344 2999 397 ita
3023 342 3403 397 desistentibus
3430 342 3627 404 causis,
3681 358 3786 409 per

525 449 794 505 cerdotem
822 448 1108 511 recepisset
1155 440 1411 495 Ecclesia.
1452 437 1836 493 Gratulandum
1884 434 2093 488 scilicet

526 540 853 595 credi-retur.
888 535 1031 588 nullo
1061 532 1217 586 modo
1260 532 1477 584 Graecos
1521 546 1623 582 non
1670 543 1827 596 posse
1867 539 2093 580 renuere

527 632 664 703 quod
697 630 935 684 viderent
963 626 1029 678 ab
1066 624 1357 692 apostolica
1408 622 1533 676 sede
1567 620 1729 673 fuisse
1765 619 2096 681 damnatum,

529 725 784 790 facileque
805 735 896 775 eos
928 732 1081 786 posse
1107 716 1173 771 de
1205 716 1426 769 istorum
1457 711 1717 780 supplicio
1744 708 2089 773 commove-.i,

528 824 583 867 ut
612 820 829 867 nossent
856 808 981 879 quid
1008 809 1250 871 vitarent,
1284 817 1336 859 et
1376 803 1500 873 quid
1542 808 1930 869 consequenter
1978 814 2092 851 am-

528 905 732 968 birent,
760 903 780 932 ¹
810 916 871 954 ac
900 899 1037 953 velle
1078 904 1322 965 putarent
1363 892 1723 963 resipiscendo
1765 892 1930 959 magis
1979 905 2103 943 svn-

530 996 629 1048 tire
658 1008 775 1047 cum
813 991 994 1055 rectis,
1037 1004 1192 1057 quam
1240 986 1435 1055 jugiter
1477 999 1656 1039 errare
1694 998 1814 1035 cum
1860 980 2099 1050 perfidis.

533 1088 1013 1154 Exspectatumque
1057 1080 1145 1134 diu
1178 1088 1279 1143 est,
1326 1086 1383 1131 ut
1426 1077 1507 1130 his
1556 1073 1850 1129 rationibus
1899 1071 2098 1125 incitati

531 1180 769 1246 contag'a
803 1174 1029 1229 nefanda
1067 1172 1425 1240 deponerent,
1455 1168 1475 1198 ³
1509 1182 1609 1219 una
1656 1180 1773 1217 cum
1815 1161 2101 1230 apostolica

533 1269 663 1321 sede
692 1263 1101 1329 consentiendo,
1139 1263 1275 1315 sicut
1314 1260 1381 1313 de
1414 1274 1599 1310 eorum
1638 1263 1906 1323 speratum
1935 1253 2103 1304 fuerat

540 1358 850 1420 voluntate;
901 1354 922 1385 ‘
982 1354 1317 1419 nitentesque
1380 1346 1658 1403 catholicis
1734 1343 2102 1399 sacerdotibus

535 1447 818 1504 revocandi
863 1445 1096 1500 studium
1142 1442 1315 1511 potius
1361 1437 1762 1495 commodarent
1802 1452 1816 1489 :
1861 1450 1965 1504 quo
2006 1432 2106 1502 ipsi

537 1539 602 1593 ad
633 1538 984 1591 orthodoxam
1012 1536 1031 1566 ⁸
1056 1542 1392 1589 recurrerent
1420 1534 1714 1594 unitatem;
1764 1537 1818 1583 et
1860 1526 1977 1582 istis
2015 1525 2106 1595 qui

539 1629 749 1682 illorum
791 1626 1077 1695 participes
1123 1624 1322 1678 erroris
1367 1623 1701 1685 exstiterant,
1742 1621 2108 1673 ministrarent

2198 445 2329 501 quas
2361 432 2445 486 hic
2475 434 2725 487 articulus
2759 434 2967 489 veniret
2994 434 3059 488 ad
3086 434 3391 502 terminuzn,
3416 432 3787 488 insolubiliter

2201 537 2303 576 non
2334 522 2525 577 retinet
2553 524 2845 592 obligatum

2271 615 2604 683 Quapropter
2651 615 2754 668 lata
2802 614 3067 667 sententia
3117 628 3223 666 non
3272 613 3624 667 existentibus
3687 628 3789 678 per

2200 720 2319 775 qua:
2345 707 2513 775 poSsit
2551 720 2719 774 usque
2764 707 2829 759 ad
2874 707 2953 758 sui
2995 707 3195 759 exitum
3245 704 3548 773 deputatam
3593 714 3790 758 tenere

2206 812 2531 861 mensuram,
2565 797 2646 849 bis
2668 798 2999 865 consulendi,
3029 807 3082 853 et
3126 798 3208 852 bis
3251 799 3339 866 qui
3387 798 3575 853 arctati
3630 808 3792 852 tene-

2206 889 2415 955 bantur,
2451 890 2644 942 tribuet
2674 889 2993 943 libertatem.
3024 891 3087 943 Et
3116 891 3405 959 apostolica
3436 891 3649 960 quidem
3700 906 3793 945 se-

2206 979 2297 1032 des
2329 979 2412 1047 (ut
2456 993 2599 1047 smpe
2640 978 2985 1048 repetendum
3026 978 3129 1047 est)
3170 982 3439 1033 mstimans
3475 979 3792 1035 Orientales

2206 1069 2350 1122 nullo
2371 1069 2527 1122 modo
2552 1084 2656 1122 non
2683 1084 2837 1137 posse
2865 1084 3115 1137 respuere
3132 1069 3271 1138 quod
3302 1068 3457 1123 sedes
3483 1070 3789 1138 apostolica

2207 1160 2514 1225 refutasset,
2542 1175 2743 1229 eosque
2776 1160 2932 1214 saluti
2965 1163 3195 1231 propriae
3217 1171 3269 1215 et
3291 1160 3599 1230 apostolica:
3631 1178 3791 1216 cum-

2209 1250 2446 1304 munioni
2479 1251 2675 1304 nullius
2722 1250 2973 1317 prmferre
3020 1266 3177 1318 posse
3209 1267 3510 1320 personam,
3560 1253 3681 1307 haec
3725 1253 3794 1308 de

2209 1358 2392 1397 eorum
2425 1343 2687 1396 mentibus
2710 1343 2896 1396 melius
2918 1343 3227 1397 aestimarat.
3272 1344 3378 1397 Sed
3407 1346 3543 1411 quod
3591 1345 3793 1398 iterum

2212 1448 2315 1485 non
2350 1432 2625 1486 tacendum
2662 1442 2762 1494 est,
2794 1434 3022 1488 dolenda
3054 1436 3317 1501 pernicies
3341 1451 3448 1489 non
3487 1437 3635 1491 velut
3688 1436 3797 1491 im-

2212 1522 2483 1589 providam
2527 1523 2661 1576 bene
2708 1522 2776 1576 de
2821 1522 3181 1578 Orientalibus
3229 1525 3546 1579 sentientem
3609 1535 3800 1594 potest

2210 1614 2515 1682 opinionem
2573 1613 2738 1681 magis
2783 1613 3091 1682 apostolica:
3131 1614 3273 1669 sedis
3314 1630 3564 1685 arguere,
3626 1632 3795 1684 quam

540 1692 847 1785 przestituta:
886 1692 1204 1784 receptionis
1234 1714 1499 1769 effectum.
1530 1713 1637 1768 Nec
1666 1728 1765 1783 qua
1798 1712 1908 1766 fieri
1942 1711 2110 1779 potuit
2140 1692 2188 1752 Β
2214 1718 2324 1756 sua:
2348 1703 2654 1771 pervicacia!
2680 1703 2855 1771 potius
2883 1704 3161 1772 deputare,
3211 1705 3352 1774 quod
3400 1706 3633 1758 oblatum
3686 1706 3798 1762 sibi

540 1807 822 1863 oceasione
847 1815 1107 1862 cessatum
1137 1815 1238 1871 cst,
1285 1821 1391 1877 quo
1436 1813 1801 1873 competenter
1849 1801 2106 1856 admoniti

542 1906 595 1950 et
643 1896 971 1951 sufﬁcienter
1008 1896 1294 1959 instructi,
1356 1897 1555 1963 pariter
1601 1894 1837 1962 pericula
1894 1892 2109 1946 vitanda

544 1996 947 2058 cognoscerent,
972 2002 1034 2041 ac
1063 1996 1243 2056 patere
1263 1986 1361 2041 sibi
1384 1987 1623 2055 januam,
1646 1984 1690 2038 si
1714 1985 1936 2039 sinceris
1963 1999 2113 2038 men-

546 2080 687 2134 tibus
715 2080 849 2132 hanc
878 2078 1174 2147 petiissent,
1227 2077 1531 2147 apostolica:
1578 2075 1974 2130 communionis
2020 2075 2116 2128 ad-

546 2177 841 2224 verterent.

615 2259 721 2313 Sed
746 2259 867 2327 quia
894 2273 960 2312 eo
989 2266 1296 2327 perventum
1328 2266 1428 2319 est,
1459 2265 1517 2310 ut
1540 2256 1887 2311 hortamentis
1907 2271 2117 2325 quoque

548 2350 976 2414 medicinalibus,
1006 2350 1131 2404 dum
1179 2351 1336 2403 etiam
1384 2364 1502 2416 quae
1541 2349 1803 2403 referrent
1849 2349 2117 2403 c0ntraria

548 2457 653 2496 non
688 2440 977 2504 habt-rent,
1039 2438 1313 2493 differrent
1356 2448 1529 2492 tamen
1575 2440 1829 2492 hactenus
1869 2438 2121 2491 adhibere

548 2544 902 2593 consensum;
936 2529 1143 2582 illorum
1172 2529 1383 2596 quidem
1412 2527 1817 2583 difﬁcultatibus
1846 2538 2119 2595 paternum

550 2621 836 2693 quemdam
863 2621 1117 2676 debemus
1151 2622 1217 2689 pii
1240 2621 1439 2674 doloris
1462 2620 1729 2683 allectum,
1772 2621 2123 2689 deprecantes

552 2713 991 2785 omnipotentiam
1020 2710 1113 2765 Dei
1146 2711 1333 2777 nostri,
1364 2725 1483 2781 quae
1520 2711 1629 2765 sola
1660 2712 1900 2780 quamvis
1943 2713 2125 2766 devias

556 2808 610 2862 in
655 2805 897 2863 veritatis
932 2806 1070 2859 viam
1123 2813 1296 2873 potest
1344 2813 1657 2861 convertere
1702 2807 2021 2867 voluntates,
2072 2816 2127 2858 ut

556 2899 769 2955 eisdem
796 2914 905 2953 suae
931 2898 1318 2967 propitiationis
1348 2899 1658 2966 operatione
1704 2898 1932 2953 mirabili
1973 2898 2128 2968 spiri-

558 2998 668 3045 tutn
699 2991 1072 3061 resipisceutiae
1113 3000 1165 3045 et
1204 2990 1493 3045 efficaciam
1535 2992 1875 3045 correctionis
1906 2991 2123 3060 dignari-

565 3096 645 3136 ter
680 3082 938 3137 infundat.
968 3082 1095 3148 Qttre
1118 3082 1287 3136 donec
1318 3082 1476 3152 (sicut
1506 3082 1573 3136 de
1599 3083 1712 3151 ejus
1740 3084 1930 3137 virtute
1963 3084 2127 3137 eonﬁ-

562 3176 756 3243 dimus)
782 3174 960 3228 divina
1001 3175 1298 3243 placatione
1330 3174 1668 3242 proveniant,
1724 3174 1866 3230 hunc
1914 3176 2125 3230 interim

563 3267 934 3337 quisupplicat
971 3266 1397 3321 desiderabiliter
1440 3276 1777 3336 expetentem
1829 3269 2132 3323 nullatenus

566 3360 739 3425 perire
768 3359 1032 3425 patiamur
1064 3375 1077 3410 :
1108 3367 1165 3411 ut
1205 3359 1355 3427 cujus
1385 3374 1491 3413 non
1534 3370 1659 3413 sunt
1702 3362 2001 3417 Orientales
2040 3364 2135 3419 de-

565 3448 794 3518 jectione
823 3448 1110 3516 perterriti,
1138 3463 1203 3502 ne
1233 3448 1285 3501 in
1308 3463 1492 3504 errore
1535 3451 1900 3517 persistereut,
1942 3454 2131 3507 saltem

568 3538 839 3595 curatione
869 3550 1247 3607 provocentur,
1276 3549 1331 3593 ut
1369 3540 1590 3597 redeant
1617 3542 1682 3596 ad
1711 3545 1964 3609 salutem;
2000 3562 2133 3613 prte-

569 3630 722 3696 cipue
743 3642 863 3682 cum
892 3629 1254 3695 dispositionis
1274 3630 1417 3684 sedis
1448 3633 1757 3698 apostolicae
1798 3634 2133 3690 clementiam

572 3726 725 3771 tenor
756 3720 1040 3771 comitetur
1082 3718 1197 3787 ipse
1241 3719 1527 3787 dictorum,
1578 3738 1749 3789 neque
1790 3726 1991 3792 prolata
2039 3727 2137 3782 sibi

572 3824 865 3880 repugnare
910 3812 1218 3865 constitutio
1259 3812 1548 3880 judicetur.
1612 3814 1894 3870 Definitum
1944 3821 2139 3889 quippe

572 3911 654 3959 est
681 3904 1029 3974 (utsuperius
1056 3906 1163 3974 jam
1198 3904 1504 3975 prtedictum
1537 3907 1641 3978 est)
1693 3924 1786 3964 eos
1833 3910 1899 3965 de
1946 3911 2141 3981 quibus

572 3994 777 4063 agimus
822 4004 1047 4049 eatenus
1112 3994 1307 4050 debere
1354 3998 1641 4066 suspendi,
1691 3999 1864 4055 donec
1924 4010 2141 4056 auctore

579 4085 717 4151 Deo,
747 4095 801 4139 et
845 4085 1078 4155 praefatis
1123 4086 1507 4155 adnitentibus,
1533 4091 1888 4147 Alexandrina
1922 4094 2145 4148 catholi-

574 4190 693 4231 cum
721 4180 981 4247 rect-perit
1008 4179 1239 4233 Ecclesia
1266 4181 1598 4236 sacerdotem
1635 4201 1646 4236 :
1690 4200 1794 4238 non
1824 4185 2049 4255 abrupte
2093 4194 2146 4241 ct

575 4270 690 4325 sine
719 4272 1035 4338 exceptione
1060 4272 1386 4339 propositum
1415 4282 1516 4339 est,
1549 4275 1642 4328 sed
1691 4290 1751 4329 ea
1801 4278 2009 4331 ratione
2056 4278 2147 4332 de-

578 4370 877 4427 promptum
917 4371 1016 4426 est,
1049 4378 1150 4430 qua
1196 4378 1298 4416 non
1339 4365 1451 4418 sive
1487 4364 1591 4418 illis
1626 4366 2009 4434 adnitentibus,
2034 4370 2145 4423 sive

580 4469 683 4509 non
713 4454 1094 4515 adnitentibus,
1120 4454 1483 4510 indifferenter
1514 4457 1783 4513 videretur
1826 4460 1985 4514 inﬁxa
2023 4478 2146 4515 sen-

581 4545 741 4596 tentia
768 4561 781 4595 :
815 4544 1037 4611 ideoque
1064 4546 1163 4597 sub
1184 4560 1289 4613 quo
1319 4553 1502 4599 tenore
1529 4548 1713 4601 librata
1756 4551 1995 4604 conditio
2040 4563 2142 4617 est,

580 4634 765 4689 eodem
796 4650 898 4687 non
926 4636 1209 4701 existente,
1244 4638 1614 4693 necessitatem
1661 4657 1770 4695 suae
1804 4644 2149 4705 professionis

582 4725 826 4781 absolvit.
858 4726 1009 4792 Quod
1039 4726 1178 4779 enim
1224 4743 1342 4781 cum
1389 4727 1578 4783 aduisu
1625 4733 1993 4797 praedictorum
2027 4751 2150 4802 pro-

582 4815 879 4868 nttntiatum
908 4824 1129 4871 estesse
1171 4814 1491 4883 faciendum,
1516 4818 1615 4874 hoc
1641 4822 1828 4875 eodem
1872 4839 1974 4876 non
2024 4840 2148 4880 suc-

584 4906 806 4959 cedente
847 4922 947 4961 non
998 4909 1112 4961 ﬁeri
1146 4923 1321 4978 posse,
1355 4910 1691 4965 manifestum
1722 4921 1823 4968 cst.
1880 4913 1983 4969 Sed
2029 4933 2149 4971 cum

585 5015 767 5052 eorum
788 5002 946 5055 etiam
980 5002 1277 5057 faciendum
1309 5017 1634 5060 memoratur
1658 5006 1866 5073 adnisu,
1886 5010 2016 5065 satis
2042 5013 2153 5067 evi-

585 5091 770 5144 denter
791 5101 1063 5147 ostensum
1090 5102 1187 5158 est,
1216 5095 1354 5162 quod
1381 5097 1495 5150 sine
1526 5097 1628 5151 hoc
1670 5113 1772 5152 non
1821 5111 2002 5168 posset
2053 5104 2151 5158 iiii-

586 5180 739 5245 pleri.
756 5181 899 5235 Licet
926 5200 1051 5252 ergo
1075 5184 1169 5245 illi,
1186 5201 1409 5253 quorum
1434 5189 1617 5241 deesse
1637 5190 1889 5254 probatur
1914 5194 2151 5261 adnisus,

586 5273 651 5326 de
679 5287 771 5326 sua
797 5276 901 5327 sint
925 5276 1277 5331 obstinatione
1302 5279 1609 5344 miserandi,
1640 5291 1812 5335 tamen
1838 5286 1956 5349 quia
1982 5287 2151 5352 deest,

585 5365 721 5419 sicut
751 5366 864 5419 sine
892 5382 957 5419 eo
986 5368 1119 5421 effici
1148 5385 1249 5422 non
1277 5381 1443 5437 potCSt
1473 5372 1610 5439 quod
1639 5388 1756 5425 cum
1789 5376 1975 5429 eodem
2010 5379 2151 5433 efﬁci

660 5500 673 5528 ί
707 5486 1337 5575 Alexandrinacatholico
1372 5503 1628 5575 sacerdote
1665 5506 1888 5575 coepisset
1927 5508 2149 5564 Ecclesia

588 5570 861 5639 gratulari,
896 5578 947 5620 ut
974 5570 1159 5621 scilicet
1200 5571 1502 5624 crederetur.
1540 5570 1747 5628 Fuoxr.’
1772 5577 2014 5633 Ductrzt's.

667 5642 685 5671 ³
719 5641 790 5693 Ac
810 5641 1247 5708 velleputarculttr
1272 5642 1625 5712 resipisrcmlo.
1666 5644 1860 5701 Fuoxr.
1903 5650 2141 5705 Dl'C.-£t’3.

2216 1796 2479 1850 tramitem
2514 1794 2737 1865 propria:
2767 1794 3234 1863 rediutegrationis
3256 1805 3432 1850 secula
3458 1813 3560 1848 non
3592 1796 3797 1849 fuerit:

2216 1905 2313 1945 nec
2348 1890 2468 1945 ideo
2499 1899 2673 1944 tamen
2703 1888 2819 1943 aliis
2851 1889 3006 1943 debet
3042 1889 3411 1944 medicinalem
3438 1889 3799 1943 desideranti-

2216 1984 2315 2037 bus
2366 1982 2624 2051 impediie
2674 1997 2768 2051 per
2828 1996 2978 2035 suam
3044 1981 3392 2051 pervicaciam
3455 1979 3796 2035 facultatem.

2218 2078 2367 2131 Tunc
2415 2077 2557 2130 enim
2605 2075 2744 2129 dicta
2785 2086 2909 2128 sunt
2960 2075 3026 2129 de
3071 2074 3379 2128 Graecorum
3435 2073 3802 2128 consensimie

2221 2169 2467 2231 fidenter,
2497 2167 2615 2237 quia
2645 2176 2697 2222 et
2722 2168 2877 2221 simul
2906 2167 3042 2221 beati
3069 2166 3210 2221 Petri
3241 2167 3553 2221 societatem
3576 2165 3800 2235 quibus-

2223 2263 2353 2316 libet
2378 2260 2695 2315 videbantur
2723 2273 3032 2328 praeponere
3077 2272 3235 2328 posse
3284 2258 3549 2326 personis,
3603 2265 3659 2310 et
3711 2258 3802 2324 qui

2221 2355 2539 2409 exstiterunt
2575 2362 2699 2408 ante
2740 2351 3012 2415 catholici,
3053 2350 3451 2405 aestimabantur
3477 2348 3803 2403 consensuri

2222 2446 2376 2500 facile
2398 2444 2629 2511 veritati,
2654 2453 2813 2513 atque
2849 2444 2967 2498 ideo
2996 2443 3278 2511 cujuslibet
3300 2440 3531 2495 hotninis
3547 2440 3805 2495 affectum

2225 2539 2275 2592 in
2308 2536 2587 2591 desideriis
2608 2536 2913 2605 apostolica:
2936 2533 3327 2587 communionis
3352 2548 3455 2587 non
3482 2545 3640 2601 posse
3664 2547 3809 2599 pra:-

2225 2629 2455 2698 ponere?
2484 2644 2601 2697 qum
2631 2643 2750 2681 cum
2783 2626 3017 2679 nondum
3043 2625 3375 2694 susceperint
3406 2640 3498 2694 per
3530 2639 3664 2694 quas
3721 2624 3808 2677 hic

2226 2718 2358 2771 ordo
2391 2717 2701 2772 decurreret
2744 2718 3043 2770 voluntates
3070 2757 3083 2780 ,
3137 2715 3188 2769 id
3231 2714 3370 2784 quod
3416 2730 3509 2783 per
3550 2729 3645 2770 eas
3690 2714 3809 2769 ﬁeri

2229 2824 2383 2878 posse
2429 2815 2807 2876 praesumptum
2853 2815 2955 2869 est,
3004 2806 3242 2861 cernitur
3290 2804 3625 2868 absolutum;
3672 2820 3808 2872 quo.

2230 2900 2367 2953 niam
2396 2915 2516 2953 cum
2558 2899 2752 2954 desunt
2799 2901 2889 2967 qui
2939 2898 3218 2965 perﬁciant
3259 2897 3363 2969 [ΑΙ.
3395 2896 3440 2949 si
3486 2896 3667 2950 desint
3717 2912 3811 2961 per

2231 3006 2365 3060 quos
2390 2991 2439 3044 id
2471 2990 2748 3059 efficiant],
2792 2990 2969 3043 nullus
3004 2991 3281 3057 provenire
3330 2987 3501 3058 possit
3547 2988 3812 3052 effectus;

2234 3086 2340 3137 imo
2361 3099 2482 3138 cum
2511 3082 2667 3137 iidem
2697 3081 2794 3149 ipsi
2821 3096 2915 3149 per
2942 3096 3075 3150 quos
3099 3079 3437 3148 judienbatur
3458 3093 3579 3133 esse
3611 3078 3816 3133 faciens

2234 3177 2380 3241 (ιιι-ιι,
2425 3191 2491 3230 ne
2531 3175 2789 3229 efficiatur
2838 3173 3101 3227 obsistunt
3152 3191 3165 3227 :
3212 3172 3303 3241 qui
3343 3172 3389 3225 si
3440 3172 3490 3224 in
3535 3170 3640 3225 bac
3689 3181 3817 3225 sunt

2236 3270 2397 3342 (quod
2427 3269 2584 3333 absit)
2617 3268 2975 3322 oliszinatione
3006 3269 3266 3330 mansuri,
3300 3268 3529 3321 resoluta
3574 3268 3823 3322 conditio

2236 3373 2312 3418 est
2345 3362 2483 3415 illius
2512 3362 2609 3424 rei,
2634 3375 2751 3429 qua:
2778 3374 2962 3413 eorum
2994 3358 3181 3413 studiis
3208 3358 3525 3412 fiducialiter
3554 3357 3823 3411 censeba-

2239 3465 2321 3507 tttr
2348 3452 2575 3520 impleri.

2310 3543 2401 3592 Sin
2434 3555 2560 3594 vero
2593 3539 2755 3610 (sicut
2780 3540 2953 3608 potius
2984 3537 3252 3607 Optamus)
3280 3536 3470 3591 fuerint
3498 3536 3564 3589 ad
3590 3535 3819 3590 meliora

2238 3632 2504 3698 conversi,
2539 3645 2604 3685 ne
2653 3630 2792 3684 inter
2838 3629 2950 3683 haec
3000 3629 3210 3683 interim
3253 3629 3338 3696 qui
3392 3627 3819 3681 misericordiam

2244 3724 2492 3793 postulat,
2524 3722 2602 3777 vel
2631 3731 2808 3784 aetate,
2846 3720 2928 3774 vel
2962 3720 3171 3785 morbo,
3202 3734 3308 3787 quo
3359 3717 3673 3787 frequenter
3721 3720 3823 3772 itii-

2244 3814 2475 3883 peditur,
2510 3814 2677 3881 possit
2707 3811 2972 3880 intercipi,
3008 3811 3128 3865 dum
3170 3825 3331 3878 super
3360 3810 3475 3864 istis
3507 3820 3585 3865 est
3623 3825 3821 3865 consu-

2246 3906 2482 3972 lendum,
2511 3922 2575 3959 ne
2614 3905 2860 3959 defuncto
2904 3904 3011 3972 jam
3064 3902 3263 3956 nullum
3314 3901 3482 3970 possit
3523 3902 3821 3955 remedium

2243 4002 2553 4072 subrogari;
2580 4002 2773 4070 quippe
2798 4014 2917 4053 cum
2945 3998 3145 4053 dictum
3176 3998 3265 4063 sit,
3297 3997 3409 4051 sive
3438 3996 3543 4049 illis
3573 3996 3823 4048 adniten-

2248 4096 2404 4159 tibus,
2438 4095 2553 4148 sive
2583 4093 2738 4147 etiam
2786 4090 3027 4144 fortassis
3068 4088 3279 4152 invitis,
3322 4089 3416 4142 sed
3461 4102 3581 4141 cum
3631 4101 3820 4139 eorum

2248 4189 2413 4255 magis
2440 4187 2626 4241 adnisu
2667 4184 2805 4253 quod
2842 4183 3230 4251 promulgatum
3276 4180 3452 4235 fuerat
3494 4194 3652 4247 posse
3686 4194 3824 4233 cou-

2248 4288 2391 4333 stare
2425 4296 2437 4330 :
2480 4278 2619 4332 sicut
2658 4277 2815 4343 igitur
2839 4290 2959 4327 cum
2994 4273 3100 4327 illis
3127 4271 3487 4326 adnitentibus
3518 4269 3829 4322 nullatenus

2175 4404 2226 4464 Β
2254 4386 2381 4439 pace
2408 4371 2505 4423 ﬁxa
2536 4368 2641 4439 [ΑΙ.
2674 4367 2910 4438 praaﬁxa]
2941 4366 3229 4435 perdurant
3256 4380 3269 4417 :
3314 4362 3415 4416 hoc
3444 4362 3603 4416 etiam
3638 4371 3833 4415 tenore

2251 4464 2435 4516 beatus
2464 4460 2656 4513 Paulus
2682 4459 2954 4527 apostolus
2985 4472 3091 4510 non
3126 4455 3244 4509 ideo
3289 4453 3449 4524 (quod
3483 4454 3645 4520 absit)
3680 4452 3833 4505 fefel-

2252 4553 2378 4605 lisse
2420 4549 2718 4604 credendus
2748 4558 2859 4613 est,
2896 4557 2987 4599 aut
3024 4546 3126 4600 sibi
3167 4544 3435 4598 exstitisse
3461 4543 3833 4613 _eoutrarius;

2253 4643 2501 4711 qu0niam
2520 4656 2638 4695 cum
2659 4653 2716 4693 se
2738 4638 2803 4693 ad
2831 4637 3111 4707 Hispanias
3129 4634 3459 4706 promisisset
3484 4633 3703 4695 iturum,
3720 4630 3837 4684 dis-

2257 4735 2519 4805 positione
2545 4734 2726 4787 divina
2767 4731 3055 4800 majoribus
3096 4737 3383 4794 occupatus
3409 4740 3472 4779 ex
3504 4725 3705 4787 causis,
3731 4723 3837 4776 im-

2259 4827 2406 4893 plere
2434 4841 2536 4878 non
2566 4824 2735 4891 potuit
2758 4822 2899 4891 quod
2924 4819 3186 4888 promisit.
3209 4817 3471 4883 Quantum
3493 4815 3635 4868 enim
3662 4813 3839 4882 ipsius

2262 4918 2543 4971 voluntatis
2576 4915 2831 4977 interfuit,
2877 4914 2977 4967 hoc
3019 4908 3415 4979 pronuntiavit,
3452 4903 3594 4975 quod
3638 4918 3837 4958 revera

2258 5013 2507 5067 voluisset
2533 5007 2749 5062 efficere
2781 5022 2793 5056 ε
2830 5012 3086 5073 quantum
3116 5002 3182 5056 ad
3220 5001 3381 5053 divini
3425 5006 3630 5053 secreta
3655 4997 3841 5051 consi-

2260 5107 2335 5168 lii,
2361 5117 2481 5173 qua:
2513 5111 2567 5153 ιιι
2597 5100 2755 5151 homo
2783 5095 2959 5149 omnia
2993 5111 3097 5148 non
3132 5092 3300 5163 potuit
3330 5092 3454 5145 licet
3482 5088 3683 5157 Spiritu
3719 5088 3840 5154 ple-

2261 5212 2361 5250 nus
2409 5206 2700 5263 agnoscere
2734 5233 2747 5255 ,
2806 5201 3034 5255 superna
3094 5183 3433 5255 praetermisit
3478 5182 3841 5251 dispositione

2262 5297 2588 5357 praeventus.
2626 5284 2729 5335 Nec
2782 5282 2899 5345 quia
2949 5279 3135 5331 beatus
3184 5276 3371 5329 Petrus
3415 5272 3689 5341 apostolus
3738 5288 3843 5343 pro

2262 5382 2450 5434 affectu
2492 5374 2685 5428 divina:
2728 5369 3037 5424 reverenthe
3092 5368 3189 5439 ipsi
3241 5365 3465 5419 Domino
3506 5362 3784 5432 respondit
3822 5378 3837 5413 :

2324 5512 2342 5541 ³
2378 5509 2440 5561 Ut
2462 5524 2573 5559 cum
2596 5504 2873 5567 apostolt'ra
2903 5501 3038 5555 sede.
3071 5500 3267 5554 FRONT.
3305 5500 3551 5553 DUC.£L'S.

2324 5579 2344 5609 ⁸
2378 5578 2605 5630 Νὲιιιιιιεε
2633 5573 2914 5627 cat/totus.
2955 5572 3157 5625 Fnoxr.
3194 5573 3436 5623 Ut‘CJIUs'.

2326 5651 2341 5679 τ
2382 5649 2701 5702 'iccnrrcrcat
2727 5645 3000 5697 vernalem.
3039 5641 3235 5697 Fnoxr.
3283 5643 3524 5695 υδριιε.
