4046 6170
474 281 567 345 191

1696 278 1753 334 S.
1793 271 2039 331 AVITUS
2080 273 2502 333 VIENNENSIS.

3625 272 3725 327 193

1704 504 1871 549 ANNO
1912 504 2140 547 DOMINI
2188 502 2489 546 CCCCXCIV
2503 528 2517 542 .

1024 642 2159 853 SANCTUS
2220 622 3169 849 AVITUS

1708 918 2076 977 EPISCOPUS
2107 918 2522 975 VlENNENSlS.

1820 1052 1920 1122 (Ex
1944 1052 2077 1107 Bibl.
2106 1050 2378 1122 Galland.)

1908 1189 2325 1202 ..φ-

1646 1287 2225 1362 PROLEGOM
2236 1287 2524 1362 ENON
2533 1345 2553 1363 .

524 1554 745 1609 Exeunte
756 1551 939 1607 strculo
967 1566 996 1602 ν
1014 1558 1058 1604 et
1076 1565 1127 1603 Vt
1152 1550 1374 1615 ineunte,
1389 1565 1488 1601 non
1513 1549 1677 1602 minus
1688 1550 1873 1619 pietate
1891 1564 2046 1618 quam
2075 1549 2122 1607 Α
2150 1550 2355 1620 gundite
2369 1565 2661 1615 convenere,
2674 1552 2979 1606 celebratum
2993 1558 3063 1607 est
3086 1552 3377 1614 concilium.
3394 1554 3537 1624 cujus
3550 1555 3728 1611 dcere-

480 1645 701 1700 doctrina
720 1643 894 1713 floruit
916 1641 1138 1694 Alcimus
1157 1637 1394 1692 Ecdicius
1416 1635 1756 1703 Avitus,lsicii
1776 1654 1862 1691 seu
1881 1637 1932 1691 11
1936 1654 2049 1707 esy-

480 1738 578 1793 chii
604 1737 821 1806 primum
844 1732 1109 1787 clarissimi
1135 1730 1402 1795 senatoris,
1425 1730 1603 1783 deinde
1619 1729 1916 1783 Viennensis
1938 1729 2047 1799 epi-

476 1831 614 1901 scopi
639 1830 798 1898 ﬁlius,
824 1828 1053 1896 sedisque
1072 1840 1327 1879 successor
1350 1823 1482 1875 circa
1504 1839 1690 1877 annum
1706 1821 1895 1875 Christi
1920 1821 2047 1885 490,

476 1922 566 1974 sub
592 1920 738 1986 ﬁnem
760 1918 958 1986 imperii
979 1916 1218 1980 Zenonis,
1249 1921 1303 1966 ut
1331 1929 1394 1967 ea:
1412 1914 1521 1977 eius
1550 1912 1685 1965 Actis
1706 1911 1947 1979 colligunt
1974 1909 2050 1981 (α)

482 2008 802 2064 Bollandiani
848 2007 1029 2078 quibus
1069 2004 1281 2060 Gallica:
1324 2003 1571 2057 Historia
1614 2003 1873 2056 litterariae
1925 2003 2052 2056 scri-

485 2112 651 2163 ptores
679 2102 922 2155 accedunt
952 2101 1045 2169 (b).
1070 2098 1133 2153 In
1162 2099 1454 2167 episcopatu
1477 2098 1605 2151 mira
1624 2098 1781 2153 edidit
1810 2098 2053 2151 virtutum

476 2192 719 2261 insignia.
744 2208 805 2244 es:
831 2191 1011 2261 quibus
1039 2206 1197 2243 unum
1218 2199 1302 2243 aut
1324 2192 1543 2245 alterum
1582 2207 1675 2258 pro
1713 2191 1933 2245 instituti
1960 2207 2052 2245 no-

483 2282 573 2336 stri
600 2281 796 2336 ratione
823 2289 900 2334 sat
924 2280 1019 2332 erit
1047 2278 1131 2331 hic
1159 2282 1365 2349 referre.
1398 2278 1690 2333 Plurimum
1722 2281 1890 2350 itaque
1910 2279 2054 2335 labo-

486 2373 615 2425 ravit
640 2383 846 2425 sanctus
869 2371 1094 2435 antistes,
1127 2385 1225 2439 quo
1249 2368 1598 2424 Gundobadus
1630 2370 2055 2441 Burgundionum

486 2480 575 2518 rex
617 2465 863 2517 Arinnam
888 2463 1122 2516 haeresim
1150 2465 1370 2532 ejuraret
1396 2502 1414 2531 ,
1458 2470 1514 2517 ut
1560 2472 1736 2518 narrat
1783 2464 2057 2534 Gregorius

489 2553 801 2611 Turonensis
832 2554 924 2626 (c)_,
977 2563 1213 2623 excerpta
1241 2553 1393 2608 simul
1421 2556 1671 2610 nonnulla
1702 2560 1923 2627 referens
1951 2558 2057 2612 col—

495 2649 699 2704 lationis
726 2648 940 2718 publica:
960 2648 1091 2701 inter
1118 2646 1393 2701 catholicos
1416 2647 1679 2717 episcopos
1693 2656 1737 2700 et
1755 2648 1973 2701 Arianos
1998 2664 2057 2702 eo

494 2742 696 2795 nomine
722 2738 957 2810 Lugduni
982 2738 1165 2791 habin
1191 2753 1326 2791 anno
1348 2738 1445 2794 501
1476 2747 1530 2791 ut
1551 2739 1748 2793 videtur
1766 2738 1931 2810 Pagio
1952 2739 2055 2811 (d),

492 2834 591 2887 sive
611 2841 665 2884 ut
692 2832 781 2886 alii
806 2840 1025 2895 censent,
1050 2845 1186 2884 anno
1213 2830 1318 2885 499
1345 2828 1460 2901 (e);
1491 2846 1606 2901 qua'
1623 2831 1827 2901 quidem
1854 2832 2060 2887 co‘llatio

2151 1642 2214 1695 tis
2243 1644 2435 1713 primus
2460 1644 2755 1714 subscripsit
2783 1642 2960 1697 Avitus
2976 1643 3057 1697 die
3074 1659 3177 1699 xm
3201 1646 3301 1697 cal.
3331 1644 3559 1700 Octobris
3582 1648 3727 1719 Aga-

2152 1733 2340 1801 petoV.
2361 1732 2418 1787 C.
2439 1750 2576 1787 cons.
2600 1734 2673 1786 De
2691 1750 2789 1802 quo
2802 1734 3004 1804 quidem
3019 1736 3233 1788 concilio
3255 1738 3405 1804 plura
3419 1734 3609 1807 Pagius
3635 1739 3724 1809 (ἰ).

2225 1822 2289 1877 II
2299 1823 2319 1876 l
2331 1866 2343 1878 .
2367 1822 2563 1878 Prteter
2576 1824 2819 1877 Arianam
2841 1824 3072 1878 hatresim
3082 1842 3231 1895 quam
3245 1829 3487 1879 acerrime
3506 1828 3727 1881 insecta-

2155 1921 2235 1967 tus
2262 1924 2334 1967 cst
2356 1913 2528 1970 beatus
2548 1913 2754 1983 praesul,
2787 1915 3004 1969 haereses
3042 1916 3196 1969 etiam
3243 1915 3679 1987 Eutychiunorum
3706 1960 3725 1984 ,

2158 2003 2603 2067 Nestorianomm,
2635 2003 3061 2059 Photinianorum
3081 2022 3143 2060 ac
3172 2004 3570 2062 Bonosiacorum
3597 2026 3724 2063 con-

2156 2096 2337 2166 futavit
2370 2096 2463 2170 (j).
2495 2096 2717 2167 Scripsit
2746 2112 2940 2167 quoque
2963 2097 3204 2152 adversus
3247 2095 3501 2153 Faustum
3543 2098 3727 2154 Reien-

2154 2202 2258 2241 sem
2283 2186 2380 2260 (lt),
2410 2189 2733 2243 simulantem
2754 2189 2958 2260 quidem
2984 2190 3226 2243 damnare
3268 2188 3559 2262 Pelagium,
3609 2209 3727 2246 cor-

2155 2278 2476 2334 roborantem
2505 2295 2620 2333 rero
2641 2281 2805 2350 ipsam
2829 2279 3163 2351 Pelagianam
3186 2284 3453 2351 perfidiam
3477 2325 3491 2349 ,
3543 2292 3595 2337 ut
3643 2287 3721 2339 ait

2158 2370 2416 2425 Baronius
2447 2372 2532 2441 (l).
2558 2371 2685 2425 Herc
2729 2388 2845 2426 vero
2876 2372 3123 2442 imprimis
3167 2381 3413 2427 testantur
3452 2374 3730 2445 Gregorius

2162 2462 2467 2517 Turonensis
2494 2462 2612 2532 (ut),
2638 2462 2936 2533 Agobardus
2968 2461 3324 2532 Lugdunensis
3366 2465 3384 2536 (
3413 2466 3485 2533 η)
3519 2475 3564 2519 ct
3613 2467 3728 2519 Αόο

2169 2551 2471 2607 Viennensis
2500 2554 2599 2622 (ο),
2627 2554 2867 2623 episcOpi.
2893 2551 3171 2619 Praetereo,
3200 2552 3395 2610 Fausto
3420 2565 3464 2609 et
3490 2557 3734 2627 Symma-

2161 2644 2255 2697 clto
2275 2643 2592 2697 senatoribus
2626 2642 2777 2697 Urbis
2805 2644 3020 2714 epistola
3050 2644 3316 2714 inscripta,
3366 2647 3733 2715 Symmachum

2161 2753 2347 2808 papam
2367 2736 2610 2790 adversus
2630 2736 2974 2790 schismaticos
2998 2748 3201 2791 strenue
3220 2736 3417 2809 adjuvit
3456 2738 3557 2810 (ρ).
3589 2739 3734 2793 lteli-

2161 2844 2263 2897 qua
2291 2827 2494 2899 egregia
2513 2830 2625 2899 ejus
2648 2826 2880 2896 facinora
2900 2828 3130 2881 consulto
3156 2828 3473 2896 prceterimus
3490 2829 3735 2900 :lonqum

490 2926 676 2980 saculo
696 2926 894 2979 demum
934 2923 1191 2994 superiore
1219 2921 1271 2975 in
1299 2925 1463 2976 lucem
1486 2923 1673 2993 prodiit
1702 2922 1789 2995 (ι’).
1829 2924 1932 2980 Sed
1960 2924 2057 2979 hac
2088 2912 2133 2973 Β
2161 2920 2293 2973 enim
2320 2927 2445 2974 esset
2466 2920 2541 2973 ire
2561 2936 2649 2990 per
2668 2920 2888 2990 singula.
2922 2920 3246 2990 Quapropter
3271 2925 3385 2990 iure
3414 2923 3566 2992 plane
3591 2922 3733 2993 opti-

492 3018 557 3073 de
584 3032 638 3072 re
664 3016 987 3087 Agobardum
1015 3014 1195 3068 audire
1222 3003 1430 3085 praesta?
1449 3013 1527 3086 (g)
1562 3032 1576 3069 :
1612 3033 1629 3065 ι
1660 3016 1855 3081 Avitus,
1875 3017 2060 3087 inquit,

491 3108 593 3177 fide
621 3106 921 3168 catholicus,
952 3105 1236 3175 eloquentia
1256 3106 1674 3173 facundissimus,
1692 3107 1893 3177 ingenio
1921 3123 2062 3162 acer-

491 3198 669 3262 rimus,
693 3212 954 3251 sacrarum
981 3194 1288 3250 Li:terarum
1314 3196 1571 3264 expositor
1599 3198 1951 3264 suavissimus,
1977 3199 2064 3253 lit-

493 3299 716 3344 terarum
736 3289 884 3344 etiam
909 3286 1228 3341 sacularium
1256 3287 1581 3343 doctissimus
1620 3297 1666 3343 et
1694 3291 1747 3345 in
1774 3292 1946 3347 metris
1974 3293 2060 3363 fa-

493 3381 732 3444 cillimus,
764 3394 879 3433 cum
905 3376 1225 3431 Gundobado
1256 3377 1544 3448 frequenter
1570 3380 1634 3433 de
1657 3381 1760 3449 ﬁde
1787 3383 2059 3449 altercans,

495 3479 540 3524 et
570 3470 797 3539 dialogos
816 3470 872 3522 in
901 3469 1133 3538 pra'senti
1177 3468 1450 3535 conﬁciam
1475 3508 1491 3534 ,
1535 3480 1582 3524 et
1619 3472 1844 3541 epistolis
1873 3474 2065 3529 absenti

495 3558 821 3629 respondens.
847 3557 997 3626 plura
1026 3564 1074 3609 et
1100 3557 1242 3609 clara
1268 3557 1458 3627 ingenii
1489 3560 1569 3611 sui
1597 3568 1643 3613 et
1672 3563 1871 3615 virtutis
1906 3578 2064 3631 opera

496 3648 717 3719 reliquit.
752 3647 851 3713 Qui
880 3648 994 3715 ipso
1020 3645 1337 3701 Gundobado
1376 3648 1430 3701 in
1470 3665 1563 3703 sua
1607 3652 1823 3720 perﬁdia
1867 3654 2063 3721 perdito

497 3755 832 3795 successorem
859 3739 970 3808 ejus
992 3738 1204 3809 (ﬁlium)
1230 3738 1617 3809 Sigismundum
1637 3757 1804 3812 regem
1820 3744 1887 3797 ad
1913 3745 2064 3809 ﬁdem

500 3834 801 3889 catholicam
823 3832 1104 3887 convertit:
1131 3832 1183 3886 in
1204 3837 1349 3904 cujus
1376 3836 1697 3891 conversione
1724 3838 1945 3892 recitavit
1972 3837 2066 3891 ho-

500 3927 690 3980 miliam
715 3928 767 3979 in
812 3924 1005 3996 populo
1052 3940 1288 3979 sensuum
1340 3926 1587 3981 suavitate
1631 3929 1975 3999 plenissimam
2019 3940 2067 3985 et

502 4018 761 4073 verborum
789 4015 1157 4085 compositione
1187 4015 1553 4073 dulcissimam.
1594 4036 1612 4069 ι
1661 4018 1796 4073 Hinc
1838 4036 1982 4085 vero,
2012 4027 2067 4073 ut

501 4107 760 4163 Hadriani
797 4106 991 4162 Valesii
1020 4106 1180 4160 verbis
1217 4115 1333 4160 utar
1359 4106 1490 4178 (h),t
1531 4108 1776 4179 facillime
1823 4109 2067 4177 impetrap

506 4214 613 4258 tum
641 4211 714 4257 est
739 4219 770 4255 a
795 4199 1281 4269 Burgundionibus,
1332 4208 1387 4254 ut
1438 4201 1573 4273 regis
1618 4202 1701 4256 sui
1750 4201 2069 4257 imitarentur

2163 3024 2247 3061 mo
2272 3009 2647 3063 sanctissimum
2665 3011 2821 3081 juxta
2842 3019 2888 3065 et
2914 3012 3262 3065 doctissimum
3283 3020 3509 3065 nostrum
3528 3014 3735 3084 provin-

2164 3100 2257 3153 cia:
2285 3098 2589 3156 Viennensis
2620 3102 2898 3156 antistitem
2927 3104 3128 3173 magnis
3156 3101 3389 3157 laudibus
3418 3103 3737 3158 celebrarunt

2164 3189 2257 3242 viri
2283 3190 2566 3245 eruditione
2585 3206 2645 3245 ac
2673 3193 2856 3246 virtute
2876 3193 3114 3262 prttclari
3126 3207 3145 3256 ;
3164 3208 3290 3263 quos
3316 3192 3448 3246 inter
3469 3190 3739 3249 Ennodius

2168 3280 2451 3337 Ticinensis
2470 3282 2660 3354 praesul
2690 3281 2767 3354 (q)
2801 3301 2813 3334 :
2850 3301 2868 3334 ι
2904 3281 3389 3350 Pra’stantissimus,
3418 3283 3605 3352 inquit,
3649 3287 3739 3339 in-

2165 3383 2239 3429 ter
2266 3374 2443 3430 Gallos
2471 3374 2648 3430 Avitus
2681 3375 2985 3430 Viennensis
3007 3378 3296 3447 episcopus,
3327 3379 3379 3431 in
3402 3394 3502 3447 quo
3521 3394 3576 3432 se
3601 3380 3741 3449 peri-

2166 3470 2235 3525 tia
2261 3471 2394 3525 velut
2422 3471 2477 3526 in
2506 3470 2785 3526 diversorio
2805 3470 2993 3524 lucida:
3020 3470 3202 3525 domus
3231 3471 3457 3524 inclusit.
3494 3490 3513 3523 ι
3543 3470 3745 3541 Grego-

2165 3565 2272 3617 rius
2298 3578 2413 3617 vero
2446 3562 2761 3617 Turonensis
2790 3560 2861 3634 (r)
2894 3578 2909 3616 :
2944 3580 2962 3614 t
3001 3561 3206 3633 Magnae
3221 3561 3606 3630 facundite,ait,
3628 3571 3740 3615 erat

2167 3667 2287 3709 tunc
2312 3656 2552 3727 temporis
2575 3655 2747 3709 beatus
2775 3656 2973 3709 Avitus.
3024 3684 3092 3695 —
3139 3654 3360 3710 Exstant
3392 3655 3578 3710 exinde
3605 3671 3744 3708 nunc

2166 3748 2306 3817 apud
2327 3764 2416 3802 nos
2442 3748 2671 3814 epistolw
2689 3746 3037 3811 admirabiles,
3064 3762 3180 3817 qua:
3208 3747 3338 3801 sicut
3363 3756 3483 3801 tunc
3510 3747 3743 3801 heresim

2167 3845 2537 3908 Oppresserunt,
2553 3837 2626 3890 ita
2654 3851 2790 3889 nunc
2819 3834 3099 3889 Ecclesiant
3123 3833 3220 3890 Dei
3238 3835 3549 3904 wdiﬁcanta
3580 3835 3745 3889 Eum—

2168 3929 2283 3983 dem
2305 3937 2447 3982 vocat
2472 3925 2709 3983 Isidorus
2736 3927 3067 3997 Hispulensis
3110 3946 3130 3979 ι
3176 3928 3389 3982 scientia
3421 3929 3744 3982 stecularium

2170 4020 2455 4075 litterarum
2479 4019 2826 4073 doctissimum
2848 4018 2937 4089 (s).
2978 4038 2997 4071 ι
3037 4019 3108 4073 De
3137 4035 3195 4072 eo
3237 4020 3356 4073 item
3397 4035 3575 4072 rursus
3608 4019 3744 4087 Aga-

2171 4112 2358 4165 bardus
2387 4110 2449 4181 (t)
2480 4128 2492 4164 :
2548 4129 2566 4162 t
2606 4110 2867 4164 Alc/timus
2883 4110 3081 4174 Avitus,
3107 4109 3289 4176 inquit,
3316 4108 3558 4163 Ecclesia:
3589 4108 3744 4162 l'ien-

2171 4202 2343 4255 nensis
2363 4201 2646 4271 episcopus,
2676 4214 2828 4269 quam
2856 4200 3067 4253 eximius
3096 4199 3275 4252 doctor
3302 4208 3348 4254 et
3377 4198 3625 4269 facundus
3652 4216 3745 4251 ea:-

504 4292 808 4364 exomplum,
834 4300 877 4344 et
900 4291 1194 4362 religionem
1222 4289 1522 4345 catholicam
1553 4291 1607 4344 in
1638 4308 1737 4361 qua
1754 4307 1932 4346 eorum
1959 4308 2068 4345 ma-
2094 4276 2142 4340 C
2171 4294 2371 4355 stiterit,
2400 4307 2526 4362 pene
2546 4299 2652 4344 tota
2686 4290 2823 4344 novit
2851 4288 3082 4344 Ecclesia
3107 4289 3317 4345 Christi.
3356 4309 3374 4343 ι
3400 4290 3568 4343 Adoni
3603 4290 3749 4343 deni-

505 4385 636 4456 iores
662 4382 842 4436 versati
863 4392 1028 4448 erant,
1053 4385 1254 4451 ejurato
1291 4396 1466 4434 errore
1487 4390 1831 4451 sequerentur.
1867 4400 1887 4434 ι
1918 4382 2067 4437 Anno

507 4475 687 4545 quippe
706 4472 829 4537 5|7,
859 4481 913 4524 ut
943 4486 1060 4524 mox
1083 4470 1296 4523 advertit
1340 4468 1473 4523 idem
1520 4468 1757 4524 Valesius
1778 4510 1795 4534 ,
1845 4472 1932 4542 qui
1973 4472 2068 4539 fuit

507 4566 752 4621 secundus
784 4563 925 4633 regni
955 4559 1294 4633 Sigismundi,
1326 4558 1536 4629 Epaone
1561 4576 1657 4628 quo
1684 4564 1906 4631 episcopi
1932 4562 2069 4616 Bur-

586 4706 662 4773 (a)
731 4700 1013 4773 Rolland._
1044 4698 1164 4754 Act.
1242 4705 1546 4751 sanctorum
1596 4704 1725 4751 tom.
1780 4697 1821 4752 1.
1874 4698 2033 4753 Febr.
2065 4738 2078 4761 ,

510 4769 629 4844 pag.
661 4773 785 4844 661,
816 4785 962 4844 nun].
993 4769 1044 4844 1.

580 4834 651 4912 '(b)
675 4834 906 4912 Histoire
929 4836 1183 4912 littér._t_le
1204 4836 1252 4891 la
1271 4835 1662 4912 france,_tom.
1692 4834 1779 4900 Ill,
1808 4849 1927 4912 P28.
1954 4837 2074 4892 ll6.

582 4905 653 4980 te)
679 4912 837 4980 Greg.
866 4909 1065 4980 Turon.
1100 4907 1237 4980 Hist.
1271 4905 1577 4980 Frapc._lib.
1612 4921 1669 4971 ιι,
1702 4920 1821 4975 cap.
1844 4907 1933 4961 51.

581 4975 664 5049 (τί)
697 4975 841 5049 Ιάιῇ,
870 4979 935 5031 ad
960 4993 1084 5031 ann.
1116 4976 1239 5049 50},
1272 4977 1331 5046 δέ
1363 4976 1419 5043 ’5,
1443 4975 1498 5028 4.

581 5044 657 5122 (μ)
684 5044 875 5122 Cenat.
902 5049 1094 5122 e_pise.,
1115 5044 1271 5122 inira.

583 5114 654 5193 (Π
677 5119 909 5177 Histoire
932 5115 1092 5172 littér.
1125 5115 1191 5171 de
1218 5116 1266 5170 la
1296 5115 1523 5183 France,
1566 5114 1685 5172 loco
1734 5115 1920 5184 citato,
1953 5131 2075 5187 pag.

512 5195 635 5250 117.

584 5255 1351 5334 (g)‘Agobar_d..Alib_.-ad_g.leg.
1378 5254 1628 5311 Gundob.
1667 5269 1784 5325 cap.
1819 5256 1907 5324 15,
1950 5272 2075 5327 opp.

514 5326 651 5390 toni.
676 5331 713 5393 Ι,
738 5326 857 5399 pag.
888 5326 991 5399 1ἳο
1010 5328 1139 5399 edit.
1162 5326 1342 5399 Bolus.

584 5404 662 5477 (h)
686 5395 860 5477 llud}.
894 5398 1067 5477 Viles.
1096 5396 1224 5477 [ζεῖ.
1251 5396 1442 5451 Franc.
1472 5395 1559 5453 lib.
1589 5412 1680 5465 vn,
1706 5395 1772 5452 ad
1795 5411 1925 5452 ann.
1951 5397 2077 5461 516,

515 5466 655 5533 tam;
682 5472 731 5539 1,
758 5484 910 5540 pagg.
942 5466 1217 5540 550,331.

454 5568 470 5591 -μ
588 5544 651 5612 (ί)
682 5534 808 5612 Pagi
827 5534 894 5594 aa
921 5552 1061 5612 ann:
1074 5536 1199 5612 5091
1221 5535 1282 5607 §§
1310 5534 1362 5599 6,
1387 5535 1436 5591 7.

602 5545 629 5597 ‘i
682 5544 808 5612 Pagi
829 5544 894 5594 ad
921 5552 1045 5590 amt.
1074 5544 1199 5599 509,

587 5544 667 5752 Ξ
684 5610 1012 5752 ᾗγὶζρῗὲἰδῗ
1033 5607 1067 5661 2
1086 5616 1137 5664 et
1163 5605 1213 5660 '5.

2171 4403 2270 4455 que
2302 4385 2490 4439 dicitur
2519 4382 2599 4453 (α)
2627 4400 2647 4433 t
2684 4382 2972 4453 eloquentia
3015 4390 3061 4437 et
3113 4386 3382 4436 sanctitate
3427 4383 3748 4453 prtecipuus,

2171 4475 2393 4529 scribens
2420 4472 2820 4527 luculentissima
2847 4481 2894 4525 et
2927 4475 3175 4544 castigato
3193 4477 3317 4527 satis
3336 4489 3562 4529 sermone
3582 4490 3640 4525 ac
3663 4472 3749 4526 lu-

2174 4563 2433 4618 cidissima
2464 4563 2582 4632 ﬁde.
2623 4580 2642 4615 ι

2256 4697 2320 4765 (ι)
2354 4698 2546 4751 llaron.
2574 4698 2635 4751 ad
2660 4713 2785 4751 ann.
2816 4695 2940 4761 5l6,
2977 4696 3003 4765 ς
3030 4698 3119 4751 51.

2256 4763 2353 4834 (nt)
2374 4767 2535 4836 Greg.
2567 4768 2771 4822 Turon.
2796 4767 2932 4821 Hist.
2958 4763 3147 4821 Franc.
3183 4766 3274 4820 lib.
3303 4781 3360 4830 ll,
3390 4780 3508 4829 cap.
3532 4763 3619 4816 51.

2254 4836 2332 4907 (n)
2355 4837 2710 4907 Agoblngd.
2756 4838 2849 4907 lib.
2886 4836 3016 4891 adv.
3040 4836 3205 4891 Felic.
3231 4876 3246 4901 ,
3283 4851 3403 4906 cap.
3454 4836 3513 4889 41
3543 4873 3559 4898 ,
3619 4849 3751 4903 opp.

2184 4906 2315 4962 tom.
2343 4907 2383 4971 I,
2412 4922 2531 4975 pag.
2564 4906 2632 4961 55
2653 4906 2783 4961 edit.
2808 4906 2896 4960 cit.

2180 4976 2331 5102 5130)
2363 4974 2662 5032 Ado’Vien.
2695 4977 2746 5031 in
2773 4976 2975 5032 Chron.
3005 4974 3073 5031 ad
3096 4992 3184 5029 an.
3215 4974 3321 5030 492
3350 4983 3406 5029 et
3452 4986 3576 5031 ante
3620 4991 3753 5029 ann.

2256 5112 2334 5255 (pg
2357 5116 2498 5170 Avil.
2526 5117 2680 5185 epist.
2705 5116 2795 5171 51.
2914 5183 2926 5195 ⁸

2256 5187 2306 5255 (q
2363 5186 2573 5242 Ennod.
2598 5186 2703 5241 Vit.
2738 5187 2800 5239 Β.
2831 5184 2926 5254 Ept

2252 5182 2330 5256 (q)
2363 5182 2575 5242 Ennod.
2598 5186 2703 5241 Vit.
2738 5187 2800 5239 Β.
2831 5182 3025 5254 Epipb.
3052 5198 3178 5255 opp.
3211 5184 3483 5241 Sirmontl.
3522 5191 3656 5239 tom.
3697 5182 3754 5250 I,

2182 5270 2302 5327 pag.
2329 5256 2485 5311 1686.

2255 5324 2328 5408 (μ’)
2357 5324 2745 5408 ςὲςςς.“’1“ιιιιοιε.
2774 5327 2895 5408 loco
2922 5324 3107 5408 citato.

2260 5394 2330 5533 (δὲ
2361 5392 2487 5449 Isid:
2510 5395 2659 5460 Hisp.
2691 5396 2758 5451 de
2783 5397 2979 5459 Script.
3005 5396 3167 5459 eccl.,
3195 5409 3315 5463 cap.
3342 5392 3435 5447 25.

2260 5465 2302 5532 (t
2353 5465 2521 5532 Agob.
2550 5464 2643 5519 lib.
2667 5465 2734 5520 de
2759 5466 2965 5521 Judaic.
3014 5465 3257 5533 Superst.
3278 5504 3295 5531 ,
3342 5478 3435 5533 om

2258 5459 2327 5533 (t)
2353 5465 2521 5532 Agob.
2550 5464 2643 5519 lib.
2667 5465 2734 5520 de
2759 5466 2965 5521 Judaic.
3014 5459 3295 5533 Superstf,
3342 5478 3468 5533 opp.
3512 5472 3643 5518 tom.
3682 5459 3709 5515 ἵ
3735 5500 3755 5527 ο

2113 5545 2160 5599 ο
2188 5547 2306 5603 pag.
2338 5534 2405 5603 70
2424 5534 2551 5587 edit.
2576 5534 2670 5587 cit.
3636 5562 3657 5603 κη

2256 5603 2337 5673 (u)
2359 5602 2474 5661 Atio
2501 5604 2553 5658 in
2580 5604 2779 5661 Chron.
2804 5603 2867 5659 ad
2893 5620 3018 5659 ann.
3046 5603 3151 5661 492
3177 5610 3229 5659 ct
3253 5612 3379 5659 ante
3404 5616 3529 5657 ann.
3556 5602 3681 5658 5l9.
