4046 6170
243 284 344 341 195

1594 284 2121 342 I’ROLECOMENA.

3389 294 3490 350 194

307 394 331 447 l
340 392 369 447 Ι
378 392 423 449 1.
460 392 624 448 Porro
654 409 755 464 quo
781 403 916 448 ann‘o
937 409 964 448 e
984 393 1106 447 vivis
1144 394 1410 449 excesserit
1439 398 1649 449 sanctus
1676 410 1808 465 prte-
1834 397 1881 454 A
1912 396 2011 448 lius
2042 396 2309 461 descendo,
2325 395 2460 466 quod
2489 412 2773 467 anonymus
2794 396 2922 452 lita:
2944 399 3108 453 sancti
3128 401 3258 454 Aviti
3284 416 3482 469 auctor,

238 487 341 550 sul,
366 486 505 539 haud
532 502 635 539 una
661 494 736 540 est
765 487 987 540 virorum
1008 485 1319 540 eruditorum
1342 488 1612 541 sententia.
1630 486 1817 540 Verum

237 593 335 647 quo
358 577 641 645 difﬁcultas
662 576 869 645 hujusce
889 577 1178 645 qua'stionis
1200 578 1366 646 quoad
1389 577 1503 643 ﬁeri
1528 585 1687 643 potest
1707 578 1818 631 dis-

171 726 177 740 ,
237 671 486 732 solvatur,
512 685 591 722 res
617 670 835 739 penitius
858 667 1196 738 inspicienda.
1223 668 1401 721 Tradit
1428 670 1585 741 igitur
1607 669 1719 722 Ado
1743 668 1818 740 (α)

237 760 393 813 vitam
422 758 591 811 adhuc
614 759 772 827 egisse
791 758 991 811 Avitum
1014 766 1124 827 post
1148 773 1318 812 necem
1345 758 1664 830 Sigismundi
1685 757 1822 811 Bur-

237 850 563 918 gundionum
603 849 758 919 regis,
789 863 936 917 quem
964 848 1227 914 nimirum,
1253 847 1436 916 inquit,
1484 866 1504 900 ι
1540 859 1746 915 captum
1773 858 1822 904 et

237 956 269 990 a
297 937 514 992 Francis
537 940 755 991 occisum
770 937 1195 992 vehementissime
1221 938 1557 993 doluitsidem
1567 938 1821 995 Viennen-

238 1033 314 1082 sis
340 1031 576 1084 antistes.
607 1030 835 1083 Adonem
865 1030 1132 1097 exscripsit
1178 1046 1463 1099 anonymus
1496 1039 1675 1085 auctor
1706 1032 1822 1086 vitae

239 1120 473 1190 ejusdem
501 1120 663 1172 sancti
711 1117 846 1171 Aviti
894 1118 1034 1186 apud
1085 1117 1457 1174 Bollandianos
1505 1120 1623 1191 (b)
1672 1136 1687 1174 :
1732 1123 1821 1193 qui

240 1210 463 1279 proinde
488 1220 599 1281 post
631 1209 827 1264 Adonis
852 1218 1053 1265 aetatem
1079 1212 1302 1267 scribens
1323 1252 1339 1278 ,
1375 1213 1564 1268 saeculo
1590 1216 1767 1269 saltem
1789 1232 1820 1271 ι

242 1311 334 1353 aut
354 1302 518 1354 serius
541 1302 776 1371 fortasse,
811 1316 996 1369 parum
1047 1304 1365 1356 auctoritatis
1412 1314 1683 1373 pr0pterea
1727 1306 1822 1360 sibi

244 1390 524 1443 conciliare
551 1390 882 1453 comperitur.
909 1390 1014 1445 Sed
1033 1406 1096 1444 ne
1118 1390 1291 1445 Adoni
1313 1393 1517 1462 quidem
1563 1395 1661 1465 ipsi
1695 1395 1822 1463 fides

245 1480 535 1534 adhibenda
579 1481 797 1547 videtur,
843 1482 929 1535 ubi
982 1481 1315 1554 Sigismundo
1358 1486 1466 1556 regi
1504 1488 1823 1555 superstitem

246 1570 405 1640 fuisse
434 1570 638 1623 Avitum
665 1580 890 1624 enarrat.
918 1572 1091 1626 Avitus
1114 1574 1247 1626 enim
1264 1613 1279 1639 ,
1310 1575 1397 1643 qui
1431 1574 1823 1646 Sigismundum

248 1675 273 1712 ε
312 1659 484 1713 medio
518 1660 779 1714 sublatum
820 1661 1093 1731 ingemuit,
1135 1680 1237 1718 non
1273 1665 1372 1734 fuit
1413 1666 1590 1721 Avitus
1632 1668 1824 1735 pra'sul

1921 486 2141 554 primum
2165 486 2330 539 editus
2352 503 2383 539 a
2403 484 2603 540 Labbeo
2625 487 2710 557 (ι),
2728 488 2909 541 deinde
2930 504 2961 540 a
2989 487 3343 544 Bollandiauis
3367 494 3485 560 (in),

1920 574 2166 642 scriptum
2196 573 2432 643 reliquit,
2461 575 2685 641 Avitum,
2735 576 3006 631 Anastasio
3034 579 3201 633 adhuc
3240 584 3489 652 principe,

1921 664 2024 716 vita
2048 664 2208 731 fuisse
2236 665 2487 733 functum,
2515 667 2604 741 qui
2633 682 2703 720 m
2731 667 2803 721 id.
2832 666 2964 720 Julii
2991 669 3163 724 eodem
3206 686 3341 725 anno
3386 674 3492 728 518

1922 752 2175 807 interiisse
2202 755 2512 823 perhibetur.

1995 842 2097 896 IV.
2129 845 2250 897 Jam
2278 860 2411 911 vero,
2445 854 2497 899 ut
2526 846 2589 900 de
2627 846 2787 914 ipsius
2826 848 2960 900 Aviti
2989 849 3269 902 litterarum
3314 852 3484 903 moni-

1922 935 2103 989 mentis
2128 951 2405 989 sermonem
2436 939 2636 992 demum
2664 936 2967 1004 habeamus,
3006 939 3313 995 Sirmondus
3339 946 3493 1009 potis-

1920 1023 2103 1078 st'mum
2144 1025 2449 1091 audiendus,
2482 1028 2569 1095 qui
2609 1043 2668 1081 ea
2718 1029 2887 1082 omnia
2925 1046 3233 1100 qutecunque
3276 1034 3493 1101 reperire

1923 1115 2117 1183 potuit,
2164 1115 2241 1167 vel
2288 1115 2508 1185 primum
2561 1116 2728 1184 edita,
2776 1116 2853 1172 vel
2903 1122 3135 1173 restituta
3176 1128 3225 1174 et
3269 1121 3494 1189 expolita

1926 1200 2147 1257 Parisiis
2182 1204 2237 1256 in
2264 1205 2442 1273 vulgus
2481 1206 2640 1259 emisit
2672 1222 2806 1261 anno
2833 1206 2988 1262 1645.
3018 1208 3109 1263 Sic
3135 1209 3304 1278 itaque
3340 1209 3399 1262 V.
3432 1207 3495 1264 C.

1926 1294 2004 1366 (η)
2044 1314 2062 1347 ‹
2088 1295 2438 1364 Epistolarum
2464 1297 2619 1360 Aviti,
2661 1300 2755 1368 ait,
2781 1316 2907 1369 quas
2937 1300 3046 1363 tibi,
3084 1299 3258 1364 lector,
3282 1303 3396 1370 jam
3423 1310 3494 1356 tot

1924 1386 2072 1440 annis
2106 1385 2423 1454 debebamus,
2456 1389 2727 1442 verendum
2767 1399 2874 1444 erat
2920 1405 2982 1442 ne
3027 1405 3137 1442 sera
3182 1407 3314 1443 nunc
3356 1393 3497 1461 apud

1926 1484 1976 1531 te
2001 1475 2076 1529 vel
2114 1487 2413 1548 consumpta
2447 1479 2513 1532 sit
2548 1480 2742 1549 gratia,
2775 1479 2872 1532 nisi
2904 1494 3058 1533 morae
3091 1480 3239 1533 istius
3278 1481 3496 1535 viderem

1926 1568 2146 1636 fructum
2173 1568 2317 1622 nobis
2343 1569 2564 1639 aliquem
2606 1569 2871 1624 exstitisse.
2908 1570 3107 1639 Quippe
3133 1571 3222 1641 qui
3256 1572 3498 1625 emenda-

1927 1659 2027 1712 tius
2066 1660 2275 1712 illarum
2313 1662 2592 1728 exemﬂar,
2630 1661 2838 1714 sicunde
2879 1661 3176 1731 aff'ulgeret,
3206 1662 3327 1716 dum
3356 1678 3499 1732 qua:-

270 1748 598 1815 Viennensis,
626 1750 720 1805 sed
742 1750 917 1804 Avitus
944 1752 1101 1807 abba;
1125 1753 1446 1810 Midae-emis
1490 1759 1781 1813 ηιοηαετενξῑ
1803 1799 1820 1825 ,
1856 1752 1900 1812 Β
1926 1748 2105 1813 rimus,
2127 1749 2181 1802 in
2210 1748 2358 1803 Flori
2392 1750 2592 1804 diaconi
2624 1750 2858 1805 volumen
2899 1752 3038 1821 apud
3061 1750 3382 1808 Carthusiam
3412 1755 3497 1808 in—

253 1857 272 1890 t
312 1856 530 1910 magnus
556 1849 674 1894 tunc
696 1843 938 1906 temporis
980 1844 1249 1912 sacerdos,
1289 1863 1307 1896 ι
1342 1855 1397 1899 ut
1425 1847 1595 1901 scribit
1633 1846 1827 1918 Grego-

249 1932 359 1984 rius
388 1932 701 1986 Turonensis
732 1932 833 2003 (c),
860 1936 1007 2002 cujus
1032 1936 1180 1989 verba
1208 1937 1359 1991 latius
1398 1938 1561 1992 relata
1589 1941 1828 2010 expendit

249 2024 589 2093 edisseritque
612 2023 846 2077 Cointius
874 2025 973 2096 (ά).
1001 2025 1105 2081 Sed
1126 2042 1226 2095 quo
1252 2027 1456 2081 demum
1484 2045 1620 2083 anno
1641 2032 1830 2084 interiit

252 2113 744 2185 Sigismundus?Si
770 2114 999 2168 Marium
1052 2116 1424 2171 Aventicensem
1474 2119 1526 2171 in
1579 2117 1829 2175 Chronico

252 2207 527 2259 audiamus
556 2222 703 2276 quem
731 2208 881 2260 etiam
910 2197 1424 2279 sequitur'Aimoinus
1454 2250 1470 2276 ,
1521 2211 1577 2264 id
1622 2212 1832 2280 contigit

252 2288 485 2350 Maxima
511 2296 741 2363 consule,
771 2297 1043 2352 indictione
1066 2312 1105 2364 ι,
1126 2299 1220 2353 hoc
1245 2308 1317 2354 est
1344 2315 1480 2355 anno
1500 2300 1685 2358 Christi
1704 2303 1830 2360 525.

253 2390 317 2442 At
344 2388 628 2459 Gregorius
662 2388 967 2445 Turonensis
995 2391 1180 2456 aliique
1225 2390 1555 2447 Francorum
1601 2393 1832 2450 historici

254 2480 650 2551 Sigismundum
705 2481 1026 2550 interfectum
1080 2483 1289 2537 tradunt
1341 2484 1631 2554 insequente
1695 2503 1833 2542 anno

254 2571 379 2636 524,
410 2571 622 2625 Iustino
650 2587 684 2625 ιι
713 2580 759 2624 et
794 2572 1029 2641 Opilione
1048 2589 1203 2641 coss.,
1225 2574 1502 2631 indictione
1522 2591 1579 2631 ll.
1609 2575 1733 2631 Ha'c
1751 2578 1835 2648 fu-

253 2663 379 2715 sior:
401 2663 541 2732 slylo
567 2663 888 2732 persequitur
912 2662 1218 2718 Hadrianus
1251 2664 1480 2720 Valesius
1518 2664 1612 2739 (e).
1646 2667 1835 2731 Quibus

252 2753 429 2823 itaque
458 2753 641 2822 positis
660 2754 886 2822 plerique
921 2754 1259 2808 recentiorum
1308 2753 1371 2808 ab
1422 2755 1599 2811 Adone
1641 2757 1836 2827 decepti

254 2857 500 2895 censuere
553 2850 665 2909 post
716 2841 1036 2913 Sigismundi
1078 2858 1248 2897 necem
1297 2844 1501 2899 Avitum
1549 2862 1837 2915 supremum

256 2930 390 2983 diem
418 2928 688 2984 clausisse.
709 2928 772 2983 Et
800 2931 892 2985 alii
914 2932 1116 3001 quidem
1144 2947 1280 2987 anno
1311 2932 1452 3000 525;
1490 2932 1567 3006 (f)
1589 2935 1681 2989 alii
1724 2952 1837 2990 vero

258 3030 367 3088 post
392 3022 534 3073 hunc
553 3037 745 3074 annum
770 3021 882 3092 (g);
910 3022 1003 3076 alii
1018 3024 1233 3093 denique
1252 3039 1387 3078 anno
1400 3024 1505 3080 525
1525 3026 1623 3097 (Ιι).
1647 3026 1838 3082 Verum

1930 1840 2168 1905 cidimus,
2194 1842 2343 1911 cujus
2364 1840 2602 1908 beneficio
2618 1840 2754 1895 Aviti
2773 1842 3135 1910 opusculorum
3150 1845 3501 1915 septemdecim

1928 1947 2033 1984 non
2062 1930 2234 1986 titulos
2270 1933 2419 1986 modo
2457 1943 2504 1986 et
2531 1934 2770 1999 nomina,
2800 1937 3048 2005 majorem
3088 1945 3282 2001 partem
3321 1937 3497 2007 ignota

1930 2020 2233 2086 didicimus,
2278 2021 2367 2074 sed
2406 2022 2626 2089 plurima
2667 2023 2819 2075 etiam
2863 2033 2909 2077 et
2956 2024 3176 2078 illustria
3219 2024 3502 2096 fragmenta

1932 2120 2223 2165 ornamento
2246 2113 2458 2167 editioni
2490 2116 2667 2182 futura
2692 2115 2948 2169 consecuti
2981 2132 3174 2170 sumus.
3223 2115 3366 2171 Fecit
3394 2119 3504 2188 epi-

1929 2204 2180 2259 stolarum
2202 2205 2393 2258 utilitas
2414 2196 2479 2259 et‘
2484 2204 2763 2275 elegantia,
2788 2216 2843 2259 ut
2872 2208 3075 2260 ttedium
3096 2209 3231 2277 quod
3260 2209 3312 2262 in
3339 2210 3504 2264 vitiosi

1932 2294 2121 2347 codicis
2169 2294 2517 2349 emendatione
2558 2294 2903 2350 devorandum
2952 2299 3088 2366 fuit,
3127 2298 3348 2354 alacrius
3388 2317 3505 2370 per-

1934 2383 2180 2451 ferremus
2202 2397 2222 2437 :
2247 2397 2309 2437 ac
2331 2382 2576 2437 librorum
2597 2386 2749 2439 etiam
2773 2386 2992 2456 quinque
3014 2388 3332 2457 partitionem
3356 2406 3506 2458 quam
3562 2402 3565 2405 ‘

1936 2474 2283 2544 promittebat,
2313 2475 2598 2545 amplexari
2626 2493 2846 2545 eramus,
2875 2478 2921 2532 si
2953 2479 3199 2548 integram
3243 2481 3507 2548 prtestitiso

1934 2575 2028 2620 set.
2071 2563 2258 2618 Verum
2305 2574 2445 2621 tanta
2491 2567 2651 2620 inerat
2694 2566 3033 2636 perturbatio,
3078 2577 3131 2622 ut
3173 2570 3333 2624 satius
3374 2585 3509 2624 nunc

1936 2656 2141 2726 quidem
2165 2657 2328 2712 visum
2354 2657 2450 2723 sit,
2482 2659 2672 2712 omisso
2697 2660 2939 2713 librorum
2969 2644 3287 2728 disciimine,
3321 2663 3512 2732 episto-

1938 2749 2014 2802 las
2043 2747 2131 2802 tibi
2159 2765 2329 2804 omnes
2365 2766 2468 2804 uno
2513 2759 2653 2805 textu
2688 2752 2952 2806 continuas
2988 2754 3359 2821 representari.
3390 2752 3511 2807 Non

1940 2842 2113 2897 dubito
2145 2843 2265 2913 quin
2292 2843 2557 2897 consilium
2602 2846 2909 2912 probaturus
2933 2846 3001 2900 sis
3024 2862 3044 2904 .'
3072 2846 3358 2915 proximum
3386 2846 3510 2911 erit,

1940 2942 1996 2987 ut
2023 2944 2277 3003 corrupta:
2311 2950 2507 3005 quoque
2539 2936 2768 2989 lectionis
2806 2936 2928 2991 vitia
2965 2952 3082 3007 qua:
3124 2944 3343 3001 restant,
3374 2938 3512 3007 feras

1939 3024 2306 3095 indulgentius.
2346 3023 2412 3079 In
2455 3024 2755 3098 fragmentis
2793 3043 2915 3081 sane
2958 3026 3128 3081 nullus
3170 3035 3339 3081 noster
3370 3029 3514 3081 labor

260 3130 373 3165 cum
396 3121 596 3166 constet
622 3114 823 3165 Avitum
843 3114 952 3181 qui,
987 3115 1234 3168 exstincto
1274 3115 1631 3187 Sigismundo,
1661 3134 1838 3185 super-
1862 3100 1908 3164 C
1939 3116 2058 3185 fuit.
2088 3113 2238 3169 Flori
2263 3116 2397 3170 enim
2433 3118 2692 3187 exemplar
2722 3117 2932 3186 probum
2958 3126 3005 3171 et
3029 3117 3326 3187 castigatum
3356 3119 3514 3171 secuti

262 3204 378 3273 fuit,
410 3202 575 3255 alium
605 3203 761 3272 fuisse
787 3220 819 3255 a
850 3204 1150 3270 Viennensi;
1172 3206 1279 3272 iam
1306 3215 1414 3258 tum
1440 3206 1607 3273 itafue
1639 3208 1706 3261 ad
1732 3223 1838 3262 cae-

261 3293 364 3345 lum
390 3301 626 3348 evocatus
648 3294 801 3362 fuerit
822 3296 997 3349 Avitus
1020 3298 1344 3364 noster,!cum
1371 3314 1460 3352 rex
1481 3299 1568 3352 ille
1596 3297 1837 3368 Burgun-

263 3383 474 3437 dionum
504 3385 677 3454 periit,
698 3387 1126 3454 quemadmodum
1151 3389 1369 3442 advertit
1400 3390 1476 3443 vir
1500 3391 1726 3444 eruditus
1740 3390 1840 3462 (i);

264 3477 493 3543 adeoque
515 3476 779 3546 contigerit
803 3478 914 3546 ejus
935 3477 1099 3531 obitus
1138 3479 1274 3531 intra
1314 3488 1506 3549 tempus
1546 3479 1676 3533 illud
1702 3480 1839 3549 quod

266 3582 403 3618 ea:qu
416 3568 486 3619 rit
502 3568 632 3619 inter
649 3566 922 3621 celebratas
938 3567 1161 3638 synodos
1184 3565 1538 3638 Epaonensem
1558 3578 1603 3624 et
1626 3568 1839 3641 Lugdu-

266 3672 469 3710 nensem
499 3672 560 3711 ιι.
594 3654 752 3723 Nam,
782 3668 835 3710 ut
863 3659 1097 3726 superius
1128 3659 1364 3725 vidimus,
1413 3660 1611 3729 synodo
1639 3660 1841 3729 quidem

266 3745 561 3816 Epaonensi
585 3763 718 3801 anno
746 3746 849 3803 517
876 3757 1062 3803 coacta
1086 3750 1278 3819 primus
1300 3750 1594 3821 subscripsit
1621 3751 1792 3806 Avitus
1819 3768 1839 3806 :

264 3852 319 3896 at
349 3844 459 3907 ipse
490 3843 626 3896 haud
647 3842 939 3912 interfuisse
958 3846 1249 3915 agnoscitur
1283 3846 1479 3915 synodo
1515 3843 1843 3917 Lugdunensi

264 3947 302 3986 ll
332 3934 423 3986 sub
456 3931 796 4003 Sigismundo
817 3949 932 4004 rege
953 3933 1108 3997 paulo
1132 3943 1245 4002 post
1273 3934 1458 3988 habita:
1501 3949 1521 3987 :
1562 3938 1677 4007 ejus
1708 3939 1839 3989 enim

265 4038 448 4076 nomen
470 4024 608 4079 inter
632 4022 1026 4093 subscriptiones
1067 4026 1222 4097 hujus
1248 4026 1451 4079 concilii
1490 4041 1589 4079 non
1636 4026 1838 4097 legitur,

265 4122 322 4166 ut
348 4114 518 4167 videre
535 4124 611 4169 est
632 4115 687 4167 in
716 4115 1050 4169 conciliorum
1088 4117 1382 4171 collectione
1407 4117 1518 4187 (j);
1555 4118 1641 4172 ubi
1674 4126 1843 4173 tamtn

265 4206 395 4260 male
421 4206 636 4259 inscribi
665 4206 1002 4276 Lugdunense
1030 4223 1045 4261 ι
1075 4209 1402 4278 intelligimus
1433 4226 1495 4262 ea:
1523 4210 1633 4279 ipso
1658 4212 1801 4264 Avito
1824 4250 1837 4276 ,

266 4297 352 4360 qui
376 4298 446 4350 sic
467 4295 676 4350 scribit:
702 4315 721 4347 ι
743 4297 817 4369 (1.)
840 4298 1076 4364 Rediens,
1095 4301 1277 4370 inquit,
1294 4300 1355 4353 ab
1374 4301 1498 4354 urbe
1516 4300 1844 4373 Lugdunensi

266 4394 476 4440 sanctus
503 4386 803 4441 Chartenius
825 4389 1109 4460 episc0pus,
1140 4391 1195 4443 in
1219 4407 1340 4461 qua,
1365 4391 1509 4445 nobis
1538 4392 1601 4445 de
1629 4394 1845 4447 concilio

1939 3224 2134 3261 sumus.
2170 3206 2237 3262 In
2275 3210 2517 3279 poematis
2545 3218 2712 3262 autem
2750 3208 2873 3277 quid
2908 3208 3188 3279 praestitum
3226 3209 3291 3261 sit
3328 3206 3514 3260 intelli-

1941 3305 2055 3366 gent
2096 3297 2185 3367 qui
2228 3297 2500 3352 editionem
2538 3298 2670 3351 hanc
2714 3297 2972 3365 conferent
3015 3313 3130 3350 cum
3170 3294 3467 3367 Gagneiana
3493 3310 3513 3350 :

1940 3390 2087 3459 cujus
2130 3395 2327 3452 auctor,
2370 3388 2448 3441 vir
2489 3386 2685 3458 alioqui
2725 3388 2903 3441 doctus
2938 3402 3000 3440 ac
3043 3387 3289 3455 disertus,
3333 3395 3515 3454 praeter

1941 3482 2046 3536 alia
2072 3498 2186 3553 qute
2214 3498 2400 3552 passim
2433 3483 2642 3553 proprio
2681 3483 2892 3537 arbitrio
2933 3481 3171 3546 mutavit,
3215 3481 3516 3552 quingentos

1942 3587 2068 3641 pene
2096 3587 2262 3625 versus
2295 3571 2359 3624 de
2385 3572 2491 3626 suis
2529 3572 2736 3626 intrusit
2773 3588 2864 3641 pro
2905 3571 3172 3626 Avitianis.
3207 3570 3369 3624 Nobis
3396 3584 3512 3624 vero

1941 3678 2078 3718 cura:
2105 3664 2234 3734 fuit,
2262 3664 2576 3718 adamussim
2613 3664 2865 3732 ﬁdensque
2887 3672 3108 3717 veterum
3146 3660 3514 3734 excinplarium

1943 3755 2175 3807 universa
2203 3754 2275 3807 sic
2297 3754 2515 3824 exigere,
2548 3764 2603 3807 ut
2632 3753 2830 3826 rejectis
2857 3753 3151 3820 subdititiis,
3180 3751 3516 3823 legitimisque

1944 3843 2211 3910 restitutis,
2236 3859 2418 3912 purum
2446 3842 2533 3896 tibi
2554 3852 2599 3897 et
2622 3844 2876 3898 sincerum
2902 3844 3104 3896 Avitum
3122 3887 3136 3909 ,
3167 3844 3376 3895 merulis
3402 3842 3517 3910 qui-

1944 3932 2156 3987 busdam
2189 3950 2312 4001 quos
2351 3944 2475 3987 tetas
2504 3934 2594 3987 illa
2624 3934 2850 4004 ferebat,
2882 3932 3117 4002 neglectis
3145 3932 3512 3985 exhiberemus.

1945 4023 2011 4078 In
2039 4041 2137 4091 quo
2162 4025 2206 4077 si
2241 4025 2425 4079 calculi
2456 4041 2652 4094 quoque
2678 4026 2749 4078 tui
2777 4024 3109 4093 suffragium,
3138 4022 3314 4085 lector,
3343 4035 3512 4073 acces-

1944 4116 2097 4181 serit,
2129 4116 2221 4169 erit
2245 4116 2381 4185 quod
2408 4115 2726 4168 sanctissimo
2751 4122 2903 4183 atque
2922 4115 3048 4167 inter
3073 4122 3246 4179 poetas
3266 4109 3515 4164 Christia-

1945 4222 2035 4259 nos
2057 4206 2193 4258 haud
2214 4205 2365 4273 facile
2384 4204 2616 4273 cuiquam
2639 4203 3005 4274 postponendo,
3025 4201 3267 4256 Ecclesia:
3285 4202 3514 4274 pra'suli,

1946 4312 2049 4349 non
2081 4296 2283 4349 inanem
2319 4296 2416 4348 hac
2460 4295 2610 4348 etiam
2647 4295 2702 4349 in
2736 4303 2877 4364 parte
2915 4309 3119 4362 operam
3158 4309 3251 4347 nos
3292 4293 3518 4363 posuisse

1950 4385 2286 4457 gratulemur.
2319 4404 2337 4438 ι
2373 4385 2633 4441 Hactenus
2661 4385 2987 4441 Sirmondus.

268 4475 663 4542 discedentibus,
690 4477 757 4530 ad
778 4480 971 4548 privata
1006 4480 1242 4549 quaedam
1286 4482 1487 4550 negotia
1536 4484 1846 4553 expedienda
1877 4467 1928 4527 1)
2030 4476 2093 4531 νο
2129 4476 2306 4547 Neque
2335 4492 2449 4531 vero
2477 4492 2651 4531 eorum
2687 4476 2912 4531 recensio
2949 4474 3376 4547 praetermittenda
3409 4475 3520 4543 qui-

268 4568 543 4629 resederat,
575 4584 596 4618 s
622 4580 717 4620 etc.
740 4566 880 4621 Hinc
908 4570 1064 4639 igitur
1103 4573 1432 4626 existimarim
1461 4574 1687 4643 equidem
1732 4577 1847 4630 bea-

271 4662 378 4707 tum
407 4658 693 4711 antistitem
717 4660 787 4711 ad
808 4675 1018 4731 superos
1053 4662 1270 4717 evolasse
1297 4664 1498 4719 ineunte
1536 4680 1673 4719 anno
1702 4665 1805 4721 518
1829 4706 1845 4734 ,

270 4745 365 4800 hoc
384 4756 458 4802 est
475 4789 491 4813 ,
517 4764 549 4803 ν
576 4765 701 4803 non.
730 4747 911 4814 Febr"
931 4767 1030 4821 quo
1058 4751 1139 4806 die
1156 4751 1297 4807 illius
1324 4769 1504 4807 nomen
1533 4755 1585 4808 in
1610 4754 1851 4811 Ecclesia:

273 4837 412 4906 fastis
436 4838 807 4910 consignatur:
835 4858 985 4910 quam
1003 4844 1206 4913 quidem
1231 4845 1286 4897 in
1312 4848 1614 4902 sententious
1635 4864 1695 4903 eo
1716 4849 1848 4919 faci-

334 5034 422 5155 (ἵ)
446 5034 1344 5189 ἐξξῇλὲ,Οῧῗδῃέῖῗηῖἐηέἇέθέέᾶ
1373 5128 1519 5167 num.
1549 5115 1601 5170 5.

338 5104 416 5241 ie;
434 5173 598 5241 (ἕως.
623 5176 823 5230 Turon.
851 5178 986 5234 Hist.
1012 5178 1201 5235 Franc.
1236 5182 1330 5237 lib.
1365 5198 1444 5241 Ill.
1466 5198 1583 5241 can.

366 5173 416 5251 ολ
434 5173 598 5251 ϐξᾳς.
623 5176 836 5251 Turon._
851 5178 991 5251 Hist.
1012 5173 1201 5251 Ffanﬁ.
1236 5173 1341 5237 lib.
1365 5198 1444 5251 Ill,
1466 5198 1496 5239 c

343 5184 412 5243 (e)
434 5184 598 5244 υνδε.
624 5184 823 5230 Turon.
852 5184 986 5234 Hist.
1012 5184 1201 5235 Franc.
1236 5184 1330 5237 lib.
1365 5198 1444 5251 Ill,
1466 5198 1525 5239 ca
1570 5224 1583 5237 .
1609 5184 1665 5242 6.

343 5243 859 5327 (d)_Coint._A_i_mal.
887 5250 1019 5304 ccci.
1054 5250 1243 5305 Franc.
1279 5252 1347 5307 ad
1386 5267 1474 5308 an.
1519 5199 1621 5309 ἕλε
1644 5295 1659 5321 ,
1716 5254 1744 5327 5
1774 5258 1797 5313 l
1827 5299 1843 5325 ,

262 5320 404 5367 tom.
430 5316 473 5375 Ι,
502 5330 621 5380 pag.
646 5315 769 5369 357.

336 5382 415 5451 (e)
444 5382 627 5439 Vales.
658 5384 782 5440 Her.
813 5384 1000 5442 Franc.
1036 5388 1125 5443 lib.
1150 5405 1255 5455 vn,
1302 5401 1434 5447 tom.
1468 5392 1522 5459 Ι,
1557 5409 1709 5465 pagg.
1737 5396 1844 5453 5ιῦ

255 5466 621 5603 ίιξρδι).
635 5524 854 5579 Dissert.
878 5524 1473 5603 dc_Script._eocl._t.om.
1505 5532 1542 5596 Ι,
1568 5548 1686 5603 pag.
1714 5535 1837 5591 160.

251 5587 407 5667 Car,
427 5592 560 5647 llist.
591 5596 751 5667 litter.
776 5604 903 5651 tom.
939 5596 986 5660 Ι,
1017 5587 1133 5667 pag.
1163 5601 1285 5657 5l5.
1315 5587 1687 5659 Fabriclliib‘l.
1715 5587 1836 5660 Lat.

250 5662 419 5716 med.
447 5670 575 5716 tam.
606 5663 655 5727 I’,
687 5678 803 5734 pag.
838 5667 958 5721 139.

1950 4567 2041 4621 bus
2062 4566 2478 4622 Sirmondianam
2502 4565 2773 4620 editionem
2798 4565 2941 4619 auxit
2977 4563 3351 4619 eruditissimus
3380 4562 3521 4616 Bau-

1950 4659 2086 4712 nius.
2127 4656 2260 4712 Sunt
2297 4666 2464 4710 autem
2503 4656 2752 4726 ejusmodi
2783 4655 2857 4725 (ο)
2882 4670 2901 4709 :
2930 4672 2949 4707 ι
2988 4654 3168 4711 Sancti
3198 4652 3328 4707 Aviti
3362 4651 3521 4707 Vien-

1950 4750 2119 4804 nensis
2160 4749 2389 4819 episcopi
2437 4748 2668 4818 operibus
2703 4765 2735 4801 a
2774 4746 3051 4803 Sirmondo
3095 4748 3247 4803 editis
3289 4750 3522 4819 quadam

1951 4862 2088 4899 nunc
2116 4845 2343 4917 ejusdem
2370 4844 2590 4899 auctoris
2611 4842 2814 4918 gdjecta
2836 4851 2973 4898 sunt.
2999 4843 3234 4900 Primum
3252 4885 3269 4912 ,
3301 4847 3524 4917 episton

2023 5045 2101 5118 (g)
2133 5044 2373 5118 Bolland.
2403 5045 2523 5118 loco
2550 5045 2728 5118 citatp,
2759 5059 2876 5114 pag.
2909 5044 3002 5099 66!
3024 5085 3040 5110 ,
3074 5058 3222 5118 num.
3252 5040 3307 5098 6.

2027 5113 2104 5186 (7r)
2140 5117 2273 5171 Hist.
2303 5117 2465 5170 littc'r.
2493 5115 2561 5186 de
2591 5115 2637 5168 Ia
2667 5115 2892 5186 France,
2925 5126 3061 5186 tam.
3088 5113 3181 5186 Ill,
3218 5129 3334 5186 pug.
3370 5114 3487 5167 1‘20.

2023 5182 2063 5258 (ἱ
2082 5182 2101 5257 )
2120 5187 2243 5258 pp.
2256 5186 2461 5258 _Belley,
2485 5185 2651 5258 litim.
2684 5185 2752 5240 de
2794 5184 3115 5258 l‘aesdéniie
3129 5182 3228 5258 _des
3258 5185 3524 5254 inscripl.,

1951 5254 2089 5311 tom.
2113 5256 2305 5319 XVIII,
2331 5256 2462 5310 dans
2485 5254 2680 5319 l’llisL,
2705 5270 2821 5324 pag.
2844 5255 2980 5317 262,
3010 5254 3169 5307 ἰπὶ-4⁸.

2021 5325 2092 5395 (j)
2119 5326 2322 5381 Concil.
2350 5334 2480 5380 tom.
2498 5324 2571 5395 κν,
2603 5321 2721 5395 pag.
2749 5321 2872 5390 7'25,
2900 5325 3028 5379 edit.
3060 5324 3191 5378 Ven.
3215 5321 3382 5378 Labb.

2023 5345 2037 5394 ι
2077 5345 2322 5395 )uoncu.
2350 5345 2480 5380 wm.
2516 5345 2571 5390 ν,
2603 5345 2721 5393 pag.
2757 5350 2765 5379 4

2023 5345 2096 5466 (is)
2123 5396 2269 5466 iAvil.
2303 5397 2459 5466 epist.
2486 5394 2576 5461 28,
2610 5394 2765 5449 infra.

2022 5461 2086 5535 (ι)
2119 5465 2285 5519 Lnbb.
2316 5461 2448 5519 Nov.
2473 5466 2603 5519 bibl.
2628 5478 2755 5518 mss.
2788 5473 2916 5519 tom.
2942 5463 2984 5526 l,
3014 5478 3133 5533 pag.
3159 5462 3284 5535 6‘15,
3317 5476 3437 5531 cap.
3465 5461 3521 5517 5.

2020 5534 2115 5605 (ηε)
2147 5536 2383 5589 Bolland.
2412 5535 2529 5589 loco
2554 5535 2738 5605 citato,
2773 5550 2892 5605 pag.
2916 5535 3042 5597 668,
3070 5547 3219 5587 num.
3248 5534 3300 5586 6.

2021 5604 2101 5674 (η)
2132 5606 2402 5659 Sirmond.
2431 5604 2636 5673 puniat.
2664 5604 2730 5658 ad
2760 5604 2888 5675 opp.
2918 5605 3057 5675 Ανίιζ

2021 5670 2100 5747 (ο)
2134 5676 2297 5730 Baun.
2333 5670 2533 5748 praitaa.
2559 5676 2623 5730 ad
2649 5684 2775 5732 tom.
2796 5670 2850 5730 Ἰἰ
2875 5689 2996 5745 opp.
3023 5670 3315 5738 Sirmond.,
3344 5670 3372 5743 ς
3401 5672 3448 5727 1.

3557 5361 3599 5477 l
