4024 6172
458 306 557 363 195

1661 298 1714 356 S.
1756 300 2006 357 AVITUS
2054 298 2469 361 VIENNENSIS.

3605 301 3703 358 lt‘ti

447 429 663 487 quatuor
705 430 831 483 quas
874 413 940 468 V.
980 408 1039 467 C.
1090 410 1383 481 Stephanus
1432 407 1676 464 Baluzius
1721 426 1783 465 ex
1830 423 2021 467 vetusto
2050 416 2099 472 Α
2135 430 2152 462 ι
2192 411 2499 481 temporibus
2525 411 2622 479 fuit
2664 411 2714 464 in
2756 408 2949 464 Vienna
2983 411 3104 465 urbe
3140 421 3287 465 terra:
3332 423 3497 465 motus
3541 415 3704 467 maxi-

451 507 594 561 Petri
623 503 884 558 Marntesii
911 502 1160 557 senatoris
1181 499 1647 568 Gratianopolitani
1681 500 1811 555 libro
1848 504 2025 573 vulga-

452 600 518 652 vit
548 597 648 669 (a).
683 594 873 649 Deinde
902 595 1183 663 fragmenta
1228 590 1425 660 aliquot
1465 592 1631 660 cperis
1661 593 1722 645 de
1756 591 2028 645 Divinitate

453 686 681 757 Spiritus
718 687 911 753 sancti,
949 699 1063 751 qua:
1104 683 1410 751 exeantiquo
1454 684 1747 736 monasterii
1789 683 1851 737 S.
1889 681 2029 736 Galli

454 780 628 832 codice
672 778 806 829 idem
852 774 1095 827 Balusius
1150 774 1306 827 edidit
1345 773 1467 842 (b).
1513 772 1773 827 Praeterea
1812 771 2029 826 Collatia

455 886 570 922 cum
607 884 724 940 rege
763 865 1079 920 Gundobado
1130 867 1368 919 adversus
1406 866 1623 920 Arianos
1658 866 1898 937 Lugduni
1939 865 2031 917 ha—

456 960 587 1024 bita,
629 974 744 1011 cum
786 957 1007 1010 universi
1050 956 1205 1026 ferme
1241 954 1487 1009 Ecclesia:
1525 954 1878 1025 Lugdunensis
1916 955 2031 1022 epi-

454 1051 593 1121 scopi
634 1065 691 1103 eo
730 1048 1104 1111 convenissent,
1151 1047 1223 1099 uti
1259 1056 1516 1099 notaverat
1555 1045 1899 1114 Hieronymus
1937 1044 2032 1098 Vi-

454 1142 705 1212 gnierius,
756 1142 899 1210 cujus
942 1154 1005 1191 ea:
1047 1136 1243 1192 schedis
1273 1136 1403 1190 hanc
1446 1137 1577 1190 Aviti
1628 1135 2033 1188 lucubrationem

457 1232 742 1285 Dacherius
768 1230 1040 1301 publ.'cavit
1070 1229 1139 1299 (c)
1166 1244 1184 1282 :
1208 1229 1296 1297 qui
1323 1228 1559 1280 admonet
1587 1228 1714 1280 nihil
1738 1238 1903 1280 tamen
1931 1241 2038 1279 esse

455 1320 589 1388 quod
616 1328 761 1387 cogat
788 1319 949 1385 ipsum
976 1319 1185 1385 referre,
1213 1316 1289 1369 uti
1313 1316 1491 1383 fecisse
1518 1314 1715 1368 videtur
1738 1316 1813 1368 vir
1838 1317 2032 1380 doctus,

459 1412 527 1462 ad
557 1412 689 1464 illud
718 1410 989 1462 concilium
1032 1408 1389 1478 Lugdunense,
1422 1409 1501 1460 cui
1534 1424 1587 1459 se
1614 1423 1715 1459 una
1735 1422 1847 1459 cum
1875 1403 2037 1459 Char-

459 1502 594 1555 tenio
634 1500 856 1569 quodam
890 1500 1125 1567 episcOpo
1163 1498 1455 1567 interfuisse
1482 1498 1659 1549 Avitus
1698 1504 1908 1549 testatur
1934 1494 2033 1566 (ά).

463 1589 601 1646 Nam
632 1590 819 1657 primo,
852 1588 1049 1640 Avitum
1078 1589 1139 1639 de
1180 1587 1282 1655 ﬁde
1321 1603 1435 1639 cum
1463 1585 1787 1641 Gundobado
1828 1586 2037 1656 sa'pius,

462 1696 593 1734 nunc
626 1693 795 1731 coram
825 1694 912 1745 per
940 1678 1188 1746 dialogos,
1220 1691 1352 1728 nunc
1378 1676 1637 1728 absentem
1663 1692 1752 1745 per
1787 1673 2041 1743 epistolas

2134 521 2150 552 ι
2190 519 2319 568 mus,
2364 502 2451 556 ubi
2493 504 2667 556 multte
2700 503 2925 555 ecclesia:
2960 510 3006 555 et
3050 504 3233 555 domus
3264 504 3541 557 multorum
3589 517 3711 558 con-

2133 610 2151 642 t
2190 608 2348 646 cassae
2379 594 2582 662 fuerunt
2617 600 2663 645 et
2701 592 2977 660 subversa’,
3022 592 3108 645 ubi
3154 592 3324 646 bestia:
3360 593 3535 647 multa:
3570 597 3707 648 ober-

2134 701 2153 733 ι
2190 692 2381 749 rantes,
2413 684 2555 752 lupi,
2585 685 2689 737 ursi
2716 683 2886 736 acerbi
2915 684 3129 753 ingressi
3156 702 3245 753 per
3278 695 3475 753 portam
3501 688 3714 741 civitatis

2136 793 2153 825 ι
2192 776 2487 829 devorantes
2514 774 2782 843 plurimos,
2810 790 2896 841 per
2922 784 3081 827 totum
3106 791 3299 827 annum
3321 774 3417 829 hoc
3438 778 3713 845 faciebant.

2137 886 2156 919 ι
2196 866 2333 921 Nam
2376 868 2597 920 veniente
2641 866 2959 919 solemnitate
3003 868 3169 918 sancti
3213 866 3457 930 Paschr,
3510 877 3716 920 sanctus

2140 976 2158 1010 ι
2199 959 2497 1019 Mamertus.
2528 959 2614 1027 qui
2652 959 2702 1012 in
2733 975 2792 1011 ea
2827 957 2948 1011 urbe
2975 971 3079 1011 crat
3110 960 3408 1027 episcopus,
3438 970 3559 1014 dum
3590 963 3719 1013 mis-

2141 1067 2159 1099 t
2201 1065 2374 1102 sarum
2421 1047 2667 1101 solemnia
2717 1049 2828 1116 ipsa
2881 1049 3055 1119 vigilia
3109 1050 3418 1118 celebraret,
3468 1050 3720 1120 palatium

2142 1157 2159 1189 ι
2198 1156 2398 1209 quoque
2436 1140 2607 1209 regale
2641 1140 2777 1209 quod
2813 1141 2864 1192 in
2891 1156 2951 1192 ea
2989 1141 3185 1192 civitate
3210 1151 3350 1206 erat,
3394 1142 3568 1194 divino
3610 1143 3723 1210 igne

2143 1247 2161 1280 ι
2199 1246 2492 1283 succensum
2534 1238 2629 1284 est.
2675 1230 2901 1300 Cumque
2947 1233 3053 1284 haec
3096 1247 3386 1302 agerentur,
3437 1234 3723 1303 appropin-

2144 1338 2162 1371 ι
2200 1328 2387 1391 quante
2414 1322 2721 1374 Ascensione
2750 1320 2988 1385 Domini,
3014 1324 3194 1376 indixit
3214 1324 3474 1395 jejunium
3496 1328 3579 1376 vir
3606 1342 3722 1377 san-

2145 1429 2163 1462 t
2202 1419 2308 1464 ctus
2342 1410 2434 1464 Dei
2464 1412 2753 1464 triduanum
2781 1412 2833 1464 in
2865 1414 3056 1482 populo
3092 1430 3206 1465 cum
3243 1414 3431 1483 gemitu
3458 1424 3505 1467 et
3534 1416 3725 1470 contrio

2148 1519 2166 1553 ι
2205 1501 2364 1565 tione,
2386 1514 2493 1554 om.

2219 1612 2237 1643 ι
2275 1592 2534 1658 Alterum,
2566 1595 2701 1663 quod
2729 1595 2783 1645 in
2817 1590 3044 1647 Ecclesia
3075 1592 3345 1648 Viennensi
3380 1595 3505 1664 feria
3530 1611 3585 1650 ιιι
3621 1596 3723 1651 Ro-

2144 1683 2404 1755 gationum
2444 1684 2495 1736 in
2535 1683 2718 1736 divinis
2758 1684 3007 1753 legeretur
3044 1685 3228 1754 officiis
3253 1687 3515 1756 prophetia
3543 1687 3719 1753 Amos,

460 1773 638 1841 egisse,
679 1769 849 1823 scribit
892 1769 1189 1841 Agobardus
1224 1766 1298 1839 (e)
1325 1784 1339 1820 :
1371 1778 1416 1821 et
1455 1768 1509 1820 id
1548 1784 1611 1821 ea:
1642 1768 1765 1836 ipsis
1803 1782 1917 1837 qua:
1954 1783 2043 1820 επ·
2072 1779 2120 1841 Β
2147 1776 2294 1843 cujus
2325 1774 2493 1827 locum
2524 1775 2617 1827 hoc
2645 1790 2874 1828 sermone
2893 1775 3251 1840 explicandum
3282 1776 3493 1843 suscipit
3527 1776 3723 1831 Avitus.

462 1872 596 1916 stant
622 1861 757 1914 Aviti
792 1860 1018 1928 epistolis
1046 1860 1170 1911 satis
1200 1859 1375 1928 liquet.
1409 1857 1602 1912 Deinde
1634 1876 1696 1912 ex
1720 1858 1823 1912 illis
1854 1860 2039 1927 episto-

466 1955 531 2007 lis
569 1952 723 2023 liquet
752 1951 901 2004 etiam
934 1950 984 2001 in
1014 1950 1392 2019 more:positum
1424 1949 1597 2018 fuisse,
1636 1950 1765 2001 sicut
1799 1948 2039 2002 Sirmon-

460 2045 557 2096 dus
587 2050 725 2095 notat
769 2040 865 2110 (f),
904 2048 959 2092 ut
994 2038 1215 2109 episc0pi
1255 2038 1537 2092 vicinarum
1578 2038 1775 2091 sedium
1821 2037 2041 2109 collegas

462 2135 724 2204 episcttpos
768 2133 834 2185 ad
882 2132 1082 2184 urbium
1123 2146 1333 2183 suarum
1374 2130 1685 2184 celebritates
1725 2130 2038 2183 invitarent:

461 2226 731 2296 imprimis,
762 2226 921 2278 sancti
956 2220 1092 2277 Justi
1121 2222 1443 2276 celeberrima
1476 2221 1716 2291 Lugduni
1746 2223 2042 2275 solemnitas

463 2329 605 2385 erat;
637 2320 698 2371 de
727 2334 825 2386 qua
862 2325 908 2370 et
940 2314 1187 2370 Sidonius
1218 2314 1317 2385 (g).
1348 2331 1367 2364 ι
1406 2313 1471 2366 Et
1517 2314 1622 2366 lucc
1659 2313 1860 2382 quidem
1909 2313 2046 2366 Bau-

462 2412 607 2463 nius.

542 2501 644 2555 Vl.
678 2498 775 2552 llis
828 2514 979 2565 porro
1026 2497 1269 2549 hactenus
1304 2495 1549 2561 expos'tis
1590 2494 1887 2550 Sermonem
1929 2496 2047 2548 sub-

466 2591 662 2661 iicimus
706 2589 765 2643 Β.
798 2588 928 2641 Aviti
980 2587 1110 2657 feria
1163 2600 1218 2639 Ill
1268 2586 1322 2638 in
1371 2583 1738 2653 liogationibus
1784 2585 2044 2652 habitum,

465 2699 612 2747 ruent
643 2697 708 2735 es:
745 2698 841 2733 ms.
878 2678 1094 2749 Majoris
1131 2676 1413 2731 Carthusite
1452 2676 1762 2745 descriptum
1793 2678 1948 2730 edidit
1977 2679 2043 2731 cl.

469 2772 751 2826 Martenius
781 2769 888 2839 (h),
920 2768 1213 2840 itujasmodi
1255 2768 1647 2821 admonitionem
1691 2768 1999 2834 prtemittens
2032 2785 2045 2820 :

472 2884 490 2916 ι
530 2863 709 2919 Sancti
744 2862 877 2915 Aviti
922 2860 1226 2915 Viennensis
1268 2858 1639 2926 archiepiscOpi
1675 2874 1956 2912 sermonem
1994 2859 2050 2911 in

473 2953 836 3026 Rogationibus
876 2952 1003 3022 feria
1051 2966 1106 3003 ιιι
1146 2950 1529 3020 pronuntiatum
1565 2950 1843 3019 reperimus
1885 2949 1939 3000 in
1969 2962 2052 3001 ve-

468 3047 557 3101 teri
599 3045 774 3099 codice
812 3060 908 3097 ms.
943 3040 1163 3111 Majoris
1203 3038 1516 3102 Carthusite,
1546 3056 1690 3109 quem
1733 3056 1822 3109 pro
1869 3056 1961 3092 sua
1999 3040 2050 3092 in

2145 1862 2211 1917 In
2239 1866 2446 1931 antiquo
2487 1874 2652 1917 tamen
2694 1866 2988 1917 lectionario
3020 1864 3309 1930 Gallicana,
3342 1866 3477 1934 quod
3519 1882 3581 1920 ea:
3619 1866 3724 1920 Lu-

2143 1958 2369 2010 a'oviensi
2398 1972 2492 2009 ms.
2520 1956 2709 2026 publici
2733 1957 2868 2023 juris
2896 1957 3011 2026 fecit
3042 1967 3208 2009 noster
3241 1956 3595 2023 Mabillonius,
3628 1974 3727 2011 non

2144 2048 2410 2119 prophetia
2460 2049 2613 2101 Amos
2662 2048 2789 2116 feria
2833 2062 2890 2101 ιιι
2943 2047 3230 2117 legebatur,
3280 2049 3370 2101 sed
3418 2050 3485 2100 ad
3529 2051 3730 2101 tertiam

2147 2138 2377 2207 Epistola
2409 2137 2434 2191 I
2457 2138 2618 2191 sancti
2647 2137 2819 2200 Petri,
2848 2138 2914 2190 ad
2940 2149 3133 2191 sextam
3164 2137 3395 2209 Epistola
3426 2137 3453 2191 Ι
3482 2138 3726 2205 Joannis,

2146 2228 2214 2279 ad
2252 2244 2435 2279 nonam
2483 2227 2607 2280 liber
2646 2225 2851 2280 Judith.
2902 2227 3088 2280 Verum
3119 2228 3171 2281 id
3221 2233 3398 2281 mirum
3429 2230 3720 2297 viderinon

2147 2318 2309 2380 debet,
2339 2332 2451 2368 cum
2472 2332 2571 2369 non
2598 2332 2698 2369 una
2715 2328 2839 2370 esset
2862 2317 2911 2370 in
2931 2316 3158 2370 omnibus
3179 2316 3416 2370 Ecclesiis
3438 2316 3725 2372 Gallicanis

2147 2406 2303 2459 divini
2334 2406 2493 2473 officii
2520 2404 2805 2461 celebrandi
2844 2408 3007 2472 ratio;
3048 2407 3135 2460 sed
3162 2423 3315 2476 neque
3346 2408 3477 2461 idem
3511 2409 3637 2460 ordo
3676 2409 3730 2461 in

2150 2498 2373 2566 legendis
2397 2513 2557 2551 sacrae
2586 2498 2870 2567 Scripturte
2899 2498 3024 2551 locis
3050 2498 3233 2566 ubique
3256 2500 3550 2552 servabatur
3575 2517 3587 2551 :
3619 2515 3733 2551 cum

2151 2590 2219 2641 ad
2250 2589 2602 2658 episcOporum
2634 2596 2809 2641 nutum
2841 2589 3017 2655 ﬁerent
3048 2589 3238 2641 omnia.
3279 2588 3446 2641 Porro
3491 2606 3734 2658 suprrva-

2150 2696 2363 2732 caneum
2398 2679 2480 2730 hic
2520 2695 2618 2731 non
2660 2678 2751 2731 erit
2789 2691 2963 2731 norare
2999 2680 3053 2731 id
3087 2679 3223 2748 quod
3267 2678 3415 2731 habet
3454 2678 3736 2732 Herbertus

2157 2770 2467 2822 Turricanus
2506 2769 2918 2837 archiepismpus
2961 2769 3066 2839 (ll);
3094 2769 3227 2836 quod
3267 2769 3456 2823 scilicet
3500 2770 3551 2821 iu
3597 2769 3736 2823 Nor.

2158 2862 2365 2913 niannia
2398 2878 2416 2910 ι
2448 2861 2500 2911 in
2531 2859 2706 2912 diebus
2738 2859 3077 2928 Rogationum
3102 2876 3215 2912 cum
3246 2859 3412 2914 clerus
3442 2870 3488 2913 et
3514 2862 3737 2929 populus

2160 2971 2177 3004 ι
2216 2952 2587 3023 processionem
2633 2952 2834 3021 longius
2881 2952 3199 3020 procedendo
3241 2952 3568 3019 extenderet,
3607 2970 3738 3005 con-

2160 3060 2179 3093 t
2218 3042 2434 3096 suetudo
2462 3050 2570 3095 erat
2611 3050 2666 3095 ut
2696 3044 3024 3110 pausantibus
3072 3044 3322 3095 interdum
3363 3043 3575 3108 clericis,
3624 3060 3739 3096 mu-

467 3154 560 3191 nos
584 3135 901 3189 humanitate
928 3132 1249 3194 transcripsit
1282 3132 1347 3185 Il.
1384 3129 1445 3183 Ρ.
1478 3132 1694 3183 domnus
1726 3129 2051 3184 Innocentius
2079 3142 2125 3206 ρ
2163 3153 2180 3186 ι
2218 3132 2367 3186 lieres
2402 3132 2626 3185 vicissim
2663 3131 2974 3186 modulanda
3012 3134 3354 3186 succederent.
3388 3152 3405 3185 ι
3454 3132 3740 3195 {lucusque

471 3227 726 3281 Bouchart
772 3225 1005 3297 ejusdem
1059 3223 1159 3277 logi
1207 3224 1487 3275 monachus
1540 3222 1681 3275 nobis
1725 3221 2055 3291 si.gulariter

468 3320 682 3372 amicus.
714 3318 779 3371 In
806 3334 865 3371 eo
896 3318 995 3370 duo
1027 3316 1301 3385 praesertim
1329 3314 1589 3367 advertere
1609 3314 1747 3369 licet.
1782 3312 2048 3380 Primum,

474 3410 779 3481 [lagationes
817 3424 905 3461 seu
949 3408 1199 3460 solemnes
1237 3407 1631 3472 supplicationes
1655 3422 1769 3474 qua:
1798 3416 1917 3459 ante
1957 3408 2053 3459 As-

470 3503 749 3555 censionem
776 3500 830 3551 in
878 3498 1105 3551 Ecclesia
1151 3498 1485 3563 celebrantur,
1519 3500 1630 3568 ejus
1676 3507 1921 3568 tempore,
1964 3515 2053 3552 seu

471 3602 523 3645 ut
557 3592 667 3658 ipse
692 3591 795 3653 ait,
823 3597 998 3642 nostra
1026 3587 1234 3651 stvcalo,
1254 3588 1522 3640 institutas
1563 3587 1741 3655 fuisse,
1774 3598 1821 3643 et
1851 3589 2052 3656 quidem

472 3700 502 3735 a
534 3681 596 3734 S.
626 3679 899 3744 Mamerto,
927 3678 1013 3749 qui
1042 3693 1177 3731 anno
1202 3677 1310 3732 472
1345 3676 1695 3731 Viennensem.
1723 3680 2055 3733 administra-

474 3777 554 3827 bat
595 3771 909 3836 Ecclesiam,
949 3779 1002 3824 ut
1043 3770 1186 3823 docet
1224 3770 1347 3824 alibi
1390 3770 1527 3824 idem
1572 3770 1765 3838 Avitus,
1804 3771 1893 3841 qui
1939 3778 2053 3839 post

481 3866 789 3935 llesychium
832 3864 886 3917 in
926 3862 1101 3917 eadem
1135 3864 1253 3917 sede
1295 3864 1393 3931 ipsi
1424 3866 1695 3925 successit,
1728 3874 1773 3918 ct
1805 3864 2053 3919 Sidonius

476 3957 792 4028 Apollinar's
841 3956 1167 4009 Arvernensis
1237 3957 1445 4009 antistes
1494 3956 1594 4024 (i);
1640 3957 1819 4023 quibus
1861 3958 2055 4010 accedit

476 4050 749 4120 Gregorius
774 4046 1085 4101 Turonensis
1104 4088 1118 4112 ,
1153 4048 1239 4116 qui
1267 4049 1419 4101 etiam
1447 4064 1652 4099 causam
1680 4048 1825 4101 istius
1855 4050 2053 4103 institu—

474 4142 624 4195 tionis
653 4140 955 4209 modumque
984 4139 1215 4192 describit
1244 4140 1297 4192 in
1331 4138 1440 4192 haec
1480 4139 1625 4192 verba
1661 4140 1743 4211 (j)
1770 4158 1782 4192 :
1830 4158 1849 4191 ι
1886 4141 1947 4194 In
1977 4143 2055 4197 Itis

548 4298 623 4358 (α)
665 4295 859 4367 Bnluz.
878 4296 1101 4351 Misce“.
1131 4306 1260 4350 tom.
1286 4296 1328 4361 I,
1360 4312 1477 4367 pag.
1506 4295 1633 4352 355.

553 4366 627 4435 (b)
661 4366 733 4418 Id.
758 4365 913 4429 nam,
940 4366 1204 4434 pag.361.

553 4444 624 4506 (e)
660 4436 1047 4506 ilaclier.t0ui.
1084 4436 1117 4486 V
1151 4434 1359 4503 Spicil.,
1391 4451 1510 4506 pag.
1541 4437 1662 4492 ΗΟ.

542 4505 621 4570 (d)
661 4504 801 4557 Avit.
830 4505 984 4572 epist.
1012 4505 1106 4559 ‘28.

552 4573 622 4643 (e)
647 4575 814 4649 Agpb.
840 4571 932 4649 lib.
957 4576 1085 4649 adv.
1104 4571 1351 4628 Gundob.
1387 4575 1491 4645 leg.
1512 4590 1633 4647 cap.
1663 4578 1748 4645 15,
1771 4593 1895 4649 opp.
1925 4586 2056 4634 tom.

487 4639 536 4707 I,
564 4639 813 4710 pagi-20
841 4645 969 4695 edit.
998 4642 1177 4695 Baluz.

560 4712 634 4781 (ι’)
662 4711 930 4781 Sirmond.
955 4713 1019 4764 ad
1054 4714 1195 4766 Avit.
1222 4711 1379 4781 epist.
1405 4713 1494 4769 58.

558 4783 632 4850 (g)
662 4780 848 4834 Sidon.
877 4782 970 4835 lib.
992 4797 1048 4849 ν,
1080 4784 1235 4851 epist.
1260 4780 1356 4837 ’16.

2157 3223 2462 3277 Martenius.

2236 3313 2367 3368 VII.
2401 3313 2463 3366 Et
2492 3313 2624 3366 hanc
2652 3313 2855 3381 quidem
2887 3312 3304 3369 Sirmondianam
3336 3331 3545 3385 operum
3573 3318 3741 3370 sancti

2156 3408 2290 3461 Aviti
2333 3408 2603 3461 editionem
2649 3406 2945 3477 hujusmodi
2993 3409 3247 3478 opusculis
3285 3417 3487 3461 auctora
3532 3408 3739 3461 exhibe-

2157 3516 2287 3563 mus,
2330 3514 2481 3567 quam
2521 3510 2761 3568 praeterea
2797 3498 3055 3551 nonnullis
3094 3500 3145 3551 in
3191 3500 3315 3552 locis
3367 3499 3740 3552 obscurioribus

2158 3592 2357 3662 aliquot
2406 3590 2925 3643 animaduersionibus
2972 3607 3005 3643 a
3063 3590 3445 3643 Sirmondianis
3493 3590 3740 3661 sejunctis

2154 3699 2247 3753 pro
2295 3682 2479 3735 viribus
2524 3681 2894 3734 illustravimus
2927 3695 2945 3733 :
2975 3680 3164 3734 addiis
3206 3696 3405 3751 quoque
3442 3680 3508 3731 ad
3549 3682 3738 3732 calcem

2157 3775 2392 3829 carminis
2432 3775 2464 3828 6
2494 3775 2653 3826 tribus
2687 3772 2908 3825 versibus
2943 3771 3006 3841 (ι)
3034 3789 3159 3842 quos
3198 3772 3424 3825 Labbeus
3461 3788 3525 3824 ea:
3562 3772 3740 3824 codice

2157 3868 2225 3921 9.6
2267 3866 2576 3919 bibliothectv
2617 3863 2917 3918 Naudeance
2952 3864 3227 3933 descriptos
3270 3864 3322 3915 in
3367 3863 3529 3916 lucem
3570 3862 3742 3915 emisit

2163 3958 2290 4028 (ηι),
2324 3956 2443 4023 quia
2486 3956 2537 4007 in
2590 3956 2819 4008 omnibus
2867 3954 3014 4005 «ditis
3054 3954 3428 4017 exemplaribus
3477 3953 3735 4006 desidera-

2162 4051 2365 4103 bantur.

2232 4297 2309 4365 (h)
2344 4296 2566 4365 Marte".
2595 4292 2756 4365 Thes.
2782 4291 3026 4365 anecdot.
3058 4299 3186 4365 tum.
3211 4289 3276 4353 ν,
3308 4306 3459 4365 pagg.
3490 4290 3561 4365 49_
3582 4306 3737 4365 seqq.

2229 4361 2301 4439 (ιχ
2334 4364 2646 4439 S_-tlon._|ib.
2672 4378 2707 4427 ι,
2739 4364 2896 4439 episu
2926 4364 2978 4439 '_7_,
3011 4370 3066 4415 et
3094 4362 3197 4439 lib.
3218 4375 3317 4425 vn,
3352 4361 3567 4439 epist._l_
3586 4364 3632 4414 ι.

2082 4462 2132 4521 ι)
2343 4436 2503 4501 Greg.
2528 4434 2727 4512 Turon.
2759 4432 2893 4511 llist.
2926 4434 3114 4485 Franc.
3144 4432 3236 4484 lib.
3263 4447 3329 4497 ll,
3361 4447 3478 4500 cap.
3504 4430 3593 4485 54.

2235 4511 2307 4575 (·)
2368 4505 2643 4575 Ηετιιηιιιι.
2674 4519 2686 4554 ι
2713 4502 2914 4575 Mirum,
2941 4515 3058 4567 cap.
3082 4501 3171 4575 2|.
3204 4570 3256 4575 λ
3302 4571 3311 4575 _
3404 4570 3456 4575 __

2368 4506 2526 4557 llerb.
2553 4505 2643 4554 lib.
2674 4519 2686 4554 I
2713 4502 2914 4565 Mirum,
2941 4515 3058 4567 cap.
3082 4501 3171 4554 2|.

2236 4570 2313 4645 (ι’)
2346 4575 2485 4628 Avit.
2536 4572 2719 4627 l‘oem.
2761 4572 2850 4625 lib.
2901 4588 2978 4633 γι,
3021 4573 3151 4624 intra
3194 4570 3332 4643 (Col.
3365 4570 3460 4625 281
3516 4585 3741 4636 summa,

2171 4655 2528 4839 nfbtﬁéiébh.
2555 4711 2684 4767 Nov.
2723 4711 2852 4767 bibl.
2876 4726 3002 4765 mss.
3034 4711 3160 4765 libb.
3205 4726 3326 4781 pag.
3350 4711 3454 4765 226
3486 4709 3615 4766 edit.
3645 4710 3742 4763 Pa-

2171 4801 2264 4839 ris.
2438 4823 2450 4835 .

2169 4801 2264 4841 τις.
2296 4801 2450 4839 ιυοο.

1358 5090 1739 5151 VETERUM
1784 5090 2272 5153 TESTIMONIA
2323 5088 2425 5149 DE
2470 5086 2537 5147 S.
2585 5083 2847 5145 AVITO.

654 5243 693 5296 Ι.
727 5243 1062 5299 ΕΝΧΟῑιιυδ
1105 5244 1466 5301 EPISCOPUS
1498 5246 1898 5304 TlCINENSlS.

773 5374 853 5447 (In
880 5374 997 5431 Vita
1026 5376 1162 5431 beati
1187 5376 1465 5448 Epiphanii
1495 5377 1779 5447 episc0pi.)

566 5492 722 5548 Dedit
759 5491 918 5547 etiam
965 5490 1432 5559 prmstantissimus
1472 5494 1612 5547 inter
1648 5489 1830 5547 Gallos
1874 5492 2061 5547 Avitus

502 5583 812 5639 Viennensis
840 5583 1140 5653 episcopus,
1176 5582 1227 5637 in
1258 5598 1361 5651 quo
1383 5598 1442 5639 se
1471 5584 1660 5655 peritia
1686 5626 1701 5653 ,
1732 5586 1874 5641 velut
1908 5588 1956 5638 in
1982 5585 2063 5637 di-

504 5679 735 5733 \crstil'io
768 5676 953 5732 lucida:
978 5676 1165 5732 domus
1192 5674 1423 5731 inclusit.

2475 5247 2533 5301 Il.
2570 5246 2962 5305 GREGORIUS
2998 5250 3437 5309 TURONENSIS.

2388 5380 2531 5450 (Lib.
2559 5381 2598 5434 ll
2631 5381 2881 5437 Historia:
2914 5385 3241 5441 Francorum
3273 5404 3393 5457 cap.
3420 5389 3538 5459 54.)

2239 5495 2438 5566 Magnas
2469 5496 2728 5551 facundiae
2754 5509 3019 5556 erattunc
3065 5507 3321 5575 temporis
3352 5506 3542 5563 beatus
3567 5508 3753 5566 Avitus

2167 5584 2446 5652 cpiscopus
2502 5586 2842 5641 Viennensis.
2897 5589 3134 5660 Namque
3192 5595 3498 5666 insurgente
3562 5598 3755 5653 hmresi

2168 5674 2305 5743 apud
2354 5674 2536 5730 urbem
2582 5676 3261 5750 (Ζοιιςιειηιίιιοροιἱιςιιιηιιι,
3306 5686 3433 5741 nihil
3462 5687 3756 5743 divinita’ix'
