4046 6170
192 342 288 395 {9'7

1558 309 2086 369 PROLEGOMENA.

3350 296 3455 361 {38

186 447 436 504 habuisse
485 439 765 495 Dominum
814 444 1052 488 nostrum
1096 431 1279 485 Jesum
1325 426 1636 487 Christum,
1681 440 1766 478 ro-
1798 426 1843 482 Α
1876 420 2155 475 llomiliam
2184 418 2235 472 in
2266 417 2479 487 p0pulo,
2510 428 2761 470 sensuum
2783 410 3046 468 suavitate
3069 407 3454 479 plenissimam,

182 551 343 613 gante
390 531 726 592 Guttdobado
775 542 933 596 rege,
967 527 1082 594 ipse
1120 529 1306 575 contra
1356 534 1472 573 eam
1524 516 1757 584 scripsit.

187 608 414 687 Exstant
442 623 634 679 exinde
657 618 797 680 apud
828 630 924 669 nos
960 612 1199 683 epistola:
1235 608 1576 663 admirabiles
1606 622 1619 659 ε
1647 619 1767 673 qua:

187 723 324 775 sicut
350 727 477 771 tunc
503 710 747 766 haeresim
779 713 1178 775 oppresserunt,
1211 700 1281 753 ita
1308 712 1450 753 nunc
1473 693 1765 750 Ecclesiant

126 796 140 824 ’
193 815 284 869 hei
332 808 617 866 aediﬁcant.
665 800 894 870 Scripsit
943 798 1101 851 etiam
1164 792 1517 847 Homiliarum
1569 787 1761 841 librum

192 920 378 972 unum,
419 902 486 956 de
508 896 689 954 mundi
722 891 982 963 principio
1012 898 1059 941 et
1089 887 1156 941 de
1181 886 1408 941 diversis
1438 881 1558 937 aliis
1585 878 1770 935 condi-

194 995 461 1055 tionibus,
508 991 671 1043 libros
716 1000 809 1039 sex
858 996 1013 1036 versu
1051 978 1468 1046 compaginatos.
1506 973 1768 1043 Epistola-

191 1105 309 1145 rum
343 1088 510 1141 libros
542 1094 755 1146 novem,
801 1075 938 1129 inter
965 1088 1100 1143 quos
1139 1069 1457 1139 supradicta:
1488 1066 1771 1122 continen-

194 1192 277 1235 tur
305 1174 576 1235 epistolae.

227 1196 277 1234 ir
305 1194 336 1232 e
380 1194 576 1230 ISlOltl‘.

227 1293 313 1347 ιιι.
343 1194 806 1344 ἓῸῐὶΤυΝᾹΤυὸ
837 1273 1299 1334 PlCTAVIENSlS
1333 1271 1725 1327 EPISCOPUS.

595 1398 733 1468 (Lib.
764 1394 869 1450 lde
901 1394 1018 1447 Vita
1047 1391 1102 1446 S.
1131 1390 1386 1459 Martini.)

264 1516 417 1586 Quod
459 1528 609 1569 sacra
642 1509 897 1578 explicuit
920 1508 1058 1561 serie
1092 1503 1414 1573 genealogus
1442 1503 1592 1567 olim,
1630 1501 1774 1557 Alt-i-

198 1629 315 1669 mus
342 1610 558 1682 egregio
584 1605 804 1674 digessit
822 1600 1059 1654 carmine
1086 1598 1299 1667 prmsul.

512 1740 601 1797 IV.
651 1733 964 1794 lSlDOltUS
1008 1731 1466 1788 lllSPALENSlS.

287 1860 390 1928 (De
413 1850 711 1909 lllustribns
750 1846 1003 1903 Ecclesire
1033 1844 1395 1913 Scriptoribus
1426 1858 1543 1913 cap.
1574 1843 1691 1914 25.)

269 1968 461 2022 Avitus
503 1963 817 2032 episcopus,
849 1957 1067 2012 scientia
1104 1957 1436 2010 smculmum
1484 1956 1779 2010 litterarum

199 2060 581 2121 doctissimus,
627 2052 793 2108 edidit
828 2050 1064 2121 quinque
1105 2048 1314 2102 libellos
1357 2047 1573 2102 heroico
1612 2058 1783 2103 metro

198 2149 575 2219 compositos:
608 2158 833 2214 quorum
875 2142 1078 2211 primus
1121 2150 1204 2194 est
1232 2139 1298 2193 de
1318 2140 1534 2209 Or'gine
1576 2140 1780 2207 mundi,

201 2242 471 2297 sicundus
502 2238 569 2293 de
603 2233 860 2305 Originali
905 2234 1149 2298 Peccato,
1185 2233 1373 2287 tertius
1408 2232 1475 2287 de
1504 2232 1779 2288 Sententia

202 2332 319 2397 Dei,
352 2336 580 2400 quartus
613 2326 681 2381 de
710 2325 915 2379 Diluvio
946 2323 1160 2389 mundi,
1192 2324 1420 2393 quintus.
1442 2324 1509 2378 de
1535 2323 1785 2378 Transitu

201 2432 368 2485 maris
409 2427 599 2481 Rubri.
635 2424 863 2493 Scripsit
906 2431 960 2477 et
993 2420 1059 2476 ad
1108 2421 1390 2476 Fuscinam
1440 2436 1678 2476 sororeu
1718 2423 1786 2475 de

201 2522 386 2578 Laude
401 2520 723 2588 virginitatis
751 2517 941 2572 librum
966 2530 1148 2580 unum,
1182 2513 1486 2583 pulcherrizt
1511 2529 1545 2566 ο
1570 2529 1789 2582 compo-

199 2615 364 2670 situm
384 2609 626 2666 carmine
651 2618 703 2663 et
729 2607 957 2677 eleganti
982 2607 1363 2676 epigrammate
1390 2614 1714 2674 cooptatum.

276 2768 343 2825 γ.
375 2763 794 2822 AGOBARDUS
823 2762 1292 2818 LUGDUNENSIS
1325 2762 1715 2819 EPISCOPUS.

562 2875 855 2943 (Adversus
885 2873 1053 2940 legem
1084 2871 1449 2942 Gundobadi.)

275 3030 566 3099 Temporis
599 3028 915 3084 Gundebadi
960 3029 1100 3095 regis
1131 3026 1567 3098 Burgundionum
1609 3030 1704 3084 fuit
1735 3030 1789 3085 in

1811 1798 1855 1855 Β

1870 519 1926 568 et
1954 511 2239 565 verborum
2268 506 2659 576 compositioite
2685 503 3075 558 dulcissimam.

1946 598 2187 671 Ejusdem
2231 597 2472 651 adversus
2520 598 2703 664 dogma
2759 591 2969 645 Felicis.
3027 592 3216 645 Beatus
3262 588 3454 644 Avitus

1872 688 2315 743 Photinianorum
2336 685 2705 740 haereticorum
2728 681 3085 736 validissimus
3106 690 3453 750 expugnator.

1945 778 2077 831 Item
2117 779 2179 831 de
2208 776 2444 830 Judaicis
2492 773 2953 843 superstitionibus.
2983 771 3220 825 Alcimus
3269 772 3456 824 Avitus

1877 870 2132 924 Ecclesiae
2165 867 2480 921 Viennensis
2502 866 2809 933 episcopus,
2838 878 2993 932 quam
3023 863 3246 915 iximius
3274 863 3407 913 tincto
3433 877 3457 914 r

1874 961 2204 1014 orthodoxns
2246 967 2298 1012 et
2345 956 2599 1010 facundus
2649 954 2947 1019 exstiterit,
2991 967 3126 1021 pene
3163 960 3271 1005 tota
3309 954 3456 1005 novit

1877 1051 2115 1106 Ecclesia
2146 1049 2365 1103 Christi.

2044 1141 2129 1195 Vl.
2192 1139 2460 1195 FLOBUS
2531 1135 2872 1191 DlACONUS
2938 1132 3289 1190 ECCLESIAS

2406 1207 2898 1264 LUGDUNENSIS.

1950 1323 2242 1379 Sententim
2288 1337 2350 1377 ex
2383 1320 2607 1388 epistola
2650 1320 2791 1371 beati
2824 1317 2970 1372 Pauli
2991 1316 3219 1385 apostoli
3259 1315 3322 1367 ad
3349 1315 3454 1368 llo-

1882 1431 2088 1481 tnanos,
2104 1430 2131 1467 a
2146 1423 2331 1469 sancto
2344 1423 2395 1466 et
2410 1410 2767 1465 illustrissitno
2788 1409 3007 1463 duetore
3031 1407 3285 1461 Ecclesia:
3306 1407 3462 1459 Avito

1881 1508 2136 1576 episcopo
2167 1503 2457 1560 Viennensi
2486 1502 2768 1570 exposita‘,
2799 1511 2958 1571 atque
2990 1514 3053 1553 ex
3084 1501 3203 1567 ejus
3227 1512 3461 1567 upusen-

1882 1600 1947 1655 lis
1978 1600 2029 1653 itt
2056 1597 2295 1653 ordinem
2323 1596 2561 1665 digesta

2102 1710 2207 1763 γη.
2250 1708 2386 1764 ADO
2434 1705 2823 1762 VIENNENSIS
2859 1701 3246 1759 EPlSCOPUS.

2194 1886 2197 1887 ν
2279 1824 2359 1893 (Ιη
2388 1820 2655 1877 Chronico
2685 1828 2843 1873 actate
2874 1815 3073 1885 sexta.)

1957 1938 2144 1994 Avitus
2173 1934 2492 1991 Viennensis
2522 1934 2826 2002 episcopus,
2859 1930 3161 2000 eloquentia
3192 1937 3244 1983 et
3271 1926 3465 1982 sancti-

1888 2040 1995 2086 tate
2026 2029 2352 2099 prmcipuus,
2393 2035 2448 2080 et
2489 2025 2606 2094 ejus
2650 2025 2811 2078 frater
2853 2020 3175 2090 Apollinaris
3210 2018 3467 2073 Valentia:

1887 2124 2170 2191 cpiscopus
2202 2117 2473 2173 miraculis
2497 2113 2739 2184 insignis,
2762 2113 2923 2178 lsicii,
2959 2109 3213 2165 senatorii
3237 2108 3467 2180 primum

1888 2215 2008 2281 viri,
2042 2221 2225 2283 postea
2255 2209 2578 2264 Viennensis
2605 2205 2864 2275 episcopi,
2892 2204 2998 2258 duo
3029 2204 3250 2269 lumina,
3278 2202 3469 2256 claris-

1891 2305 2012 2360 simi
2042 2304 2155 2357 lilii.
2190 2302 2284 2355 lllc
2309 2301 2496 2355 beatus
2540 2298 2727 2353 Avitus
2753 2296 3010 2350 adversus
3041 2294 3287 2349 lnvresim
3318 2293 3470 2348 Aria-

1890 2411 2042 2463 nam,
2075 2409 2194 2463 quae
2223 2402 2348 2447 tunc
2390 2405 2495 2445 non
2536 2388 2707 2443 solum
2739 2386 3010 2451 Africam,
3045 2384 3137 2440 sed
3166 2396 3218 2438 et
3247 2384 3471 2439 Galliam

1890 2488 2207 2554 Italiamque
2250 2498 2438 2554 magna
2469 2498 2534 2538 ex
2566 2490 2717 2552 parte
2752 2489 3127 2549 occupaverat,
3162 2494 3353 2548 magno
3383 2493 3474 2532 su-

1890 2578 2023 2633 dore
2055 2576 2381 2641 deccrtavit;
2413 2573 2554 2644 quod
2591 2573 2890 2628 clarissima
2926 2571 3042 2641 ejus
3072 2584 3232 2639 opera
3270 2576 3474 2624 testan-

1894 2680 1999 2723 tur.
2023 2668 2217 2724 Scribit
2234 2668 2374 2722 enim
2396 2666 2687 2736 dialogum,
2713 2664 2957 2719 ltmresim
2980 2663 3125 2717 illam
3143 2675 3476 2732 oppugnans,

1896 2761 2212 2816 ﬁdelissimo
2260 2770 2313 2815 et
2341 2759 2655 2816 doctissimo
2682 2757 3078 2827 immortalique
3123 2756 3366 2825 ingenio,
3409 2754 3479 2809 ad

1893 2854 2281 2909 Gundebadum
2302 2851 2737 2922 Burgundionum
2764 2865 2963 2921 regem.
2992 2848 3156 2903 lilium
3179 2848 3479 2903 Gundovei.

1896 2945 2025 2999 ltem
2070 2944 2203 2998 alios
2244 2943 2455 2998 libellos
2494 2941 2630 2997 duos
2674 2950 2860 2995 centra
2892 2939 3191 2994 Nestorium
3221 2947 3276 2993 et
3307 2938 3477 3007 Euty-

1894 3036 2080 3099 chcm,
2112 3046 2359 3089 auctores
2397 3032 2627 3096 erroris,
2667 3031 3094 3086 luculentissimo
3124 3039 3179 3086 et
3223 3030 3482 3099 castigato

208 3126 342 3179 urbe
370 3123 579 3177 Vienna
611 3122 915 3188 episcopus,
945 3119 1134 3172 Avitus
1164 3119 1404 3187 nomine,
1434 3121 1537 3175 fide
1563 3121 1789 3176 catltoli-
1820 3162 1864 3223 ο
1898 3127 2028 3180 satis
2064 3140 2331 3181 sermone.
2383 3123 2621 3178 Fuerunt
2660 3131 2716 3178 et
2760 3122 2864 3176 alia
2906 3121 3048 3176 illius
3096 3120 3247 3189 plura
3286 3119 3479 3174 eximia

211 3231 335 3278 cus,
380 3212 682 3282 eloquentia
727 3208 1173 3277 facundissimus,
1222 3211 1434 3280 ingenio
1473 3212 1789 3279 acerrimus,

214 3320 485 3360 sacrarum
511 3302 828 3356 Litterarum
851 3301 1126 3368 expositor
1146 3303 1519 3369 suavissimus,
1542 3304 1661 3359 etin
1687 3321 1802 3360 me-

217 3399 311 3451 tris
339 3395 644 3456 facillimus,
669 3393 805 3447 sicut
828 3401 882 3446 et
910 3392 1025 3461 ejus
1045 3406 1205 3459 Opera
1239 3403 1521 3449 tcStantur.
1552 3397 1648 3465 Qui
1680 3413 1799 3454 cum

218 3488 404 3542 eodem
454 3483 789 3540 Gundobado
838 3486 1143 3551 frequenter
1190 3482 1255 3537 de
1288 3484 1390 3539 ﬁde
1420 3487 1717 3553 altercans,
1750 3499 1805 3545 et

222 3580 453 3650 d'salogos
484 3579 538 3633 in
590 3576 839 3648 prmsenti
880 3576 1203 3642 conﬁciens,
1239 3586 1293 3631 et
1321 3579 1565 3647 epismlis
1597 3580 1805 3636 absenti

224 3672 573 3740 respondens,
597 3669 751 3738 plura
772 3669 979 3722 etclara
1008 3667 1204 3737 ingenii
1223 3670 1303 3722 sui
1325 3678 1380 3724 et.
1407 3669 1617 3725 virtutis
1638 3687 1799 3740 opera

226 3764 452 3832 reliquit.
478 3761 579 3827 Qui
608 3761 727 3829 ipso
748 3759 1081 3814 Gundobado
1106 3761 1158 3814 in
1184 3776 1278 3814 sua
1320 3762 1533 3829 perfidia
1569 3764 1799 3832 perdito,

226 3867 588 3908 successorem
635 3851 749 3919 ejus
778 3850 1179 3919 Sigismundum
1216 3867 1391 3916 regem
1430 3853 1494 3906 ad
1528 3854 1682 3909 ﬁdem
1712 3872 1799 3910 ca-

231 3946 475 4000 tholicam
523 3944 826 3998 convertit:
862 3941 915 3994 in
962 3941 1112 4009 cujus
1152 3943 1506 3998 conversione
1554 3948 1800 4002 recitavit

1900 3233 2063 3288 opera
2105 3218 2157 3270 in
2203 3214 2400 3269 ChriSti
2447 3213 2687 3269 Ecclesia
2740 3212 3136 3282 probatissima.
3176 3210 3271 3265 llic
3310 3210 3479 3279 Sigis-

1905 3306 2161 3362 mundum
2200 3320 2379 3375 regem
2419 3305 2471 3359 in
2496 3305 2597 3360 ﬁde
2640 3304 2851 3373 pietatis
2880 3302 3146 3358 erudivit:
3178 3303 3267 3371 qui
3294 3311 3485 3372 agente

1906 3400 2000 3454 illo
2032 3398 2369 3469 postmodum
2394 3396 2775 3451 monasterium
2833 3402 3141 3449 sanctorum
3182 3403 3476 3463 martyrum

1906 3490 2326 3560 Agauncnsium,
2355 3489 2582 3543 Mauritii
2605 3489 2981 3553 sociorumque
3001 3485 3139 3553 ejus,
3161 3486 3484 3541 construxit.

1907 3582 2075 3649 Quem
2113 3579 2452 3652 postmodum
2477 3589 2689 3649 captum
2720 3586 2775 3633 et
2808 3593 2837 3631 a
2881 3576 3103 3632 Francls
3134 3577 3368 3631 occisum
3399 3592 3488 3630 vc-

1910 3674 2189 3730 hementer
2227 3672 2415 3728 doluit.
2450 3671 2690 3737 Quantus
2717 3678 2897 3724 autem
2928 3670 2982 3723 in
3030 3668 3265 3723 Ecclesia
3288 3666 3488 3722 Christi

1906 3768 2128 3831 vixerit,
2158 3766 2399 3837 quisquis
2429 3766 2567 3819 scire
2596 3762 2661 3817 ad
2695 3764 2909 3831 plenum
2944 3760 3077 3827 vult,
3108 3768 3229 3830 post
3257 3758 3373 3830 ejus
3404 3759 3488 3814 it.-

1905 3873 2123 3912 numera
2148 3860 2200 3911 in
2242 3855 2437 3911 divinis
2477 3854 2747 3911 laboribus
2777 3867 2962 3923 opera,
2995 3851 3321 3921 epitaphium
3370 3849 3489 3917 ejus

1906 3950 2039 4018 legat
2052 3988 2066 4003 .

952 4176 1447 4239 EPITAPHIUM
1496 4181 1564 4238 Β.
1613 4183 1838 4244 AVITI
1879 4185 2230 4247 EPISCOPI
2276 4186 2775 4245 VlENNENSlS.

302 4295 545 4363 Quisquis
575 4293 910 4348 tucestiﬁcum
938 4297 1123 4351 tumuli
1159 4297 1283 4350 dum
1313 4297 1489 4353 cernis
1513 4300 1771 4357 honorem

233 4386 437 4455 Cespite
465 4386 715 4442 concludi
748 4398 914 4441 latum
939 4388 1160 4444 deﬂebis
1192 4391 1427 4455 Avitum,

238 4480 381 4534 Exue
405 4480 662 4535 sollicitas
692 4479 827 4533 tristi
858 4481 923 4534 de
954 4492 1170 4549 peetore
1200 4497 1377 4537 curas.

236 4570 367 4624 Nam
393 4589 545 4640 quem
589 4572 745 4641 plena
774 4572 929 4636 fides,
952 4573 1109 4627 celsa:
1138 4590 1294 4643 quem
1319 4577 1485 4645 gloria
1518 4579 1734 4645 mentis,

237 4663 400 4729 Quem
428 4665 619 4733 pietas,
655 4681 813 4734 quem
840 4666 983 4735 larga
1008 4669 1083 4735 (a)
1107 4682 1314 4733 manus,
1350 4685 1507 4739 quem
1542 4672 1676 4725 fama
1710 4689 1803 4743 pe-

1531 4771 1736 4823 renuat.

1531 4771 1736 4823 renuat.

233 4846 321 4898 Nil
350 4847 544 4900 socium
574 4861 699 4900 cum
738 4856 910 4901 morte
937 4854 1102 4901 tenet.
1136 4848 1273 4913 Quin
1299 4760 1545 4917 prospici:
1571 4854 1740 4907 sancti

230 4937 395 4991 Gesta
420 4939 518 4992 viri
545 4955 559 4993 :
591 4940 820 5006 primum
852 4938 1141 4993 llorescens
1173 4939 1349 4995 indole
1377 4954 1574 5009 quanta

229 5030 509 5096 Spreverit
535 5032 757 5099 antiquo
786 5029 1039 5085 dimissos
1065 5038 1351 5087 stemmate
1379 5032 1571 5098 fasees,

225 5120 499 5175 ﬂaturum
531 5121 730 5176 teneris
750 5120 988 5175 animum
1010 5121 1135 5176 dum
1169 5132 1387 5191 praestat
1416 5124 1469 5178 in
1492 5126 1668 5190 annis,

224 5211 314 5265 Et
335 5210 524 5265 licitum
556 5213 763 5277 mundi,
798 5213 907 5267 voti
937 5213 1132 5269 virtute
1161 5214 1382 5283 relegat.

218 5302 353 5358 Nec
378 5319 520 5357 mora
553 5322 567 5359 :
600 5305 868 5373 pontificis
893 5306 972 5359 sic
1000 5305 1157 5374 digna
1189 5306 1417 5376 insignia
1453 5311 1635 5377 sumit,

218 5398 446 5463 Augeat
471 5404 529 5449 ut
556 5396 701 5451 soliti
728 5395 897 5452 felicia
925 5408 1098 5467 coepta
1132 5399 1352 5455 laboris.

314 5594 395 5668 (ᾳ)
420 5596 572 5668 Apud
621 5598 978 5653 Duehesnium
1019 5611 1146 5652 tom.
1179 5598 1220 5663 l,
1250 5612 1370 5667 pag.
1402 5598 1527 5659 5H,
1557 5609 1809 5668 prompta.

310 5664 552 5735 (b'jLoco
589 5669 817 5723 duorum
864 5672 1049 5722 borum
1087 5664 1341 5723 versuum
1384 5664 1578 5724 ibidem
1626 5664 1816 5737 legitur

212 5750 473 5794 sentiens
507 5755 518 5789 :
552 5737 763 5793 Culmen
801 5740 1077 5800 dulcedini.
1112 5756 1209 5793 non
1232 5740 1393 5793 obstat
1417 5756 1605 5803 pompa
1630 5742 1811 5803 rigori.

1917 4306 1993 4380 (b)
2024 4308 2130 4363 Nec
2155 4318 2329 4363 tamen
2356 4309 2424 4363 ob
2454 4307 2647 4361 summi
2687 4306 2894 4361 Culmen
2926 4303 3245 4359 tumefactus
3270 4301 3490 4357 humoris

1917 4402 2170 4471 Erigitur,
2203 4417 2367 4472 seque
2396 4402 2508 4471 ipse
2530 4400 2647 4455 aliis
2670 4401 2787 4471 plus
2813 4400 3062 4461 mstimat,
3101 4399 3208 4451 imo

1916 4492 2207 4561 Snbjicitur
2235 4508 2476 4562 magnus.
2513 4503 2691 4549 servat
2722 4491 3008 4546 mediocria
3041 4504 3304 4543 summus.

1919 4582 2198 4637 Distribuit
2226 4596 2438 4650 parcus,
2472 4582 2641 4651 pascit
2677 4581 2913 4651 jejunus,
2945 4580 3174 4632 amando

1915 4672 2124 4736 Terret,
2149 4682 2203 4726 et
2228 4672 2459 4727 austeris
2483 4670 2939 4742 indulgenti-sima
2974 4670 3183 4725 miscet.

1916 4763 2239 4817 Cunctantes
2266 4778 2426 4817 suasu
2450 4764 2606 4829 juvit,
2634 4762 2895 4816 solamine
2929 4771 3172 4822 moestus,

1916 4856 2094 4925 Jurgia
2127 4854 2197 4927 (ε)
2228 4855 2494 4920 dissolvit,
2526 4862 2797 4908 certantes
2826 4852 3027 4907 foedere
3053 4851 3251 4920 junxit.

1917 4945 2136 4999 Dissona
2171 4946 2456 5000 veridtcam
2483 4945 2561 5016 (ά)
2596 4943 2838 4999 inﬁciunt
2865 4958 2984 5012 quae
3006 4942 3251 5011 dogmata
3283 4942 3479 5012 legem,

1921 5036 2162 5100 Hortatu,
2197 5035 2409 5104 ingenio
2429 5079 2442 5102 ,
2476 5034 2714 5097 monitis,
2745 5034 3057 5101 meritisque
3085 5032 3314 5103 subegit.

1923 5126 2068 5182 Unus
2099 5127 2151 5180 in
2181 5141 2305 5181 arce
2329 5123 2447 5194 fuit,
2480 5126 2562 5180 cui
2588 5125 2831 5194 quolibet
2852 5124 3038 5178 ordine
3066 5122 3210 5177 fandi

1921 5219 2110 5273 Orator
2138 5219 2316 5272 nullus
2338 5218 2545 5283 similis,
2572 5218 2858 5286 nullusque
2886 5227 3036 5285 poeta
3067 5232 3081 5270 :

1920 5310 2161 5365 Clamant
2182 5310 2321 5381 quod
2354 5311 2520 5380 sparsi
2547 5325 2639 5379 per
2667 5310 2853 5365 crehra
2887 5309 3154 5362 volumina
3182 5308 3328 5364 libri.

1922 5404 2020 5471 Qui
2044 5404 2195 5472 vixit,
2225 5404 2383 5468 vivit,
2417 5418 2618 5473 perque
2648 5402 2829 5457 omnia
2859 5400 3051 5456 saecula
3079 5402 3243 5457 vivet.

1990 5604 2061 5665 (ε)
2099 5598 2254 5662 lbid.,
2288 5599 2515 5651 diremit.

1995 5672 2074 5739 (ά)
2106 5671 2259 5739 lbid.,
2284 5669 2503 5737 ﬁngunt.
