4046 6170
549 284 647 342 (Ἦ

1823 270 1882 331 S.
1923 274 2107 332 AVITI
2155 272 2553 331 VIENNENSIS

585 385 3262 420 ______________________________________________.__

1134 499 1160 527 ⁸
1191 498 1840 613 ALGIMI
1911 491 2586 608 EGDICII
2660 490 3210 603 Δνιτι

1636 695 2715 843 EPISTOLZE.

1031 1050 1357 1108 EPISTOLA
1398 1046 1628 1103 PRIMA.

550 1204 733 1247 Δητυε
761 1198 1060 1241 νιικκιεκδιε
1092 1194 1367 1236 εριεοονυε
1394 1192 1565 1233 [δοκΝο
1598 1175 1622 1211 ι’
1643 1187 1954 1231 ουιωοελυο
1983 1186 2123 1227 REGI.

621 1322 847 1375 Tantum
887 1316 1105 1370 cliristo
1138 1313 1370 1383 propitio
1410 1324 1503 1380 per
1537 1310 1785 1365 diversas
1813 1306 2128 1362 sollicitudi-

551 1426 646 1465 I'ES
684 1420 915 1463 mentem
964 1413 1199 1459 vestram
1228 1402 1427 1458 veritas
1458 1399 1703 1470 indagata
1737 1397 2037 1469 perdocuit,
2072 1406 2129 1452 ttt

551 1500 683 1554 nihil
706 1512 924 1567 prorsus
949 1496 1020 1549 sit
1047 1492 1186 1563 quod
1226 1491 1292 1547 de
1333 1492 1613 1546 catholica:
1653 1492 1781 1560 legis
1820 1489 2129 1544 definitione

550 1604 646 1643 vos
679 1589 857 1642 lateat.
892 1585 1043 1639 Unde
1064 1600 1129 1638 ex
1160 1582 1242 1636 his
1276 1597 1396 1652 qua:
1438 1582 1607 1651 pietas
1641 1579 1971 1635 celsitudinis
2004 1592 2125 1633 ves-

552 1696 647 1739 tra:
671 1684 921 1752 dignatur
962 1680 1250 1749 inquirere,
1286 1676 1396 1746 jam
1436 1677 1505 1731 de
1550 1678 1718 1744 plena:
1764 1674 2128 1730 instrttctionis

551 1791 674 1831 aiee
701 1774 1057 1835 descendens,
1083 1784 1187 1823 non
1214 1779 1297 1824 est
1327 1767 1613 1822 nescientis
1635 1766 2004 1835 interrogatio,
2032 1765 2125 1821 sed

550 1865 965 1923 conferentian
995 1872 1194 1917 tantum
1211 1870 1267 1913 ut
1287 1859 1547 1914 sententia
1571 1858 1839 1928 Evangelii
1859 1872 2017 1926 quam
2040 1856 2127 1912 lil-

554 1958 684 2012 ti-ris
705 1955 1091 2025 attigistis,]non
1115 1950 1313 2019 aliquid
1340 1948 1695 2019 ambiguitatis
1719 1950 1768 2002 in
1793 1948 1894 2003 [ide
1914 1947 2122 2015 habeat,

555 2048 653 2103 sed
676 2046 1120 2115 reprehensiones
1149 2040 1397 2096 Judaieas
1421 2041 1471 2093 in
1495 2054 1701 2094 summa
1726 2040 1892 2108 magis
1915 2039 2126 2107 exposi-

553 2140 712 2194 tionis
741 2137 991 2207 inquirat.
1012 2135 1102 2191 Sic
1128 2148 1254 2203 ergo
1284 2132 1357 2187 ait
1376 2133 1533 2187 lectio
1563 2133 1865 2201 evangelica
1890 2132 2043 2201 cujus
2072 2132 2123 2185 in

550 2230 764 2285 subdito
811 2225 1135 2281 mentionem
1183 2222 1423 2278 fecistis:
1461 2220 1565 2275 Vos
1612 2230 1779 2274 autem
1826 2220 2033 2289 dicitis,
2083 2222 2126 2275 εἰ

551 2319 732 2373 dixerit
756 2317 904 2370 homo
935 2315 1183 2384 patrisuo
1211 2321 1300 2366 aut
1348 2312 1524 2380 matri,
1561 2310 1771 2380 corban,
1805 2311 1857 2366 id
1886 2320 1971 2367 est
2002 2312 2123 2366 Ha:-

2143 1045 2197 1102 Α
2221 1039 2434 1095 desueta
2464 1036 2811 1107 subterfugit,
2842 1036 3145 1092 invenietis.
3173 1036 3312 1106 Ergo
3344 1051 3448 1092 non
3478 1037 3699 1092 missum
3731 1038 3805 1093 l‘a—

2232 1130 2376 1193 citis,
2404 1128 2455 1183 id
2481 1138 2584 1193 est,
2611 1127 2724 1183 Non
2753 1127 3023 1182 dimittitis
3051 1142 3174 1182 eum
3200 1127 3483 1197 quidquam
3508 1128 3684 1183 facere
3710 1144 3812 1198 pa—

2244 1220 2311 1275 tri
2343 1219 2429 1274 vel
2461 1218 2652 1283 matri,
2684 1233 2714 1271 a
2745 1232 2851 1287 quo
2882 1217 3135 1272 honorari
3179 1222 3331 1273 senio
3377 1219 3660 1287 parentali,
3703 1234 3810 1274 non

2230 1310 2410 1366 verbis
2466 1318 2668 1363 tantum
2696 1350 2710 1375 ,
2773 1306 2869 1363 sed
2919 1308 3078 1363 rebus
3141 1306 3516 1377 obsequiisque
3573 1324 3812 1379 princep-

2233 1410 2343 1455 tum
2372 1408 2475 1453 est.
2503 1400 2567 1454 Et
2609 1399 2827 1466 similia,
2859 1398 3050 1467 inquit,
3088 1397 3389 1466 huiusmodi
3421 1399 3584 1453 multa
3611 1400 3806 1466 facitis,

2232 1491 2570 1546 traditionem
2636 1498 2868 1544 vestram
2918 1489 3175 1543 institutis
3224 1489 3537 1544 cmlesubus
3601 1506 3813 1561 praepo-

2233 1581 2429 1636 ncndo.
2456 1579 2561 1634 Sed
2590 1579 2705 1634 hzec
2733 1578 2800 1634 ad
2831 1579 2975 1633 solos
2998 1579 3199 1634 scribas
3226 1588 3282 1634 et
3320 1578 3615 1635 Phariseos
3642 1581 3806 1649 diota,

2228 1670 2318 1740 qui
2339 1669 2440 1725 sibi
2464 1669 2531 1724 de
2561 1669 2691 1739 legis
2721 1667 3008 1737 supercilio
3048 1668 3405 1737 blandientes,
3449 1670 3597 1740 quasi
3627 1671 3811 1727 debita

2233 1760 2495 1816 doctrinae
2520 1758 2689 1828 pretia
2731 1758 3104 1828 reposcebant,
3135 1759 3337 1814 nullum
3384 1758 3555 1814 locum
3599 1761 3651 1814 in
3682 1776 3809 1815 ser-

2232 1867 2389 1907 mone
2418 1852 2511 1922 qui
2542 1850 2609 1905 de
2630 1847 2734 1905 lide
2763 1856 3020 1905 tractatus
3049 1862 3126 1905 est
3154 1849 3402 1906 habuisse
3435 1854 3667 1921 reperio.
3700 1853 3809 1907 lia-

2230 1944 2328 1999 rlta
2364 1958 2491 1997 vero
2520 1941 2801 1996 lit-brazum
2833 1955 3024 1996 nomen
3054 1950 3172 2006 est;
3207 1942 3393 1995 Latine
3437 1952 3593 1997 sonat
3635 1944 3811 1998 inanis

2230 2044 2320 2089 aut
2354 2049 2555 2088 vacuus
2581 2050 2593 2087 :
2625 2032 2767 2101 quod
2793 2043 2849 2086 ut
2878 2034 3077 2087 nostris
3116 2033 3522 2088 convenientius
3551 2034 3811 2103 exptimit

2233 2144 2346 2184 uno
2365 2129 2629 2184 vocabulo
2650 2128 2674 2167 ἀ
2696 2126 2919 2184 Grazcus
2941 2130 3131 2185 dicens
3148 2130 3311 2191 καινός.
3334 2128 3449 2183 Hoc
3473 2136 3652 2182 autem
3676 2143 3814 2180 cott-

2238 2218 2434 2272 ticium
2468 2216 2641 2282 fratri,
2667 2218 2717 2272 id
2742 2226 2823 2273 est
2853 2219 2954 2272 sub
2985 2233 3095 2273 ttno
3122 2218 3230 2274 Deo
3254 2227 3405 2289 patre
3423 2230 3475 2272 et
3494 2232 3599 2272 una
3626 2217 3812 2272 Eccle-

2236 2310 2317 2363 sia
2339 2318 2511 2363 matre
2543 2308 2596 2362 in
2628 2324 2730 2363 una
2761 2309 2863 2364 title
2893 2311 3069 2379 posito
3097 2309 3276 2365 dicere
3296 2309 3655 2380 prohibemur
3682 2331 3692 2363 :
3716 2308 3812 2378 qui

554 2411 731 2464 braica
760 2409 936 2475 lingua
969 2419 1163 2459 munus
1208 2402 1334 2457 illud
1366 2402 1673 2470 specialiter
1697 2402 1837 2472 quod
1866 2401 2124 2472 obsequio
2157 2410 2200 2469 Β
2234 2399 2515 2455 inanitatis
2563 2400 2856 2469 opprobrio
2891 2402 3107 2471 indigne
3138 2402 3408 2471 appetitur
3441 2401 3533 2471 qui
3582 2414 3687 2454 non
3725 2408 3812 2453 est

552 2508 761 2556 devota:
783 2499 1068 2553 oblationis
1089 2495 1329 2560 offertur,
1360 2494 1449 2546 tibi
1466 2493 1735 2564 profuerit,
1766 2493 1865 2547 hoc
1890 2504 1969 2548 est
1991 2494 2122 2563 patri

553 2597 648 2645 aut
687 2588 865 2653 matri,
888 2595 935 2640 et
956 2587 1067 2655 jam
1112 2600 1213 2638 non
1244 2584 1454 2636 missum
1495 2583 1665 2653 facitis
1695 2599 1808 2636 eum
1848 2584 2124 2651 quidquam

555 2679 723 2747 facere
747 2676 880 2746 patri
908 2681 997 2727 aut
1036 2673 1191 2726 matri
1224 2670 1426 2743 (Marc.
1463 2686 1556 2737 νη,
1591 2672 1709 2738 H).
1740 2671 1872 2725 Puto
1901 2685 1996 2725 vos
2032 2686 2128 2725 au-

555 2778 662 2824 tem
690 2767 792 2823 hoc
817 2780 1064 2821 sermone
1089 2762 1414 2832 ordiri,quia
1437 2776 1623 2816 revera
1654 2763 1823 2830 ipsum
1842 2760 2125 2831 specialius

557 2861 610 2915 in
639 2857 864 2930 epistola
910 2854 1268 2919 memorastis,
1311 2851 1437 2923 quid
1489 2852 1572 2907 vel
1622 2851 1763 2907 unde
1801 2851 2000 2907 dictum
2033 2854 2123 2917 sit,

557 2965 662 3006 non
710 2949 933 3003 missum
983 2946 1175 2999 facitis.
1204 2942 1353 3009 Quod
1402 2940 1620 2996 omnino
1672 2941 1805 2996 nihil
1853 2950 1934 2997 est
1985 2942 2129 2996 aliud

556 3056 715 3112 quam
758 3055 863 3095 non
901 3038 1186 3092 dimittitis.
1212 3036 1255 3091 A
1280 3033 1429 3102 cujus
1478 3032 1799 3102 proprietate
1839 3032 2122 3100 sermonis,

558 3137 611 3189 in
641 3130 888 3188 ecclesiis
933 3127 1248 3198 palatiisque
1288 3124 1403 3179 sive
1444 3125 1727 3193 praetoriis,
1754 3133 1776 3162 ε
1808 3124 1968 3178 missa
2015 3123 2129 3178 fieri

562 3223 951 3294 pronuntiatur,
972 3234 1092 3273 cum
1114 3216 1340 3287 populus
1356 3215 1422 3271 ab
1439 3214 1812 3270 observatione
1828 3214 2128 3271 dimittitur.

557 3315 688 3370 Nam
717 3328 885 3384 genus
930 3314 1031 3364 hoe
1072 3307 1302 3362 nominis
1324 3306 1485 3360 etiam
1519 3304 1568 3359 id
1597 3305 1869 3360 saecularis
1897 3310 2129 3361 auctori-

560 3408 676 3468 bus.
710 3405 811 3459 nisi
843 3401 1153 3457 memoriam
1184 3409 1414 3454 vestram
1448 3411 1544 3466 per
1567 3399 1945 3467 occupationes
1973 3400 2131 3454 lecno

632 3578 708 3647 (σι)
734 3577 850 3630 Duo
881 3575 990 3647 fere
1018 3572 1412 3647 usurpariejus
1430 3573 1642 3647 nomina
1674 3575 1868 3647 solent,
1886 3574 2130 3647 Alcimus

561 3642 777 3709 Avitus;
805 3645 1018 3700 tertiunt
1062 3658 1167 3697 non
1213 3644 1339 3696 olim
1382 3642 1835 3709 deprehendimus
1880 3646 1932 3700 in
1974 3649 2132 3702 titulo

558 3718 802 3788 cpistoler
819 3729 979 3788 quam
1007 3712 1074 3788 de
1103 3722 1404 3788 poematum
1427 3726 1650 3788 suorum
1667 3714 1899 3788 editione
1920 3718 2135 3787 scripsit

559 3782 627 3842 ad
655 3782 1016 3856 Apollinarem
1048 3782 1504 3856 fratrem._ltaqt_te
1519 3784 1719 3856 triplex
1758 3785 1900 3856 Aviti
1936 3782 2131 3842 nomen

562 3859 682 3921 fuit,
704 3852 801 3911 sed
823 3868 1007 3926 verum
1032 3867 1093 3906 ac
1137 3853 1407 3926 proprium
1437 3852 1643 3926 A_vitus,
1674 3854 1813 3922 quod
1852 3854 1971 3910 ideo
2012 3871 2135 3926 pos-

561 3940 599 3983 tt
612 3941 788 3983 emum
822 3925 994 3978 locum
1029 3932 1193 3991 tenet,
1222 3923 1290 3977 de
1316 3921 1482 3976 veteri
1520 3937 1671 3978 more
1694 3921 2055 3980 Romanorum
2079 3937 2135 3982 et

560 3999 785 4051 aliorum
811 3995 898 4063 qui
925 3994 1190 4046 Romanos
1225 3991 1611 4064 mmulabantur
1643 4009 1655 4045 :
1687 3995 1824 4064 apud
1852 4011 1986 4064 quos
2014 4005 2133 4051 tan-

559 4072 683 4122 dem
730 4061 970 4128 invaluit,
1000 4071 1057 4116 ut
1081 4077 1113 4137 e
1142 4061 1329 4137 multis
1360 4061 1662 4117 nominibus
1692 4061 1742 4118 id
1771 4061 1911 4137 quod
1944 4068 2134 4137 cuique

563 4138 833 4207 proprium
865 4131 1249 4207 _erat,_gultimo
1303 4132 1428 4207 loco
1468 4131 1809 4207 statue_t'ent.:
1826 4134 1937 4201 Qua
1980 4131 2134 4192 tle-re

563 4202 801 4274 pluribus
830 4204 961 4257 alias
990 4202 1189 4257 dictum
1221 4202 1273 4255 in
1322 4202 1461 4274 notis
1509 4202 1575 4257 ad
1610 4203 1923 4274 Ennodium
1969 4215 2025 4260 et
2066 4208 2133 4260 ad

561 4272 859 4338 Salonium,
879 4274 930 4344 in
960 4287 1185 4344 quorum
1217 4272 1540 4344 nominibus,
1573 4273 1801 4344 aliisque
1821 4290 1980 4343 quam
2016 4277 2133 4343 plu-

563 4346 737 4408 rimis,
769 4343 821 4397 id
861 4342 1277 4396 obserVabamus
1306 4360 1317 4393 :
1350 4342 1490 4408 quod
1540 4342 1728 4409 ipsum
1754 4355 1805 4397 et
1846 4345 1897 4396 in
1949 4356 2134 4399 sancto

565 4416 889 4484 Hieronymo
909 4410 1381 4484 tjdere_est,_c_uitts
1404 4412 1608 4480 integra
1636 4414 1991 4469 nomenclatio
2015 4414 2129 4484 t‘uit,

566 4479 895 4552 Sopltronius
918 4480 1176 4534 Eusebius
1201 4479 1572 4552 Hieronymus.

635 4548 708 4624 (δ)
744 4548 1272 4624 Burgundionumin
1292 4548 1584 4624 Galliarett
1613 4551 1730 4615 fuit.
1754 4552 1930 4624 veliex
1970 4553 2135 4608 Fran-

562 4620 749 4678 corum
814 4620 1031 4675 historia
1090 4620 1416 4672 notissimus.
1474 4620 1607 4674 Huic
1649 4624 1789 4677 enim
1831 4623 2133 4680 Clodoveus

566 4704 751 4747 noster
795 4691 958 4744 armis
1003 4689 1171 4741 victor
1199 4686 1449 4740 tributum
1481 4690 1751 4757 imposuit,
1789 4694 2033 4757 Patricio,
2077 4705 2134 4749 ut

568 4762 763 4815 Manus
793 4762 844 4814 in
882 4758 1150 4827 Chronico
1178 4757 1359 4821 refert,
1389 4771 1443 4811 et
1472 4758 1696 4827 Hypatio
1718 4763 2045 4826 consulibus,
2080 4765 2131 4819 id

565 4842 647 4885 est
694 4846 836 4884 anno
880 4826 1083 4902 Christi
1127 4827 1250 4882 500.
1293 4826 1602 4883 Gundebadi
1633 4846 1761 4884 vero
1802 4831 1937 4885 lilios
1969 4833 2134 4902 Sigiso

567 4902 819 4954 mundum
868 4908 924 4953 et
973 4897 1365 4961 Godomarttm,
1413 4910 1530 4966 post
1578 4911 1780 4967 patrem
1825 4897 2129 4970 regnanies,

565 4972 822 5024 (llodovei
868 4970 958 5022 filii
1004 4979 1109 5021 vna
1163 4982 1431 5036 regnoque
1479 4971 1792 5036 spoliarunt.
1842 4971 2034 5026 Verum
2063 4976 2131 5027 ad

564 5040 850 5094 Godomari
883 5049 1116 5111 tempora
1140 5039 1377 5111 epistolae
1406 5039 1543 5111 Aviti
1586 5055 1689 5093 non
1721 5041 2046 5111 pertingunt,
2078 5045 2129 5096 in

563 5112 755 5179 quibus
778 5108 1091 5164 Gundebadi
1130 5116 1187 5179 et
1223 5107 1548 5176 Sigismundi
1569 5111 1756 5164 crebra
1783 5121 1864 5164 est
1899 5107 2129 5167 mentio.

637 5183 715 5250 (ε)
748 5180 1029 5249 llednrguit
1071 5178 1296 5243 primum
1337 5179 1619 5250 hicrlocttsr
1649 5194 1858 5250 cassum
1891 5182 2129 5237 laborem

2234 2506 2441 2546 vacuus
2461 2505 2490 2543 a
2511 2491 2706 2546 salute.
2730 2490 2835 2547 Sed
2858 2493 2943 2548 his
2961 2493 3269 2547 collationis
3292 2491 3461 2563 magis
3489 2505 3651 2559 quam
3674 2489 3813 2543 luci-

2234 2582 2428 2638 danda:
2458 2583 2580 2639 fidei
2613 2585 2875 2639 exercitio
2902 2587 3213 2650 reserVatis,
3247 2584 3379 2639 illud
3422 2585 3605 2655 potius
3632 2584 3813 2638 ret-ol-

2234 2690 2444 2737 ventus,
2478 2673 2619 2743 quod
2647 2688 2678 2726 a
2709 2674 3081 2730 sacerdotibus
3130 2674 3327 2730 vestris
3370 2672 3669 2742 scripsistis
3711 2670 3813 2724 oh-

2232 2765 2456 2834 jvcttmt.
2477 2764 2646 2835 igitur
2665 2765 3090 2821 discutientibus
3112 2767 3265 2822 vobis
3289 2776 3335 2831 ε,
3359 2775 3539 2819 utrum
3566 2762 3808 2834 Spiritus

2236 2864 2481 2937 sanctus,
2503 2858 2593 2924 qui
2618 2857 2672 2911 in
2694 2864 2908 2913 secreto
2926 2857 3258 2928 baptismate
3279 2857 3527 2912 indivisae
3557 2855 3811 2911 nomina—

2241 2945 2399 2997 tionis
2422 2942 2657 2998 vindicat
2679 2943 2961 3007 unitatem,
2994 2950 3203 2996 creator
3228 2954 3294 2994 an
3324 2950 3563 2994 creatura
3585 2939 3806 2993 creden-

2233 3038 2333 3092 dus
2389 3039 2492 3103 sit;
2543 3051 2663 3091 cum
2714 3035 2759 3091 si
2790 3044 3001 3090 creator
3042 3041 3140 3097 est,
3197 3046 3228 3085 a
3262 3030 3545 3086 Divinitate
3584 3040 3809 3101 nequeat

2234 3130 2503 3199 separari;
2535 3129 2580 3184 si
2621 3138 2884 3190 creatura,
2919 3126 3027 3180 Deo
3066 3140 3170 3180 non
3202 3124 3370 3193 possit
3392 3123 3527 3178 uniri
3557 3140 3569 3174 :
3596 3137 3694 3193 pro
3722 3137 3811 3191 pe-

2235 3222 2385 3276 nuria
2419 3217 2796 3289 respondendi,
2831 3216 2930 3272 sub
2956 3216 3231 3286 cujusdam
3263 3216 3470 3271 lubrico
3498 3216 3813 3285 quiestionis

2235 3315 2286 3366 in
2313 3324 2616 3383 et-rogatttm
2650 3324 2731 3365 «st
2754 3327 2783 3365 a
2807 3320 2954 3379 parte
2981 3309 3212 3374 diversa,
3232 3317 3407 3363 utrum
3438 3308 3658 3379 spiritus
3688 3324 3814 3364 nos-

2239 3416 2318 3461 ter
2329 3412 2542 3461 creatus
2552 3421 2617 3461 an
2632 3405 2988 3476 sempiternus
3002 3403 3192 3460 debeat
3202 3402 3428 3473 judicari
3445 3420 3456 3454 :
3473 3401 3619 3473 quasi
3633 3416 3815 3455 exem-

2234 3581 2435 3653 populi,
2464 3598 2581 3651 qum
2610 3598 2667 3638 re
2702 3592 2913 3653 peracta
2961 3582 3140 3647 fiebat,
3183 3583 3436 3637 translata
3472 3598 3573 3637 vox
3608 3580 3708 3637 fuit
3747 3586 3814 3639 ad

2232 3652 2606 3718 signiﬁcandas
2639 3652 2722 3707 res
2741 3654 2882 3721 ipsas
2903 3669 3019 3722 quae
3040 3655 3383 3723 gerebantur.
3399 3653 3528 3707 Nam
3561 3664 3613 3723 et
3636 3655 3814 3709 missa:

2236 3727 2508 3776 matutina:
2541 3734 2597 3777 et
2623 3726 2944 3792 vespertina:
2981 3722 3261 3791 appellata:
3287 3733 3409 3777 sunt
3439 3722 3690 3791 liturgire,
3714 3738 3812 3779 seu

2236 3794 2491 3863 solemnia
2518 3793 2715 3857 ofﬁcia,
2743 3808 2863 3862 qua;
2889 3793 3162 3847 matutinis
3195 3801 3287 3847 aut
3316 3794 3632 3863 vespertinis
3663 3792 3812 3849 boris

2237 3862 2664 3916 celebrabantur.
2687 3864 2841 3916 Onod
2870 3878 2998 3916 sane
3022 3864 3213 3916 mirutn
3241 3879 3306 3916 eo
3332 3864 3400 3916 mi

2241 3933 2346 3994 bet,
2377 3932 2520 4001 quod
2552 3934 2666 3988 vice
2705 3946 2856 3988 versa
2907 3935 3121 4004 synaxis
3161 3942 3216 3988 et
3264 3935 3503 3987 collectas
3535 3934 3814 4004 vocabula,

2238 4017 2357 4069 qua!
2389 4004 2601 4071 proprie
2630 4002 2949 4058 conventum
2972 4012 3027 4057 et
3054 4004 3521 4072 congregationem
3543 4004 3607 4056 ad
3634 4002 3814 4061 divina

2238 4072 2412 4126 o‘ficia
2452 4074 2775 4141 signiﬁcant.
2820 4086 2918 4141 pro
2959 4074 3089 4142 ipsis
3118 4086 3329 4142 qqune
3375 4073 3569 4128 divinis
3617 4073 3815 4128 ofﬁciis

2241 4151 2364 4223 tum
2382 4142 2675 4209 matutinis,
2709 4152 2816 4197 tum
2846 4142 3162 4213 vespertinis
3189 4144 3387 4213 passim
3419 4151 3671 4212 usurpata
3700 4157 3817 4199 me-

2239 4227 2508 4265 ιιιιιηηιιις.

2310 4279 2384 4351 (ἀ)
2419 4281 2646 4336 llilarius
2676 4281 2728 4337 in
2757 4280 3059 4338 Matthazum
3084 4297 3203 4352 cap.
3251 4297 3328 4337 νε
3362 4282 3499 4337 Raca
3544 4281 3817 4336 vacuitatis

2239 4354 2566 4419 approbrium
2585 4362 2681 4414 est,
2712 4360 2759 4406 et
2786 4352 2872 4422 qui
2914 4364 3089 4406 sancto
3118 4352 3319 4422 Spiritu
3360 4353 3564 4420 plenum
3589 4354 3817 4406 convicio

2238 4422 2503 4475 vacuitatis
2534 4423 2815 4489 insimulat,
2841 4421 2897 4489 ﬁt
2919 4438 3034 4476 reus
3056 4421 3273 4475 concilio
3295 4433 3604 4484 sanctorum.
3634 4431 3820 4476 contu.

2239 4491 2439 4563 utetiam
2467 4490 2694 4563 piritus
2723 4493 2887 4547 sancti
2907 4502 3200 4547 sanctorum
3218 4492 3456 4563 judicum
3492 4493 3818 4546 animadver-

2237 4560 2381 4613 sione
2407 4561 2648 4615 luiturus.

2309 4629 2382 4699 (θ)
2414 4629 2479 4683 Et
2501 4630 2755 4699 Spiritum
2782 4630 3020 4687 divinum
3049 4640 3343 4687 creatorem
3366 4647 3469 4686 non
3490 4640 3816 4697 creaturam,

2236 4709 2293 4754 et
2337 4700 2583 4768 spiritum
2624 4711 2861 4755 nostrum
2906 4717 3013 4756 non
3056 4700 3441 4770 sempiternum
3488 4702 3819 4758 credendum

2237 4783 2379 4834 esse,
2416 4770 2507 4823 sed
2538 4781 2794 4840 creatum.
2827 4771 3029 4840 liquido
3058 4782 3112 4827 et
3150 4771 3360 4825 abunde
3390 4774 3578 4838 probat
3616 4773 3820 4827 adver-

2238 4853 2331 4893 sus
2378 4838 2686 4895 sacerdotes
2735 4838 3067 4896 Gundebadi.
3117 4840 3266 4907 Quod
3308 4857 3437 4896 vero
3485 4843 3637 4902 istos,
3691 4843 3819 4899 dum

2237 4923 2414 4980 causa:
2439 4910 2730 4977 indulgent,
2744 4925 2842 4979 pro
2863 4925 2928 4966 eo
2942 4911 3081 4980 quod
3103 4911 3367 4979 inspiravit
3392 4909 3529 4965 Deus
3547 4913 3599 4964 in
3619 4909 3818 4967 Genesi

2240 4979 2481 5051 legimus,
2497 4980 2779 5051 insufﬂauit
2800 4979 2997 5036 dixisse
3018 4980 3354 5045 criminatur,
3368 4994 3474 5034 non
3497 4982 3627 5035 satis
3653 4996 3823 5051 appa-

2240 5058 2322 5100 ret
2351 5049 2474 5116 qnid
2509 5047 2721 5104 illorum
2748 5066 2959 5104 oausam
2978 5052 3129 5119 juvet
3154 5052 3267 5104 haec
3298 5051 3522 5119 mutatio
3546 5068 3561 5106 :
3590 5047 3823 5106 aut—cur

2240 5119 2558 5184 reprehendi
2604 5119 2707 5172 hoc
2750 5120 2961 5174 nomine
2982 5118 3214 5189 possint,
3240 5135 3361 5174 cum
3403 5118 3576 5175 Graeci
3602 5121 3824 5175 codices

2240 5189 2561 5260 ἐνεφύσησεν,
2593 5190 2734 5260 quod
2762 5198 2846 5243 est
2893 5190 3192 5259 insufﬂauit,
3236 5190 3434 5260 legant,
3473 5200 3631 5260 atque
3682 5192 3825 5246 Itane

566 5249 1069 5330 illorumquiimssa:
1084 5263 1277 5330 nomen
1306 5249 2127 5330 etoticum,id_est,llebraicum
2162 5257 2210 5316 D
2238 5249 2518 5330 leciionem
2551 5249 2847 5314 teihibeant
2891 5249 3646 5330 Tertullianns,"Cyprianus,
3690 5262 3825 5315 Am-

502 5378 508 5385 .
567 5320 766 5388 lingere
792 5316 906 5372 ausi
934 5329 1075 5385 sunt,
1106 5333 1211 5388 non
1240 5316 1504 5381 Latinum,
1535 5318 1677 5387 quod
1720 5334 1805 5372 res
1848 5330 1952 5384 est,
1983 5329 2038 5375 et
2063 5338 2125 5377 ex

564 5387 705 5444 Aviti
746 5390 920 5443 verbis
964 5387 1319 5458 perspicuum.
1361 5388 1523 5442 Docet
1550 5388 1764 5452 deinde,
1810 5392 1949 5458 quod
1989 5392 2126 5445 haud

563 5464 677 5514 scio
705 5475 770 5512 an
794 5474 825 5513 a
854 5471 1115 5527 quoquam
1149 5457 1402 5512 hactenus
1431 5459 1721 5526 proditum,
1757 5457 1863 5513 non
1887 5464 1939 5512 in
1966 5462 2130 5517 eccle-

563 5530 657 5585 siis
678 5530 854 5593 tttodo,
876 5526 1057 5581 verum
1080 5526 1237 5581 etiam
1268 5529 1320 5583 in
1352 5528 1559 5596 palatiis
1582 5530 1951 5598 praetoriisque
1974 5547 2128 5586 usur-

564 5603 674 5667 pari
708 5600 882 5653 missae
935 5612 1126 5652 nomen
1169 5613 1486 5664 consuesse,
1519 5614 1637 5652 cum
1686 5599 1910 5668 populus
1938 5615 1967 5653 a
1996 5616 2128 5654 con-

566 5676 721 5723 ventu
750 5668 1132 5724 ditnittebatnr.
1157 5668 1234 5724 Ab
1258 5669 1354 5724 hac
1385 5669 1543 5732 igitur
1569 5671 1728 5723 missa
1758 5684 1853 5724 seu
1875 5672 2126 5726 missione

2235 5326 2444 5382 hrosius
2492 5336 2548 5381 et
2595 5331 2939 5397 Augustinus,
2991 5345 3057 5384 ne
3105 5330 3240 5383 alios
3288 5326 3621 5386 recenseam.
3666 5330 3825 5386 Adde

2232 5400 2373 5463 quod
2401 5399 2687 5467 Sapientia:
2716 5398 2890 5466 capite
2916 5415 3003 5460 xv,
3045 5415 3110 5453 ne
3140 5401 3372 5469 argutari
3404 5401 3579 5464 liccat,
3604 5410 3823 5455 utrum-

2232 5481 2334 5543 (μω
2362 5473 2666 5536 copulatum
2698 5476 2803 5533 est,
2825 5470 2910 5521 τὸν
2948 5472 3304 5543 luiturus-avra
3331 5473 3468 5543 αὐτῷ
3497 5471 3701 5543 ψυχήν,
3735 5476 3823 5526 καὶ

2232 5537 2593 5611 Euandria-aurai
2626 5544 2826 5611 πνεῦμα
2847 5540 3097 5611 Ῠζῳτικόνν
3115 5548 3173 5611 ει,
3189 5541 3277 5609 qui
3300 5537 3561 5611 inspirabit
3575 5537 3821 5596 animant

2230 5616 2277 5658 et
2298 5609 2385 5675 qui
2406 5608 2684 5677 insufﬂauit
2711 5612 2756 5663 ei
2778 5610 3016 5677 spiritum
3052 5608 3275 5665 vitalem.
3383 5608 3392 5611 ⁷
3646 5644 3649 5645 ν

3364 5800 3541 5816 ﬂ”.-.

2687 3864 2841 3931 Quod
2870 3878 2998 3917 sane
3022 3864 3213 3916 mirutn
3241 3879 3306 3917 eo
3332 3864 3505 3917 minus
3528 3863 3695 3917 videri
3726 3863 3813 3920 de-
3898 3882 3903 3887 '
