4024 6172
225 298 287 350 21!
303 295 319 346 l

1627 289 1957 348 EPISTOLA
2001 287 2064 342 ll.

3399 278 3507 332 ⁸20⁸2

225 408 620 478 ploScripturte
667 404 908 461 caelestis
936 403 1251 474 interposito
1278 446 1291 468 ,
1320 418 1428 474 quo
1466 404 1667 458 dictum
1699 413 1809 459 est:
1843 409 1890 467 Α
1922 401 2168 471 spiritum
2201 396 2495 452 divinitatis
2530 394 2754 450 infundi.
2792 392 3019 449 Perinde
3049 406 3106 446 se
3149 392 3372 446 fortasse
3416 393 3508 444 ,ιιι-

225 500 508 569 Insuﬂiavit
527 497 664 550 Deus
685 497 921 567 spiritum
943 495 996 548 in
1021 496 1242 548 animam
1270 496 1382 548 vitte
1411 493 1572 564 (Sap.
1593 509 1680 559 xv,
1705 495 1814 560 li).

227 593 464 646 Primum
503 603 632 658 ergo
673 588 927 656 coniicito
978 586 1104 656 quid
1146 588 1201 640 in
1245 587 1581 655 expositione
1630 585 1817 638 facturi

223 693 342 738 sunt
365 682 459 752 qui
489 681 556 736 de
572 678 878 735 testimonio
906 679 1230 733 mentiuntur
1260 695 1271 730 :
1306 687 1397 731 aut
1424 677 1649 746 qualiter
1666 676 1817 730 adin-

225 774 512 826 ventiones
535 784 661 824 suas
688 768 915 823 fallaciae
946 767 1534 834 tumoribusimpleant,
1553 767 1640 835 qui
1671 765 1814 819 dicta

222 863 419 917 divinae
447 857 786 915 auctoritatis
829 857 1130 912 immutant.
1161 856 1294 911 Nam
1341 857 1484 927 quod
1528 856 1818 920 dixerunt,

223 954 528 1009 lnsufllavit
560 953 700 1006 Deus
723 949 968 1018 spiritum
1000 949 1051 1002 in
1080 948 1312 1002 animam
1343 947 1484 1013 vitae,
1529 946 1819 1001 artiﬁciosa

229 1059 422 1102 eorum
458 1040 646 1096 fraude
665 1039 951 1094 confictum
974 1046 1077 1092 est.
1126 1037 1294 1104 Quem
1349 1037 1522 1091 locum
1554 1037 1599 1090 si
1635 1050 1823 1090 recen-

222 1134 452 1190 sendum
475 1131 579 1186 sibi
613 1129 784 1199 pietas
811 1137 986 1182 vestra
1017 1127 1274 1182 decernat
1319 1126 1536 1189 offerri,
1568 1126 1647 1181 sic
1675 1126 1822 1180 inve-

224 1227 330 1281 niet
351 1226 612 1293 scriptum
645 1238 658 1274 :
692 1221 755 1274 Et
805 1221 923 1290 fecit
949 1219 1084 1272 Deus
1110 1218 1365 1272 hominem
1391 1222 1450 1272 de
1498 1221 1619 1272 tirno
1651 1229 1819 1284 ιρι-ηε,

223 1331 266 1374 et
285 1317 560 1387 inspiravit
594 1315 646 1367 in
671 1313 856 1383 facient
881 1314 994 1380 ejus
1034 1312 1349 1378 spiraculum
1378 1312 1526 1365 vitm:
1552 1320 1600 1364 et
1654 1311 1823 1379 factus

225 1422 295 1467 est
326 1411 484 1463 homo
513 1409 567 1460 in
598 1407 822 1459 animum
856 1405 1100 1458 uiuentem
1145 1402 1296 1472 (Gen.
1331 1419 1388 1469 ιι,
1421 1402 1497 1472 7).
1521 1403 1815 1468 Perpendi-

228 1511 280 1557 te
309 1515 454 1556 nunc
486 1507 687 1569 quanta
713 1497 780 1550 sit
813 1496 863 1549 in
916 1508 1167 1548 sermone
1213 1493 1484 1547 distantia.
1541 1493 1618 1546 illi
1671 1493 1821 1548 dixe-

231 1602 369 1656 runt,
399 1588 704 1645 insufﬂavit
733 1588 784 1640 in
822 1585 1075 1649 animam,
1105 1599 1226 1638 cum
1263 1585 1519 1652 scriptum
1552 1585 1618 1637 sit
1648 1599 1660 1636 :
1710 1583 1821 1638 lns-

232 1683 419 1751 piravit
445 1682 499 1735 in
533 1680 746 1734 faciem.
773 1678 1038 1746 inspirare
1067 1677 1208 1731 enim
1234 1676 1578 1745 incorporeus
1622 1684 1814 1744 potest,

1927 491 2068 558 dsco,
2117 489 2399 556 barretico,
2449 487 2776 558 gentilique,
2826 493 2885 538 ut
2935 483 3229 545 catholico,
3279 482 3509 550 Spiritus

1927 590 2143 636 sanctus
2165 580 2420 644 insinuat,
2450 595 2516 632 an
2547 579 2766 632 forsitan
2796 577 2967 630 Patris
2991 575 3072 629 vel
3104 573 3224 628 Filii
3266 573 3509 642 jussione

1925 671 2123 726 invitus
2173 672 2224 725 in
2257 671 2667 725 criminosorum
2711 668 2946 722 membra
3001 666 3369 720 contruditur?
3400 665 3507 720 Sed

1925 764 2052 833 quid
2083 763 2325 826 facimus,
2359 762 2502 832 quod
2548 761 2778 830 Spiritus
2823 759 2910 813 uhi
2935 760 3045 812 vult
3076 759 3289 827 spirat?
3331 757 3434 824 Qui
3462 760 3509 812 si

1925 856 2125 925 absque
2154 855 2379 910 arbitrio
2405 869 2504 909 suo
2533 868 2759 922 corpora
2806 852 3018 921 indigna
3064 851 3384 916 sanctificat,
3414 865 3508 905 re-

1925 947 2086 1002 vincit
2133 946 2446 1016 prophetam
2511 945 2802 1010 dicentem,
2847 942 2986 1011 quod
3018 957 3124 994 non
3175 940 3429 995 habitavit
3454 940 3506 994 in

1923 1055 2148 1108 corpore
2170 1041 2382 1094 subdito
2407 1042 2637 1106 peccatis
2663 1037 2818 1108 (Sop.
2848 1053 2885 1104 ι,
2918 1035 2996 1106 4).
3026 1035 3284 1102 Quocirca
3314 1035 3507 1087 huma-

1924 1145 2025 1184 nus
2053 1130 2273 1196 spiritus
2304 1129 2574 1183 creatione
2610 1129 2911 1188 inchoatur,
2943 1126 3154 1181 divinus
3200 1137 3378 1181 autem
3407 1127 3506 1180 he-

1925 1221 2179 1290 nignitate
2207 1221 2538 1275 conceditur.
2569 1220 2684 1274 Non
2711 1220 2854 1274 enim
2886 1219 3087 1288 absque
3112 1219 3234 1272 vita:
3257 1233 3368 1273 sua:
3397 1218 3508 1287 spi-

1922 1312 2028 1366 ritu
2059 1321 2231 1376 erant,
2265 1311 2456 1382 quibus
2502 1312 2556 1366 in
2596 1311 2956 1381 apostolorum
3005 1309 3170 1378 gestis
3217 1310 3508 1378 imponitur

1924 1419 2114 1459 manus
2143 1405 2479 1475 utaccipiant
2501 1404 2759 1473 Spiritum
2792 1415 3032 1458 sanctum
3063 1403 3198 1471 (Act.
3258 1418 3372 1467 vnt,
3407 1403 3503 1469 l7;

1923 1512 2036 1562 xix,
2070 1496 2147 1568 6).
2180 1497 2332 1562 Quod
2389 1497 2434 1551 si
2475 1498 2644 1564 ipsum
2676 1510 2889 1564 quoque
2937 1493 3195 1562 Spiritum
3241 1501 3506 1556 sanctum,

1924 1603 2020 1657 pro
2041 1604 2106 1644 eo
2131 1590 2270 1658 quod
2295 1599 2600 1644 creatorum
2636 1587 2870 1642 fidelium
2895 1595 3101 1640 mentes
3130 1586 3387 1644 introeat,
3418 1598 3512 1637 vo-

1923 1681 2037 1734 lunt
2066 1681 2178 1736 fieri
2209 1690 2535 1746 creaturam,
2568 1680 2634 1735 de
2686 1679 3046 1748 suprascripta
3080 1676 3333 1730 videlicet
3383 1690 3484 1730 con

237 1773 510 1828 insuiﬂare
551 1773 972 1839 nisicorporeus
1002 1784 1106 1823 non
1129 1777 1325 1837 potest.
1356 1769 1496 1825 Deus
1513 1776 1689 1822 autem
1714 1782 1818 1821 non
1850 1774 1895 1835 Β
1923 1772 2200 1837 clusione,
2258 1771 2347 1840 qui
2393 1770 2753 1840 peremptorie
2801 1769 2934 1824 nihil
2987 1768 3243 1832 dicentes,
3294 1767 3339 1822 si
3394 1767 3509 1832 Dei,

231 1863 378 1933 quasi
405 1863 602 1918 animat
627 1863 737 1930 jam
769 1859 965 1914 viventi
988 1859 1235 1926 Spiritum
1290 1858 1480 1926 legitur
1517 1857 1820 1912 insuiﬂasse

233 1971 385 2025 quem
414 1954 724 2018 addiderit;
758 1952 850 2006 sed
883 1950 1121 2006 materia:
1152 1950 1384 2004 nondum
1432 1951 1653 2014 viventi,
1686 1950 1823 2003 sicut

232 2043 435 2112 antiqui
484 2041 701 2097 codices
746 2040 965 2105 habent,
1011 2040 1396 2108 spiramentum
1439 2040 1562 2093 vitae
1611 2054 1715 2108 quo
1769 2040 1820 2093 in

233 2135 469 2188 animam
501 2134 770 2189 viventem
799 2131 1200 2197 sublimaretur,
1232 2130 1442 2186 infudit.
1475 2133 1613 2199 Ergo
1654 2132 1698 2186 si
1740 2132 1822 2186 in-

233 2227 528 2297 spiratione
560 2226 658 2280 hac
694 2226 873 2279 anima
935 2224 1165 2279 hominis
1220 2224 1359 2279 facta
1393 2234 1496 2291 esr,
1527 2233 1712 2279 etnon
1741 2233 1823 2279 est

233 2321 374 2376 aliud
405 2322 586 2375 anima
619 2319 848 2373 humana
874 2332 1035 2388 quam
1069 2316 1309 2386 spiritus,
1363 2325 1528 2371 restat
1577 2317 1823 2386 spiritum

236 2413 500 2481 principio
532 2427 638 2466 non
659 2424 868 2466 carere.
896 2407 1049 2475 Quod
1083 2407 1345 2477 ohjurgati
1376 2422 1405 2460 a
1430 2406 1579 2461 vobis
1633 2421 1820 2462 sense-

234 2510 356 2555 runt
386 2500 489 2555 sibi
523 2499 765 2567 pretinus
793 2495 1194 2566 opponendum,
1217 2495 1317 2549 nisi
1336 2510 1428 2564 per
1453 2494 1824 2551 insufﬂationis

241 2592 464 2647 carnale
492 2597 855 2644 commentum
903 2586 1150 2655 spiritum
1197 2586 1367 2654 ipsum
1416 2587 1607 2640 animm
1652 2587 1825 2654 potius

233 2698 392 2752 quam
426 2681 645 2751 corpori
672 2679 899 2736 inditum
930 2677 1305 2732 mentirentur.
1353 2676 1483 2730 Nam
1534 2691 1655 2731 cum
1682 2693 1828 2747 quaa-

235 2785 354 2829 rant
380 2772 683 2828 intentione
707 2769 912 2835 lethali,
939 2783 1046 2824 non
1066 2767 1334 2837 quomodo
1349 2783 1467 2837 qua:
1488 2777 1614 2824 sunt
1628 2769 1826 2838 scripta

232 2873 587 2935 cognoscant,
620 2862 714 2917 sed
745 2861 973 2930 qualiter
1013 2860 1210 2928 scripta
1259 2869 1512 2929 putentur
1556 2875 1679 2916 esse
1708 2877 1826 2930 quae

234 2957 564 3025 przcdicant,
609 2955 734 3025 quid
778 2963 1025 3024 putamus
1060 2953 1318 3022 imperitis
1374 2953 1592 3020 faciunt,
1625 2957 1712 3024 qui
1743 2957 1826 3011 in-

234 3047 552 3102 structiouis
579 3054 774 3100 vestra:
800 3045 1154 3100 reverentiam
1187 3059 1291 3098 non
1333 3055 1623 3113 pavescunt
1652 3046 1674 3095 'I
1698 3047 1828 3101 Tra-

237 3147 467 3200 ctemus,
487 3138 534 3190 si
571 3137 786 3206 propitii
814 3137 1011 3202 sinitis,
1037 3145 1230 3206 quanta
1254 3135 1449 3204 ineptia
1476 3149 1824 3208 proponatur,

236 3229 374 3296 quod
401 3229 446 3282 si
476 3227 573 3282 Dei
603 3227 822 3296 spiritus
850 3235 1093 3282 creatura
1125 3242 1232 3281 non
1263 3237 1367 3294 est,
1406 3242 1467 3281 ac
1515 3230 1594 3284 sic
1637 3245 1734 3284 nec
1774 3233 1824 3284 in

245 3319 464 3374 homine
490 3327 736 3373 creatura
765 3317 964 3387 poterit
992 3317 1096 3371 dici
1120 3317 1356 3387 spiritus,
1385 3334 1542 3388 quem
1572 3320 1712 3374 Deus
1741 3319 1824 3375 in-

239 3410 486 3464 sufﬂasse
513 3408 844 3478 perhibetur.
876 3407 1016 3462 Nihil
1062 3408 1279 3463 omnino
1307 3423 1428 3463 esse
1482 3419 1677 3478 printer
1698 3411 1824 3478 duo,

240 3501 286 3554 id
325 3513 406 3556 est
439 3510 740 3556 creatorem
776 3509 1200 3568 creaturamque,
1239 3515 1382 3569 stepe
1420 3502 1693 3556 definitum
1720 3515 1822 3559 est.

244 3594 331 3648 Dei
366 3608 533 3662 porro
564 3593 784 3662 spiritus
806 3592 1000 3659 factor,
1033 3592 1262 3647 hominis
1286 3608 1412 3648 vero
1435 3594 1634 3649 factura
1658 3597 1825 3666 accipi

243 3685 420 3739 debet.
449 3684 603 3740 Unde
633 3683 854 3752 spiritus
885 3684 970 3752 qui
993 3683 1046 3737 in
1070 3683 1222 3737 nobis
1254 3685 1407 3748 vivit,
1453 3689 1689 3754 potentia
1734 3687 1826 3742 Dei

239 3776 572 3844 intelligitur,
600 3789 705 3828 non
737 3783 947 3828 natura.
975 3773 1105 3828 Nam
1133 3777 1176 3826 si
1202 3776 1506 3844 vegetandis
1530 3778 1681 3833 nobis
1703 3780 1828 3833 sub-

242 3868 434 3920 stantia
466 3865 637 3921 saneti
693 3866 925 3932 Spiritus
966 3865 1216 3920 credatur
1245 3866 1515 3932 immixta,
1547 3867 1738 3937 placab
1762 3869 1826 3923 lis

237 3960 303 4014 sit
333 3961 429 4014 Dei
462 3970 515 4013 et
548 3967 724 4013 vester
753 3958 985 4023 auditus,
1038 3957 1370 4025 blasphemia
1416 3958 1554 4023 talis,
1591 3961 1823 4014 utetiam

238 4052 606 4116 convincatur,
639 4051 726 4103 vix
758 4051 875 4102 sine
899 4057 1117 4117 peccato
1147 4049 1312 4117 repeti
1343 4058 1536 4116 potest.
1561 4050 1822 4117 Quoniam

238 4141 280 4193 si
328 4148 640 4209 prmventus
687 4141 976 4194 carnaliter
1023 4148 1208 4208 peccat
1256 4142 1477 4209 spiritus
1525 4142 1819 4207 humanus,

239 4234 469 4301 Spiritus
512 4241 732 4286 sanctus
782 4246 1006 4300 peccare
1057 4233 1108 4286 in
1163 4247 1230 4286 eo
1275 4232 1531 4288 dicendus
1575 4243 1696 4289 est:
1736 4237 1818 4291 vel

239 4334 384 4379 certe
406 4325 631 4391 Spiritui
647 4333 832 4379 sancto
846 4325 1217 4379 remissionem
1240 4324 1353 4379 dari
1384 4327 1671 4396 poscimus,
1697 4343 1819 4384 cum

239 4431 334 4482 pro
376 4416 748 4472 defunctorum
798 4417 1068 4486 spiritibus
1123 4417 1506 4486 supplicamus.
1554 4420 1819 4475 Parumne

1924 1863 2090 1926 aiunt,
2122 1861 2344 1930 spiritus
2371 1873 2615 1916 creatura
2637 1877 2742 1915 non
2768 1869 2869 1927 est,
2912 1874 2973 1913 ac
3004 1860 3045 1913 si
3072 1874 3167 1913 nec
3195 1858 3248 1912 in
3297 1858 3513 1913 homine

1923 1963 2167 2007 creatura
2201 1953 2397 2021 poterit
2420 1953 2527 2008 diei
2559 1971 2572 2007 :
2600 1952 2724 2021 quid
2754 1967 2896 2006 nunc
2943 1951 3011 2006 de
3041 1951 3212 2004 Patris
3264 1951 3349 2005 vel
3393 1949 3470 2003 Fil
3497 1951 3511 2004 i

1924 2044 2200 2099 divinitate
2222 2045 2550 2110 cens-bunt,
2598 2060 2757 2114 quam
2798 2051 2852 2098 et
2883 2051 3119 2097 creatam
3175 2044 3509 2097 comminisci

1927 2149 2032 2188 non
2065 2142 2338 2204 poterunt,
2371 2146 2424 2190 et
2455 2136 2684 2189 lectione
2729 2133 3000 2204 perterriti
3034 2132 3272 2186 habitare
3298 2143 3513 2186 sancto-

1926 2243 2042 2281 rum
2065 2241 2290 2297 corpora
2319 2241 2425 2281 non
2452 2227 2744 2297 negabunt,
2791 2223 3050 2293 Apostolo
3096 2222 3344 2277 ﬁdelibus
3391 2238 3514 2292 pro-

1927 2326 2158 2373 testante
2187 2335 2200 2371 ε
2236 2319 2499 2390 Templum
2538 2319 2669 2371 enim
2699 2316 2794 2370 Dei
2827 2324 3059 2370 sanctum
3088 2324 3182 2379 est,
3231 2316 3368 2385 quod
3395 2318 3514 2369 estis

1926 2426 2014 2464 vos
2044 2411 2094 2482 (1
2127 2410 2246 2468 Cor.
2281 2427 2368 2479 tu,
2402 2411 2537 2479 i7)?
2567 2408 2673 2465 Sed
2691 2423 2811 2463 cum
2853 2407 3343 2477 ineomparabiliter
3365 2408 3513 2476 plura

1927 2501 2032 2556 sint
2059 2518 2178 2572 quae
2200 2503 2301 2558 sub
2331 2501 2613 2572 praesentia
2640 2500 2823 2569 gloriae
2851 2509 3042 2554 vestrae
3062 2498 3274 2568 suggeri
3295 2508 3512 2567 queant,

1928 2592 2058 2647 illud
2090 2594 2140 2647 in
2172 2594 2276 2648 fine
2319 2593 2611 2655 sermonis,
2645 2592 2731 2660 qui
2765 2607 2869 2644 non
2919 2590 3092 2644 solum
3145 2590 3376 2644 tribuitis
3421 2592 3513 2646 svd

1930 2684 2209 2755 injungilis
2239 2685 2563 2750 libertatem,
2611 2683 2779 2738 Deum
2809 2698 3010 2753 vosque
3031 2724 3046 2748 ,
3081 2682 3261 2738 divina
3313 2692 3514 2737 vestra-

1928 2793 2034 2848 que
2058 2779 2416 2847 promissione
2440 2775 2626 2841 fretus,
2660 2775 2885 2830 obsecro
2917 2789 2985 2830 ne
3011 2775 3211 2829 diutius
3260 2773 3514 2828 sacerdo-

1931 2878 2010 2922 tes
2039 2869 2199 2924 vestri
2225 2868 2502 2931 dicantur,
2533 2866 2621 2934 qui
2647 2875 2834 2920 sancto
2854 2866 3071 2934 Spiritui
3093 2865 3466 2920 contradicunt
3500 2881 3514 2916 :

1930 2976 1996 3015 ne
2025 2961 2276 3030 deinceps
2305 2975 2485 3015 coram
2511 2959 2659 3014 vobis
2689 2959 3066 3029 permittuntur
3095 2959 3289 3014 docere
3313 2960 3398 3028 qui
3426 2973 3512 3012 re-

1929 3060 2098 3105 nuunt
2123 3052 2329 3105 discere
2362 3069 2374 3104 :
2409 3065 2477 3106 ne
2507 3060 2536 3088 ι
2583 3050 2650 3104 ad
2697 3050 3077 3119 perfectionem
3127 3059 3358 3104 vestram
3418 3050 3513 3103 ali-

1854 3135 1901 3196 C
1932 3152 2192 3209 quatenus
2220 3141 2568 3197 differendam
2614 3141 2902 3210 persistant
2953 3141 3328 3207 blasphemarc
3374 3142 3513 3209 quod

1929 3233 2175 3300 audiatis,
2207 3234 2296 3303 qni
2326 3234 2517 3288 nolunt
2543 3234 2746 3287 sentire
2769 3231 2910 3301 quod
2961 3231 3182 3286 creditis
3216 3247 3228 3284 :
3283 3247 3351 3285 ne
3380 3233 3512 3286 tole-

1929 3325 2096 3378 tando
2125 3325 2494 3391 imperitorum
2537 3324 2798 3378 versutias
2827 3332 2882 3378 et
2913 3323 3138 3391 ineptias
3163 3323 3511 3391 callidorum,

1929 3415 2331 3483 suspendamini
2359 3431 2387 3467 a
2412 3413 2768 3483 professione,
2796 3429 2914 3468 cum
2939 3413 3048 3483 jam
3079 3414 3276 3468 dudum
3309 3415 3360 3468 in
3385 3430 3513 3469 con-

1931 3506 2164 3561 fessione
2197 3507 2507 3560 teneamini.
2539 3506 2699 3560 Vobis
2737 3521 2830 3575 per
2858 3505 3138 3575 epistolam
3181 3520 3332 3560 suam
3381 3523 3512 3562 san-

1929 3605 2046 3650 ctus
2075 3595 2349 3665 apostolus
2379 3595 2574 3650 Paulus
2615 3595 2865 3649 inclamat
2895 3612 2906 3647 :
2939 3595 3064 3659 ρυω
3091 3612 3194 3666 pax
3222 3597 3364 3664 ﬁdeli
3395 3615 3511 3651 cum

1927 3689 2217 3755 inﬁdelibus
2247 3690 2272 3742 ?
2298 3704 2411 3758 quae
2439 3691 2652 3742 societas
2700 3687 2801 3740 luci
2828 3702 2943 3740 cum
2996 3688 3251 3741 tenebris?
3291 3688 3512 3756 Propter

1927 3782 2086 3850 quod,
2120 3781 2307 3850 inquit,
2333 3784 2463 3835 exite
2490 3782 2552 3834 de
2578 3781 2742 3834 medio
2766 3796 2960 3845 eorum,
2989 3791 3036 3833 et
3083 3783 3396 3850 separantini
3422 3782 3510 3852 (11

1927 3869 2045 3924 Cor.
2075 3885 2148 3932 vr,
2189 3872 2275 3933 15,
2320 3870 2409 3940 17)
2439 3885 2453 3935 ;
2487 3870 2672 3935 idest,
2724 3884 2792 3925 ne
2836 3871 3323 3925 communicaturos
3376 3874 3512 3924 ultra

1929 3961 2159 4028 peccatis
2184 3961 2373 4015 alienis
2401 3963 2546 4016 larva
2577 3962 2742 4028 partis
2779 3963 3021 4016 vicinitas
3078 3963 3327 4027 maculet,
3377 3979 3510 4032 quos

1924 4050 2160 4106 dexterae
2188 4051 2386 4107 veritas
2407 4051 2711 4122 acquisivit.

2463 4157 2491 4196 δ
2531 4157 2862 4213 EPISTOLA
2904 4159 2966 4213 ll.

1923 4251 2112 4292 Ανιτυε
2151 4249 2455 4290 VIENNENSIS
2494 4250 2772 4291 EPISCOPUS
2811 4251 2986 4291 DOMNO
3023 4252 3331 4292 GUNDOBADO
3363 4254 3505 4294 REGI.

1994 4327 2220 4383 Unicum
2253 4328 2411 4381 simul
2437 4336 2490 4381 et
2517 4326 2795 4396 multiplex
2819 4328 3017 4382 donum
3067 4330 3266 4385 smculo
3320 4342 3506 4385 nostro

1923 4425 2052 4471 nutu
2080 4418 2379 4472 Divinitatis
2407 4417 2670 4472 indultum
2703 4426 2807 4484 est,
2838 4427 2895 4472 ut
2922 4419 3060 4472 inter
3085 4421 3260 4489 regias
3288 4421 3506 4476 ordina-

241 4520 365 4576 rogo
405 4507 665 4562 hactenus
689 4507 807 4573 fuit,
860 4516 917 4561 ut
945 4506 1080 4561 alter
1121 4507 1350 4575 Spiritus
1395 4520 1646 4576 sanctus,
1679 4512 1818 4568 alter
1845 4494 1900 4554 Ῑ)
1927 4511 2097 4565 tiones
2125 4510 2493 4580 gloriosissimi
2537 4510 2868 4580 principatus
2914 4510 3100 4578 vestri,
3144 4513 3504 4582 principaliter

241 4595 546 4652 Paraeletus
571 4597 842 4651 diceretur
873 4612 888 4650 :
920 4597 1020 4650 nisi
1073 4597 1298 4651 addatur
1328 4599 1442 4652 hinc
1483 4614 1578 4667 pro
1629 4601 1815 4656 ultima

241 4687 456 4756 perfugii
482 4688 802 4741 necessitate
833 4686 1208 4752 numerositas,
1258 4698 1314 4741 ut
1360 4690 1640 4759 mancipati
1673 4693 1820 4746 insu-

235 4790 333 4840 per
361 4777 608 4845 contagio
635 4775 948 4831 delictorum
984 4785 1061 4828 tot
1088 4776 1252 4830 ditini
1300 4778 1518 4846 spiritus
1545 4791 1675 4848 quot
1716 4782 1816 4837 ho-

239 4867 405 4921 mines
431 4867 863 4935 computentur?
910 4867 975 4919 Et
1013 4868 1179 4935 perite
1217 4868 1423 4922 scilicet
1449 4869 1686 4925 decrevit
1725 4887 1812 4925 sa-

235 4956 518 5011 terdotalis
549 4957 862 5021 auctoritas,
897 4973 1002 5011 uno
1053 4958 1211 5013 modo
1257 4959 1464 5012 cunctis
1492 4964 1815 5030 generaliter

305 5144 330 5170 ³
356 5135 739 5188 Gundobadum
772 5146 952 5190 narrat
978 5137 1267 5203 Gregorius
1297 5136 1649 5201 Turonensis,
1675 5137 1811 5192 libro

233 5219 291 5267 ll,
325 5207 458 5257 Aviti
485 5206 721 5274 episc0pi
777 5207 1241 5260 dissertationibus
1273 5207 1599 5271 convictum,
1632 5208 1809 5261 Triui-

234 5277 460 5344 tatisque
501 5277 857 5343 aequalitatem
905 5278 1231 5338 centessum,
1265 5276 1401 5328 clam
1459 5286 1514 5328 ut
1549 5278 1810 5331 chrisma-

231 5357 377 5397 retur
407 5348 691 5412 expetiisse
725 5363 740 5411 ;
773 5356 914 5398 metu
940 5356 1118 5400 autem
1153 5347 1328 5413 populi
1361 5346 1695 5407 deterritum,
1744 5363 1814 5404 ne

229 5425 541 5481 conceptam
575 5416 734 5469 fidem
767 5417 996 5483 publice.
1031 5415 1170 5483 quod
1198 5417 1480 5483 episcopus
1529 5417 1810 5483 suadebat,

229 5487 594 5607 groiiteretur,
624 5487 872 5555 usquead
920 5487 1122 5540 exitum
1164 5487 1283 5539 vitae
1333 5486 1384 5538 in
1435 5485 1641 5541 insania
1694 5503 1814 5556 per-

267 5571 472 5607 urasse.

267 5571 472 5609 [11⁵3858.

301 5624 330 5662 ιι
379 5626 448 5678 De
496 5627 595 5679 hac
634 5626 852 5693 epistola
895 5635 948 5679 et
988 5624 1254 5693 sequenti,
1307 5624 1527 5692 aliisque
1571 5625 1814 5693 ejusdem

226 5696 550 5763 argumenti,
573 5711 690 5764 qua:
716 5698 764 5750 iu
796 5695 934 5748 Flori
967 5696 1197 5766 Excerpt
1219 5709 1244 5749 s
1275 5703 1660 5762 memorantur,
1690 5709 1813 5750 cum

472 5786 744 5846 PATROL.
795 5787 958 5846 LIX.

1924 4602 1991 4656 de
2023 4603 2214 4656 tuenda
2243 4601 2520 4656 catholicae
2548 4601 2711 4670 partis
2741 4603 2960 4656 veritate
3006 4603 3222 4657 curetis.
3249 4604 3323 4658 De
3353 4605 3503 4674 cujus

1924 4693 2082 4748 studii
2115 4695 2308 4762 pietate
2340 4693 2619 4762 processit,
2649 4693 2788 4763 quod
2819 4694 3035 4748 dimissa
3071 4710 3239 4763 nuper
3270 4695 3508 4750 clemen-

1925 4784 1992 4839 tis
2019 4785 2269 4854 prtecepti
2295 4786 2613 4839 auctoritate
2634 4785 2889 4854 iussistis,
2920 4794 2976 4839 ut
2998 4795 3182 4840 contra
3216 4785 3509 4856 Eutychia-

1926 4877 1980 4931 ni
2009 4876 2273 4947 dogmatis
2304 4877 2599 4931 redivivum
2635 4875 2892 4943 furorem,
2940 4878 3086 4931 velut
3130 4877 3197 4932 ab
3239 4879 3505 4934 exstincto

1921 4971 2255 5036 resurgentis
2305 4967 2536 5022 incendii
2579 4966 2764 5020 fomite
2811 4966 3183 5036 pullulantem,
3238 4967 3306 5022 de
3348 4983 3505 5024 sacro

1916 5141 2074 5196 laude
2107 5141 2347 5194 meminit
2379 5140 2517 5194 idem
2552 5138 2841 5207 Gregorius
2884 5138 3072 5192 eodem
3129 5139 3266 5192 loco.
3317 5136 3504 5192 Insur-

1913 5222 2076 5279 gente,
2109 5213 2298 5280 inquit,
2351 5211 2708 5280 Itwresi_apud
2756 5209 2924 5260 urbem
2980 5208 3503 5280 Constantinopolita-

1915 5277 2055 5345 nam,
2084 5277 2300 5334 tantilla
2340 5297 2490 5346 quam
2519 5277 2770 5347 Eutyches
2804 5295 2954 5346 quam
2985 5277 3077 5330 illa
3126 5293 3278 5344 quam
3317 5279 3505 5331 Sabel-

1920 5351 2022 5404 lius
2061 5353 2251 5412 docuit,
2277 5352 2328 5403 id
2366 5362 2461 5414 est,
2492 5350 2620 5401 nihil
2651 5349 2929 5400 divinitatis
2963 5348 3198 5399 habuisse
3223 5347 3501 5398 Dominum

1921 5431 2149 5473 nostrum
2165 5421 2341 5473 .lesunt
2355 5420 2633 5482 Christum,
2647 5427 2852 5486 rogante
2869 5417 3181 5469 Gundebado
3197 5431 3313 5482 rege
3327 5418 3503 5468 Avitus

1919 5501 2092 5542 contra
2145 5507 2230 5542 eos
2286 5490 2509 5554 scripsit.
2564 5487 2778 5540 Exstant
2825 5488 3008 5539 exinde
3038 5488 3197 5556 ipsius
3225 5486 3361 5552 apud
3409 5501 3500 5536 nos

1918 5562 2164 5625 epistola,
2218 5574 2330 5625 quae
2352 5560 2478 5610 sicut
2537 5567 2654 5608 tunc
2702 5556 2930 5610 hmresim
2989 5565 3383 5625 Oppresscrunt,
3431 5557 3498 5607 ita

1920 5645 2052 5682 nunc
2079 5627 2356 5682 Ecclesium
2389 5627 2480 5680 Dei
2505 5627 2784 5693 atdiﬁcant.

3183 5786 3219 5840 Ἶ
