4024 6172
514 266 617 315 205

1759 259 1818 313 S.
1860 257 2041 312 AVITI
2084 257 2492 316 VIENNENSIS

3679 263 3790 318 ειη

514 379 905 447 Scripturaruzn
942 374 1237 429 caelestium
1261 372 1409 426 fonte
1453 372 1824 441 exemplorum
1876 372 2092 425 ﬂumina
2123 375 2169 434 Α
2199 375 2382 428 situm.
2407 372 2600 427 Filium
2630 371 2744 440 Dei,
2776 385 2896 427 cum
2918 373 3077 428 Patre
3097 381 3219 429 ante
3245 374 3436 430 smcula
3465 388 3782 442 permanen-

515 468 847 522 deriventur.
875 465 917 520 Ο
940 478 1026 519 res
1055 463 1386 534 dignissima,
1414 478 1574 533 quam
1599 472 1773 516 tantus
1799 461 2098 531 priesulju~

516 561 685 624 heret,
709 556 753 610 si
783 556 1066 623 eligeretur
1094 554 1182 624 qui
1220 554 1516 623 jussionem
1545 553 1735 621 dignus
1775 552 2048 621 exciperet
2080 564 2094 605 :

513 650 557 703 si
586 649 753 702 virtus
786 647 1044 701 facundia:
1074 645 1322 700 thematis
1377 645 1733 714 responderet
1763 643 1966 697 auctori
2004 657 2018 696 :
2051 643 2096 696 si

515 740 580 794 ad
607 738 1059 808 multiplicandam
1093 737 1407 806 populorum
1439 736 1664 788 salutem
1693 736 1771 788 sic
1800 742 1980 787 nostra
2013 746 2097 786 sa-

518 830 984 898 tisfaceretlingua
1013 828 1278 896 proloqui,
1329 837 1389 880 ut
1433 827 1645 881 abunde
1694 825 1889 879 sufﬁcit
1948 824 2098 878 beni-

517 923 690 991 gnitas
720 927 893 973 vestra
920 919 1208 987 praecipere
1235 934 1248 969 :
1275 931 1394 969 cum
1425 916 1657 970 devincti
1684 915 1836 970 vobis
1869 915 2098 983 impera-

521 1015 651 1067 toris
695 1010 918 1081 patriam
947 1024 1360 1079 personamque,
1380 1023 1506 1074 non,
1543 1016 1602 1062 ut
1642 1009 1861 1076 regibus
1885 1008 2093 1062 caeteris

519 1107 682 1161 moris
710 1114 812 1173 est,
845 1102 1210 1157 tantummodo
1238 1102 1304 1154 ad
1328 1101 1666 1155 commodum
1699 1101 1981 1155 mundanae
2007 1116 2092 1168 pa-

519 1198 598 1252 cis
631 1196 821 1250 amatis
856 1210 868 1246 :
903 1193 998 1246 sed
1019 1192 1142 1246 dum
1176 1206 1356 1245 coram
1389 1190 1540 1245 vobis
1590 1190 1873 1258 praeveniri
1899 1190 2096 1244 timetis

519 1301 722 1349 errore,
744 1299 956 1340 omnem
989 1299 1106 1352 quae
1137 1281 1276 1335 inter
1297 1296 1390 1336 vos
1407 1288 1490 1336 est
1517 1281 1806 1335 amicitiam
1854 1281 1904 1335 in
1933 1296 1996 1334 eo
2021 1280 2095 1333 illi

521 1379 681 1433 vultis
705 1375 959 1444 prodesse
984 1389 1049 1426 ne
1077 1383 1281 1441 peccet.
1311 1373 1481 1438 Quem
1505 1372 1720 1440 quidem
1747 1380 1800 1426 et
1833 1371 2098 1439 prarconio

521 1471 782 1535 attollitis,
806 1477 860 1523 et
888 1467 1093 1521 fidelem
1149 1465 1257 1520 Deo
1317 1464 1675 1533 devotumque
1723 1463 1970 1518 laudatis.
2027 1463 2097 1515 De

520 1577 619 1630 qua
649 1561 917 1628 prmcipue
947 1556 1010 1609 ad
1042 1554 1378 1624 triumphalis
1411 1555 1620 1608 veniam
1649 1553 1990 1621 plenitudinis
2010 1568 2099 1606 ve-

522 1656 669 1706 niant
700 1649 817 1719 quis
841 1648 996 1715 digne
1017 1653 1268 1700 meretur.
1300 1644 1412 1714 Ego
1442 1653 1615 1699 tamen
1643 1644 1808 1698 Deum
1842 1659 1936 1712 pro
1966 1642 2098 1695 viri-

2199 472 2330 528 tem,
2360 479 2516 533 quem
2542 463 2739 517 idcirco
2783 463 2847 516 ad
2884 464 3109 518 salutem
3155 475 3393 520 nostram
3439 466 3790 522 descendisse

2199 555 2267 609 de
2290 555 2429 608 cmlo
2470 562 2525 608 ut
2551 569 2744 623 corpus
2763 563 3062 608 assumeret
3091 554 3224 609 fides
3272 565 3421 610 recta
3469 557 3787 623 confitetur,

2205 655 2397 712 negant
2427 644 2479 697 in
2510 644 2686 697 alvum
2728 643 3012 698 femineam
3053 644 3290 713 potuisse
3336 646 3582 700 contrudi
3611 663 3627 712 ;
3659 663 3788 701 cum

2201 734 2297 788 Dei
2326 734 2512 799 Filius,
2537 733 2719 803 utique
2748 733 2910 796 Deus,
2934 734 3022 802 qui
3046 734 3248 787 dixerat
3277 749 3370 802 per
3423 735 3745 806 prophetam
3774 753 3789 788 :

2203 827 2395 880 Caelum
2418 837 2464 880 et
2496 835 2679 881 terram
2709 843 2799 897 ego
2819 827 3002 897 impleo
3028 826 3159 899 (Jer.
3189 844 3352 894 um,
3394 829 3521 898 ΞΛ),
3553 847 3660 886 non
3691 846 3794 899 po-

2201 919 2362 972 tuerit
2391 917 2574 972 venire
2598 931 2703 986 quo
2729 926 2860 982 erat,
2892 919 2992 971 nisi
3041 933 3134 987 per
3177 919 3574 989 susceptionem
3605 921 3790 974 carnis

2197 1007 2563 1076 acquiesceret
2589 1021 2708 1060 esse
2729 1006 2868 1075 quod
2889 1022 2995 1060 non
3022 1016 3158 1062 erat.
3177 1007 3345 1073 Quam
3377 1009 3788 1063 conclusionem

2200 1107 2445 1151 metuens
2459 1097 2731 1168 Eutyches
2754 1097 2845 1151 ille
2866 1112 3022 1166 quem
3048 1098 3336 1167 loquimur,
3363 1113 3482 1153 cum
3503 1099 3554 1152 in
3573 1099 3788 1169 synodo

2203 1189 2449 1255 superius
2497 1187 2770 1256 designata
2791 1187 3030 1241 studiose
3046 1188 3113 1240 ab
3128 1188 3457 1242 auditoribus
3476 1204 3784 1258 urgeretur,

2201 1287 2258 1333 ut
2287 1277 2313 1316 δ
2346 1279 2564 1333 Mariam
2597 1279 2856 1347 virginem
2887 1289 2909 1317 ε
2934 1279 3168 1334 Θεοτὸκον
3194 1320 3207 1344 ,
3249 1279 3298 1333 id
3329 1290 3411 1334 est
3455 1297 3574 1350 qua:
3615 1282 3787 1336 Deum

2201 1371 2517 1442 peperisset,
2552 1371 2921 1438 pronuntiaret
2948 1381 3107 1440 atque
3129 1370 3509 1439 subscriberet,
3535 1373 3602 1426 ad
3631 1373 3786 1442 inge-

2203 1462 2274 1515 nii
2308 1460 2595 1530 nequitiam
2638 1461 2827 1515 fraude
2875 1475 3199 1529 conversus,
3238 1463 3606 1536 Χριστοτόκον,
3661 1478 3786 1533 qua:

2201 1550 2472 1606 Chris:um
2505 1551 2874 1606 tantummodo
2906 1552 3176 1606 videretur
3207 1552 3457 1618 edidisse,
3503 1555 3786 1610 confessus

2201 1654 2320 1699 est:
2355 1644 2643 1700 utscilicet
2663 1644 2834 1698 divisa
2857 1644 3108 1699 credatur
3161 1659 3389 1714 persona
3436 1661 3555 1713 quae
3601 1659 3788 1701 servat

522 1743 620 1798 bus
643 1753 847 1808 qumso,
874 1747 930 1790 ut
951 1736 996 1791 is
1020 1735 1133 1804 ipse
1159 1735 1224 1788 de
1257 1751 1362 1803 quo
1387 1735 1672 1804 loquimur,
1722 1734 1901 1788 Caesar
1944 1734 2094 1788 Grm-
2126 1738 2168 1797 Β
2197 1734 2493 1788 divinitatis
2525 1742 2798 1804 naturam,
2847 1735 2914 1790 ab
2962 1749 3025 1789 ea
3078 1750 3195 1803 qua:
3229 1736 3479 1790 sustinuit
3516 1738 3789 1805 passionis

521 1847 726 1898 eorum,
753 1830 797 1884 si
824 1828 995 1884 fidelis
1038 1826 1207 1890 vobis,
1236 1829 1392 1880 etiam
1424 1826 1579 1880 nobis
1596 1824 1940 1889 honorabilis,
1972 1839 2092 1893 per-

521 1924 863 1980 suadeatura
916 1918 1157 1988 principe
1213 1927 1395 1971 nostro
1425 1916 1565 1986 quod
1619 1916 1841 1971 suadeat
1896 1916 2093 1985 populo

521 2030 619 2070 suo
648 2033 660 2067 :
685 2022 736 2068 et
763 2027 883 2066 cum
913 2023 970 2063 se
995 2008 1061 2062 ad
1085 2008 1366 2064 tenendam
1411 2008 1688 2062 veritatem
1738 2007 1888 2062 vobis
1917 2007 2093 2063 reddi-

521 2108 660 2164 derit
687 2104 940 2167 docilem,
963 2100 1028 2154 ad
1059 2100 1408 2170 expugnanda
1443 2099 1670 2168 propriae.
1708 2098 1938 2166 regionis
1967 2112 2095 2152 con-

525 2201 660 2270 tagia
691 2194 1084 2267 prredicationis
1110 2202 1302 2247 vestrae
1349 2192 1545 2245 factum
1595 2206 1656 2246 se
1694 2190 1920 2260 gaudeat
1945 2189 2095 2258 adju-

523 2303 691 2347 torem
721 2297 746 2325 α
774 2284 1043 2355 Eutychos
1067 2297 1214 2350 ergo,
1250 2281 1501 2350 perniciei
1537 2281 1689 2349 cujus
1741 2281 1940 2335 mentio
1990 2289 2092 2346 est,

521 2383 762 2436 funestus
781 2378 1046 2441 incentor,
1067 2372 1669 2440 Constantinopolitanm
1701 2371 1953 2427 Ecclesiae
1973 2373 2093 2441 qui-

522 2474 640 2527 dem
666 2470 964 2540 presbyter,
997 2466 1089 2520 sed
1113 2465 1342 2534 copiosa:
1387 2464 1770 2518 monachorum
1801 2464 2098 2518 multitudi-

523 2564 604 2617 nis
635 2561 949 2630 praepositus
971 2558 1067 2612 fuit
1095 2574 1110 2610 :
1139 2557 1290 2624 cujus
1357 2555 1519 2609 ofﬁcii
1567 2569 1821 2624 personas
1861 2557 2094 2624 episcopi

523 2652 810 2709 orientales
866 2648 1310 2704 archimandritas
1359 2648 1649 2716 appellant.
1706 2647 1801 2700 Hic
1857 2662 1984 2717 ergo
2032 2649 2097 2702 ad

524 2759 787 2801 summum
816 2742 1170 2798 sacerdotium
1199 2739 1350 2793 fama:
1377 2739 1628 2808 suffragio
1657 2739 2098 2808 comparandum,

525 2834 942 2893 intromittenda:
998 2831 1362 2901 cujuscunque
1413 2831 1664 2885 novitatis
1708 2832 1888 2884 studio
1932 2846 2100 2900 appe-

525 2940 698 2987 tenter
725 2925 1190 2991 ardcscens,istud
1211 2924 1349 2994 quod
1378 2925 1428 2977 in
1460 2923 1812 2978 sectatoribus
1841 2924 1956 2994 ejus
1976 2924 2102 2978 hor-

525 3035 725 3088 remus,
753 3017 985 3073 susurris
1029 3016 1220 3070 dicitur
1235 3015 1400 3083 magis
1421 3013 1685 3068 invexisse
1701 3029 1858 3084 quam
1887 3015 2096 3070 litteris.

2194 1825 2464 1895 injuriam.
2498 1826 2888 1882 Refrenandam
2939 1840 2970 1880 a
3011 1835 3279 1896 praerupto
3319 1826 3536 1895 ancipiti
3585 1828 3780 1880 laevam

2193 1918 2423 1986 fugiens,
2449 1919 2727 1973 dexteram
2754 1932 2862 1973 non
2895 1933 3251 1986 praesumens,
3296 1933 3357 1971 ac
3379 1919 3604 1987 perinde
3642 1920 3785 1973 latus

2195 2015 2480 2079 utrumque
2504 2009 2795 2064 formidans
2825 2049 2840 2074 ,
2888 2010 2988 2064 sub
3039 2011 3448 2078 temperamenti
3489 2011 3666 2064 medio
3698 2013 3782 2065 via

2197 2103 2380 2167 tutior,
2407 2102 2458 2155 in
2482 2116 2586 2170 qua
2610 2101 2879 2170 duplicem
2903 2099 3252 2154 substantiam
3276 2099 3650 2167 Redemptoris
3673 2101 3786 2156 dis-

2204 2193 2350 2247 cerni
2375 2193 2599 2246 dicimus
2625 2207 2804 2261 posse,
2839 2206 2944 2245 non
2974 2191 3159 2245 dividi.
3200 2191 3381 2260 Neque
3412 2206 3510 2246 nos
3539 2192 3784 2256 nitimur,

2198 2293 2255 2337 ut
2284 2282 2605 2338 inviolabilis
2637 2280 2895 2336 Divinitas
2923 2283 3135 2336 dolores
3185 2262 3475 2350 corporeos
3523 2297 3782 2351 perpessa

2197 2375 2463 2437 credatur,
2493 2389 2611 2428 cum
2643 2374 2818 2428 omnis
2837 2382 3146 2427 cunctorum
3198 2388 3481 2442 corporum
3511 2373 3671 2428 dolor
3693 2388 3786 2428 se-

2198 2475 2436 2520 cuturam
2465 2474 2690 2519 mortem
2723 2463 2951 2518 naturali
2983 2463 3210 2532 quodam
3258 2463 3529 2532 prmcedat
3574 2463 3782 2518 officio.

2200 2556 2352 2611 Unde
2376 2557 2512 2610 sicut
2532 2565 2585 2610 et
2615 2555 2724 2624 ipsa
2754 2569 2881 2609 caro
2925 2562 3129 2621 nostra,
3181 2554 3596 2608 resurrectionis
3644 2553 3788 2608 deno

2201 2649 2544 2718 impassibilis
2572 2646 2746 2702 futura
2800 2655 2918 2715 post
2947 2655 3172 2700 mortem
3213 2654 3332 2700 est:
3361 2646 3438 2700 sic
3484 2647 3648 2712 Deus,
3693 2646 3786 2715 qui

2200 2741 2401 2795 sentire
2425 2739 2628 2794 obitum
2659 2752 2761 2792 non
2788 2745 2983 2807 potest,
3011 2747 3259 2806 suscepto
3285 2738 3498 2806 corpori
3549 2740 3633 2794 cui
3663 2739 3784 2792 uni-

2203 2839 2286 2885 tus
2313 2830 2630 2894 adbreserat,
2664 2828 2781 2882 sine
2809 2827 3044 2897 patiendi
3071 2828 3364 2882 acerbitate
3410 2830 3746 2898 compatiens
3768 2871 3782 2893 ,

2203 2935 2301 2975 nec
2322 2920 2492 2974 defuit
2522 2920 2573 2973 in
2621 2919 2810 2974 salutis
2839 2927 3037 2974 nostra:
3057 2919 3293 2989 glorioso
3329 2934 3517 2989 agone,
3562 2935 3661 2974 nec
3687 2920 3788 2975 do-

2205 3013 2320 3066 luit.
2351 3012 2548 3066 Contra
2573 3011 2727 3080 hujus
2761 3010 3119 3065 distinctionis
3167 3025 3384 3064 sensum
3435 3012 3657 3066 haeresis
3681 3013 3782 3066 ad-

525 3113 799 3184 Siquidcm
855 3109 987 3165 nihil
1034 3109 1235 3164 exstitit
1283 3109 1443 3162 clara:
1495 3107 1812 3163 eruditionis
1860 3107 1914 3162 in
1962 3108 2097 3173 viro,
2127 3103 2175 3166 C
2209 3119 2359 3160 versa
2382 3119 2440 3158 se
2466 3103 2770 3172 subrigens,
2813 3104 2955 3158 veris
3011 3102 3334 3158 cruciatibus
3364 3117 3464 3157 nec
3504 3103 3783 3158 Christum

526 3207 666 3276 quod
696 3205 745 3259 in
773 3204 942 3272 aliqua
997 3202 1126 3257 recti
1164 3201 1512 3255 similitudine
1559 3215 1775 3255 sensum
1828 3211 2100 3270 concepta:

525 3296 876 3351 animositatis
901 3300 1184 3346 astrueret.
1211 3290 1420 3346 lnfeCtis
1449 3291 1692 3359 primitus
1718 3291 2101 3345 monachorum

528 3387 722 3442 animis
752 3387 852 3438 hoc
878 3398 1108 3445 veneno,
1143 3395 1279 3447 quos
1335 3382 1537 3434 nefario
1567 3381 1766 3435 docens
1802 3382 1902 3435 sub
1926 3381 2104 3436 colore

527 3475 868 3548 gubernaculi
897 3472 1188 3541 naufragiis
1220 3471 1518 3540 exponebat
1547 3511 1562 3537 ,
1608 3471 1899 3535 numerosi,
1933 3481 1989 3526 ut
2016 3485 2106 3525 su-

527 3583 619 3637 pra
655 3567 908 3629 diximus,
941 3563 1223 3617 comitatus
1260 3560 1644 3616 breresiarches
1690 3561 1932 3626 effectus.
1965 3563 2104 3616 mul-

526 3669 700 3714 torum
734 3655 1028 3709 antistitum
1056 3653 1324 3722 judicante
1345 3653 1592 3721 concilio,
1613 3668 1711 3708 nec
1739 3668 1844 3708 non
1876 3664 1928 3709 et
1959 3669 2107 3724 pres-

525 3748 730 3820 byteris
758 3747 903 3800 urbis
941 3745 1124 3798 Romae
1153 3745 1204 3796 in
1227 3743 1278 3797 id
1310 3743 1483 3813 ipsum
1524 3743 1764 3811 directis,
1811 3745 2104 3813 discussus,

525 3840 768 3894 detectus
798 3844 958 3904 atque
989 3834 1268 3888 damnatus
1301 3842 1401 3887 est.
1433 3833 1537 3888 Sed
1556 3835 1676 3902 quia
1705 3834 1909 3889 nullum
1937 3837 2107 3891 schis-

524 3945 609 3984 ma
637 3930 714 3982 sic
741 3940 971 3994 unquam
993 3940 1112 3978 cum
1146 3933 1363 3978 auctore
1408 3939 1504 3978 suo
1536 3926 1706 3993 potuit
1758 3926 2020 3996 abrogari,
2053 3935 2109 3982 ut

523 4034 587 4072 cx
618 4019 825 4085 integro
857 4015 1148 4083 depelleret
1172 4014 1458 4082 perniciem
1491 4015 1824 4084 magisterii;
1851 4033 1973 4072 mox
1997 4033 2109 4072 ma-

524 4109 633 4163 !om
665 4107 804 4176 quod
837 4106 996 4174 digna
1025 4103 1336 4173 pontificum
1381 4104 1552 4159 fuerat
1581 4107 1885 4174 provisione
1930 4110 2106 4163 succi-

525 4214 665 4262 sum,
697 4197 942 4266 contagio
973 4204 1339 4264 susceptorum
1382 4195 1490 4264 jam
1526 4197 1730 4264 pridem
1762 4198 1963 4252 semina
1994 4215 2108 4254 ser-

530 4305 684 4355 vans,
712 4290 856 4343 velut
876 4288 944 4342 ab
996 4287 1190 4342 infecta
1234 4287 1375 4341 loliis
1421 4287 1614 4343 tellure
1660 4293 1914 4344 surrexit.
1974 4291 2106 4345 ilinc

531 4395 672 4437 nunc
702 4380 972 4434 haereseos
1001 4386 1185 4431 contra
1213 4391 1370 4445 quam
1402 4378 1688 4446 loquimur,
1718 4380 1894 4434 audite
1915 4396 2107 4451 propo-

2203 3197 2399 3263 patitur
2427 3193 2670 3247 inclinari
2702 3210 2715 3245 :
2752 3209 2872 3248 cum
2904 3194 2958 3246 in
3001 3193 3113 3262 ipsa
3157 3193 3443 3248 Divinitate
3470 3195 3520 3247 in
3549 3209 3655 3264 qua
3701 3197 3786 3248 in-

2206 3286 2381 3341 veniri
2408 3300 2514 3340 non
2548 3293 2722 3354 potest
2744 3283 2960 3338 afﬂictio
2982 3284 3294 3352 corporalis,
3316 3283 3582 3338 interdum
3608 3295 3789 3340 tamen

2206 3378 2417 3447 pietatis
2445 3377 2743 3446 reperiatur
2797 3376 3028 3442 affectio,
3085 3376 3224 3430 sicut
3279 3376 3504 3446 legimus
3561 3377 3664 3431 dici
3721 3378 3791 3432 de

2205 3467 2494 3523 lsraelitis:
2531 3466 2953 3520 Exclamare-unt
2988 3465 3055 3517 ad
3107 3466 3288 3530 Deum,
3337 3468 3424 3536 qui
3451 3467 3613 3520 doluit
3639 3483 3792 3538 super

2207 3562 2423 3617 miseriis
2449 3575 2618 3612 eorum
2644 3556 2793 3627 (Iud.
2829 3573 2882 3622 Χ,
2913 3556 3002 3622 l5,
3055 3555 3142 3625 16)
3175 3575 3189 3622 ;
3221 3569 3272 3611 et
3306 3558 3592 3625 Apostolus
3634 3559 3792 3625 jubet

2207 3664 2265 3710 ut
2295 3669 2400 3710 non
2442 3651 2822 3707 contristemus
2859 3649 3114 3718 Spiritum
3159 3659 3399 3704 sanctum
3435 3650 3526 3703 Dei
3566 3650 3788 3721 (Ephes.

2207 3763 2290 3812 tv,
2321 3746 2413 3811 50)
2439 3760 2454 3809 ;
2481 3752 2530 3798 et
2555 3743 2599 3796 si
2621 3756 2722 3810 qua
2747 3741 2828 3794 his
2857 3742 3120 3794 sententia
3151 3739 3340 3794 similis
3367 3739 3421 3794 in
3441 3741 3610 3795 sacris
3638 3740 3793 3793 volu-

2210 3839 2443 3894 minibus
2473 3834 2761 3899 recensita,
2786 3833 2997 3888 bonitas
3019 3835 3195 3903 potius
3217 3833 3600 3888 misericordia:
3629 3850 3790 3904 quam

2209 3928 2499 3984 necessitas
2523 3932 2603 3979 est
2632 3932 2856 3978 natum.
2880 3923 3095 3977 Interim
3114 3925 3168 3977 in
3185 3924 3638 3992 consequentibus
3658 3925 3792 3979 duo-

2211 4034 2330 4075 rum
2359 4017 2657 4071 assertione
2678 4014 2864 4079 dilata,
2890 4015 3066 4068 unitas
3117 4014 3247 4067 mihi
3296 4015 3346 4067 in
3397 4014 3612 4070 Christo
3665 4015 3790 4070 sub-

2209 4105 2663 4174 stantizeduplicis
2713 4113 3002 4158 astruetur.
3053 4104 3155 4159 Ubi
3191 4113 3315 4159 sunt
3357 4107 3498 4160 enim
3543 4116 3686 4159 tanta
3735 4108 3788 4160 in

2210 4199 2500 4268 Scripturis
2543 4195 2782 4250 coelestia
2834 4196 3088 4265 mysteria
3154 4197 3434 4262 veritatis,
3491 4213 3610 4266 qua:
3655 4199 3790 4251 nihl

2211 4291 2354 4346 aliud
2387 4288 2698 4354 moliuntur,
2725 4286 2826 4339 nisi
2857 4298 2914 4340 ut
2971 4287 3124 4341 nobis
3174 4288 3595 4342 incarnationem
3629 4289 3788 4343 Vcrhi

2209 4399 2332 4440 cum
2366 4379 2599 4436 hominis
2626 4377 2904 4433 divinitate
2947 4380 3308 4446 persuadeant
3339 4380 3361 4433 Τ
3414 4378 3481 4432 In
3512 4380 3786 4450 principio,

596 4564 623 4593 ι
663 4551 1048 4628 Celeberrimo_
1080 4547 1539 4628 Constaptirppoli
1584 4553 1912 4628 monasterio
1959 4569 2097 4622 ιιι-ω·
2126 4559 2173 4617 D
2201 4557 2472 4626 concepit,
2505 4555 2671 4608 Deum
2694 4552 2925 4623 denique
2953 4553 3006 4608 in
3037 4551 3250 4611 Christo
3273 4571 3394 4612 esse
3422 4567 3635 4628 natura,
3681 4577 3787 4618 non

527 4624 689 4678 fuisse
721 4631 942 4676 testatur
972 4619 1254 4671 Liberatus
1285 4621 1334 4670 in
1366 4619 1662 4680 Breviario;
1697 4621 1789 4673 sed
1823 4619 2094 4679 monaste-

526 4696 588 4748 rii
621 4707 844 4753 nomen,
897 4703 995 4742 nec
1025 4688 1137 4754 ipse
1182 4701 1280 4740 nec
1309 4687 1397 4740 alii
1431 4688 1682 4754 produnt.
1731 4690 1826 4744 Hic
1861 4695 2094 4748 nominis

527 4763 609 4816 sui
642 4760 885 4814 haeresim
915 4757 1146 4811 condere
1172 4757 1394 4810 adorsus
1425 4773 1565 4810 anno
1584 4759 1776 4813 Christi
1797 4761 1922 4824 M7,
1945 4763 2098 4817 dam-

527 4840 682 4886 natus
729 4827 1094 4898 estprimum
1159 4826 1210 4879 in
1256 4826 2093 4898 synodo_Constantinopolitana

528 4899 784 4962 Flaviani,
815 4896 1006 4950 deinde
1034 4897 1084 4949 in
1112 4896 1437 4949 mcumenica
1464 4896 1906 4953 Chalcedonensi.

597 4968 625 5006 δ
662 4966 884 5037 Eutychi
931 4966 1116 5037 tribuit
1151 4966 1289 5034 quod
1321 4965 1566 5021 Nestorio
1612 4971 1959 5035 congruebat.
1993 4971 2095 5027 Ne-

528 5039 676 5096 storii
702 5036 844 5092 enim
873 5052 1025 5090 error
1051 5036 1174 5101 fuit,
1201 5045 1438 5089 sanctam
1477 5037 1693 5090 Mariam
1723 5041 1952 5094 Θεοτὸκον
1989 5057 2094 5098 non

529 5107 978 5180 essedicendam,
1008 5106 1099 5180 s_ed
1127 5105 1480 5180 χριᾳτοῖόκον.
1504 5108 1635 5159 Tota
1661 5107 1818 5175 igitur
1846 5112 2092 5180 epistola,

529 5179 629 5233 ezsi
660 5177 820 5231 habet
857 5190 977 5244 qua:
1018 5175 1239 5244 Eutyizhi
1289 5175 1660 5246 adversentur,
1702 5175 1969 5246 prmcipue
2019 5175 2095 5234 ta;

529 5263 654 5302 men
684 5247 939 5300 adversus
967 5246 1266 5300 Nestorium
1299 5244 1537 5306 dimicat,
1584 5248 1671 5314 qui
1700 5247 1832 5301 duas
1857 5244 1908 5303 in
1939 5250 2098 5305 Chri-

529 5327 614 5371 sto
638 5329 891 5387 personas
921 5314 1207 5387 statuebat,
1241 5329 1398 5387 u_nam
1433 5315 1546 5379 Dei,
1588 5317 1808 5387 alteram
1840 5320 2090 5385 hominis,

529 5384 852 5454 Mariamque
898 5384 1074 5438 aiebat
1118 5399 1222 5436 non
1261 5384 1426 5439 Deum
1461 5386 1748 5452 peperisse,
1799 5389 1892 5442 sed
1925 5384 2095 5445 homi-

529 5473 651 5512 nem
679 5453 779 5526 qui
796 5453 1288 5526 divinitategpostea
1335 5456 1384 5507 in
1423 5455 1698 5526 baptismo
1741 5457 1809 5510 sit
1846 5459 2093 5514 donatus.

529 5525 740 5588 Avitus,
768 5534 974 5589 centra,
1005 5525 1214 5578 unicam
1242 5525 1705 5598 ὀρρφιλιιαιιιὶειο
1728 5528 1954 5598 duplicis
1971 5533 2096 5583 snh-

531 5599 735 5649 stantia:
767 5609 1068 5663 personam,
1095 5608 1244 5661 aeque
1275 5594 1365 5648 Dei
1396 5594 1582 5648 Filium
1608 5605 1661 5650 et
1682 5594 1910 5652 hominis
1935 5599 2094 5653 fuisse

536 5679 687 5730 quem
719 5665 875 5719 Pater
915 5667 1030 5719 sine
1078 5675 1247 5719 matre
1291 5668 1492 5733 genuit,
1541 5667 1764 5734 genitrix
1793 5671 1909 5724 sine
1939 5679 2091 5738 patre

2240 4640 2394 4682 ratta.

2206 4645 2555 4750 Erilli‘iorum
2598 4697 2821 4750 alterum
2866 4701 3068 4747 tantum
3119 4693 3434 4767 admittebat
3479 4698 3780 4767 Nestorius,

2207 4776 2454 4820 neutrum
2508 4767 2770 4835 Eutychos
2795 4806 2842 4835 ,γ
2875 4775 3154 4833 utrmnque
3208 4765 3446 4820 Ecclesia
3497 4765 3782 4828 catholica.

2207 4837 2485 4909 lfcstorius
2514 4834 2678 4900 enim,
2730 4842 2789 4909 ιιι
2816 4834 3016 4909 dictum
3060 4844 3162 4909 est,
3214 4836 3494 4904 Deiparam
3533 4844 3785 4909 negabat,

2206 4905 2592 4971 Christiparam
2627 4904 3001 4968 confitebatur,
3029 4906 3121 4958 sed
3154 4909 3404 4962 haeretica
3424 4904 3788 4970 sensuCChriL

2207 4986 2346 5049 stum
2377 4990 2623 5049 asserens
2657 4975 2925 5028 hominem
2962 4976 3330 5049 tantummodo
3372 4993 3436 5030 ex
3466 4979 3627 5032 Maria
3660 4997 3785 5049 pro-

2209 5045 2391 5099 diisse.
2429 5044 2698 5113 Eutychos
2729 5059 2875 5106 vero,
2896 5058 3014 5096 cum
3038 5059 3250 5099 carnem
3278 5046 3344 5099 de
3366 5049 3505 5101 cmlo
3533 5044 3784 5106 habuisse

2201 5116 2501 5180 Chrisutm,
2537 5112 2634 5168 nec
2661 5113 2734 5166 illi
2766 5128 2793 5165 a
2825 5112 2983 5166 Maria
3013 5114 3362 5167 ministratam
3387 5118 3624 5181 doceret,
3652 5121 3784 5175 nihil

2201 5199 2377 5239 causa!
2406 5185 2588 5238 habuit
2615 5199 2710 5237 cur
2741 5183 2835 5237 Dei
2866 5192 2954 5236 aut
2983 5181 3180 5236 Christi
3210 5194 3431 5238 matrem
3463 5189 3781 5254 appellaret.

2198 5257 2268 5308 At
2285 5254 2418 5308 fides
2435 5254 2726 5307 orthodoxa
2746 5264 3028 5321 utrumque
3043 5255 3490 5322 sicamplectitur,
3512 5269 3566 5310 ut
3582 5270 3786 5312 utrum-
3879 5302 3881 5304 .

2199 5340 2302 5392 que
2330 5325 2382 5376 in
2416 5334 2639 5390 utroque
2670 5323 2826 5376 tacite
2856 5325 3189 5391 profiteatur.
3243 5325 3370 5377 Nam
3400 5342 3518 5379 cum
3553 5330 3600 5380 in
3627 5329 3784 5383 Citri-

2199 5404 2283 5447 sto
2314 5394 2477 5447 Deum
2511 5394 2576 5445 ab
2635 5393 2849 5446 homine
2881 5407 2985 5444 non
3014 5392 3254 5459 divellat,
3304 5410 3401 5448 nec
3432 5396 3703 5452 hominem
3732 5403 3781 5454 in

2203 5464 2427 5537 Deipara
2459 5463 2714 5525 excludit,
2765 5478 2861 5516 nec
2893 5463 3056 5537 Deum
3086 5463 3135 5515 in
3169 5464 3491 5537 Christipara
3518 5484 3530 5519 :
3565 5479 3782 5537 propter

2199 5534 2519 5598 singularem
2557 5547 2802 5602 personze
2830 5531 3108 5595 unitatem,
3141 5550 3240 5602 qua
3273 5531 3502 5590 Verbum
3537 5531 3586 5592 in
3619 5531 3781 5596 carne

2197 5616 2342 5726 garo,
2380 5603 2538 5682 homo
2563 5603 2611 5657 in
2645 5601 2754 5657 Deo
2787 5601 2926 5657 Deus
2967 5613 3070 5672 εει,
3121 5601 3180 5659 ut
3208 5605 3440 5674 loquitur
3468 5607 3778 5665 Vincentius

2244 5686 2510 5726 Il'llIL'nSIS.

2244 5686 2510 5727 IFIIICDSIS.
