4024 6172
341 264 444 317 2υὸ

1752 254 2079 309 EPISTULA
2122 254 2182 309 11.

3500 258 3603 308 ςιεδ

342 374 529 444 inquit,
562 381 671 425 erat
702 370 944 433 Verbum,
980 378 1023 422 et
1060 368 1278 422 Verbum
1302 376 1409 421 erat
1464 368 1600 436 apud
1647 363 1834 432 Deum,
1880 376 1925 417 et
1958 371 2003 426 Α
2033 364 2173 435 quod
2200 364 2266 419 de
2296 365 2384 419 tali
2414 365 2713 419 ministerio
2741 375 2881 422 esset
2911 366 3193 422 dicendum
3226 386 3238 421 :
3273 369 3413 437 quod
3468 387 3605 423 hunc

338 466 476 520 Deus
501 472 611 519 erat
650 461 875 517 Verbum
906 459 1084 531 (Joan.
1111 474 1147 526 ι,
1184 458 1255 531 l).
1291 458 1428 513 Ecce
1458 460 1771 528 agnovimus
1800 456 1927 526 quid

336 567 451 613 erat
474 553 618 623 quod
650 567 756 607 non
786 562 1017 621 emptum
1046 560 1165 616 est;
1196 565 1335 604 nunc
1388 550 1700 604 Studeamus
1746 548 1932 603 videre

337 648 462 718 quid
494 654 731 714 ereptum
759 653 920 713 atque
941 652 1181 698 secutum
1219 644 1308 696 sit.
1362 640 1429 694 Et
1453 640 1698 705 Verbum,
1739 641 1928 709 inquit,

340 757 457 793 caro
472 739 668 808 factum
683 748 774 791 est.
790 735 940 803 Quod
958 736 1094 789 Deus
1112 734 1162 787 in
1182 735 1345 803 princi
1353 732 1439 803 pio
1461 733 1723 801 erataputl
1742 732 1930 786 Deum.

344 843 394 887 et
420 831 572 885 initio
596 838 743 884 caret
762 837 817 883 et
846 828 1102 890 termino;
1133 826 1274 894 quod
1304 824 1533 881 Verbum
1564 838 1729 877 carne
1765 823 1935 876 vesti-

345 933 450 989 tur,
473 929 624 976 caret
654 921 779 983 line,
811 917 907 972 sed
936 924 1145 971 constat
1171 931 1199 967 a
1218 916 1413 984 capite.
1460 912 1615 967 Adsit
1645 926 1788 965 nunc
1815 926 1931 965 ser-

346 1014 487 1068 moni
520 1020 707 1067 nostro
739 1009 1050 1065 Emmanuel
1083 1008 1173 1061 ille
1200 1006 1371 1074 prisca
1422 1003 1755 1075 pr0phetalis
1800 1016 1924 1056 ora-

344 1105 447 1161 culi
477 1117 609 1159 voce
634 1101 942 1171 przedictus,
972 1098 1059 1168 qui
1088 1108 1145 1152 ut
1171 1096 1457 1152 Nobiscum
1492 1096 1632 1149 Deus
1660 1100 1831 1155 esset,
1856 1093 1930 1146 si-

347 1205 435 1250 cut
458 1195 594 1249 dixit
620 1194 801 1248 Esaias
826 1208 839 1243 :
875 1189 1010 1243 Puer
1040 1198 1190 1242 natus
1220 1198 1264 1242 et
1312 1188 1463 1240 datus
1493 1194 1565 1239 est
1593 1184 1733 1238 nobis
1764 1182 1933 1235 Filius

351 1288 443 1343 Dei
475 1286 631 1358 (Isai.
660 1300 745 1349 tx,
778 1284 859 1353 6).
910 1280 1178 1336 Incassum
1212 1277 1565 1348 corporalitas
1607 1291 1638 1329 a
1686 1274 1936 1329 divinita-

359 1380 424 1433 tis
452 1376 707 1431 dividitur
738 1379 1106 1435 sacramento,
1136 1370 1181 1424 si
1223 1369 1485 1423 veraciter
1529 1365 1787 1436 propheta
1839 1362 1931 1417 Dei

363 1469 551 1524 Filium
600 1464 925 1536 processisse
974 1460 1256 1516 conﬁrmat
1305 1460 1355 1512 in
1400 1472 1587 1526 puero.
1624 1455 1690 1509 Et
1728 1454 1934 1507 vocabi-

353 1572 453 1629 tur,
483 1561 680 1631 inquit,
704 1572 837 1627 puer
868 1558 981 1625 ipse
1010 1552 1349 1617 admirabilis,
1400 1548 1744 1611 consiliarius,
1797 1544 1933 1598 Deus

354 1654 519 1725 furtis,
555 1661 700 1722 pater
747 1646 909 1718 futuri
936 1644 1134 1708 swrnli,
1176 1643 1410 1711 princeps
1457 1640 1618 1710 pacis.
1667 1638 1931 1704 Quantum

2040 454 2379 523 separatione
2406 468 2644 509 connexa
2675 454 2920 525 iutilligit
2964 457 3273 526 Apostolus,
3321 473 3383 511 ac
3422 458 3607 513 definit

2035 545 2176 613 quod
2195 544 2259 598 ad
2283 544 2704 614 redemptionem
2727 556 2959 601 nostram
2983 548 3119 603 Deus
3134 550 3349 604 essetin
3368 550 3604 604 Christ».

2036 636 2143 693 Se’d
2168 636 2392 691 callidus
2421 636 2643 692 forsitan
2672 637 3032 693 contradictor
3081 642 3159 694 sic
3183 643 3463 709 apostolici
3490 658 3603 697 ser-

2037 731 2207 784 monis
2255 730 2414 799 hujus
2455 731 2761 784 testimonio
2793 730 2921 797 velit
2981 731 3151 794 abuti,
3196 742 3253 787 ut
3302 734 3611 804 acquiescat

2040 820 2203 874 Deum
2226 834 2347 875 esse
2375 822 2424 875 in
2452 820 2689 887 Christo,
2718 821 2812 875 scd
2843 823 3031 893 gratia,
3057 839 3163 877 non
3209 834 3394 879 natura
3424 843 3435 878 :
3474 828 3612 881 sicut

2035 910 2197 964 estin
2242 912 2406 966 corde
2452 923 2781 979 sanctorum,
2816 929 3039 981 quorum
3073 924 3280 970 mentes
3328 932 3355 969 a
3390 931 3612 987 peccato

2036 1000 2232 1056 liberas
2262 1001 2519 1057 habitatio
2554 1004 2854 1060 Divinitatis
2878 1006 3127 1062 illustrat.
3157 1008 3442 1063 Videamus
3472 1027 3613 1065 nunc

2037 1103 2287 1160 pareatne
2348 1105 2745 1159 commentum,
2813 1095 2859 1151 si
2932 1099 3199 1153 sententia
3251 1101 3605 1169 compleatur.

2040 1180 2193 1246 Deus,
2246 1183 2433 1252 inquit,
2483 1194 2593 1237 erat
2632 1184 2683 1237 in
2727 1184 2927 1240 Christo
2978 1188 3228 1242 mundum
3274 1192 3612 1245 reconcilians

2037 1274 2131 1325 sibi
2156 1270 2243 1343 (II
2266 1273 2385 1327 Cor.
2418 1289 2471 1339 v,
2508 1274 2619 1345 19).
2655 1276 2830 1346 Eligat
2864 1278 2946 1331 hic
2977 1278 3164 1334 doctor
3191 1282 3466 1347 adversus,
3490 1286 3611 1353 quis

2039 1363 2294 1417 mundum
2329 1364 2465 1418 inter
2491 1364 2602 1432 ipsa
2650 1381 2785 1434 pene
2811 1368 2892 1421 sui
2923 1370 3126 1423 exordii
3159 1371 3477 1435 rudimenta,
3523 1376 3613 1428 bc-

2039 1453 2350 1521 uiguissimo
2371 1451 2611 1508 Creatori
2637 1466 2855 1525 peccato
2884 1458 3040 1527 primi
3067 1462 3301 1527 parentis
3325 1461 3610 1525 offensum,

2038 1545 2250 1599 sibimet
2295 1544 2394 1613 ipsi
2443 1545 2494 1599 in
2536 1546 2852 1600 sa-culorum
2905 1548 3009 1602 line
3054 1549 3324 1603 conciliet.
3357 1550 3411 1605 Si
3468 1553 3613 1606 solus

2042 1636 2205 1702 Deus,
2238 1635 2361 1705 quid
2392 1648 2612 1692 excuset
2644 1636 2859 1692 sibimet
2886 1637 3026 1708 quod
3055 1638 3253 1694 sufficit
3296 1640 3611 1696 remisisse?

355 1744 588 1813 pertinet
617 1740 682 1793 ad
716 1736 961 1793 vocabuli
1022 1732 1419 1803 proprietatem,
1468 1727 1667 1782 sufficit
1721 1726 1933 1780 Emma-
1963 1728 2009 1787 Β
2038 1728 2081 1783 si
2126 1736 2303 1783 autem
2332 1728 2479 1782 solus
2525 1728 2705 1793 homo,
2756 1744 2863 1800 quo
2891 1730 3081 1785 ell‘eetu
3110 1732 3212 1786 sibi
3241 1734 3480 1787 mortalis
3530 1750 3615 1789 rc-

354 1833 473 1889 nuel
508 1845 730 1900 puerum
762 1826 1078 1895 nuncupari.
1102 1824 1171 1876 At
1192 1836 1318 1875 vero
1339 1834 1459 1875 cum
1480 1819 1641 1881 dicat,
1674 1816 1932 1870 t-ocabitur

354 1922 692 1986 admirabilis,
722 1918 1067 1979 consiliarius,
1108 1913 1241 1967 Deus
1277 1913 1443 1983 fortis,
1475 1910 1561 1965 vel
1591 1918 1785 1964 caetera
1816 1921 1933 1976 qua:

354 2028 673 2090 sequuntur,
706 2031 845 2084 quas,
879 2026 1031 2081 rogo,
1062 2018 1139 2063 tot
1169 2005 1550 2062 vocabulorum
1581 2002 1717 2056 ratio
1779 2013 1932 2067 repe-

356 2112 506 2176 ritur,
530 2108 631 2161 nisi
663 2115 719 2159 ut
744 2115 1095 2175 agnoscamus
1142 2097 1431 2153 veridicum
1474 2103 1670 2157 vatem,
1724 2092 1776 2145 in
1832 2103 1934 2143 una

356 2200 651 2267 eademque
720 2208 947 2265 persona
1012 2206 1130 2260 qua:
1195 2185 1463 2243 divinitati
1514 2179 1936 2247 humanitatique

356 2294 722 2358 competerent
747 2282 1156 2353 exprimentem,
1191 2293 1258 2333 ex
1284 2273 1538 2347 operibus
1562 2270 1823 2327 secuturis
1845 2268 1937 2323 be-

358 2378 542 2433 neﬁcia
576 2372 887 2430 Mediatoris
909 2371 1085 2441 potius
1112 2379 1461 2423 enumerasse
1488 2377 1645 2432 quam
1678 2358 1934 2413 nomina?

354 2471 549 2538 Cogam
581 2477 758 2520 tamen
790 2463 879 2517 hic
929 2461 1239 2515 lizereticum
1287 2454 1635 2525 respondere,
1672 2449 1789 2519 quis
1838 2463 1933 2504 vo-

358 2560 553 2616 candus
577 2557 742 2628 possit
764 2552 989 2622 intelligi
1019 2550 1154 2605 Deus
1181 2548 1347 2621 fortis,
1382 2556 1528 2616 pater
1552 2544 1717 2615 futuri
1736 2539 1930 2605 saculi,

357 2653 583 2721 princeps
615 2649 781 2719 pacis.
824 2645 879 2701 Si
904 2644 1068 2699 Filius
1092 2641 1184 2697 Dei
1210 2648 1333 2693 ante
1353 2636 1545 2692 srecula
1566 2648 1808 2693 manens,
1841 2646 1939 2686 cur

356 2742 524 2797 adhuc
548 2740 602 2795 in
633 2739 809 2792 futuro
824 2738 900 2790 sic
924 2733 1199 2788 vocabitur
1220 2730 1309 2800 qui
1325 2742 1538 2796 semper
1569 2726 1669 2779 hoc
1698 2722 1937 2777 exstitit?

357 2834 407 2888 Si
429 2832 569 2887 filius
588 2828 817 2884 hominis
831 2826 919 2896 qui
942 2834 1213 2885 nascetur,
1233 2828 1411 2876 servat
1428 2816 1743 2885 copulanda:
1757 2814 1936 2868 diver-

357 2922 854 2994 sitatismysterium
897 2928 1197 2984 temporum
1240 2910 1535 2982 plenitudo.
1591 2908 1759 2973 Quam
1813 2919 1934 2958 cum

359 3020 534 3088 utique
546 3020 939 3083 consequenter
968 3007 1254 3077 Apostolus
1282 3005 1599 3075 replicaret:
1634 3000 1931 3069 Postquam,

2037 1820 2287 1874 conciliat
2316 1820 2459 1890 quod
2492 1820 2753 1875 Divinitas
2784 1838 2891 1876 non
2934 1822 3174 1877 relaxat?
3203 1824 3349 1880 Unus
3381 1835 3462 1881 est
3488 1842 3615 1897 ergo

2036 1910 2175 1964 Deus
2214 1919 2268 1963 et
2300 1912 2480 1975 homo,
2508 1912 2599 1981 qui
2649 1912 2747 1966 sibi
2788 1913 3042 1967 mundum
3073 1914 3187 1983 ipse
3226 1918 3561 1971 Commendet
3596 1936 3609 1969 ε

2034 2003 2122 2071 qui
2172 2017 2268 2071 pro
2312 2004 2491 2057 saeculi
2534 2004 2638 2057 vita
2672 2005 2771 2058 sibi
2807 2008 2971 2073 patris
3017 2006 3125 2061 filio
3168 2009 3432 2077 supplicet
3477 2010 3615 2063 ﬁlius

2036 2095 2239 2150 matris.
2287 2094 2442 2151 Unde
2489 2110 2595 2149 non
2622 2095 2755 2150 dixit
2786 2098 3103 2166 Apostolus,
3138 2102 3391 2153 mundum
3422 2115 3615 2155 recon-

2034 2185 2223 2238 cilians
2255 2185 2384 2252 Deo,
2420 2186 2513 2241 sed
2542 2187 2641 2242 sibi
2676 2204 2689 2241 :
2719 2203 2784 2243 ne
2815 2189 2951 2244 forte
2974 2206 3069 2258 pro
3111 2190 3482 2260 redemptione
3516 2194 3615 2247 hu-

2038 2275 2181 2330 mani
2210 2277 2421 2346 generis
2460 2277 2631 2332 solum
2664 2279 2936 2335 hominem
2980 2294 3164 2335 orasse
3217 2284 3447 2338 sentires
3477 2301 3491 2337 :
3524 2287 3613 2355 qui

2038 2370 2220 2438 utique
2244 2370 2345 2424 nisi
2364 2369 2417 2423 in
2440 2370 2736 2425 divinitatis
2753 2382 2995 2427 naturam
3017 2375 3268 2429 transiret
3282 2386 3611 2447 assumptus,

2040 2474 2144 2514 non
2169 2462 2341 2515 solum
2364 2460 2759 2517 obnoxietatem
2785 2462 3003 2517 humani
3034 2466 3245 2533 generis
3267 2466 3411 2521 nulla
3450 2467 3615 2522 inter-

2037 2552 2282 2607 cessione
2325 2552 2668 2621 dissolveret,
2711 2554 2805 2610 sed
2852 2564 2907 2610 et
2960 2556 3073 2625 ipse
3124 2559 3422 2612 communis
3452 2558 3613 2614 debiti

2037 2645 2300 2697 sarcinam
2327 2644 2584 2712 parentali
2614 2644 2969 2715 chirographo
3013 2647 3323 2704 sustineret.
3354 2648 3465 2704 lloc
3488 2667 3614 2720 ergo

2037 2734 2335 2787 remedium
2384 2734 2523 2789 idem
2550 2734 2835 2804 Apostolus
2865 2738 2995 2793 dicit
3028 2738 3169 2807 (Gul.
3202 2756 3281 2806 ut,
3313 2740 3401 2812 19)
3434 2742 3612 2812 dispo-

2039 2823 2200 2877 situm
2228 2840 2347 2880 esse
2372 2840 2468 2896 per
2494 2827 2712 2897 angelos
2738 2828 2790 2882 in
2819 2844 2978 2883 manu
3000 2830 3323 2886 Mediatoris.
3350 2834 3415 2887 Et
3434 2842 3615 2888 osten-

2040 2914 2175 2969 dens
2199 2931 2415 2970 causam
2446 2932 2549 2985 qua
2572 2919 2803 2973 medium
2829 2934 2887 2975 se
2913 2920 3193 2989 praeberet,
3221 2935 3524 2993 assumptus
3546 2928 3613 2977 ah

2041 3006 2259 3074 infimis,
2294 3007 2574 3063 inclinatus
2601 3024 2630 3061 a
2661 3010 2916 3063 summis:
2946 3010 3221 3075 Mediator,
3243 3014 3431 3083 inquit,
3463 3016 3612 3069 unius

358 3080 627 3177 inquiens,
656 3080 825 3158 autem
852 3101 983 3154 venit
1011 3096 1277 3171 plenitudo
1320 3096 1577 3165 temporis,
1624 3092 1761 3144 misit
1803 3088 1938 3143 Deut
1966 3080 2012 3144 Ο
2042 3115 2143 3152 non
2167 3108 2241 3152 est
2270 3114 2289 3153 :
2317 3096 2454 3153 Deus
2479 3107 2646 3154 autem
2686 3117 2818 3153 unus
2858 3112 2931 3155 est
2957 3100 3145 3172 (Ibid.,
3188 3080 3465 3173 20)._Qute
3490 3120 3610 3160 cum

359 3200 555 3253 Filium
578 3213 751 3261 suum,
779 3196 795 3226 ί
822 3202 999 3248 natum
1051 3208 1112 3245 ea:
1165 3189 1376 3243 muliere
1400 3186 1543 3256 (Gal.
1569 3202 1642 3253 tv,
1670 3184 1750 3255 4).
1783 3182 1936 3249 Quod

360 3302 531 3343 mater
562 3285 789 3357 peperit,
824 3284 979 3338 Pater
1008 3282 1151 3335 misit
1184 3296 1199 3333 :
1251 3279 1353 3333 hoc
1408 3285 1512 3339 est,
1566 3275 1712 3329 nasci
1744 3287 1936 3342 corpo-

360 3394 508 3433 reum
537 3417 553 3442 ,
602 3375 743 3441 quod
794 3373 975 3427 venire
1019 3370 1275 3425 divinum.
1337 3366 1518 3422 Noluit
1583 3365 1725 3419 Deus
1771 3364 1938 3419 latere

360 3484 516 3539 quem
540 3467 772 3522 destinat
804 3482 817 3516 :
845 3464 1020 3533 capiat
1045 3462 1275 3516 mundus
1296 3456 1550 3514 dominici
1575 3456 1836 3511 adventus
1858 3457 1938 3509 in-

360 3561 520 3614 dicia.
545 3558 713 3623 Quem
744 3555 899 3609 Pater
918 3554 1033 3607 sine
1080 3561 1249 3606 matre
1294 3558 1495 3619 genuit,
1548 3546 1773 3618 genitrix
1821 3547 1938 3599 sine

363 3660 513 3717 patre
574 3644 874 3714 concepit,
927 3643 1013 3697 hic
1051 3656 1202 3711 aeque
1253 3640 1347 3694 Dei
1400 3638 1539 3692 [ilius
1601 3646 1656 3693 et
1708 3635 1937 3691 hominis

364 3744 485 3797 erit.
530 3740 701 3809 Super
744 3743 1079 3793 sacramento
1129 3742 1303 3788 tamen
1356 3732 1460 3787 isto
1502 3730 1805 3787 Gabrielem
1853 3744 1937 3782 ar-

364 3833 682 3902 changelum
733 3828 1074 3883 consulamus
1107 3842 1121 3879 :
1156 3826 1445 3896 principem
1492 3823 1738 3879 videlicet
1777 3822 1938 3875 mini-

364 3934 625 3989 strorum,
680 3920 768 3976 cui
818 3918 1106 3975 inell'abilia
1154 3917 1452 3987 perspicua:
1504 3916 1798 3984 maiestatis
1847 3928 1936 3968 ar-

363 4030 529 4081 cana,
566 4022 626 4068 ut
666 4022 790 4083 pote
818 4012 902 4081 qui
936 4009 1217 4064 indefessa:
1248 4006 1610 4063 obsecutiouis
1640 4005 1938 4060 ministerio

366 4106 744 4175 conspectibus
775 4112 1046 4173 perpetuae
1072 4100 1329 4155 claritatis
1356 4100 1590 4165 assistat,
1624 4113 1729 4151 non
1775 4096 1935 4151 intcl-

365 4196 571 4266 ligendi
608 4192 995 4259 tantummodo,
1042 4191 1135 4245 sed
1176 4187 1583 4258 contemplanda
1631 4194 1938 4266 monstran-

370 4262 472 4345 tur.
507 4290 601 4344 llic
652 4287 849 4357 quippe
888 4286 1092 4356 primus
1126 4283 1447 4352 legationem
1477 4280 1733 4336 caelorum
1780 4262 1937 4332 terris

368 4380 574 4444 attulit;
623 4379 711 4431 hic
737 4376 901 4431 verbo
938 4376 1198 4443 virginem
1230 4372 1562 4426 lecundatam
1600 4368 1765 4423 divini
1816 4383 1937 4438 ger—

374 4472 530 4526 minis
562 4469 917 4540 promissione
942 4468 1173 4530 dolavit;
1212 4465 1299 4518 hic
1326 4464 1483 4517 unius
1526 4462 1768 4516 mulieris
1799 4462 1939 4515 salu-
1967 4445 2019 4505 Ῐ)

373 4563 569 4616 latione
596 4575 810 4614 omnem
847 4558 1097 4612 mundum
1129 4557 1299 4609 salute
1329 4553 1636 4623 complevit.
1684 4554 1936 4622 Spiritus,

373 4654 563 4720 inquit,
610 4662 814 4706 sanctus
842 4649 1145 4719 superveniet
1197 4648 1248 4700 in
1290 4658 1357 4708 te,
1405 4656 1453 4699 et
1492 4647 1649 4698 virtus
1692 4645 1942 4698 Altissimi

374 4743 680 4797 obumbrabit
712 4741 836 4805 tibi;
878 4740 1089 4809 ideoque
1118 4748 1162 4790 et
1203 4736 1339 4807 quod
1382 4748 1618 4789 nascetur
1656 4751 1719 4789 ex
1746 4746 1793 4789 te
1823 4751 1943 4789 san-

372 4845 522 4904 ctum,
579 4833 840 4887 vocabitur
872 4830 1037 4883 Filius
1079 4828 1342 4897 Dei(Luc.
1378 4842 1416 4891 t,
1475 4826 1587 4896 55).
1620 4825 1750 4880 Cum
1808 4825 1943 4880 ratio

374 4926 509 4979 nulla
557 4923 793 4993 reperiat
820 4930 877 4975 ut
932 4921 1079 4974 solus
1131 4920 1291 4972 homo
1318 4918 1571 4972 credatur
1615 4916 1681 4971 de
1733 4917 1937 4987 Spiritu

374 5028 553 5072 sancto
581 5026 876 5084 conceptus
897 5056 911 5077 ,
940 5028 1060 5067 cum
1110 5026 1325 5066 omnem
1358 5012 1625 5065 hominem
1658 5010 1938 5065 Psalmista

374 5109 421 5161 in
474 5107 753 5177 iniquitate
792 5104 1023 5172 concipi,
1073 5111 1128 5157 et
1177 5102 1227 5155 in
1276 5110 1493 5166 peccato
1535 5112 1742 5155 asserat
1794 5102 1939 5156 nasci

373 5198 543 5267 (Psal.
568 5215 623 5260 ι,
647 5200 737 5264 ϋ);
769 5196 1068 5249 ostenditur
1091 5194 1174 5247 hic
1198 5209 1293 5263 per
1318 5192 1585 5261 angelum,
1618 5194 1687 5246 ob
1710 5193 1941 5261 Spiritus

374 5289 534 5341 sancti
564 5287 809 5340 virtutem
856 5284 1070 5338 femina:
1102 5284 1356 5336 tnetnbris
1400 5282 1658 5346 infusam,
1692 5294 1934 5336 sanctum

442 5441 457 5471 ¹
505 5438 677 5503 Vulg.,
725 5437 917 5507 factum
949 5451 967 5487 :
996 5436 1079 5488 cui
1126 5436 1360 5490 concinit
1390 5433 1789 5507 Gr.jsvo[szvov.
1839 5434 1934 5489 llic

375 5521 543 5563 tamen
574 5524 666 5560 var
688 5523 716 5560 a
748 5506 913 5560 fertur
932 5508 1311 5574 exemplarium
1345 5516 1451 5557 tum
1480 5506 1667 5558 Graeco
1700 5522 1784 5557 um
1815 5515 1922 5557 tmn

377 5582 675 5632 Latinorum
729 5577 905 5629 lectio.
969 5577 1421 5640 Quemadmodum
1471 5574 1695 5635 Avitus,
1753 5586 1928 5625 nutum

378 5666 579 5710 quisque
602 5649 780 5712 legunt
803 5646 1030 5699 lrenaeus
1060 5648 1147 5700 lib.
1177 5661 1250 5710 ιιι,
1284 5660 1397 5712 ϐψ.
1439 5646 1519 5712 l8,
1552 5656 1604 5695 et
1628 5643 1929 5710 Cyprianus

1245 5740 1273 5767 9

2041 3191 2111 3245 ita
2136 3191 2263 3256 sint,
2285 3192 2422 3245 sicut
2450 3192 2549 3245 nisi
2583 3191 2721 3245 inter
2751 3192 2884 3246 duos
2914 3202 3057 3263 agat,
3088 3195 3381 3263 incongrue
3404 3196 3609 3250 media-

2042 3284 2116 3338 tio
2144 3283 2482 3338 nominatur:
2513 3282 2585 3338 ita
2627 3285 2740 3352 ipse
2777 3300 2933 3354 quem
2972 3284 3321 3341 mediatorem
3363 3288 3605 3349 dicimus.

2040 3373 2084 3428 si
2105 3373 2272 3429 solam
2304 3389 2461 3443 quam
2480 3374 2610 3429 velis
2634 3391 2697 3429 ex
2721 3375 2927 3430 duabus
2953 3376 3304 3432 substantiam
3330 3381 3608 3449 reciperet,

2038 3465 2106 3519 ad
2164 3464 2495 3520 subeundum
2547 3465 2780 3522 medium
2834 3467 2968 3521 nihil
3018 3466 3259 3524 haberet.
3307 3469 3459 3537 Quod
3507 3487 3613 3525 uno

2039 3556 2276 3626 quidem,
2304 3568 2357 3612 et
2398 3557 2487 3611 tali
2515 3558 2603 3627 qui
2634 3558 2773 3612 nulla
2800 3558 3085 3615 calliditate
3107 3559 3335 3627 fucetur,
3368 3576 3614 3618 sermone

2039 3647 2312 3702 concludit
2349 3648 2532 3703 dicens
2558 3666 2570 3700 :
2601 3647 2723 3718 Ipse
2759 3659 2830 3703 est
2858 3652 2989 3704 enim
3018 3668 3121 3723 pax
3147 3663 3339 3720 nostra,
3382 3655 3468 3722 qui
3496 3656 3615 3725 fecit

2039 3749 2255 3810 utraque
2282 3756 2436 3794 unum
2467 3739 2682 3809 (Ephes.
2717 3756 2775 3809 tt,
2807 3741 2916 3811 M).
2948 3743 3065 3811 Ipse
3094 3742 3355 3811 videlicet
3383 3760 3479 3815 pax
3513 3746 3614 3799 bu-

2042 3831 2243 3884 milium
2266 3839 2425 3900 atque
2452 3831 2739 3896 celsorum,
2760 3847 2895 3885 unus
2923 3832 3092 3887 factus
3113 3849 3175 3889 ex
3202 3844 3428 3904 utroque
3450 3851 3611 3889 unum

2041 3921 2272 3977 reddidit
2316 3937 2380 3977 ex
2428 3923 2684 3992 utrisque.
2718 3923 2875 3977 Certe
2922 3922 3061 3978 sicut
3104 3936 3263 3993 supra
3317 3926 3609 3992 posuimus,

2042 4020 2135 4066 aut
2177 4012 2514 4081 expositione
2541 4014 2924 4076 testimonium,
2958 4022 3050 4068 aut
3091 4024 3403 4084 argumento
3453 4030 3613 4085 egere

2042 4103 2255 4157 videtur
2301 4104 2627 4173 exemplum.
2660 4104 2796 4171 Quid
2847 4106 2928 4160 vel
2960 4104 3050 4159 illo
3076 4106 3317 4175 Apostoli
3364 4121 3616 4165 sermone

2043 4192 2290 4257 lucidius,
2337 4209 2441 4263 quo
2482 4208 2602 4247 cum
2642 4193 2871 4249 diversis
2924 4194 3197 4249 hominum
3236 4197 3521 4265 generibus
3556 4212 3616 4254 se

2040 4294 2325 4352 coaptans,
2357 4283 2605 4337 omnibus
2625 4283 2801 4337 omnia
2833 4299 2891 4338 se
2921 4282 3117 4338 factum
3140 4285 3385 4350 referret,
3408 4295 3467 4341 ut
3489 4302 3607 4342 om-

2042 4377 2186 4429 nium
2210 4376 2413 4429 animas
2440 4375 2755 4429 talentorum
2792 4376 3089 4431 cmlestium
3124 4378 3351 4448 cupidus
3377 4379 3617 4449 duplica-

2047 4477 2128 4520 tnr
2154 4467 2454 4536 :ycquireret
2484 4484 2497 4520 :
2532 4464 2723 4519 Factus
2746 4482 2878 4532 sum,
2911 4466 3064 4532 dixit,
3110 4466 3189 4522 his
3234 4470 3323 4539 qui
3367 4470 3476 4522 sine
3511 4470 3620 4543 lege

2045 4567 2187 4608 erant
2216 4555 2360 4624 quasi
2380 4557 2489 4608 sine
2517 4557 2621 4624 lege
2649 4570 2827 4619 essent,
2855 4572 2968 4608 cum
2993 4556 3100 4609 sine
3121 4557 3228 4627 lege
3255 4556 3348 4611 Dei
3375 4574 3475 4612 non
3496 4560 3614 4625 sim,

2045 4647 2132 4701 sed
2163 4647 2215 4699 in
2252 4645 2361 4718 lege
2383 4648 2480 4699 sim
2520 4646 2709 4700 Christi
2738 4645 2793 4712 (1
2823 4644 2943 4700 Cor.
2978 4663 3054 4714 Ix,
3082 4646 3214 4719 ειν
3243 4647 3487 4717 Nunquid
3537 4660 3621 4704 est

2046 4739 2324 4808 quisquam
2360 4747 2464 4791 tam
2498 4738 2548 4791 in
2574 4737 2831 4807 profunda
2877 4738 3174 4802 demersus,
3207 4738 3293 4807 qui
3323 4740 3461 4793 istud
3489 4753 3620 4793 cen-

2048 4836 2167 4884 seat
2189 4827 2602 4896 explanandum,
2625 4828 2672 4883 si
2694 4828 2746 4883 in
2775 4829 2890 4897 lege
2913 4826 3111 4882 Christi
3148 4836 3234 4883 est
3261 4829 3379 4885 sine
3400 4830 3515 4900 lege
3543 4831 3621 4885 dl-

2048 4918 2209 4976 vina?
2244 4918 2400 4975 Pater
2432 4935 2622 4989 nempe
2670 4919 2811 4989 quod
2845 4933 2981 4974 unus
3028 4928 3111 4975 est
3150 4920 3288 4975 lator
3328 4922 3482 4992 legis,
3528 4924 3621 4991 qui

2048 5027 2188 5066 unus
2231 5011 2503 5078 idemque,
2544 5019 2603 5064 ut
2649 5010 2912 5080 signiﬁcat
2959 5011 3195 5079 psalmus
3244 5012 3487 5082 (Lxxxtu,
3542 5014 3620 5081 8),

2048 5102 2316 5171 prteterita
2388 5103 2670 5170 futuraque
2717 5101 3120 5170 complectens,
3192 5101 3619 5156 benedictionem

2047 5192 2195 5246 dabit
2240 5192 2291 5245 in
2336 5192 2622 5260 baptismo,
2650 5191 2741 5261 qui
2768 5192 2936 5261 legem
2983 5191 3205 5247 dederat
3251 5194 3304 5246 in
3336 5204 3618 5261 praecepto.

2045 5282 2280 5339 Oll'endit
2317 5283 2530 5353 quidem
2579 5293 2787 5338 mentes
2830 5283 3144 5337 carnalitate
3197 5282 3509 5351 depressas,
3565 5290 3621 5335 et

2044 5434 2139 5489 lib.
2172 5450 2209 5488 ll
2248 5435 2314 5487 ad
2349 5434 2559 5499 Quirin.
2597 5433 2778 5500 Neque
2818 5434 2972 5488 aliter
3014 5433 3350 5502 Augustinus.
3378 5462 3448 5472 --
3471 5392 3621 5490 Notas

2034 5520 2259 5557 numero
2314 5509 2647 5569 prresignatze
2701 5504 2966 5559 Gallandii
3021 5516 3195 5565 sunt;
3250 5511 3455 5555 caetera;
3516 5507 3622 5559 Sir-

2038 5576 2234 5695 ἓψιιιὲο
2267 5574 2551 5639 debentur,
2584 5574 2735 5643 cujus
2763 5574 3051 5629 eduinnent
3085 5569 3394 5627 Gallandius
3422 5589 3528 5627 exs.
3552 5593 3622 5629 rt-

2077 5656 2135 5693 ll.
2190 5658 2322 5693 'mr.

2077 5656 2135 5693 ll.
2176 5656 2322 5693 ΙἊΗΤ.
