  <div class='ocr_page' id='page_1' title='image "/cluster/home/n/w/nwhite01/storage/ocr_20150623/59/hvd.32044073505117/109.png"; bbox 0 0 4024 6172; ppageno 0'>
   <div class='ocr_carea' id='block_1_1' title="bbox 406 267 505 320">
    <p class='ocr_par' dir='ltr' id='par_1_1' title="bbox 406 267 505 320">
     <span class='ocr_line' id='line_1_1' title="bbox 406 267 505 320; baseline -0.01 0"><span class='ocrx_word' id='word_1_1' title='bbox 406 267 505 320; x_wconf 72' lang='grc'><strong>207</strong></span> 
     </span>
    </p>
   </div>
   <div class='ocr_carea' id='block_1_2' title="bbox 1655 260 2388 319">
    <p class='ocr_par' dir='ltr' id='par_1_2' title="bbox 1655 260 2388 319">
     <span class='ocr_line' id='line_1_2' title="bbox 1655 260 2388 319; baseline 0.001 -1"><span class='ocrx_word' id='word_1_2' title='bbox 1655 261 1714 319; x_wconf 87' lang='lat' dir='ltr'><strong>S.</strong></span> <span class='ocrx_word' id='word_1_3' title='bbox 1758 260 1943 318; x_wconf 74' lang='lat' dir='ltr'><strong>AVITI</strong></span> <span class='ocrx_word' id='word_1_4' title='bbox 1982 260 2388 319; x_wconf 75' lang='lat' dir='ltr'><strong>VlENNENSlS</strong></span> 
     </span>
    </p>
   </div>
   <div class='ocr_carea' id='block_1_3' title="bbox 3582 264 3688 320">
    <p class='ocr_par' dir='ltr' id='par_1_3' title="bbox 3582 264 3688 320">
     <span class='ocr_line' id='line_1_3' title="bbox 3582 264 3688 320; baseline 0 -1"><span class='ocrx_word' id='word_1_5' title='bbox 3582 264 3688 320; x_wconf 78' lang='lat'><strong>203</strong></span> 
     </span>
    </p>
   </div>
   <div class='ocr_carea' id='block_1_4' title="bbox 402 376 3682 455">
    <p class='ocr_par' dir='ltr' id='par_1_4' title="bbox 402 376 3682 455">
     <span class='ocr_line' id='line_1_4' title="bbox 402 376 3682 455; baseline -0.002 -14"><span class='ocrx_word' id='word_1_6' title='bbox 402 386 728 455; x_wconf 63' lang='lat' dir='ltr'><strong>coniecturis</strong></span> <span class='ocrx_word' id='word_1_7' title='bbox 773 383 1017 438; x_wconf 65' lang='lat' dir='ltr'><strong>humanm</strong></span> <span class='ocrx_word' id='word_1_8' title='bbox 1040 376 1443 437; x_wconf 63' lang='lat' dir='ltr'><strong>consuetudinis</strong></span> <span class='ocrx_word' id='word_1_9' title='bbox 1477 376 1775 442; x_wconf 80' lang='lat' dir='ltr'><strong>hebetatas,</strong></span> <span class='ocrx_word' id='word_1_10' title='bbox 1826 383 1988 431; x_wconf 71' lang='lat' dir='ltr'><strong>tanta:</strong></span> <span class='ocrx_word' id='word_1_11' title='bbox 2015 383 2069 441; x_wconf 79' lang='grc' dir='ltr'>Α</span> <span class='ocrx_word' id='word_1_12' title='bbox 2093 376 2218 432; x_wconf 91' lang='lat' dir='ltr'><strong>dum</strong></span> <span class='ocrx_word' id='word_1_13' title='bbox 2242 376 2448 446; x_wconf 84' lang='lat' dir='ltr'><strong>jactus;</strong></span> <span class='ocrx_word' id='word_1_14' title='bbox 2481 376 2575 433; x_wconf 91' lang='lat' dir='ltr'><strong>sed</strong></span> <span class='ocrx_word' id='word_1_15' title='bbox 2618 385 2770 448; x_wconf 90' lang='lat' dir='ltr'><strong>putes</strong></span> <span class='ocrx_word' id='word_1_16' title='bbox 2800 385 2856 433; x_wconf 92' lang='lat' dir='ltr'><strong>et</strong></span> <span class='ocrx_word' id='word_1_17' title='bbox 2885 376 3016 433; x_wconf 88' lang='lat' dir='ltr'><strong>istos</strong></span> <span class='ocrx_word' id='word_1_18' title='bbox 3048 384 3291 447; x_wconf 86' lang='lat' dir='ltr'><strong>tempore</strong></span> <span class='ocrx_word' id='word_1_19' title='bbox 3338 391 3436 433; x_wconf 88' lang='lat' dir='ltr'><strong>suo</strong></span> <span class='ocrx_word' id='word_1_20' title='bbox 3466 380 3682 434; x_wconf 92' lang='lat' dir='ltr'><strong>veritati</strong></span> 
     </span>
    </p>
   </div>
   <div class='ocr_carea' id='block_1_5' title="bbox 403 467 1988 546">
    <p class='ocr_par' dir='ltr' id='par_1_5' title="bbox 403 467 1988 546">
     <span class='ocr_line' id='line_1_5' title="bbox 403 467 1988 546; baseline -0.006 -15"><span class='ocrx_word' id='word_1_21' title='bbox 403 476 770 546; x_wconf 89' lang='lat' dir='ltr'><strong>disparilitatis</strong></span> <span class='ocrx_word' id='word_1_22' title='bbox 800 475 851 529; x_wconf 87' lang='lat' dir='ltr'><strong>in</strong></span> <span class='ocrx_word' id='word_1_23' title='bbox 878 488 1038 528; x_wconf 88' lang='lat' dir='ltr'><strong>unum</strong></span> <span class='ocrx_word' id='word_1_24' title='bbox 1070 477 1253 527; x_wconf 88' lang='lat' dir='ltr'><strong>coacta</strong></span> <span class='ocrx_word' id='word_1_25' title='bbox 1312 468 1612 539; x_wconf 79' lang='lat' dir='ltr'><strong>proprietas</strong></span> <span class='ocrx_word' id='word_1_26' title='bbox 1647 485 1659 520; x_wconf 92' lang='lat'><strong>:</strong></span> <span class='ocrx_word' id='word_1_27' title='bbox 1694 477 1750 522; x_wconf 91' lang='lat' dir='ltr'><strong>ut</strong></span> <span class='ocrx_word' id='word_1_28' title='bbox 1778 467 1988 522; x_wconf 77' lang='lat' dir='ltr'><strong>scilicet</strong></span> 
     </span>
    </p>
   </div>
   <div class='ocr_carea' id='block_1_6' title="bbox 403 556 1984 638">
    <p class='ocr_par' dir='ltr' id='par_1_6' title="bbox 403 556 1984 638">
     <span class='ocr_line' id='line_1_6' title="bbox 403 556 1984 638; baseline -0.008 -15"><span class='ocrx_word' id='word_1_29' title='bbox 403 570 578 624; x_wconf 82' lang='lat' dir='ltr'><strong>divina</strong></span> <span class='ocrx_word' id='word_1_30' title='bbox 609 564 887 638; x_wconf 85' lang='lat' dir='ltr'><strong>plenitudo</strong></span> <span class='ocrx_word' id='word_1_31' title='bbox 914 571 971 619; x_wconf 89' lang='lat' dir='ltr'><strong>et</strong></span> <span class='ocrx_word' id='word_1_32' title='bbox 992 565 1222 616; x_wconf 87' lang='lat' dir='ltr'><strong>humana</strong></span> <span class='ocrx_word' id='word_1_33' title='bbox 1251 559 1487 615; x_wconf 88' lang='lat' dir='ltr'><strong>conditio</strong></span> <span class='ocrx_word' id='word_1_34' title='bbox 1506 604 1520 627; x_wconf 89' lang='lat'><strong>,</strong></span> <span class='ocrx_word' id='word_1_35' title='bbox 1552 566 1613 613; x_wconf 90' lang='lat' dir='ltr'><strong>ut</strong></span> <span class='ocrx_word' id='word_1_36' title='bbox 1640 558 1781 613; x_wconf 81' lang='lat' dir='ltr'><strong>servi</strong></span> <span class='ocrx_word' id='word_1_37' title='bbox 1800 556 1984 611; x_wconf 88' lang='lat' dir='ltr'><strong>humi-</strong></span> 
     </span>
    </p>
   </div>
   <div class='ocr_carea' id='block_1_7' title="bbox 403 653 1985 728">
    <p class='ocr_par' dir='ltr' id='par_1_7' title="bbox 403 653 1985 728">
     <span class='ocr_line' id='line_1_7' title="bbox 403 653 1985 728; baseline -0.007 -11"><span class='ocrx_word' id='word_1_38' title='bbox 403 663 523 717; x_wconf 89' lang='lat' dir='ltr'><strong>litas</strong></span> <span class='ocrx_word' id='word_1_39' title='bbox 549 659 871 728; x_wconf 90' lang='lat' dir='ltr'><strong>Dominique</strong></span> <span class='ocrx_word' id='word_1_40' title='bbox 901 656 1171 724; x_wconf 89' lang='lat' dir='ltr'><strong>maiestas,</strong></span> <span class='ocrx_word' id='word_1_41' title='bbox 1204 661 1264 708; x_wconf 92' lang='lat' dir='ltr'><strong>ut</strong></span> <span class='ocrx_word' id='word_1_42' title='bbox 1305 654 1566 709; x_wconf 87' lang='lat' dir='ltr'><strong>creatoris</strong></span> <span class='ocrx_word' id='word_1_43' title='bbox 1595 653 1764 707; x_wconf 90' lang='lat' dir='ltr'><strong>virtus</strong></span> <span class='ocrx_word' id='word_1_44' title='bbox 1793 660 1846 707; x_wconf 91' lang='lat' dir='ltr'><strong>et</strong></span> <span class='ocrx_word' id='word_1_45' title='bbox 1869 666 1985 706; x_wconf 86' lang='lat' dir='ltr'><strong>ser-</strong></span> 
     </span>
    </p>
   </div>
   <div class='ocr_carea' id='block_1_8' title="bbox 402 744 1981 815">
    <p class='ocr_par' dir='ltr' id='par_1_8' title="bbox 402 744 1981 815">
     <span class='ocr_line' id='line_1_8' title="bbox 402 744 1981 815; baseline -0.004 -10"><span class='ocrx_word' id='word_1_46' title='bbox 402 757 542 809; x_wconf 91' lang='lat' dir='ltr'><strong>vitus</strong></span> <span class='ocrx_word' id='word_1_47' title='bbox 564 762 847 815; x_wconf 59' lang='lat' dir='ltr'><strong>creaturas,</strong></span> <span class='ocrx_word' id='word_1_48' title='bbox 881 763 1039 804; x_wconf 91' lang='lat' dir='ltr'><strong>unam</strong></span> <span class='ocrx_word' id='word_1_49' title='bbox 1058 764 1127 803; x_wconf 85' lang='lat' dir='ltr'><strong>ex</strong></span> <span class='ocrx_word' id='word_1_50' title='bbox 1152 746 1236 801; x_wconf 90' lang='lat' dir='ltr'><strong>his</strong></span> <span class='ocrx_word' id='word_1_51' title='bbox 1261 746 1510 802; x_wconf 91' lang='lat' dir='ltr'><strong>omnibus</strong></span> <span class='ocrx_word' id='word_1_52' title='bbox 1536 746 1824 801; x_wconf 89' lang='lat' dir='ltr'><strong>videantur</strong></span> <span class='ocrx_word' id='word_1_53' title='bbox 1853 744 1981 801; x_wconf 90' lang='lat' dir='ltr'><strong>red-</strong></span> 
     </span>
    </p>
   </div>
   <div class='ocr_carea' id='block_1_9' title="bbox 403 839 1987 914">
    <p class='ocr_par' dir='ltr' id='par_1_9' title="bbox 403 839 1987 914">
     <span class='ocr_line' id='line_1_9' title="bbox 403 839 1987 914; baseline -0.006 -13"><span class='ocrx_word' id='word_1_54' title='bbox 403 847 603 901; x_wconf 83' lang='lat' dir='ltr'><strong>didisse</strong></span> <span class='ocrx_word' id='word_1_55' title='bbox 635 857 943 914; x_wconf 70' lang='lat' dir='ltr'><strong>personam.</strong></span> <span class='ocrx_word' id='word_1_56' title='bbox 971 841 1075 896; x_wconf 85' lang='lat' dir='ltr'><strong>Sed</strong></span> <span class='ocrx_word' id='word_1_57' title='bbox 1117 855 1220 896; x_wconf 89' lang='lat' dir='ltr'><strong>nec</strong></span> <span class='ocrx_word' id='word_1_58' title='bbox 1266 839 1404 894; x_wconf 85' lang='lat' dir='ltr'><strong>ratio</strong></span> <span class='ocrx_word' id='word_1_59' title='bbox 1433 839 1722 894; x_wconf 84' lang='lat' dir='ltr'><strong>soliditatis</strong></span> <span class='ocrx_word' id='word_1_60' title='bbox 1774 839 1929 893; x_wconf 80' lang='lat' dir='ltr'><strong>istius</strong></span> <span class='ocrx_word' id='word_1_61' title='bbox 1956 853 1987 893; x_wconf 90' lang='lat' dir='ltr'><strong>a</strong></span> 
     </span>
    </p>
   </div>
   <div class='ocr_carea' id='block_1_10' title="bbox 402 930 1988 1005">
    <p class='ocr_par' dir='ltr' id='par_1_10' title="bbox 402 930 1988 1005">
     <span class='ocr_line' id='line_1_10' title="bbox 402 930 1988 1005; baseline -0.005 -14"><span class='ocrx_word' id='word_1_62' title='bbox 402 939 701 1005; x_wconf 79' lang='lat' dir='ltr'><strong>sapientum</strong></span> <span class='ocrx_word' id='word_1_63' title='bbox 734 934 1004 989; x_wconf 82' lang='lat' dir='ltr'><strong>soliditate</strong></span> <span class='ocrx_word' id='word_1_64' title='bbox 1030 932 1316 1001; x_wconf 83' lang='lat' dir='ltr'><strong>longinqua</strong></span> <span class='ocrx_word' id='word_1_65' title='bbox 1345 940 1448 996; x_wconf 90' lang='lat' dir='ltr'><strong>est,</strong></span> <span class='ocrx_word' id='word_1_66' title='bbox 1484 945 1605 999; x_wconf 73' lang='lat' dir='ltr'><strong>qua:</strong></span> <span class='ocrx_word' id='word_1_67' title='bbox 1633 930 1847 985; x_wconf 89' lang='lat' dir='ltr'><strong>videtur</strong></span> <span class='ocrx_word' id='word_1_68' title='bbox 1876 945 1988 987; x_wconf 87' lang='lat' dir='ltr'><strong>ma-</strong></span> 
     </span>
    </p>
   </div>
   <div class='ocr_carea' id='block_1_11' title="bbox 402 1023 1988 1094">
    <p class='ocr_par' dir='ltr' id='par_1_11' title="bbox 402 1023 1988 1094">
     <span class='ocr_line' id='line_1_11' title="bbox 402 1023 1988 1094; baseline -0.004 -11"><span class='ocrx_word' id='word_1_69' title='bbox 402 1031 605 1084; x_wconf 69' lang='lat' dir='ltr'><strong>ximum</strong></span> <span class='ocrx_word' id='word_1_70' title='bbox 631 1038 814 1082; x_wconf 85' lang='lat' dir='ltr'><strong>tenere</strong></span> <span class='ocrx_word' id='word_1_71' title='bbox 842 1026 893 1080; x_wconf 92' lang='lat' dir='ltr'><strong>in</strong></span> <span class='ocrx_word' id='word_1_72' title='bbox 920 1026 1221 1081; x_wconf 76' lang='lat' dir='ltr'><strong>litnredibtis</strong></span> <span class='ocrx_word' id='word_1_73' title='bbox 1249 1044 1263 1078; x_wconf 86' lang='lat'><strong>:</strong></span> <span class='ocrx_word' id='word_1_74' title='bbox 1297 1023 1437 1094; x_wconf 90' lang='lat' dir='ltr'><strong>quod</strong></span> <span class='ocrx_word' id='word_1_75' title='bbox 1472 1024 1561 1077; x_wconf 92' lang='lat' dir='ltr'><strong>ille</strong></span> <span class='ocrx_word' id='word_1_76' title='bbox 1583 1024 1728 1078; x_wconf 91' lang='lat' dir='ltr'><strong>solus</strong></span> <span class='ocrx_word' id='word_1_77' title='bbox 1754 1023 1988 1077; x_wconf 89' lang='lat' dir='ltr'><strong>hominis</strong></span> 
     </span>
    </p>
   </div>
   <div class='ocr_carea' id='block_1_12' title="bbox 400 1114 1987 1189">
    <p class='ocr_par' dir='ltr' id='par_1_12' title="bbox 400 1114 1987 1189">
     <span class='ocr_line' id='line_1_12' title="bbox 400 1114 1987 1189; baseline -0.005 -12"><span class='ocrx_word' id='word_1_78' title='bbox 400 1131 596 1177; x_wconf 89' lang='lat' dir='ltr'><strong>statum</strong></span> <span class='ocrx_word' id='word_1_79' title='bbox 627 1120 794 1189; x_wconf 90' lang='lat' dir='ltr'><strong>potuit</strong></span> <span class='ocrx_word' id='word_1_80' title='bbox 840 1117 1137 1172; x_wconf 90' lang='lat' dir='ltr'><strong>reformare</strong></span> <span class='ocrx_word' id='word_1_81' title='bbox 1167 1116 1235 1171; x_wconf 92' lang='lat' dir='ltr'><strong>de</strong></span> <span class='ocrx_word' id='word_1_82' title='bbox 1288 1114 1516 1184; x_wconf 89' lang='lat' dir='ltr'><strong>perdito,</strong></span> <span class='ocrx_word' id='word_1_83' title='bbox 1539 1116 1629 1183; x_wconf 90' lang='lat' dir='ltr'><strong>qui</strong></span> <span class='ocrx_word' id='word_1_84' title='bbox 1663 1114 1909 1168; x_wconf 89' lang='lat' dir='ltr'><strong>formavit</strong></span> <span class='ocrx_word' id='word_1_85' title='bbox 1955 1128 1987 1169; x_wconf 88' lang='lat' dir='ltr'><strong>e</strong></span> 
     </span>
    </p>
   </div>
   <div class='ocr_carea' id='block_1_13' title="bbox 401 1202 1981 1272">
    <p class='ocr_par' dir='ltr' id='par_1_13' title="bbox 401 1202 1981 1272">
     <span class='ocr_line' id='line_1_13' title="bbox 401 1202 1981 1272; baseline -0.008 -6"><span class='ocrx_word' id='word_1_86' title='bbox 401 1227 577 1267; x_wconf 73' lang='lat' dir='ltr'><strong>emno.</strong></span> <span class='ocrx_word' id='word_1_87' title='bbox 632 1211 784 1266; x_wconf 89' lang='lat' dir='ltr'><strong>Unde</strong></span> <span class='ocrx_word' id='word_1_88' title='bbox 836 1206 1177 1263; x_wconf 85' lang='lat' dir='ltr'><strong>beatissimus</strong></span> <span class='ocrx_word' id='word_1_89' title='bbox 1222 1205 1454 1261; x_wconf 86' lang='lat' dir='ltr'><strong>Paulus:</strong></span> <span class='ocrx_word' id='word_1_90' title='bbox 1490 1202 1739 1269; x_wconf 83' lang='lat' dir='ltr'><strong>Primus,</strong></span> <span class='ocrx_word' id='word_1_91' title='bbox 1790 1203 1981 1272; x_wconf 86' lang='lat' dir='ltr'><strong>inquit,</strong></span> 
     </span>
    </p>
   </div>
   <div class='ocr_carea' id='block_1_14' title="bbox 399 1293 1983 1363">
    <p class='ocr_par' dir='ltr' id='par_1_14' title="bbox 399 1293 1983 1363">
     <span class='ocr_line' id='line_1_14' title="bbox 399 1293 1983 1363; baseline -0.004 -9"><span class='ocrx_word' id='word_1_92' title='bbox 399 1304 551 1356; x_wconf 90' lang='lat' dir='ltr'><strong>homo</strong></span> <span class='ocrx_word' id='word_1_93' title='bbox 599 1303 663 1355; x_wconf 88' lang='lat' dir='ltr'><strong>de</strong></span> <span class='ocrx_word' id='word_1_94' title='bbox 696 1311 829 1356; x_wconf 83' lang='lat' dir='ltr'><strong>terra</strong></span> <span class='ocrx_word' id='word_1_95' title='bbox 886 1308 1137 1363; x_wconf 85' lang='lat' dir='ltr'><strong>terrenus,</strong></span> <span class='ocrx_word' id='word_1_96' title='bbox 1187 1296 1441 1350; x_wconf 84' lang='lat' dir='ltr'><strong>secundus</strong></span> <span class='ocrx_word' id='word_1_97' title='bbox 1492 1294 1555 1349; x_wconf 89' lang='lat' dir='ltr'><strong>de</strong></span> <span class='ocrx_word' id='word_1_98' title='bbox 1605 1293 1729 1348; x_wconf 75' lang='lat' dir='ltr'><strong>ctelo</strong></span> <span class='ocrx_word' id='word_1_99' title='bbox 1768 1293 1983 1347; x_wconf 72' lang='lat' dir='ltr'><strong>calcatis</strong></span> 
     </span>
    </p>
   </div>
   <div class='ocr_carea' id='block_1_15' title="bbox 399 1383 1983 1465">
    <p class='ocr_par' dir='ltr' id='par_1_15' title="bbox 399 1383 1983 1465">
     <span class='ocr_line' id='line_1_15' title="bbox 399 1383 1983 1465; baseline -0.006 -18"><span class='ocrx_word' id='word_1_100' title='bbox 399 1393 454 1465; x_wconf 87' lang='lat' dir='ltr'><strong>(I</strong></span> <span class='ocrx_word' id='word_1_101' title='bbox 481 1393 600 1447; x_wconf 86' lang='lat' dir='ltr'><strong>Cor.</strong></span> <span class='ocrx_word' id='word_1_102' title='bbox 634 1408 728 1459; x_wconf 93' lang='lat' dir='ltr'><strong>xv,</strong></span> <span class='ocrx_word' id='word_1_103' title='bbox 758 1390 871 1461; x_wconf 76' lang='grc'><strong>47).</strong></span> <span class='ocrx_word' id='word_1_104' title='bbox 905 1388 1101 1443; x_wconf 83' lang='lat' dir='ltr'><strong>Verum</strong></span> <span class='ocrx_word' id='word_1_105' title='bbox 1134 1386 1350 1457; x_wconf 82' lang='lat' dir='ltr'><strong>quidem</strong></span> <span class='ocrx_word' id='word_1_106' title='bbox 1382 1385 1653 1439; x_wconf 90' lang='lat' dir='ltr'><strong>hominem</strong></span> <span class='ocrx_word' id='word_1_107' title='bbox 1698 1383 1855 1451; x_wconf 84' lang='lat' dir='ltr'><strong>dixit,</strong></span> <span class='ocrx_word' id='word_1_108' title='bbox 1889 1383 1983 1438; x_wconf 92' lang='lat' dir='ltr'><strong>sed</strong></span> 
     </span>
    </p>
   </div>
   <div class='ocr_carea' id='block_1_16' title="bbox 399 1476 1981 1548">
    <p class='ocr_par' dir='ltr' id='par_1_16' title="bbox 399 1476 1981 1548">
     <span class='ocr_line' id='line_1_16' title="bbox 399 1476 1981 1548; baseline -0.008 -9"><span class='ocrx_word' id='word_1_109' title='bbox 399 1495 673 1541; x_wconf 89' lang='lat' dir='ltr'><strong>terrenum</strong></span> <span class='ocrx_word' id='word_1_110' title='bbox 702 1497 822 1535; x_wconf 91' lang='lat' dir='ltr'><strong>eum</strong></span> <span class='ocrx_word' id='word_1_111' title='bbox 871 1478 1119 1548; x_wconf 82' lang='lat' dir='ltr'><strong>contagio</strong></span> <span class='ocrx_word' id='word_1_112' title='bbox 1166 1476 1500 1547; x_wconf 84' lang='lat' dir='ltr'><strong>pollutionis,</strong></span> <span class='ocrx_word' id='word_1_113' title='bbox 1550 1476 1829 1531; x_wconf 78' lang='lat' dir='ltr'><strong>caelestem</strong></span> <span class='ocrx_word' id='word_1_114' title='bbox 1860 1489 1981 1529; x_wconf 92' lang='lat' dir='ltr'><strong>cum</strong></span> 
     </span>
    </p>
   </div>
   <div class='ocr_carea' id='block_1_17' title="bbox 399 1564 1983 1640">
    <p class='ocr_par' dir='ltr' id='par_1_17' title="bbox 399 1564 1983 1640">
     <span class='ocr_line' id='line_1_17' title="bbox 399 1564 1983 1640; baseline -0.008 -10"><span class='ocrx_word' id='word_1_115' title='bbox 399 1574 670 1630; x_wconf 88' lang='lat' dir='ltr'><strong>consortio</strong></span> <span class='ocrx_word' id='word_1_116' title='bbox 696 1570 1013 1626; x_wconf 69' lang='lat' dir='ltr'><strong>divin‘tatis.</strong></span> <span class='ocrx_word' id='word_1_117' title='bbox 1044 1569 1193 1640; x_wconf 76' lang='lat' dir='ltr'><strong>Rogo</strong></span> <span class='ocrx_word' id='word_1_118' title='bbox 1223 1582 1381 1633; x_wconf 88' lang='lat' dir='ltr'><strong>nunc,</strong></span> <span class='ocrx_word' id='word_1_119' title='bbox 1427 1582 1550 1622; x_wconf 92' lang='lat' dir='ltr'><strong>cum</strong></span> <span class='ocrx_word' id='word_1_120' title='bbox 1584 1564 1873 1636; x_wconf 76' lang='lat' dir='ltr'><strong>Apostolus</strong></span> <span class='ocrx_word' id='word_1_121' title='bbox 1897 1564 1983 1618; x_wconf 59' lang='lat' dir='ltr'><strong>die</strong></span> 
     </span>
    </p>
   </div>
   <div class='ocr_carea' id='block_1_18' title="bbox 398 1656 1983 1729">
    <p class='ocr_par' dir='ltr' id='par_1_18' title="bbox 398 1656 1983 1729">
     <span class='ocr_line' id='line_1_18' title="bbox 398 1656 1983 1729; baseline -0.006 -9"><span class='ocrx_word' id='word_1_122' title='bbox 398 1676 482 1720; x_wconf 86' lang='lat' dir='ltr'><strong>cat</strong></span> <span class='ocrx_word' id='word_1_123' title='bbox 516 1664 791 1719; x_wconf 87' lang='lat' dir='ltr'><strong>hominem</strong></span> <span class='ocrx_word' id='word_1_124' title='bbox 826 1660 1169 1717; x_wconf 89' lang='lat' dir='ltr'><strong>descendisse</strong></span> <span class='ocrx_word' id='word_1_125' title='bbox 1190 1660 1258 1715; x_wconf 93' lang='lat' dir='ltr'><strong>de</strong></span> <span class='ocrx_word' id='word_1_126' title='bbox 1284 1658 1457 1727; x_wconf 72' lang='lat' dir='ltr'><strong>etnlis,</strong></span> <span class='ocrx_word' id='word_1_127' title='bbox 1490 1658 1611 1729; x_wconf 91' lang='lat' dir='ltr'><strong>quis</strong></span> <span class='ocrx_word' id='word_1_128' title='bbox 1637 1668 1720 1711; x_wconf 89' lang='lat' dir='ltr'><strong>est</strong></span> <span class='ocrx_word' id='word_1_129' title='bbox 1765 1656 1853 1726; x_wconf 91' lang='lat' dir='ltr'><strong>qui</strong></span> <span class='ocrx_word' id='word_1_130' title='bbox 1887 1672 1983 1711; x_wconf 91' lang='lat' dir='ltr'><strong>ne-</strong></span> 
     </span>
    </p>
   </div>
   <div class='ocr_carea' id='block_1_19' title="bbox 399 1746 2397 1826">
    <p class='ocr_par' dir='ltr' id='par_1_19' title="bbox 399 1746 2397 1826">
     <span class='ocr_line' id='line_1_19' title="bbox 399 1746 2397 1826; baseline -0.001 -19"><span class='ocrx_word' id='word_1_131' title='bbox 399 1770 525 1826; x_wconf 76' lang='lat' dir='ltr'><strong>gare</strong></span> <span class='ocrx_word' id='word_1_132' title='bbox 544 1754 739 1809; x_wconf 85' lang='lat' dir='ltr'><strong>audeat</strong></span> <span class='ocrx_word' id='word_1_133' title='bbox 759 1753 925 1807; x_wconf 91' lang='lat' dir='ltr'><strong>Deum</strong></span> <span class='ocrx_word' id='word_1_134' title='bbox 950 1750 1173 1805; x_wconf 88' lang='lat' dir='ltr'><strong>rediisse</strong></span> <span class='ocrx_word' id='word_1_135' title='bbox 1189 1749 1257 1804; x_wconf 90' lang='lat' dir='ltr'><strong>de</strong></span> <span class='ocrx_word' id='word_1_136' title='bbox 1277 1747 1476 1804; x_wconf 82' lang='lat' dir='ltr'><strong>terris?</strong></span> <span class='ocrx_word' id='word_1_137' title='bbox 1501 1746 1689 1802; x_wconf 83' lang='lat' dir='ltr'><strong>Adhuc</strong></span> <span class='ocrx_word' id='word_1_138' title='bbox 1718 1746 1763 1801; x_wconf 90' lang='lat' dir='ltr'><strong>si</strong></span> <span class='ocrx_word' id='word_1_139' title='bbox 1794 1760 1980 1815; x_wconf 83' lang='lat' dir='ltr'><strong>parum</strong></span> <span class='ocrx_word' id='word_1_140' title='bbox 2013 1751 2062 1811; x_wconf 83' lang='grc' dir='ltr'><strong>Β</strong></span> <span class='ocrx_word' id='word_1_141' title='bbox 2088 1755 2336 1803; x_wconf 83' lang='lat' dir='ltr'><strong>tueantur</strong></span> <span class='ocrx_word' id='word_1_142' title='bbox 2382 1765 2397 1805; x_wconf 89' lang='lat'><strong>:</strong></span> 
     </span>
    </p>
   </div>
   <div class='ocr_carea' id='block_1_20' title="bbox 401 1839 1979 1917">
    <p class='ocr_par' dir='ltr' id='par_1_20' title="bbox 401 1839 1979 1917">
     <span class='ocr_line' id='line_1_20' title="bbox 401 1839 1979 1917; baseline -0.005 -16"><span class='ocrx_word' id='word_1_143' title='bbox 401 1856 502 1913; x_wconf 71' lang='lat' dir='ltr'><strong>est,</strong></span> <span class='ocrx_word' id='word_1_144' title='bbox 536 1845 676 1917; x_wconf 91' lang='lat' dir='ltr'><strong>quod</strong></span> <span class='ocrx_word' id='word_1_145' title='bbox 719 1860 812 1899; x_wconf 93' lang='lat' dir='ltr'><strong>vas</strong></span> <span class='ocrx_word' id='word_1_146' title='bbox 840 1843 1117 1900; x_wconf 90' lang='lat' dir='ltr'><strong>electionis</strong></span> <span class='ocrx_word' id='word_1_147' title='bbox 1157 1842 1411 1909; x_wconf 88' lang='lat' dir='ltr'><strong>asseruit,</strong></span> <span class='ocrx_word' id='word_1_148' title='bbox 1443 1840 1791 1896; x_wconf 88' lang='lat' dir='ltr'><strong>consulamus</strong></span> <span class='ocrx_word' id='word_1_149' title='bbox 1829 1839 1979 1894; x_wconf 88' lang='lat' dir='ltr'><strong>illum</strong></span> 
     </span>
    </p>
   </div>
   <div class='ocr_carea' id='block_1_21' title="bbox 398 1931 1978 2010">
    <p class='ocr_par' dir='ltr' id='par_1_21' title="bbox 398 1931 1978 2010">
     <span class='ocr_line' id='line_1_21' title="bbox 398 1931 1978 2010; baseline -0.003 -19"><span class='ocrx_word' id='word_1_150' title='bbox 398 1941 488 2010; x_wconf 84' lang='lat' dir='ltr'><strong>qui</strong></span> <span class='ocrx_word' id='word_1_151' title='bbox 513 1948 743 1997; x_wconf 89' lang='lat' dir='ltr'><strong>mentem</strong></span> <span class='ocrx_word' id='word_1_152' title='bbox 764 1940 922 1995; x_wconf 85' lang='lat' dir='ltr'><strong>electi</strong></span> <span class='ocrx_word' id='word_1_153' title='bbox 942 1937 1312 2008; x_wconf 87' lang='lat' dir='ltr'><strong>pretiosissimi</strong></span> <span class='ocrx_word' id='word_1_154' title='bbox 1336 1936 1476 1991; x_wconf 88' lang='lat' dir='ltr'><strong>vasis</strong></span> <span class='ocrx_word' id='word_1_155' title='bbox 1492 1934 1765 2005; x_wconf 82' lang='lat' dir='ltr'><strong>implevit:</strong></span> <span class='ocrx_word' id='word_1_156' title='bbox 1786 1931 1978 2000; x_wconf 83' lang='lat' dir='ltr'><strong>Nemo,</strong></span> 
     </span>
    </p>
   </div>
   <div class='ocr_carea' id='block_1_22' title="bbox 398 2026 1979 2103">
    <p class='ocr_par' dir='ltr' id='par_1_22' title="bbox 398 2026 1979 2103">
     <span class='ocr_line' id='line_1_22' title="bbox 398 2026 1979 2103; baseline -0.005 -16"><span class='ocrx_word' id='word_1_157' title='bbox 398 2036 590 2103; x_wconf 85' lang='lat' dir='ltr'><strong>inquit,</strong></span> <span class='ocrx_word' id='word_1_158' title='bbox 619 2032 843 2086; x_wconf 74' lang='lat' dir='ltr'><strong>ascendit</strong></span> <span class='ocrx_word' id='word_1_159' title='bbox 868 2030 921 2083; x_wconf 88' lang='lat' dir='ltr'><strong>in</strong></span> <span class='ocrx_word' id='word_1_160' title='bbox 952 2029 1150 2095; x_wconf 70' lang='lat' dir='ltr'><strong>caelum,</strong></span> <span class='ocrx_word' id='word_1_161' title='bbox 1186 2029 1285 2082; x_wconf 86' lang='lat' dir='ltr'><strong>nisi</strong></span> <span class='ocrx_word' id='word_1_162' title='bbox 1306 2029 1393 2097; x_wconf 87' lang='lat' dir='ltr'><strong>qui</strong></span> <span class='ocrx_word' id='word_1_163' title='bbox 1421 2028 1485 2083; x_wconf 90' lang='lat' dir='ltr'><strong>de</strong></span> <span class='ocrx_word' id='word_1_164' title='bbox 1526 2028 1650 2083; x_wconf 72' lang='lat' dir='ltr'><strong>coelo</strong></span> <span class='ocrx_word' id='word_1_165' title='bbox 1694 2026 1979 2093; x_wconf 82' lang='lat' dir='ltr'><strong>descendit,</strong></span> 
     </span>
    </p>
   </div>
   <div class='ocr_carea' id='block_1_23' title="bbox 394 2118 1979 2194">
    <p class='ocr_par' dir='ltr' id='par_1_23' title="bbox 394 2118 1979 2194">
     <span class='ocr_line' id='line_1_23' title="bbox 394 2118 1979 2194; baseline -0.004 -14"><span class='ocrx_word' id='word_1_166' title='bbox 394 2126 563 2180; x_wconf 85' lang='lat' dir='ltr'><strong>Filius</strong></span> <span class='ocrx_word' id='word_1_167' title='bbox 595 2124 813 2180; x_wconf 84' lang='lat' dir='ltr'><strong>hominis</strong></span> <span class='ocrx_word' id='word_1_168' title='bbox 841 2124 927 2194; x_wconf 86' lang='lat' dir='ltr'><strong>qui</strong></span> <span class='ocrx_word' id='word_1_169' title='bbox 972 2131 1046 2177; x_wconf 88' lang='lat' dir='ltr'><strong>est</strong></span> <span class='ocrx_word' id='word_1_170' title='bbox 1076 2122 1129 2175; x_wconf 89' lang='lat' dir='ltr'><strong>in</strong></span> <span class='ocrx_word' id='word_1_171' title='bbox 1158 2122 1280 2175; x_wconf 73' lang='lat' dir='ltr'><strong>caelo</strong></span> <span class='ocrx_word' id='word_1_172' title='bbox 1329 2118 1506 2191; x_wconf 85' lang='lat' dir='ltr'><strong>(Joan.</strong></span> <span class='ocrx_word' id='word_1_173' title='bbox 1535 2135 1613 2188; x_wconf 85' lang='grc' dir='ltr'>ιιι,</span> <span class='ocrx_word' id='word_1_174' title='bbox 1662 2118 1774 2189; x_wconf 73' lang='grc'><strong>15).</strong></span> <span class='ocrx_word' id='word_1_175' title='bbox 1820 2118 1879 2175; x_wconf 90' lang='lat' dir='ltr'><strong>Si</strong></span> <span class='ocrx_word' id='word_1_176' title='bbox 1906 2118 1979 2173; x_wconf 89' lang='lat' dir='ltr'><strong>ita</strong></span> 
     </span>
    </p>
   </div>
   <div class='ocr_carea' id='block_1_24' title="bbox 394 2212 1975 2289">
    <p class='ocr_par' dir='ltr' id='par_1_24' title="bbox 394 2212 1975 2289">
     <span class='ocr_line' id='line_1_24' title="bbox 394 2212 1975 2289; baseline -0.006 -15"><span class='ocrx_word' id='word_1_177' title='bbox 394 2221 428 2289; x_wconf 53' lang='grc' dir='ltr'><strong>ἱ,</strong></span> <span class='ocrx_word' id='word_1_178' title='bbox 450 2234 509 2274; x_wconf 90' lang='lat' dir='ltr'><strong>se</strong></span> <span class='ocrx_word' id='word_1_179' title='bbox 551 2219 691 2274; x_wconf 89' lang='lat' dir='ltr'><strong>Deus</strong></span> <span class='ocrx_word' id='word_1_180' title='bbox 718 2219 916 2273; x_wconf 86' lang='lat' dir='ltr'><strong>veritas</strong></span> <span class='ocrx_word' id='word_1_181' title='bbox 957 2230 1079 2271; x_wconf 91' lang='lat' dir='ltr'><strong>cum</strong></span> <span class='ocrx_word' id='word_1_182' title='bbox 1128 2229 1221 2269; x_wconf 91' lang='lat' dir='ltr'><strong>sua</strong></span> <span class='ocrx_word' id='word_1_183' title='bbox 1267 2214 1635 2269; x_wconf 89' lang='lat' dir='ltr'><strong>incarnatione</strong></span> <span class='ocrx_word' id='word_1_184' title='bbox 1664 2212 1975 2280; x_wconf 83' lang='lat' dir='ltr'><strong>concordat,</strong></span> 
     </span>
    </p>
   </div>
   <div class='ocr_carea' id='block_1_25' title="bbox 393 2304 1976 2375">
    <p class='ocr_par' dir='ltr' id='par_1_25' title="bbox 393 2304 1976 2375">
     <span class='ocr_line' id='line_1_25' title="bbox 393 2304 1976 2375; baseline -0.003 -12"><span class='ocrx_word' id='word_1_185' title='bbox 393 2320 452 2365; x_wconf 89' lang='lat' dir='ltr'><strong>ut</strong></span> <span class='ocrx_word' id='word_1_186' title='bbox 506 2321 630 2365; x_wconf 83' lang='lat' dir='ltr'><strong>ante</strong></span> <span class='ocrx_word' id='word_1_187' title='bbox 684 2324 845 2366; x_wconf 90' lang='lat' dir='ltr'><strong>omne</strong></span> <span class='ocrx_word' id='word_1_188' title='bbox 899 2307 1154 2363; x_wconf 63' lang='lat' dir='ltr'><strong>sacculum</strong></span> <span class='ocrx_word' id='word_1_189' title='bbox 1208 2306 1388 2361; x_wconf 91' lang='lat' dir='ltr'><strong>uniret</strong></span> <span class='ocrx_word' id='word_1_190' title='bbox 1448 2304 1786 2375; x_wconf 72' lang='lat' dir='ltr'><strong>prmscicntia</strong></span> <span class='ocrx_word' id='word_1_191' title='bbox 1836 2305 1976 2374; x_wconf 91' lang='lat' dir='ltr'><strong>quod</strong></span> 
     </span>
    </p>
   </div>
   <div class='ocr_carea' id='block_1_26' title="bbox 346 2394 1980 2469">
    <p class='ocr_par' dir='ltr' id='par_1_26' title="bbox 346 2394 1980 2469">
     <span class='ocr_line' id='line_1_26' title="bbox 346 2394 1980 2469; baseline -0.006 -13"><span class='ocrx_word' id='word_1_192' title='bbox 346 2466 349 2469; x_wconf 23' lang='grc' dir='ltr'>λ</span> <span class='ocrx_word' id='word_1_193' title='bbox 393 2403 448 2456; x_wconf 91' lang='lat' dir='ltr'><strong>in</strong></span> <span class='ocrx_word' id='word_1_194' title='bbox 512 2402 834 2458; x_wconf 63' lang='lat' dir='ltr'><strong>saeculorum</strong></span> <span class='ocrx_word' id='word_1_195' title='bbox 894 2400 998 2455; x_wconf 88' lang='lat' dir='ltr'><strong>fine</strong></span> <span class='ocrx_word' id='word_1_196' title='bbox 1049 2411 1326 2453; x_wconf 90' lang='lat' dir='ltr'><strong>assumere</strong></span> <span class='ocrx_word' id='word_1_197' title='bbox 1380 2395 1718 2466; x_wconf 89' lang='lat' dir='ltr'><strong>disposuerat</strong></span> <span class='ocrx_word' id='word_1_198' title='bbox 1770 2394 1822 2449; x_wconf 94' lang='lat' dir='ltr'><strong>in</strong></span> <span class='ocrx_word' id='word_1_199' title='bbox 1882 2409 1980 2448; x_wconf 83' lang='lat' dir='ltr'><strong>na-</strong></span> 
     </span>
    </p>
   </div>
   <div class='ocr_carea' id='block_1_27' title="bbox 391 2489 1979 2561">
    <p class='ocr_par' dir='ltr' id='par_1_27' title="bbox 391 2489 1979 2561">
     <span class='ocr_line' id='line_1_27' title="bbox 391 2489 1979 2561; baseline -0.003 -12"><span class='ocrx_word' id='word_1_200' title='bbox 391 2503 511 2550; x_wconf 88' lang='lat' dir='ltr'><strong>tura</strong></span> <span class='ocrx_word' id='word_1_201' title='bbox 562 2510 577 2549; x_wconf 89' lang='lat'><strong>:</strong></span> <span class='ocrx_word' id='word_1_202' title='bbox 629 2494 807 2549; x_wconf 84' lang='lat' dir='ltr'><strong>videte</strong></span> <span class='ocrx_word' id='word_1_203' title='bbox 859 2502 1162 2547; x_wconf 83' lang='lat' dir='ltr'><strong>utrumnam</strong></span> <span class='ocrx_word' id='word_1_204' title='bbox 1216 2492 1357 2546; x_wconf 88' lang='lat' dir='ltr'><strong>Deus</strong></span> <span class='ocrx_word' id='word_1_205' title='bbox 1402 2491 1471 2545; x_wconf 90' lang='lat' dir='ltr'><strong>sit</strong></span> <span class='ocrx_word' id='word_1_206' title='bbox 1518 2491 1608 2561; x_wconf 92' lang='lat' dir='ltr'><strong>qui</strong></span> <span class='ocrx_word' id='word_1_207' title='bbox 1664 2489 1979 2546; x_wconf 87' lang='lat' dir='ltr'><strong>conscendit</strong></span> 
     </span>
    </p>
   </div>
   <div class='ocr_carea' id='block_1_28' title="bbox 394 2579 1977 2655">
    <p class='ocr_par' dir='ltr' id='par_1_28' title="bbox 394 2579 1977 2655">
     <span class='ocr_line' id='line_1_28' title="bbox 394 2579 1977 2655; baseline -0.003 -14"><span class='ocrx_word' id='word_1_208' title='bbox 394 2593 519 2655; x_wconf 88' lang='lat' dir='ltr'><strong>post</strong></span> <span class='ocrx_word' id='word_1_209' title='bbox 547 2583 961 2640; x_wconf 88' lang='lat' dir='ltr'><strong>resurrectionis</strong></span> <span class='ocrx_word' id='word_1_210' title='bbox 991 2582 1317 2652; x_wconf 88' lang='lat' dir='ltr'><strong>triumphum</strong></span> <span class='ocrx_word' id='word_1_211' title='bbox 1342 2626 1357 2650; x_wconf 95' lang='lat'><strong>,</strong></span> <span class='ocrx_word' id='word_1_212' title='bbox 1408 2581 1452 2635; x_wconf 91' lang='lat' dir='ltr'><strong>si</strong></span> <span class='ocrx_word' id='word_1_213' title='bbox 1475 2597 1595 2636; x_wconf 88' lang='lat' dir='ltr'><strong>cum</strong></span> <span class='ocrx_word' id='word_1_214' title='bbox 1622 2579 1781 2637; x_wconf 84' lang='lat' dir='ltr'><strong>Patre</strong></span> <span class='ocrx_word' id='word_1_215' title='bbox 1808 2581 1977 2637; x_wconf 88' lang='lat' dir='ltr'><strong>Filius</strong></span> 
     </span>
    </p>
   </div>
   <div class='ocr_carea' id='block_1_29' title="bbox 392 2673 1975 2743">
    <p class='ocr_par' dir='ltr' id='par_1_29' title="bbox 392 2673 1975 2743">
     <span class='ocr_line' id='line_1_29' title="bbox 392 2673 1975 2743; baseline -0.002 -13"><span class='ocrx_word' id='word_1_216' title='bbox 392 2678 558 2732; x_wconf 80' lang='lat' dir='ltr'><strong>fuisse</strong></span> <span class='ocrx_word' id='word_1_217' title='bbox 599 2676 794 2732; x_wconf 91' lang='lat' dir='ltr'><strong>dicitur</strong></span> <span class='ocrx_word' id='word_1_218' title='bbox 822 2684 943 2729; x_wconf 89' lang='lat' dir='ltr'><strong>ante</strong></span> <span class='ocrx_word' id='word_1_219' title='bbox 988 2676 1164 2729; x_wconf 88' lang='lat' dir='ltr'><strong>carnis</strong></span> <span class='ocrx_word' id='word_1_220' title='bbox 1193 2674 1469 2729; x_wconf 79' lang='lat' dir='ltr'><strong>exordium</strong></span> <span class='ocrx_word' id='word_1_221' title='bbox 1504 2691 1516 2726; x_wconf 89' lang='lat'>:</span> <span class='ocrx_word' id='word_1_222' title='bbox 1550 2683 1640 2728; x_wconf 88' lang='lat' dir='ltr'><strong>aut</strong></span> <span class='ocrx_word' id='word_1_223' title='bbox 1669 2683 1864 2743; x_wconf 89' lang='lat' dir='ltr'><strong>quanta</strong></span> <span class='ocrx_word' id='word_1_224' title='bbox 1891 2673 1975 2727; x_wconf 77' lang='lat' dir='ltr'><strong>la-</strong></span> 
     </span>
    </p>
   </div>
   <div class='ocr_carea' id='block_1_30' title="bbox 389 2762 1972 2839">
    <p class='ocr_par' dir='ltr' id='par_1_30' title="bbox 389 2762 1972 2839">
     <span class='ocr_line' id='line_1_30' title="bbox 389 2762 1972 2839; baseline -0.004 -14"><span class='ocrx_word' id='word_1_225' title='bbox 389 2779 477 2825; x_wconf 89' lang='lat' dir='ltr'><strong>cta</strong></span> <span class='ocrx_word' id='word_1_226' title='bbox 516 2770 585 2823; x_wconf 89' lang='lat' dir='ltr'><strong>sit</strong></span> <span class='ocrx_word' id='word_1_227' title='bbox 630 2768 870 2824; x_wconf 90' lang='lat' dir='ltr'><strong>soliditas</strong></span> <span class='ocrx_word' id='word_1_228' title='bbox 899 2766 1037 2839; x_wconf 81' lang='lat' dir='ltr'><strong>[Alia</strong></span> <span class='ocrx_word' id='word_1_229' title='bbox 1068 2767 1235 2834; x_wconf 83' lang='lat' dir='ltr'><strong>lectio,</strong></span> <span class='ocrx_word' id='word_1_230' title='bbox 1284 2774 1477 2835; x_wconf 84' lang='lat' dir='ltr'><strong>quanta</strong></span> <span class='ocrx_word' id='word_1_231' title='bbox 1508 2765 1581 2819; x_wconf 86' lang='lat' dir='ltr'><strong>sit</strong></span> <span class='ocrx_word' id='word_1_232' title='bbox 1622 2762 1892 2834; x_wconf 69' lang='lat' dir='ltr'><strong>soliditas]</strong></span> <span class='ocrx_word' id='word_1_233' title='bbox 1920 2766 1972 2818; x_wconf 92' lang='lat' dir='ltr'><strong>in</strong></span> 
     </span>
    </p>
   </div>
   <div class='ocr_carea' id='block_1_31' title="bbox 392 2855 1971 2931">
    <p class='ocr_par' dir='ltr' id='par_1_31' title="bbox 392 2855 1971 2931">
     <span class='ocr_line' id='line_1_31' title="bbox 392 2855 1971 2931; baseline -0.005 -15"><span class='ocrx_word' id='word_1_234' title='bbox 392 2861 698 2931; x_wconf 69' lang='lat' dir='ltr'><strong>prmteritis,</strong></span> <span class='ocrx_word' id='word_1_235' title='bbox 721 2861 873 2927; x_wconf 90' lang='lat' dir='ltr'><strong>cuius</strong></span> <span class='ocrx_word' id='word_1_236' title='bbox 907 2868 1053 2912; x_wconf 87' lang='lat' dir='ltr'><strong>tanta</strong></span> <span class='ocrx_word' id='word_1_237' title='bbox 1100 2859 1276 2912; x_wconf 89' lang='lat' dir='ltr'><strong>unitas</strong></span> <span class='ocrx_word' id='word_1_238' title='bbox 1306 2855 1625 2927; x_wconf 63' lang='lat' dir='ltr'><strong>prmdicatur</strong></span> <span class='ocrx_word' id='word_1_239' title='bbox 1674 2856 1727 2910; x_wconf 92' lang='lat' dir='ltr'><strong>in</strong></span> <span class='ocrx_word' id='word_1_240' title='bbox 1757 2855 1971 2909; x_wconf 80' lang='lat' dir='ltr'><strong>futuris.</strong></span> 
     </span>
    </p>
   </div>
   <div class='ocr_carea' id='block_1_32' title="bbox 392 2948 1969 3021">
    <p class='ocr_par' dir='ltr' id='par_1_32' title="bbox 392 2948 1969 3021">
     <span class='ocr_line' id='line_1_32' title="bbox 392 2948 1969 3021; baseline -0.006 -11"><span class='ocrx_word' id='word_1_241' title='bbox 392 2954 499 3010; x_wconf 89' lang='lat' dir='ltr'><strong>Sed</strong></span> <span class='ocrx_word' id='word_1_242' title='bbox 552 2968 618 3009; x_wconf 86' lang='lat' dir='ltr'><strong>ne</strong></span> <span class='ocrx_word' id='word_1_243' title='bbox 666 2951 865 3021; x_wconf 81' lang='lat' dir='ltr'><strong>aliquid</strong></span> <span class='ocrx_word' id='word_1_244' title='bbox 903 2952 971 3006; x_wconf 91' lang='lat' dir='ltr'><strong>de</strong></span> <span class='ocrx_word' id='word_1_245' title='bbox 1009 2950 1111 3005; x_wconf 91' lang='lat' dir='ltr'><strong>hac</strong></span> <span class='ocrx_word' id='word_1_246' title='bbox 1159 2948 1587 3004; x_wconf 89' lang='lat' dir='ltr'><strong>immutabilitate</strong></span> <span class='ocrx_word' id='word_1_247' title='bbox 1636 2957 1969 3013; x_wconf 89' lang='lat' dir='ltr'><strong>cunctemur,</strong></span> 
     </span>
    </p>
   </div>
   <div class='ocr_carea' id='block_1_33' title="bbox 390 3039 1965 3112">
    <p class='ocr_par' dir='ltr' id='par_1_33' title="bbox 390 3039 1965 3112">
     <span class='ocr_line' id='line_1_33' title="bbox 390 3039 1965 3112; baseline -0.004 -13"><span class='ocrx_word' id='word_1_248' title='bbox 390 3046 565 3099; x_wconf 80' lang='lat' dir='ltr'><strong>adhuc</strong></span> <span class='ocrx_word' id='word_1_249' title='bbox 592 3043 739 3098; x_wconf 87' lang='lat' dir='ltr'><strong>addit</strong></span> <span class='ocrx_word' id='word_1_250' title='bbox 781 3043 1069 3112; x_wconf 86' lang='lat' dir='ltr'><strong>Apostolus</strong></span> <span class='ocrx_word' id='word_1_251' title='bbox 1118 3040 1186 3097; x_wconf 92' lang='lat' dir='ltr'><strong>de</strong></span> <span class='ocrx_word' id='word_1_252' title='bbox 1235 3041 1440 3111; x_wconf 87' lang='lat' dir='ltr'><strong>psalmo</strong></span> <span class='ocrx_word' id='word_1_253' title='bbox 1472 3039 1835 3094; x_wconf 90' lang='lat' dir='ltr'><strong>testimonium</strong></span> <span class='ocrx_word' id='word_1_254' title='bbox 1867 3053 1965 3110; x_wconf 88' lang='lat' dir='ltr'><strong>po-</strong></span> 
     </span>
    </p>
   </div>
   <div class='ocr_carea' id='block_1_34' title="bbox 2095 468 3686 541">
    <p class='ocr_par' dir='ltr' id='par_1_34' title="bbox 2095 468 3686 541">
     <span class='ocr_line' id='line_1_34' title="bbox 2095 468 3686 541; baseline 0.001 -17"><span class='ocrx_word' id='word_1_255' title='bbox 2095 471 2391 541; x_wconf 80' lang='lat' dir='ltr'><strong>perspicute</strong></span> <span class='ocrx_word' id='word_1_256' title='bbox 2441 485 2562 524; x_wconf 89' lang='lat' dir='ltr'><strong>cum</strong></span> <span class='ocrx_word' id='word_1_257' title='bbox 2619 468 2769 524; x_wconf 93' lang='lat' dir='ltr'><strong>duris</strong></span> <span class='ocrx_word' id='word_1_258' title='bbox 2828 469 3095 524; x_wconf 88' lang='lat' dir='ltr'><strong>mentibus</strong></span> <span class='ocrx_word' id='word_1_259' title='bbox 3143 484 3270 523; x_wconf 89' lang='lat' dir='ltr'><strong>saxa</strong></span> <span class='ocrx_word' id='word_1_260' title='bbox 3314 468 3566 539; x_wconf 88' lang='lat' dir='ltr'><strong>iaculari.</strong></span> <span class='ocrx_word' id='word_1_261' title='bbox 3606 470 3686 526; x_wconf 81' lang='lat' dir='ltr'><strong>Ne</strong></span> 
     </span>
    </p>
   </div>
   <div class='ocr_carea' id='block_1_35' title="bbox 2095 561 3685 630">
    <p class='ocr_par' dir='ltr' id='par_1_35' title="bbox 2095 561 3685 630">
     <span class='ocr_line' id='line_1_35' title="bbox 2095 561 3685 630; baseline 0.001 -14"><span class='ocrx_word' id='word_1_262' title='bbox 2095 562 2237 617; x_wconf 85' lang='lat' dir='ltr'><strong>Deus</strong></span> <span class='ocrx_word' id='word_1_263' title='bbox 2277 571 2331 617; x_wconf 91' lang='lat' dir='ltr'><strong>et</strong></span> <span class='ocrx_word' id='word_1_264' title='bbox 2362 562 2523 617; x_wconf 91' lang='lat' dir='ltr'><strong>homo</strong></span> <span class='ocrx_word' id='word_1_265' title='bbox 2566 577 2731 617; x_wconf 90' lang='lat' dir='ltr'><strong>unum</strong></span> <span class='ocrx_word' id='word_1_266' title='bbox 2766 561 3040 627; x_wconf 89' lang='lat' dir='ltr'><strong>credatur,</strong></span> <span class='ocrx_word' id='word_1_267' title='bbox 3085 561 3331 630; x_wconf 89' lang='lat' dir='ltr'><strong>coniurat</strong></span> <span class='ocrx_word' id='word_1_268' title='bbox 3373 562 3521 617; x_wconf 89' lang='lat' dir='ltr'><strong>furor</strong></span> <span class='ocrx_word' id='word_1_269' title='bbox 3549 563 3685 618; x_wconf 88' lang='lat' dir='ltr'><strong>duo-</strong></span> 
     </span>
    </p>
   </div>
   <div class='ocr_carea' id='block_1_36' title="bbox 2092 653 3682 723">
    <p class='ocr_par' dir='ltr' id='par_1_36' title="bbox 2092 653 3682 723">
     <span class='ocr_line' id='line_1_36' title="bbox 2092 653 3682 723; baseline 0.001 -15"><span class='ocrx_word' id='word_1_270' title='bbox 2092 669 2233 708; x_wconf 90' lang='lat' dir='ltr'><strong>rum.</strong></span> <span class='ocrx_word' id='word_1_271' title='bbox 2267 654 2450 709; x_wconf 88' lang='lat' dir='ltr'><strong>Liceat</strong></span> <span class='ocrx_word' id='word_1_272' title='bbox 2492 669 2621 723; x_wconf 85' lang='lat' dir='ltr'><strong>rogo</strong></span> <span class='ocrx_word' id='word_1_273' title='bbox 2652 653 2795 723; x_wconf 91' lang='lat' dir='ltr'><strong>quod</strong></span> <span class='ocrx_word' id='word_1_274' title='bbox 2828 653 2952 707; x_wconf 87' lang='lat' dir='ltr'><strong>facti</strong></span> <span class='ocrx_word' id='word_1_275' title='bbox 3006 667 3188 707; x_wconf 91' lang='lat' dir='ltr'><strong>sumus</strong></span> <span class='ocrx_word' id='word_1_276' title='bbox 3234 653 3289 706; x_wconf 91' lang='lat' dir='ltr'><strong>in</strong></span> <span class='ocrx_word' id='word_1_277' title='bbox 3321 653 3510 709; x_wconf 89' lang='lat' dir='ltr'><strong>melius</strong></span> <span class='ocrx_word' id='word_1_278' title='bbox 3555 670 3682 723; x_wconf 85' lang='lat' dir='ltr'><strong>pro-</strong></span> 
     </span>
    </p>
   </div>
   <div class='ocr_carea' id='block_1_37' title="bbox 2095 744 3674 815">
    <p class='ocr_par' dir='ltr' id='par_1_37' title="bbox 2095 744 3674 815">
     <span class='ocr_line' id='line_1_37' title="bbox 2095 744 3674 815; baseline 0.001 -19"><span class='ocrx_word' id='word_1_279' title='bbox 2095 744 2218 799; x_wconf 89' lang='lat' dir='ltr'><strong>vehi</strong></span> <span class='ocrx_word' id='word_1_280' title='bbox 2253 760 2268 798; x_wconf 89' lang='lat'><strong>:</strong></span> <span class='ocrx_word' id='word_1_281' title='bbox 2301 744 2459 800; x_wconf 82' lang='lat' dir='ltr'><strong>liccat</strong></span> <span class='ocrx_word' id='word_1_282' title='bbox 2489 755 2820 815; x_wconf 87' lang='lat' dir='ltr'><strong>compactam</strong></span> <span class='ocrx_word' id='word_1_283' title='bbox 2861 745 2972 799; x_wconf 91' lang='lat' dir='ltr'><strong>luto</strong></span> <span class='ocrx_word' id='word_1_284' title='bbox 3002 747 3283 800; x_wconf 87' lang='lat' dir='ltr'><strong>materiam</strong></span> <span class='ocrx_word' id='word_1_285' title='bbox 3315 760 3674 815; x_wconf 88' lang='lat' dir='ltr'><strong>supernorum</strong></span> 
     </span>
    </p>
   </div>
   <div class='ocr_carea' id='block_1_38' title="bbox 2091 836 3674 905">
    <p class='ocr_par' dir='ltr' id='par_1_38' title="bbox 2091 836 3674 905">
     <span class='ocr_line' id='line_1_38' title="bbox 2091 836 3674 905; baseline 0.002 -15"><span class='ocrx_word' id='word_1_286' title='bbox 2091 836 2294 891; x_wconf 74' lang='lat' dir='ltr'><strong>honore</strong></span> <span class='ocrx_word' id='word_1_287' title='bbox 2320 836 2551 897; x_wconf 86' lang='lat' dir='ltr'><strong>sustolli.</strong></span> <span class='ocrx_word' id='word_1_288' title='bbox 2576 837 2711 905; x_wconf 86' lang='lat' dir='ltr'><strong>Quid</strong></span> <span class='ocrx_word' id='word_1_289' title='bbox 2740 846 2942 891; x_wconf 90' lang='lat' dir='ltr'><strong>tantum</strong></span> <span class='ocrx_word' id='word_1_290' title='bbox 2966 846 3151 892; x_wconf 90' lang='lat' dir='ltr'><strong>contra</strong></span> <span class='ocrx_word' id='word_1_291' title='bbox 3183 846 3234 892; x_wconf 93' lang='lat' dir='ltr'><strong>te</strong></span> <span class='ocrx_word' id='word_1_292' title='bbox 3258 837 3422 892; x_wconf 90' lang='lat' dir='ltr'><strong>homo</strong></span> <span class='ocrx_word' id='word_1_293' title='bbox 3461 838 3674 901; x_wconf 83' lang='lat' dir='ltr'><strong>niteris,</strong></span> 
     </span>
    </p>
   </div>
   <div class='ocr_carea' id='block_1_39' title="bbox 2091 926 3669 998">
    <p class='ocr_par' dir='ltr' id='par_1_39' title="bbox 2091 926 3669 998">
     <span class='ocr_line' id='line_1_39' title="bbox 2091 926 3669 998; baseline 0.001 -17"><span class='ocrx_word' id='word_1_294' title='bbox 2091 942 2157 981; x_wconf 90' lang='lat' dir='ltr'><strong>ne</strong></span> <span class='ocrx_word' id='word_1_295' title='bbox 2205 927 2256 981; x_wconf 91' lang='lat' dir='ltr'><strong>in</strong></span> <span class='ocrx_word' id='word_1_296' title='bbox 2292 926 2457 982; x_wconf 91' lang='lat' dir='ltr'><strong>Deum</strong></span> <span class='ocrx_word' id='word_1_297' title='bbox 2509 944 2669 998; x_wconf 90' lang='lat' dir='ltr'><strong>posse</strong></span> <span class='ocrx_word' id='word_1_298' title='bbox 2721 929 2952 984; x_wconf 88' lang='lat' dir='ltr'><strong>transire</strong></span> <span class='ocrx_word' id='word_1_299' title='bbox 2995 927 3264 984; x_wconf 85' lang='lat' dir='ltr'><strong>credaris?</strong></span> <span class='ocrx_word' id='word_1_300' title='bbox 3307 928 3474 983; x_wconf 85' lang='lat' dir='ltr'><strong>Vocat</strong></span> <span class='ocrx_word' id='word_1_301' title='bbox 3527 937 3577 984; x_wconf 89' lang='lat' dir='ltr'><strong>te</strong></span> <span class='ocrx_word' id='word_1_302' title='bbox 3603 929 3669 983; x_wconf 90' lang='lat' dir='ltr'><strong>ad</strong></span> 
     </span>
    </p>
   </div>
   <div class='ocr_carea' id='block_1_40' title="bbox 2089 1018 3674 1090">
    <p class='ocr_par' dir='ltr' id='par_1_40' title="bbox 2089 1018 3674 1090">
     <span class='ocr_line' id='line_1_40' title="bbox 2089 1018 3674 1090; baseline 0.004 -18"><span class='ocrx_word' id='word_1_303' title='bbox 2089 1018 2553 1088; x_wconf 86' lang='lat' dir='ltr'><strong>participationem</strong></span> <span class='ocrx_word' id='word_1_304' title='bbox 2593 1021 2674 1074; x_wconf 91' lang='lat' dir='ltr'><strong>sui</strong></span> <span class='ocrx_word' id='word_1_305' title='bbox 2717 1034 2945 1090; x_wconf 77' lang='lat' dir='ltr'><strong>superna</strong></span> <span class='ocrx_word' id='word_1_306' title='bbox 2992 1021 3286 1090; x_wconf 85' lang='lat' dir='ltr'><strong>maiestas:</strong></span> <span class='ocrx_word' id='word_1_307' title='bbox 3319 1036 3415 1076; x_wconf 90' lang='lat' dir='ltr'><strong>cur</strong></span> <span class='ocrx_word' id='word_1_308' title='bbox 3440 1022 3674 1078; x_wconf 70' lang='lat' dir='ltr'><strong>offeren-</strong></span> 
     </span>
    </p>
   </div>
   <div class='ocr_carea' id='block_1_41' title="bbox 2090 1112 3673 1183">
    <p class='ocr_par' dir='ltr' id='par_1_41' title="bbox 2090 1112 3673 1183">
     <span class='ocr_line' id='line_1_41' title="bbox 2090 1112 3673 1183; baseline 0.003 -19"><span class='ocrx_word' id='word_1_309' title='bbox 2090 1119 2199 1164; x_wconf 87' lang='lat' dir='ltr'><strong>tem</strong></span> <span class='ocrx_word' id='word_1_310' title='bbox 2255 1112 2475 1165; x_wconf 79' lang='lat' dir='ltr'><strong>renuis?</strong></span> <span class='ocrx_word' id='word_1_311' title='bbox 2506 1112 2629 1181; x_wconf 90' lang='lat' dir='ltr'><strong>quid</strong></span> <span class='ocrx_word' id='word_1_312' title='bbox 2659 1112 2891 1181; x_wconf 75' lang='lat' dir='ltr'><strong>desp’cis</strong></span> <span class='ocrx_word' id='word_1_313' title='bbox 2934 1112 3306 1183; x_wconf 80' lang='lat' dir='ltr'><strong>ingerentem?</strong></span> <span class='ocrx_word' id='word_1_314' title='bbox 3339 1113 3547 1169; x_wconf 83' lang='lat' dir='ltr'><strong>Excolo</strong></span> <span class='ocrx_word' id='word_1_315' title='bbox 3573 1131 3673 1183; x_wconf 90' lang='lat' dir='ltr'><strong>pro</strong></span> 
     </span>
    </p>
   </div>
   <div class='ocr_carea' id='block_1_42' title="bbox 2087 1199 3675 1272">
    <p class='ocr_par' dir='ltr' id='par_1_42' title="bbox 2087 1199 3675 1272">
     <span class='ocr_line' id='line_1_42' title="bbox 2087 1199 3675 1272; baseline 0.004 -21"><span class='ocrx_word' id='word_1_316' title='bbox 2087 1199 2435 1269; x_wconf 83' lang='lat' dir='ltr'><strong>adipiscenda</strong></span> <span class='ocrx_word' id='word_1_317' title='bbox 2486 1202 2836 1256; x_wconf 89' lang='lat' dir='ltr'><strong>similitudine</strong></span> <span class='ocrx_word' id='word_1_318' title='bbox 2882 1202 3185 1267; x_wconf 83' lang='lat' dir='ltr'><strong>veritatem,</strong></span> <span class='ocrx_word' id='word_1_319' title='bbox 3234 1202 3398 1272; x_wconf 81' lang='lat' dir='ltr'><strong>diligo</strong></span> <span class='ocrx_word' id='word_1_320' title='bbox 3440 1218 3536 1271; x_wconf 92' lang='lat' dir='ltr'><strong>pro</strong></span> <span class='ocrx_word' id='word_1_321' title='bbox 3585 1218 3675 1257; x_wconf 90' lang='lat' dir='ltr'><strong>se-</strong></span> 
     </span>
    </p>
   </div>
   <div class='ocr_carea' id='block_1_43' title="bbox 2085 1291 3673 1363">
    <p class='ocr_par' dir='ltr' id='par_1_43' title="bbox 2085 1291 3673 1363">
     <span class='ocr_line' id='line_1_43' title="bbox 2085 1291 3673 1363; baseline 0.003 -20"><span class='ocrx_word' id='word_1_322' title='bbox 2085 1291 2275 1345; x_wconf 88' lang='lat' dir='ltr'><strong>ctanda</strong></span> <span class='ocrx_word' id='word_1_323' title='bbox 2318 1292 2616 1347; x_wconf 87' lang='lat' dir='ltr'><strong>imitatione</strong></span> <span class='ocrx_word' id='word_1_324' title='bbox 2657 1292 2974 1347; x_wconf 87' lang='lat' dir='ltr'><strong>doctrinam.</strong></span> <span class='ocrx_word' id='word_1_325' title='bbox 3020 1293 3074 1348; x_wconf 93' lang='lat' dir='ltr'><strong>Si</strong></span> <span class='ocrx_word' id='word_1_326' title='bbox 3102 1304 3261 1363; x_wconf 88' lang='lat' dir='ltr'><strong>caput</strong></span> <span class='ocrx_word' id='word_1_327' title='bbox 3301 1306 3541 1349; x_wconf 88' lang='lat' dir='ltr'><strong>nostrum</strong></span> <span class='ocrx_word' id='word_1_328' title='bbox 3585 1302 3673 1350; x_wconf 83' lang='lat' dir='ltr'><strong>est</strong></span> 
     </span>
    </p>
   </div>
   <div class='ocr_carea' id='block_1_44' title="bbox 2085 1382 3670 1457">
    <p class='ocr_par' dir='ltr' id='par_1_44' title="bbox 2085 1382 3670 1457">
     <span class='ocr_line' id='line_1_44' title="bbox 2085 1382 3670 1457; baseline 0.002 -19"><span class='ocrx_word' id='word_1_329' title='bbox 2085 1382 2351 1449; x_wconf 89' lang='lat' dir='ltr'><strong>Christus,</strong></span> <span class='ocrx_word' id='word_1_330' title='bbox 2401 1382 2456 1437; x_wconf 89' lang='lat' dir='ltr'><strong>in</strong></span> <span class='ocrx_word' id='word_1_331' title='bbox 2499 1383 2875 1440; x_wconf 90' lang='lat' dir='ltr'><strong>sublimatione</strong></span> <span class='ocrx_word' id='word_1_332' title='bbox 2926 1394 3140 1440; x_wconf 84' lang='lat' dir='ltr'><strong>sument</strong></span> <span class='ocrx_word' id='word_1_333' title='bbox 3183 1386 3670 1457; x_wconf 71' lang='lat' dir='ltr'><strong>quantulaecunque</strong></span> 
     </span>
    </p>
   </div>
   <div class='ocr_carea' id='block_1_45' title="bbox 2088 1472 3671 1534">
    <p class='ocr_par' dir='ltr' id='par_1_45' title="bbox 2088 1472 3671 1534">
     <span class='ocr_line' id='line_1_45' title="bbox 2088 1472 3671 1534; baseline 0.006 -9"><span class='ocrx_word' id='word_1_334' title='bbox 2088 1472 2436 1529; x_wconf 69' lang='lat' dir='ltr'><strong>sublimitatis</strong></span> <span class='ocrx_word' id='word_1_335' title='bbox 2462 1476 2790 1529; x_wconf 88' lang='lat' dir='ltr'><strong>consortium</strong></span> <span class='ocrx_word' id='word_1_336' title='bbox 2820 1476 3057 1530; x_wconf 87' lang='lat' dir='ltr'><strong>membra</strong></span> <span class='ocrx_word' id='word_1_337' title='bbox 3083 1477 3151 1533; x_wconf 91' lang='lat' dir='ltr'><strong>de</strong></span> <span class='ocrx_word' id='word_1_338' title='bbox 3192 1478 3412 1533; x_wconf 89' lang='lat' dir='ltr'><strong>vertice.</strong></span> <span class='ocrx_word' id='word_1_339' title='bbox 3438 1478 3671 1534; x_wconf 86' lang='lat' dir='ltr'><strong>Poscant</strong></span> 
     </span>
    </p>
   </div>
   <div class='ocr_carea' id='block_1_46' title="bbox 2084 1564 3671 1639">
    <p class='ocr_par' dir='ltr' id='par_1_46' title="bbox 2084 1564 3671 1639">
     <span class='ocr_line' id='line_1_46' title="bbox 2084 1564 3671 1639; baseline 0.003 -20"><span class='ocrx_word' id='word_1_340' title='bbox 2084 1564 2245 1634; x_wconf 82' lang='lat' dir='ltr'><strong>igitur</strong></span> <span class='ocrx_word' id='word_1_341' title='bbox 2274 1566 2363 1620; x_wconf 91' lang='lat' dir='ltr'><strong>alii</strong></span> <span class='ocrx_word' id='word_1_342' title='bbox 2388 1566 2754 1622; x_wconf 90' lang='lat' dir='ltr'><strong>destructores</strong></span> <span class='ocrx_word' id='word_1_343' title='bbox 2784 1567 2850 1623; x_wconf 90' lang='lat' dir='ltr'><strong>de</strong></span> <span class='ocrx_word' id='word_1_344' title='bbox 2880 1568 3155 1639; x_wconf 91' lang='lat' dir='ltr'><strong>utriusque</strong></span> <span class='ocrx_word' id='word_1_345' title='bbox 3183 1569 3510 1624; x_wconf 85' lang='lat' dir='ltr'><strong>Testamenti</strong></span> <span class='ocrx_word' id='word_1_346' title='bbox 3546 1584 3671 1625; x_wconf 81' lang='lat' dir='ltr'><strong>cor-</strong></span> 
     </span>
    </p>
   </div>
   <div class='ocr_carea' id='block_1_47' title="bbox 2086 1658 3669 1731">
    <p class='ocr_par' dir='ltr' id='par_1_47' title="bbox 2086 1658 3669 1731">
     <span class='ocr_line' id='line_1_47' title="bbox 2086 1658 3669 1731; baseline 0.004 -21"><span class='ocrx_word' id='word_1_347' title='bbox 2086 1671 2215 1725; x_wconf 91' lang='lat' dir='ltr'><strong>pore</strong></span> <span class='ocrx_word' id='word_1_348' title='bbox 2261 1658 2629 1728; x_wconf 73' lang='lat' dir='ltr'><strong>exemplorum</strong></span> <span class='ocrx_word' id='word_1_349' title='bbox 2681 1658 3107 1727; x_wconf 80' lang='lat' dir='ltr'><strong>similitudinem,</strong></span> <span class='ocrx_word' id='word_1_350' title='bbox 3147 1661 3339 1730; x_wconf 90' lang='lat' dir='ltr'><strong>quibus</strong></span> <span class='ocrx_word' id='word_1_351' title='bbox 3393 1664 3669 1731; x_wconf 89' lang='lat' dir='ltr'><strong>proposita</strong></span> 
     </span>
    </p>
   </div>
   <div class='ocr_carea' id='block_1_48' title="bbox 2450 1749 3669 1821">
    <p class='ocr_par' dir='ltr' id='par_1_48' title="bbox 2450 1749 3669 1821">
     <span class='ocr_line' id='line_1_48' title="bbox 2450 1749 3669 1821; baseline 0.005 -18"><span class='ocrx_word' id='word_1_352' title='bbox 2450 1750 2664 1821; x_wconf 89' lang='lat' dir='ltr'><strong>negotio</strong></span> <span class='ocrx_word' id='word_1_353' title='bbox 2726 1749 2851 1806; x_wconf 89' lang='lat' dir='ltr'><strong>huic</strong></span> <span class='ocrx_word' id='word_1_354' title='bbox 2898 1750 2978 1805; x_wconf 90' lang='lat' dir='ltr'><strong>sic</strong></span> <span class='ocrx_word' id='word_1_355' title='bbox 3043 1752 3261 1806; x_wconf 90' lang='lat' dir='ltr'><strong>adnisus</strong></span> <span class='ocrx_word' id='word_1_356' title='bbox 3325 1752 3669 1808; x_wconf 81' lang='lat' dir='ltr'><strong>bibliothecae</strong></span> 
     </span>
    </p>
   </div>
   <div class='ocr_carea' id='block_1_49' title="bbox 2088 1844 3670 1917">
    <p class='ocr_par' dir='ltr' id='par_1_49' title="bbox 2088 1844 3670 1917">
     <span class='ocr_line' id='line_1_49' title="bbox 2088 1844 3670 1917; baseline 0.003 -20"><span class='ocrx_word' id='word_1_357' title='bbox 2088 1844 2363 1914; x_wconf 88' lang='lat' dir='ltr'><strong>utriusque</strong></span> <span class='ocrx_word' id='word_1_358' title='bbox 2388 1852 2621 1914; x_wconf 84' lang='lat' dir='ltr'><strong>constat,</strong></span> <span class='ocrx_word' id='word_1_359' title='bbox 2673 1855 2729 1900; x_wconf 91' lang='lat' dir='ltr'><strong>ut</strong></span> <span class='ocrx_word' id='word_1_360' title='bbox 2758 1846 2803 1902; x_wconf 91' lang='lat' dir='ltr'><strong>si</strong></span> <span class='ocrx_word' id='word_1_361' title='bbox 2839 1844 3160 1902; x_wconf 77' lang='lat' dir='ltr'><strong>conﬁrmare</strong></span> <span class='ocrx_word' id='word_1_362' title='bbox 3208 1847 3347 1916; x_wconf 91' lang='lat' dir='ltr'><strong>quod</strong></span> <span class='ocrx_word' id='word_1_363' title='bbox 3397 1847 3670 1917; x_wconf 85' lang='lat' dir='ltr'><strong>loquimur</strong></span> 
     </span>
    </p>
   </div>
   <div class='ocr_carea' id='block_1_50' title="bbox 2083 1937 3669 2008">
    <p class='ocr_par' dir='ltr' id='par_1_50' title="bbox 2083 1937 3669 2008">
     <span class='ocr_line' id='line_1_50' title="bbox 2083 1937 3669 2008; baseline 0.003 -18"><span class='ocrx_word' id='word_1_364' title='bbox 2083 1937 2394 1992; x_wconf 89' lang='lat' dir='ltr'><strong>testimonio</strong></span> <span class='ocrx_word' id='word_1_365' title='bbox 2419 1938 2744 2008; x_wconf 88' lang='lat' dir='ltr'><strong>astipulante</strong></span> <span class='ocrx_word' id='word_1_366' title='bbox 2770 1938 3028 2005; x_wconf 90' lang='lat' dir='ltr'><strong>velimus,</strong></span> <span class='ocrx_word' id='word_1_367' title='bbox 3069 1948 3258 1993; x_wconf 89' lang='lat' dir='ltr'><strong>cuncta</strong></span> <span class='ocrx_word' id='word_1_368' title='bbox 3298 1938 3581 1994; x_wconf 87' lang='lat' dir='ltr'><strong>videantur</strong></span> <span class='ocrx_word' id='word_1_369' title='bbox 3613 1941 3669 1994; x_wconf 91' lang='lat' dir='ltr'><strong>in</strong></span> 
     </span>
    </p>
   </div>
   <div class='ocr_carea' id='block_1_51' title="bbox 2082 2031 3666 2099">
    <p class='ocr_par' dir='ltr' id='par_1_51' title="bbox 2082 2031 3666 2099">
     <span class='ocr_line' id='line_1_51' title="bbox 2082 2031 3666 2099; baseline 0.002 -17"><span class='ocrx_word' id='word_1_370' title='bbox 2082 2044 2244 2083; x_wconf 77' lang='lat' dir='ltr'><strong>mum</strong></span> <span class='ocrx_word' id='word_1_371' title='bbox 2277 2044 2412 2099; x_wconf 89' lang='lat' dir='ltr'><strong>opus</strong></span> <span class='ocrx_word' id='word_1_372' title='bbox 2461 2032 2841 2086; x_wconf 89' lang='lat' dir='ltr'><strong>canonicorum</strong></span> <span class='ocrx_word' id='word_1_373' title='bbox 2894 2031 3223 2086; x_wconf 88' lang='lat' dir='ltr'><strong>voluminum</strong></span> <span class='ocrx_word' id='word_1_374' title='bbox 3274 2033 3492 2087; x_wconf 88' lang='lat' dir='ltr'><strong>oracula</strong></span> <span class='ocrx_word' id='word_1_375' title='bbox 3529 2047 3666 2087; x_wconf 82' lang='lat' dir='ltr'><strong>eon-</strong></span> 
     </span>
    </p>
   </div>
   <div class='ocr_carea' id='block_1_52' title="bbox 2080 2120 3668 2192">
    <p class='ocr_par' dir='ltr' id='par_1_52' title="bbox 2080 2120 3668 2192">
     <span class='ocr_line' id='line_1_52' title="bbox 2080 2120 3668 2192; baseline 0.003 -19"><span class='ocrx_word' id='word_1_376' title='bbox 2080 2120 2337 2189; x_wconf 86' lang='lat' dir='ltr'><strong>gerenda.</strong></span> <span class='ocrx_word' id='word_1_377' title='bbox 2373 2121 2448 2176; x_wconf 91' lang='lat' dir='ltr'><strong>De</strong></span> <span class='ocrx_word' id='word_1_378' title='bbox 2477 2138 2701 2191; x_wconf 91' lang='lat' dir='ltr'><strong>quorum</strong></span> <span class='ocrx_word' id='word_1_379' title='bbox 2734 2121 3075 2177; x_wconf 83' lang='lat' dir='ltr'><strong>multitudine</strong></span> <span class='ocrx_word' id='word_1_380' title='bbox 3101 2123 3266 2192; x_wconf 86' lang='lat' dir='ltr'><strong>iuste,</strong></span> <span class='ocrx_word' id='word_1_381' title='bbox 3296 2124 3362 2177; x_wconf 91' lang='lat' dir='ltr'><strong>ad</strong></span> <span class='ocrx_word' id='word_1_382' title='bbox 3392 2123 3668 2178; x_wconf 88' lang='lat' dir='ltr'><strong>declinan-</strong></span> 
     </span>
    </p>
   </div>
   <div class='ocr_carea' id='block_1_53' title="bbox 2081 2211 3668 2285">
    <p class='ocr_par' dir='ltr' id='par_1_53' title="bbox 2081 2211 3668 2285">
     <span class='ocr_line' id='line_1_53' title="bbox 2081 2211 3668 2285; baseline 0.003 -19"><span class='ocrx_word' id='word_1_383' title='bbox 2081 2211 2203 2266; x_wconf 84' lang='lat' dir='ltr'><strong>dam</strong></span> <span class='ocrx_word' id='word_1_384' title='bbox 2246 2211 2629 2282; x_wconf 82' lang='lat' dir='ltr'><strong>prolixitatem,</strong></span> <span class='ocrx_word' id='word_1_385' title='bbox 2687 2213 2858 2269; x_wconf 88' lang='lat' dir='ltr'><strong>electa</strong></span> <span class='ocrx_word' id='word_1_386' title='bbox 2899 2229 3124 2284; x_wconf 64' lang='lat' dir='ltr'><strong>quaeque</strong></span> <span class='ocrx_word' id='word_1_387' title='bbox 3176 2229 3238 2269; x_wconf 92' lang='lat' dir='ltr'><strong>ac</strong></span> <span class='ocrx_word' id='word_1_388' title='bbox 3282 2214 3538 2270; x_wconf 82' lang='lat' dir='ltr'><strong>deﬂorata</strong></span> <span class='ocrx_word' id='word_1_389' title='bbox 3570 2231 3668 2285; x_wconf 86' lang='lat' dir='ltr'><strong>po-</strong></span> 
     </span>
    </p>
   </div>
   <div class='ocr_carea' id='block_1_54' title="bbox 2081 2303 3665 2376">
    <p class='ocr_par' dir='ltr' id='par_1_54' title="bbox 2081 2303 3665 2376">
     <span class='ocr_line' id='line_1_54' title="bbox 2081 2303 3665 2376; baseline 0.001 -18"><span class='ocrx_word' id='word_1_390' title='bbox 2081 2314 2304 2361; x_wconf 90' lang='lat' dir='ltr'><strong>nuntur.</strong></span> <span class='ocrx_word' id='word_1_391' title='bbox 2329 2303 2462 2371; x_wconf 89' lang='lat' dir='ltr'><strong>Quia</strong></span> <span class='ocrx_word' id='word_1_392' title='bbox 2494 2303 2631 2358; x_wconf 91' lang='lat' dir='ltr'><strong>sicut</strong></span> <span class='ocrx_word' id='word_1_393' title='bbox 2661 2304 2867 2358; x_wconf 88' lang='lat' dir='ltr'><strong>minimi</strong></span> <span class='ocrx_word' id='word_1_394' title='bbox 2897 2304 3117 2360; x_wconf 75' lang='lat' dir='ltr'><strong>ell‘cctus</strong></span> <span class='ocrx_word' id='word_1_395' title='bbox 3138 2312 3281 2369; x_wconf 91' lang='lat' dir='ltr'><strong>sunt,</strong></span> <span class='ocrx_word' id='word_1_396' title='bbox 3307 2321 3425 2376; x_wconf 65' lang='lat' dir='ltr'><strong>quae</strong></span> <span class='ocrx_word' id='word_1_397' title='bbox 3454 2314 3665 2360; x_wconf 85' lang='lat' dir='ltr'><strong>tantum</strong></span> 
     </span>
    </p>
   </div>
   <div class='ocr_carea' id='block_1_55' title="bbox 2080 2395 3663 2467">
    <p class='ocr_par' dir='ltr' id='par_1_55' title="bbox 2080 2395 3663 2467">
     <span class='ocr_line' id='line_1_55' title="bbox 2080 2395 3663 2467; baseline 0 -16"><span class='ocrx_word' id='word_1_398' title='bbox 2080 2396 2148 2451; x_wconf 88' lang='lat' dir='ltr'><strong>de</strong></span> <span class='ocrx_word' id='word_1_399' title='bbox 2202 2405 2387 2450; x_wconf 92' lang='lat' dir='ltr'><strong>nostro</strong></span> <span class='ocrx_word' id='word_1_400' title='bbox 2442 2396 2671 2467; x_wconf 89' lang='lat' dir='ltr'><strong>prolata,</strong></span> <span class='ocrx_word' id='word_1_401' title='bbox 2725 2396 2870 2451; x_wconf 93' lang='lat' dir='ltr'><strong>nullo</strong></span> <span class='ocrx_word' id='word_1_402' title='bbox 2913 2395 3308 2467; x_wconf 82' lang='lat' dir='ltr'><strong>Scripturarum</strong></span> <span class='ocrx_word' id='word_1_403' title='bbox 3362 2398 3663 2453; x_wconf 78' lang='lat' dir='ltr'><strong>ctelestium</strong></span> 
     </span>
    </p>
   </div>
   <div class='ocr_carea' id='block_1_56' title="bbox 2080 2492 3666 2563">
    <p class='ocr_par' dir='ltr' id='par_1_56' title="bbox 2080 2492 3666 2563">
     <span class='ocr_line' id='line_1_56' title="bbox 2080 2492 3666 2563; baseline 0.001 -17"><span class='ocrx_word' id='word_1_404' title='bbox 2080 2493 2408 2548; x_wconf 88' lang='lat' dir='ltr'><strong>adminiculo</strong></span> <span class='ocrx_word' id='word_1_405' title='bbox 2448 2492 2740 2548; x_wconf 89' lang='lat' dir='ltr'><strong>l&#39;ulciuntur</strong></span> <span class='ocrx_word' id='word_1_406' title='bbox 2768 2510 2783 2547; x_wconf 91' lang='lat'>:</span> <span class='ocrx_word' id='word_1_407' title='bbox 2818 2492 2886 2547; x_wconf 85' lang='lat' dir='ltr'><strong>ita</strong></span> <span class='ocrx_word' id='word_1_408' title='bbox 2917 2494 3004 2563; x_wconf 90' lang='lat' dir='ltr'><strong>qui</strong></span> <span class='ocrx_word' id='word_1_409' title='bbox 3031 2494 3270 2562; x_wconf 87' lang='lat' dir='ltr'><strong>recipere</strong></span> <span class='ocrx_word' id='word_1_410' title='bbox 3312 2508 3476 2563; x_wconf 89' lang='lat' dir='ltr'><strong>pauca</strong></span> <span class='ocrx_word' id='word_1_411' title='bbox 3509 2494 3666 2549; x_wconf 89' lang='lat' dir='ltr'><strong>lasti-</strong></span> 
     </span>
    </p>
   </div>
   <div class='ocr_carea' id='block_1_57' title="bbox 2079 2583 3663 2654">
    <p class='ocr_par' dir='ltr' id='par_1_57' title="bbox 2079 2583 3663 2654">
     <span class='ocr_line' id='line_1_57' title="bbox 2079 2583 3663 2654; baseline 0.001 -15"><span class='ocrx_word' id='word_1_412' title='bbox 2079 2583 2177 2649; x_wconf 91' lang='lat' dir='ltr'><strong>dit,</strong></span> <span class='ocrx_word' id='word_1_413' title='bbox 2210 2598 2315 2639; x_wconf 92' lang='lat' dir='ltr'><strong>non</strong></span> <span class='ocrx_word' id='word_1_414' title='bbox 2354 2583 2580 2648; x_wconf 89' lang='lat' dir='ltr'><strong>virtute,</strong></span> <span class='ocrx_word' id='word_1_415' title='bbox 2632 2584 2727 2639; x_wconf 89' lang='lat' dir='ltr'><strong>sed</strong></span> <span class='ocrx_word' id='word_1_416' title='bbox 2774 2583 2917 2639; x_wconf 90' lang='lat' dir='ltr'><strong>mole</strong></span> <span class='ocrx_word' id='word_1_417' title='bbox 2961 2598 3072 2638; x_wconf 88' lang='lat' dir='ltr'><strong>rem</strong></span> <span class='ocrx_word' id='word_1_418' title='bbox 3119 2584 3336 2653; x_wconf 90' lang='lat' dir='ltr'><strong>conjicit</strong></span> <span class='ocrx_word' id='word_1_419' title='bbox 3365 2601 3378 2637; x_wconf 89' lang='lat'><strong>:</strong></span> <span class='ocrx_word' id='word_1_420' title='bbox 3410 2586 3663 2654; x_wconf 85' lang='lat' dir='ltr'><strong>quoniam</strong></span> 
     </span>
    </p>
   </div>
   <div class='ocr_carea' id='block_1_58' title="bbox 2083 2674 3662 2742">
    <p class='ocr_par' dir='ltr' id='par_1_58' title="bbox 2083 2674 3662 2742">
     <span class='ocr_line' id='line_1_58' title="bbox 2083 2674 3662 2742; baseline 0 -12"><span class='ocrx_word' id='word_1_421' title='bbox 2083 2677 2219 2732; x_wconf 87' lang='lat' dir='ltr'><strong>vinci</strong></span> <span class='ocrx_word' id='word_1_422' title='bbox 2251 2684 2531 2742; x_wconf 88' lang='lat' dir='ltr'><strong>metuens,</strong></span> <span class='ocrx_word' id='word_1_423' title='bbox 2566 2676 2753 2730; x_wconf 89' lang='lat' dir='ltr'><strong>instrui</strong></span> <span class='ocrx_word' id='word_1_424' title='bbox 2803 2676 3013 2739; x_wconf 91' lang='lat' dir='ltr'><strong>nolens,</strong></span> <span class='ocrx_word' id='word_1_425' title='bbox 3046 2675 3113 2729; x_wconf 91' lang='lat' dir='ltr'><strong>ad</strong></span> <span class='ocrx_word' id='word_1_426' title='bbox 3154 2674 3508 2730; x_wconf 86' lang='lat' dir='ltr'><strong>deserendam</strong></span> <span class='ocrx_word' id='word_1_427' title='bbox 3546 2677 3662 2731; x_wconf 87' lang='lat' dir='ltr'><strong>veri</strong></span> 
     </span>
    </p>
   </div>
   <div class='ocr_carea' id='block_1_59' title="bbox 2079 2765 3664 2837">
    <p class='ocr_par' dir='ltr' id='par_1_59' title="bbox 2079 2765 3664 2837">
     <span class='ocr_line' id='line_1_59' title="bbox 2079 2765 3664 2837; baseline 0.001 -17"><span class='ocrx_word' id='word_1_428' title='bbox 2079 2767 2437 2836; x_wconf 81' lang='lat' dir='ltr'><strong>cognitionem</strong></span> <span class='ocrx_word' id='word_1_429' title='bbox 2467 2767 2715 2821; x_wconf 90' lang='lat' dir='ltr'><strong>volumen</strong></span> <span class='ocrx_word' id='word_1_430' title='bbox 2749 2766 2925 2836; x_wconf 83' lang='lat' dir='ltr'><strong>petius</strong></span> <span class='ocrx_word' id='word_1_431' title='bbox 2952 2781 3109 2837; x_wconf 91' lang='lat' dir='ltr'><strong>quam</strong></span> <span class='ocrx_word' id='word_1_432' title='bbox 3157 2765 3477 2821; x_wconf 90' lang='lat' dir='ltr'><strong>documenta</strong></span> <span class='ocrx_word' id='word_1_433' title='bbox 3517 2766 3664 2822; x_wconf 88' lang='lat' dir='ltr'><strong>desi—</strong></span> 
     </span>
    </p>
   </div>
   <div class='ocr_carea' id='block_1_60' title="bbox 2077 2856 3663 2925">
    <p class='ocr_par' dir='ltr' id='par_1_60' title="bbox 2077 2856 3663 2925">
     <span class='ocr_line' id='line_1_60' title="bbox 2077 2856 3663 2925; baseline 0 -14"><span class='ocrx_word' id='word_1_434' title='bbox 2077 2856 2294 2923; x_wconf 84' lang='lat' dir='ltr'><strong>derans,</strong></span> <span class='ocrx_word' id='word_1_435' title='bbox 2344 2871 2449 2910; x_wconf 93' lang='lat' dir='ltr'><strong>non</strong></span> <span class='ocrx_word' id='word_1_436' title='bbox 2480 2870 2670 2910; x_wconf 84' lang='lat' dir='ltr'><strong>causas</strong></span> <span class='ocrx_word' id='word_1_437' title='bbox 2702 2865 2853 2925; x_wconf 90' lang='lat' dir='ltr'><strong>putat</strong></span> <span class='ocrx_word' id='word_1_438' title='bbox 2904 2871 3085 2911; x_wconf 91' lang='lat' dir='ltr'><strong>rerum</strong></span> <span class='ocrx_word' id='word_1_439' title='bbox 3132 2856 3497 2924; x_wconf 89' lang='lat' dir='ltr'><strong>magnitudine</strong></span> <span class='ocrx_word' id='word_1_440' title='bbox 3530 2870 3663 2911; x_wconf 88' lang='lat' dir='ltr'><strong>con-</strong></span> 
     </span>
    </p>
   </div>
   <div class='ocr_carea' id='block_1_61' title="bbox 2078 2946 3663 3018">
    <p class='ocr_par' dir='ltr' id='par_1_61' title="bbox 2078 2946 3663 3018">
     <span class='ocr_line' id='line_1_61' title="bbox 2078 2946 3663 3018; baseline 0 -16"><span class='ocrx_word' id='word_1_441' title='bbox 2078 2954 2249 3017; x_wconf 88' lang='lat' dir='ltr'><strong>stare,</strong></span> <span class='ocrx_word' id='word_1_442' title='bbox 2301 2946 2395 3002; x_wconf 92' lang='lat' dir='ltr'><strong>sed</strong></span> <span class='ocrx_word' id='word_1_443' title='bbox 2445 2947 2670 3018; x_wconf 90' lang='lat' dir='ltr'><strong>paginis.</strong></span> <span class='ocrx_word' id='word_1_444' title='bbox 2726 2947 2982 3002; x_wconf 86' lang='lat' dir='ltr'><strong>Dominus</strong></span> <span class='ocrx_word' id='word_1_445' title='bbox 3024 2947 3203 3017; x_wconf 88' lang='lat' dir='ltr'><strong>itaque</strong></span> <span class='ocrx_word' id='word_1_446' title='bbox 3241 2962 3303 3001; x_wconf 91' lang='lat' dir='ltr'><strong>ac</strong></span> <span class='ocrx_word' id='word_1_447' title='bbox 3333 2947 3663 3015; x_wconf 81' lang='lat' dir='ltr'><strong>Redemptor</strong></span> 
     </span>
    </p>
   </div>
   <div class='ocr_carea' id='block_1_62' title="bbox 2078 3036 3661 3107">
    <p class='ocr_par' dir='ltr' id='par_1_62' title="bbox 2078 3036 3661 3107">
     <span class='ocr_line' id='line_1_62' title="bbox 2078 3036 3661 3107; baseline 0 -15"><span class='ocrx_word' id='word_1_448' title='bbox 2078 3046 2285 3103; x_wconf 91' lang='lat' dir='ltr'><strong>noster,</strong></span> <span class='ocrx_word' id='word_1_449' title='bbox 2338 3036 2625 3093; x_wconf 89' lang='lat' dir='ltr'><strong>adventum</strong></span> <span class='ocrx_word' id='word_1_450' title='bbox 2671 3037 2858 3106; x_wconf 64' lang='lat' dir='ltr'><strong>glorise</strong></span> <span class='ocrx_word' id='word_1_451' title='bbox 2910 3052 3021 3092; x_wconf 71' lang='lat' dir='ltr'><strong>sua:</strong></span> <span class='ocrx_word' id='word_1_452' title='bbox 3048 3037 3323 3107; x_wconf 90' lang='lat' dir='ltr'><strong>discipulis</strong></span> <span class='ocrx_word' id='word_1_453' title='bbox 3370 3038 3661 3105; x_wconf 89' lang='lat' dir='ltr'><strong>specialius</strong></span> 
     </span>
    </p>
   </div>
   <div class='ocr_carea' id='block_1_63' title="bbox 390 3113 3659 3207">
    <p class='ocr_par' dir='ltr' id='par_1_63' title="bbox 390 3113 3659 3207">
     <span class='ocr_line' id='line_1_63' title="bbox 390 3113 3659 3207; baseline -0.003 -16"><span class='ocrx_word' id='word_1_454' title='bbox 390 3150 523 3191; x_wconf 85' lang='lat' dir='ltr'><strong>nens</strong></span> <span class='ocrx_word' id='word_1_455' title='bbox 553 3153 568 3190; x_wconf 91' lang='lat'><strong>:</strong></span> <span class='ocrx_word' id='word_1_456' title='bbox 606 3133 823 3207; x_wconf 83' lang='lat' dir='ltr'><strong>PrOpter</strong></span> <span class='ocrx_word' id='word_1_457' title='bbox 862 3134 1002 3204; x_wconf 92' lang='lat' dir='ltr'><strong>quod</strong></span> <span class='ocrx_word' id='word_1_458' title='bbox 1026 3132 1190 3187; x_wconf 86' lang='lat' dir='ltr'><strong>dicit:</strong></span> <span class='ocrx_word' id='word_1_459' title='bbox 1219 3131 1509 3186; x_wconf 80' lang='lat' dir='ltr'><strong>Ascendens</strong></span> <span class='ocrx_word' id='word_1_460' title='bbox 1536 3132 1590 3184; x_wconf 86' lang='lat' dir='ltr'><strong>in</strong></span> <span class='ocrx_word' id='word_1_461' title='bbox 1615 3132 1777 3184; x_wconf 83' lang='lat' dir='ltr'><strong>altum</strong></span> <span class='ocrx_word' id='word_1_462' title='bbox 1803 3130 1965 3198; x_wconf 89' lang='lat' dir='ltr'><strong>capti-</strong></span> <span class='ocrx_word' id='word_1_463' title='bbox 1997 3113 2044 3178; x_wconf 86' lang='lat' dir='ltr'><strong>C</strong></span> <span class='ocrx_word' id='word_1_464' title='bbox 2079 3131 2219 3185; x_wconf 87' lang='lat' dir='ltr'><strong>inter</strong></span> <span class='ocrx_word' id='word_1_465' title='bbox 2248 3140 2514 3201; x_wconf 58' lang='lat' dir='ltr'><strong>praecepta</strong></span> <span class='ocrx_word' id='word_1_466' title='bbox 2541 3130 2720 3184; x_wconf 88' lang='lat' dir='ltr'><strong>omnia</strong></span> <span class='ocrx_word' id='word_1_467' title='bbox 2754 3129 3104 3185; x_wconf 81' lang='lat' dir='ltr'><strong>manifestans</strong></span> <span class='ocrx_word' id='word_1_468' title='bbox 3123 3174 3137 3199; x_wconf 90' lang='lat'><strong>,</strong></span> <span class='ocrx_word' id='word_1_469' title='bbox 3182 3129 3329 3194; x_wconf 84' lang='lat' dir='ltr'><strong>Cum,</strong></span> <span class='ocrx_word' id='word_1_470' title='bbox 3355 3130 3543 3199; x_wconf 86' lang='lat' dir='ltr'><strong>inquit,</strong></span> <span class='ocrx_word' id='word_1_471' title='bbox 3567 3146 3659 3182; x_wconf 83' lang='lat' dir='ltr'><strong>ve-</strong></span> 
     </span>
    </p>
   </div>
   <div class='ocr_carea' id='block_1_64' title="bbox 386 3224 1967 3297">
    <p class='ocr_par' dir='ltr' id='par_1_64' title="bbox 386 3224 1967 3297">
     <span class='ocr_line' id='line_1_64' title="bbox 386 3224 1967 3297; baseline -0.004 -15"><span class='ocrx_word' id='word_1_472' title='bbox 386 3245 501 3282; x_wconf 78' lang='lat' dir='ltr'><strong>ram</strong></span> <span class='ocrx_word' id='word_1_473' title='bbox 535 3228 681 3282; x_wconf 71' lang='lat' dir='ltr'><strong>duxit</strong></span> <span class='ocrx_word' id='word_1_474' title='bbox 709 3228 1079 3297; x_wconf 84' lang='lat' dir='ltr'><strong>captivitatem,</strong></span> <span class='ocrx_word' id='word_1_475' title='bbox 1123 3226 1261 3280; x_wconf 86' lang='lat' dir='ltr'><strong>dedit</strong></span> <span class='ocrx_word' id='word_1_476' title='bbox 1291 3226 1428 3279; x_wconf 91' lang='lat' dir='ltr'><strong>dona</strong></span> <span class='ocrx_word' id='word_1_477' title='bbox 1457 3224 1766 3278; x_wconf 88' lang='lat' dir='ltr'><strong>hominibus.</strong></span> <span class='ocrx_word' id='word_1_478' title='bbox 1816 3224 1967 3292; x_wconf 83' lang='lat' dir='ltr'><strong>Quod</strong></span> 
     </span>
    </p>
   </div>
   <div class='ocr_carea' id='block_1_65' title="bbox 389 3314 1967 3386">
    <p class='ocr_par' dir='ltr' id='par_1_65' title="bbox 389 3314 1967 3386">
     <span class='ocr_line' id='line_1_65' title="bbox 389 3314 1967 3386; baseline -0.003 -15"><span class='ocrx_word' id='word_1_479' title='bbox 389 3329 559 3373; x_wconf 88' lang='lat' dir='ltr'><strong>autem</strong></span> <span class='ocrx_word' id='word_1_480' title='bbox 591 3318 841 3381; x_wconf 76' lang='lat' dir='ltr'><strong>ascendit,</strong></span> <span class='ocrx_word' id='word_1_481' title='bbox 876 3317 1063 3386; x_wconf 89' lang='lat' dir='ltr'><strong>inquit,</strong></span> <span class='ocrx_word' id='word_1_482' title='bbox 1099 3316 1221 3385; x_wconf 90' lang='lat' dir='ltr'><strong>quid</strong></span> <span class='ocrx_word' id='word_1_483' title='bbox 1246 3323 1319 3368; x_wconf 90' lang='lat' dir='ltr'><strong>est</strong></span> <span class='ocrx_word' id='word_1_484' title='bbox 1349 3314 1448 3367; x_wconf 87' lang='lat' dir='ltr'><strong>nisi</strong></span> <span class='ocrx_word' id='word_1_485' title='bbox 1494 3314 1632 3384; x_wconf 88' lang='lat' dir='ltr'><strong>quod</strong></span> <span class='ocrx_word' id='word_1_486' title='bbox 1676 3319 1830 3367; x_wconf 88' lang='lat' dir='ltr'><strong>etiam</strong></span> <span class='ocrx_word' id='word_1_487' title='bbox 1878 3314 1967 3367; x_wconf 87' lang='lat' dir='ltr'><strong>de-</strong></span> 
     </span>
    </p>
   </div>
   <div class='ocr_carea' id='block_1_66' title="bbox 380 3403 1969 3477">
    <p class='ocr_par' dir='ltr' id='par_1_66' title="bbox 380 3403 1969 3477">
     <span class='ocr_line' id='line_1_66' title="bbox 380 3403 1969 3477; baseline -0.002 -15"><span class='ocrx_word' id='word_1_488' title='bbox 380 3409 577 3462; x_wconf 81' lang='lat' dir='ltr'><strong>scenth</strong></span> <span class='ocrx_word' id='word_1_489' title='bbox 604 3409 658 3461; x_wconf 88' lang='lat' dir='ltr'><strong>in</strong></span> <span class='ocrx_word' id='word_1_490' title='bbox 684 3407 931 3477; x_wconf 79' lang='lat' dir='ltr'><strong>inferiora</strong></span> <span class='ocrx_word' id='word_1_491' title='bbox 959 3416 1105 3459; x_wconf 83' lang='lat' dir='ltr'><strong>teme</strong></span> <span class='ocrx_word' id='word_1_492' title='bbox 1137 3404 1350 3476; x_wconf 83' lang='lat' dir='ltr'><strong>(Ephes.</strong></span> <span class='ocrx_word' id='word_1_493' title='bbox 1393 3420 1465 3477; x_wconf 83' lang='lat' dir='ltr'><strong>tv,</strong></span> <span class='ocrx_word' id='word_1_494' title='bbox 1498 3403 1589 3475; x_wconf 85' lang='lat'><strong>8)?</strong></span> <span class='ocrx_word' id='word_1_495' title='bbox 1640 3404 1836 3459; x_wconf 90' lang='lat' dir='ltr'><strong>Parum</strong></span> <span class='ocrx_word' id='word_1_496' title='bbox 1884 3411 1969 3459; x_wconf 86' lang='lat' dir='ltr'><strong>est</strong></span> 
     </span>
    </p>
   </div>
   <div class='ocr_carea' id='block_1_67' title="bbox 381 3492 1967 3565">
    <p class='ocr_par' dir='ltr' id='par_1_67' title="bbox 381 3492 1967 3565">
     <span class='ocr_line' id='line_1_67' title="bbox 381 3492 1967 3565; baseline -0.001 -16"><span class='ocrx_word' id='word_1_497' title='bbox 381 3493 529 3565; x_wconf 86' lang='lat' dir='ltr'><strong>quod</strong></span> <span class='ocrx_word' id='word_1_498' title='bbox 558 3493 726 3548; x_wconf 91' lang='lat' dir='ltr'><strong>Deum</strong></span> <span class='ocrx_word' id='word_1_499' title='bbox 757 3493 888 3547; x_wconf 91' lang='lat' dir='ltr'><strong>dicit</strong></span> <span class='ocrx_word' id='word_1_500' title='bbox 925 3492 975 3545; x_wconf 92' lang='lat' dir='ltr'><strong>in</strong></span> <span class='ocrx_word' id='word_1_501' title='bbox 1008 3499 1207 3545; x_wconf 83' lang='lat' dir='ltr'><strong>terram</strong></span> <span class='ocrx_word' id='word_1_502' title='bbox 1246 3494 1479 3559; x_wconf 88' lang='lat' dir='ltr'><strong>venisse,</strong></span> <span class='ocrx_word' id='word_1_503' title='bbox 1529 3492 1629 3545; x_wconf 91' lang='lat' dir='ltr'><strong>nisi</strong></span> <span class='ocrx_word' id='word_1_504' title='bbox 1679 3492 1967 3548; x_wconf 78' lang='lat' dir='ltr'><strong>conﬁrmet</strong></span> 
     </span>
    </p>
   </div>
   <div class='ocr_carea' id='block_1_68' title="bbox 386 3581 1968 3653">
    <p class='ocr_par' dir='ltr' id='par_1_68' title="bbox 386 3581 1968 3653">
     <span class='ocr_line' id='line_1_68' title="bbox 386 3581 1968 3653; baseline -0.001 -15"><span class='ocrx_word' id='word_1_505' title='bbox 386 3600 508 3639; x_wconf 92' lang='lat' dir='ltr'><strong>eum</strong></span> <span class='ocrx_word' id='word_1_506' title='bbox 528 3591 745 3653; x_wconf 85' lang='lat' dir='ltr'><strong>propter</strong></span> <span class='ocrx_word' id='word_1_507' title='bbox 767 3581 1021 3637; x_wconf 88' lang='lat' dir='ltr'><strong>unitatem</strong></span> <span class='ocrx_word' id='word_1_508' title='bbox 1049 3596 1292 3648; x_wconf 78' lang='lat' dir='ltr'><strong>personzn</strong></span> <span class='ocrx_word' id='word_1_509' title='bbox 1315 3596 1473 3651; x_wconf 87' lang='lat' dir='ltr'><strong>quam</strong></span> <span class='ocrx_word' id='word_1_510' title='bbox 1490 3592 1799 3652; x_wconf 83' lang='lat' dir='ltr'><strong>susceperat</strong></span> <span class='ocrx_word' id='word_1_511' title='bbox 1816 3583 1867 3637; x_wconf 93' lang='lat' dir='ltr'><strong>in</strong></span> <span class='ocrx_word' id='word_1_512' title='bbox 1886 3585 1968 3637; x_wconf 91' lang='lat' dir='ltr'><strong>in-</strong></span> 
     </span>
    </p>
   </div>
   <div class='ocr_carea' id='block_1_69' title="bbox 382 3674 1961 3749">
    <p class='ocr_par' dir='ltr' id='par_1_69' title="bbox 382 3674 1961 3749">
     <span class='ocr_line' id='line_1_69' title="bbox 382 3674 1961 3749; baseline 0 -18"><span class='ocrx_word' id='word_1_513' title='bbox 382 3679 529 3732; x_wconf 87' lang='lat' dir='ltr'><strong>terna</strong></span> <span class='ocrx_word' id='word_1_514' title='bbox 544 3674 871 3730; x_wconf 82' lang='lat' dir='ltr'><strong>descendere</strong></span> <span class='ocrx_word' id='word_1_515' title='bbox 884 3674 1024 3748; x_wconf 79' lang='lat' dir='ltr'><strong>[Alia</strong></span> <span class='ocrx_word' id='word_1_516' title='bbox 1041 3674 1187 3729; x_wconf 82' lang='lat' dir='ltr'><strong>lectio</strong></span> <span class='ocrx_word' id='word_1_517' title='bbox 1198 3716 1211 3739; x_wconf 94' lang='lat'><strong>,</strong></span> <span class='ocrx_word' id='word_1_518' title='bbox 1228 3676 1279 3729; x_wconf 93' lang='lat' dir='ltr'><strong>in</strong></span> <span class='ocrx_word' id='word_1_519' title='bbox 1294 3675 1558 3730; x_wconf 87' lang='lat' dir='ltr'><strong>infernum</strong></span> <span class='ocrx_word' id='word_1_520' title='bbox 1576 3675 1961 3749; x_wconf 84' lang='lat' dir='ltr'><strong>descendisse].</strong></span> 
     </span>
    </p>
   </div>
   <div class='ocr_carea' id='block_1_70' title="bbox 385 3766 1963 3835">
    <p class='ocr_par' dir='ltr' id='par_1_70' title="bbox 385 3766 1963 3835">
     <span class='ocr_line' id='line_1_70' title="bbox 385 3766 1963 3835; baseline 0 -12"><span class='ocrx_word' id='word_1_521' title='bbox 385 3777 413 3806; x_wconf 81' lang='grc' dir='ltr'>ι</span> <span class='ocrx_word' id='word_1_522' title='bbox 443 3769 601 3823; x_wconf 87' lang='lat' dir='ltr'><strong>Certe</strong></span> <span class='ocrx_word' id='word_1_523' title='bbox 628 3766 1183 3822; x_wconf 83' lang='lat' dir='ltr'><strong>circumfrementibus</strong></span> <span class='ocrx_word' id='word_1_524' title='bbox 1220 3767 1453 3835; x_wconf 75' lang='lat' dir='ltr'><strong>Judteis,</strong></span> <span class='ocrx_word' id='word_1_525' title='bbox 1497 3778 1553 3823; x_wconf 91' lang='lat' dir='ltr'><strong>et</strong></span> <span class='ocrx_word' id='word_1_526' title='bbox 1593 3768 1646 3823; x_wconf 93' lang='lat' dir='ltr'><strong>in</strong></span> <span class='ocrx_word' id='word_1_527' title='bbox 1680 3768 1963 3823; x_wconf 93' lang='lat' dir='ltr'><strong>Dominum</strong></span> 
     </span>
    </p>
   </div>
   <div class='ocr_carea' id='block_1_71' title="bbox 387 3858 1961 3931">
    <p class='ocr_par' dir='ltr' id='par_1_71' title="bbox 387 3858 1961 3931">
     <span class='ocr_line' id='line_1_71' title="bbox 387 3858 1961 3931; baseline 0.002 -18"><span class='ocrx_word' id='word_1_528' title='bbox 387 3868 629 3913; x_wconf 88' lang='lat' dir='ltr'><strong>nostrum</strong></span> <span class='ocrx_word' id='word_1_529' title='bbox 672 3858 1122 3927; x_wconf 76' lang='lat' dir='ltr'><strong>blasphemiarum</strong></span> <span class='ocrx_word' id='word_1_530' title='bbox 1155 3859 1258 3912; x_wconf 88' lang='lat' dir='ltr'><strong>tela</strong></span> <span class='ocrx_word' id='word_1_531' title='bbox 1308 3859 1657 3926; x_wconf 83' lang='lat' dir='ltr'><strong>vibrantibus,</strong></span> <span class='ocrx_word' id='word_1_532' title='bbox 1687 3860 1813 3931; x_wconf 90' lang='lat' dir='ltr'><strong>quid</strong></span> <span class='ocrx_word' id='word_1_533' title='bbox 1844 3876 1961 3916; x_wconf 87' lang='lat' dir='ltr'><strong>res-</strong></span> 
     </span>
    </p>
   </div>
   <div class='ocr_carea' id='block_1_72' title="bbox 382 3948 1962 4020">
    <p class='ocr_par' dir='ltr' id='par_1_72' title="bbox 382 3948 1962 4020">
     <span class='ocr_line' id='line_1_72' title="bbox 382 3948 1962 4020; baseline 0.001 -17"><span class='ocrx_word' id='word_1_534' title='bbox 382 3948 634 4020; x_wconf 87' lang='lat' dir='ltr'><strong>pondisse</strong></span> <span class='ocrx_word' id='word_1_535' title='bbox 684 3948 950 4003; x_wconf 87' lang='lat' dir='ltr'><strong>credimus</strong></span> <span class='ocrx_word' id='word_1_536' title='bbox 983 3965 996 4001; x_wconf 90' lang='lat'>:</span> <span class='ocrx_word' id='word_1_537' title='bbox 1027 3948 1183 4002; x_wconf 83' lang='lat' dir='ltr'><strong>Amen</strong></span> <span class='ocrx_word' id='word_1_538' title='bbox 1214 3948 1327 4002; x_wconf 89' lang='lat' dir='ltr'><strong>dico</strong></span> <span class='ocrx_word' id='word_1_539' title='bbox 1352 3949 1521 4017; x_wconf 87' lang='lat' dir='ltr'><strong>vobis,</strong></span> <span class='ocrx_word' id='word_1_540' title='bbox 1554 3960 1673 4003; x_wconf 88' lang='lat' dir='ltr'><strong>ante</strong></span> <span class='ocrx_word' id='word_1_541' title='bbox 1702 3950 1962 4005; x_wconf 80' lang='lat' dir='ltr'><strong>Abraham</strong></span> 
     </span>
    </p>
   </div>
   <div class='ocr_carea' id='block_1_73' title="bbox 277 4040 1957 4113">
    <p class='ocr_par' dir='ltr' id='par_1_73' title="bbox 277 4040 1957 4113">
     <span class='ocr_line' id='line_1_73' title="bbox 277 4040 1957 4113; baseline 0.001 -17"><span class='ocrx_word' id='word_1_542' title='bbox 277 4047 287 4057; x_wconf 92' lang='lat'>&#39;</span> <span class='ocrx_word' id='word_1_543' title='bbox 380 4060 471 4113; x_wconf 88' lang='lat' dir='ltr'><strong>ego</strong></span> <span class='ocrx_word' id='word_1_544' title='bbox 501 4059 612 4095; x_wconf 87' lang='lat' dir='ltr'><strong>sum</strong></span> <span class='ocrx_word' id='word_1_545' title='bbox 639 4040 817 4113; x_wconf 83' lang='lat' dir='ltr'><strong>(Joan.</strong></span> <span class='ocrx_word' id='word_1_546' title='bbox 852 4056 981 4110; x_wconf 81' lang='lat' dir='ltr'><strong>vin,</strong></span> <span class='ocrx_word' id='word_1_547' title='bbox 1028 4040 1139 4109; x_wconf 84' lang='lat'><strong>58),</strong></span> <span class='ocrx_word' id='word_1_548' title='bbox 1182 4041 1280 4096; x_wconf 89' lang='lat' dir='ltr'><strong>nisi</strong></span> <span class='ocrx_word' id='word_1_549' title='bbox 1322 4044 1444 4111; x_wconf 89' lang='lat' dir='ltr'><strong>quia</strong></span> <span class='ocrx_word' id='word_1_550' title='bbox 1477 4057 1575 4112; x_wconf 91' lang='lat' dir='ltr'><strong>per</strong></span> <span class='ocrx_word' id='word_1_551' title='bbox 1616 4041 1957 4098; x_wconf 91' lang='lat' dir='ltr'><strong>concordiam</strong></span> 
     </span>
    </p>
   </div>
   <div class='ocr_carea' id='block_1_74' title="bbox 379 4133 1956 4205">
    <p class='ocr_par' dir='ltr' id='par_1_74' title="bbox 379 4133 1956 4205">
     <span class='ocr_line' id='line_1_74' title="bbox 379 4133 1956 4205; baseline 0.001 -15"><span class='ocrx_word' id='word_1_552' title='bbox 379 4134 636 4205; x_wconf 88' lang='lat' dir='ltr'><strong>genitoris</strong></span> <span class='ocrx_word' id='word_1_553' title='bbox 665 4144 717 4190; x_wconf 89' lang='lat' dir='ltr'><strong>et</strong></span> <span class='ocrx_word' id='word_1_554' title='bbox 748 4134 935 4203; x_wconf 87' lang='lat' dir='ltr'><strong>geniti,</strong></span> <span class='ocrx_word' id='word_1_555' title='bbox 989 4135 1103 4202; x_wconf 91' lang='lat' dir='ltr'><strong>ipse</strong></span> <span class='ocrx_word' id='word_1_556' title='bbox 1134 4148 1228 4202; x_wconf 90' lang='lat' dir='ltr'><strong>per</strong></span> <span class='ocrx_word' id='word_1_557' title='bbox 1266 4133 1542 4189; x_wconf 90' lang='lat' dir='ltr'><strong>traducem</strong></span> <span class='ocrx_word' id='word_1_558' title='bbox 1592 4144 1956 4191; x_wconf 88' lang='lat' dir='ltr'><strong>maternorum</strong></span> 
     </span>
    </p>
   </div>
   <div class='ocr_carea' id='block_1_75' title="bbox 378 4224 1958 4299">
    <p class='ocr_par' dir='ltr' id='par_1_75' title="bbox 378 4224 1958 4299">
     <span class='ocr_line' id='line_1_75' title="bbox 378 4224 1958 4299; baseline 0.001 -17"><span class='ocrx_word' id='word_1_559' title='bbox 378 4234 656 4298; x_wconf 76' lang='lat' dir='ltr'><strong>parentum</strong></span> <span class='ocrx_word' id='word_1_560' title='bbox 687 4224 966 4280; x_wconf 87' lang='lat' dir='ltr'><strong>descendit</strong></span> <span class='ocrx_word' id='word_1_561' title='bbox 994 4241 1059 4280; x_wconf 88' lang='lat' dir='ltr'><strong>ex</strong></span> <span class='ocrx_word' id='word_1_562' title='bbox 1092 4225 1321 4281; x_wconf 61' lang='lat' dir='ltr'><strong>Abrahae</strong></span> <span class='ocrx_word' id='word_1_563' title='bbox 1349 4228 1576 4295; x_wconf 87' lang='lat' dir='ltr'><strong>semine,</strong></span> <span class='ocrx_word' id='word_1_564' title='bbox 1603 4228 1693 4299; x_wconf 92' lang='lat' dir='ltr'><strong>qui</strong></span> <span class='ocrx_word' id='word_1_565' title='bbox 1717 4230 1833 4284; x_wconf 91' lang='lat' dir='ltr'><strong>sine</strong></span> <span class='ocrx_word' id='word_1_566' title='bbox 1861 4245 1958 4284; x_wconf 88' lang='lat' dir='ltr'><strong>an-</strong></span> 
     </span>
    </p>
   </div>
   <div class='ocr_carea' id='block_1_76' title="bbox 376 4314 1955 4389">
    <p class='ocr_par' dir='ltr' id='par_1_76' title="bbox 376 4314 1955 4389">
     <span class='ocr_line' id='line_1_76' title="bbox 376 4314 1955 4389; baseline 0.001 -15"><span class='ocrx_word' id='word_1_567' title='bbox 376 4332 566 4374; x_wconf 85' lang='lat' dir='ltr'><strong>norum</strong></span> <span class='ocrx_word' id='word_1_568' title='bbox 617 4332 842 4373; x_wconf 90' lang='lat' dir='ltr'><strong>numero</strong></span> <span class='ocrx_word' id='word_1_569' title='bbox 887 4314 1158 4371; x_wconf 84' lang='lat' dir='ltr'><strong>Abraham</strong></span> <span class='ocrx_word' id='word_1_570' title='bbox 1209 4318 1418 4386; x_wconf 78' lang='lat' dir='ltr'><strong>prteivit</strong></span> <span class='ocrx_word' id='word_1_571' title='bbox 1468 4319 1812 4374; x_wconf 67' lang='lat' dir='ltr'><strong>aeternitate?</strong></span> <span class='ocrx_word' id='word_1_572' title='bbox 1854 4320 1955 4389; x_wconf 86' lang='lat' dir='ltr'><strong>Qui</strong></span> 
     </span>
    </p>
   </div>
   <div class='ocr_carea' id='block_1_77' title="bbox 364 4402 1952 4477">
    <p class='ocr_par' dir='ltr' id='par_1_77' title="bbox 364 4402 1952 4477">
     <span class='ocr_line' id='line_1_77' title="bbox 364 4402 1952 4477; baseline 0 -13"><span class='ocrx_word' id='word_1_573' title='bbox 364 4402 638 4464; x_wconf 39' lang='lat' dir='ltr'><strong>&#39;maaimus~</strong></span> <span class='ocrx_word' id='word_1_574' title='bbox 669 4406 1119 4477; x_wconf 86' lang='lat' dir='ltr'><strong>patriarcharum,</strong></span> <span class='ocrx_word' id='word_1_575' title='bbox 1146 4422 1266 4460; x_wconf 84' lang='lat' dir='ltr'><strong>cum</strong></span> <span class='ocrx_word' id='word_1_576' title='bbox 1311 4406 1514 4463; x_wconf 88' lang='lat' dir='ltr'><strong>videret</strong></span> <span class='ocrx_word' id='word_1_577' title='bbox 1544 4408 1697 4462; x_wconf 92' lang='lat' dir='ltr'><strong>illum</strong></span> <span class='ocrx_word' id='word_1_578' title='bbox 1725 4408 1866 4463; x_wconf 91' lang='lat' dir='ltr'><strong>diem</strong></span> <span class='ocrx_word' id='word_1_579' title='bbox 1900 4410 1952 4464; x_wconf 93' lang='lat' dir='ltr'><strong>in</strong></span> 
     </span>
    </p>
   </div>
   <div class='ocr_carea' id='block_1_78' title="bbox 2072 3221 3659 3292">
    <p class='ocr_par' dir='ltr' id='par_1_78' title="bbox 2072 3221 3659 3292">
     <span class='ocr_line' id='line_1_78' title="bbox 2072 3221 3659 3292; baseline -0.002 -15"><span class='ocrx_word' id='word_1_580' title='bbox 2072 3225 2209 3277; x_wconf 72' lang='lat' dir='ltr'><strong>neri:</strong></span> <span class='ocrx_word' id='word_1_581' title='bbox 2231 3221 2401 3277; x_wconf 87' lang='lat' dir='ltr'><strong>Filius</strong></span> <span class='ocrx_word' id='word_1_582' title='bbox 2429 3222 2649 3276; x_wconf 81' lang='lat' dir='ltr'><strong>hominis</strong></span> <span class='ocrx_word' id='word_1_583' title='bbox 2676 3223 2729 3276; x_wconf 88' lang='lat' dir='ltr'><strong>in</strong></span> <span class='ocrx_word' id='word_1_584' title='bbox 2758 3224 3025 3292; x_wconf 87' lang='lat' dir='ltr'><strong>majestate</strong></span> <span class='ocrx_word' id='word_1_585' title='bbox 3050 3237 3168 3285; x_wconf 88' lang='lat' dir='ltr'><strong>sua,</strong></span> <span class='ocrx_word' id='word_1_586' title='bbox 3197 3229 3245 3273; x_wconf 88' lang='lat' dir='ltr'><strong>et</strong></span> <span class='ocrx_word' id='word_1_587' title='bbox 3285 3236 3457 3275; x_wconf 88' lang='lat' dir='ltr'><strong>omnes</strong></span> <span class='ocrx_word' id='word_1_588' title='bbox 3486 3221 3659 3290; x_wconf 83' lang='lat' dir='ltr'><strong>angeli</strong></span> 
     </span>
    </p>
   </div>
   <div class='ocr_carea' id='block_1_79' title="bbox 2071 3312 3655 3385">
    <p class='ocr_par' dir='ltr' id='par_1_79' title="bbox 2071 3312 3655 3385">
     <span class='ocr_line' id='line_1_79' title="bbox 2071 3312 3655 3385; baseline -0.003 -18"><span class='ocrx_word' id='word_1_589' title='bbox 2071 3331 2187 3367; x_wconf 89' lang='lat' dir='ltr'><strong>cum</strong></span> <span class='ocrx_word' id='word_1_590' title='bbox 2210 3330 2290 3381; x_wconf 90' lang='lat' dir='ltr'><strong>eo,</strong></span> <span class='ocrx_word' id='word_1_591' title='bbox 2320 3323 2439 3368; x_wconf 89' lang='lat' dir='ltr'><strong>tunc</strong></span> <span class='ocrx_word' id='word_1_592' title='bbox 2466 3314 2908 3385; x_wconf 81' lang='lat' dir='ltr'><strong>congregabantur</strong></span> <span class='ocrx_word' id='word_1_593' title='bbox 2933 3321 3051 3364; x_wconf 88' lang='lat' dir='ltr'><strong>ante</strong></span> <span class='ocrx_word' id='word_1_594' title='bbox 3081 3312 3227 3364; x_wconf 90' lang='lat' dir='ltr'><strong>illum</strong></span> <span class='ocrx_word' id='word_1_595' title='bbox 3254 3326 3425 3364; x_wconf 87' lang='lat' dir='ltr'><strong>omnes</strong></span> <span class='ocrx_word' id='word_1_596' title='bbox 3454 3320 3655 3380; x_wconf 82' lang='lat' dir='ltr'><strong>gentes,</strong></span> 
     </span>
    </p>
   </div>
   <div class='ocr_carea' id='block_1_80' title="bbox 2070 3402 3658 3475">
    <p class='ocr_par' dir='ltr' id='par_1_80' title="bbox 2070 3402 3658 3475">
     <span class='ocr_line' id='line_1_80' title="bbox 2070 3402 3658 3475; baseline -0.002 -17"><span class='ocrx_word' id='word_1_597' title='bbox 2070 3414 2118 3458; x_wconf 87' lang='lat' dir='ltr'><strong>et</strong></span> <span class='ocrx_word' id='word_1_598' title='bbox 2139 3404 2395 3475; x_wconf 85' lang='lat' dir='ltr'><strong>separabit</strong></span> <span class='ocrx_word' id='word_1_599' title='bbox 2418 3420 2504 3458; x_wconf 89' lang='lat' dir='ltr'><strong>eas</strong></span> <span class='ocrx_word' id='word_1_600' title='bbox 2523 3404 2586 3456; x_wconf 93' lang='lat' dir='ltr'><strong>ab</strong></span> <span class='ocrx_word' id='word_1_601' title='bbox 2608 3403 2841 3468; x_wconf 87' lang='lat' dir='ltr'><strong>invicem,</strong></span> <span class='ocrx_word' id='word_1_602' title='bbox 2872 3412 2917 3456; x_wconf 89' lang='lat' dir='ltr'><strong>et</strong></span> <span class='ocrx_word' id='word_1_603' title='bbox 2944 3410 3129 3457; x_wconf 86' lang='lat' dir='ltr'><strong>statuet</strong></span> <span class='ocrx_word' id='word_1_604' title='bbox 3149 3402 3317 3470; x_wconf 88' lang='lat' dir='ltr'><strong>justas</strong></span> <span class='ocrx_word' id='word_1_605' title='bbox 3334 3402 3479 3467; x_wconf 87' lang='lat' dir='ltr'><strong>quasi</strong></span> <span class='ocrx_word' id='word_1_606' title='bbox 3498 3417 3658 3469; x_wconf 88' lang='lat' dir='ltr'><strong>agnos</strong></span> 
     </span>
    </p>
   </div>
   <div class='ocr_carea' id='block_1_81' title="bbox 2069 3491 3658 3563">
    <p class='ocr_par' dir='ltr' id='par_1_81' title="bbox 2069 3491 3658 3563">
     <span class='ocr_line' id='line_1_81' title="bbox 2069 3491 3658 3563; baseline -0.003 -14"><span class='ocrx_word' id='word_1_607' title='bbox 2069 3512 2101 3549; x_wconf 91' lang='lat' dir='ltr'><strong>a</strong></span> <span class='ocrx_word' id='word_1_608' title='bbox 2128 3495 2340 3560; x_wconf 73' lang='lat' dir='ltr'><strong>dextris,</strong></span> <span class='ocrx_word' id='word_1_609' title='bbox 2370 3496 2555 3563; x_wconf 89' lang='lat' dir='ltr'><strong>impios</strong></span> <span class='ocrx_word' id='word_1_610' title='bbox 2587 3503 2757 3547; x_wconf 81' lang='lat' dir='ltr'><strong>autem</strong></span> <span class='ocrx_word' id='word_1_611' title='bbox 2797 3494 2927 3547; x_wconf 87' lang='lat' dir='ltr'><strong>sicut</strong></span> <span class='ocrx_word' id='word_1_612' title='bbox 2958 3493 3131 3547; x_wconf 76' lang='lat' dir='ltr'><strong>hazdos</strong></span> <span class='ocrx_word' id='word_1_613' title='bbox 3171 3491 3239 3544; x_wconf 88' lang='lat' dir='ltr'><strong>ad</strong></span> <span class='ocrx_word' id='word_1_614' title='bbox 3266 3492 3464 3545; x_wconf 75' lang='lat' dir='ltr'><strong>lteram.</strong></span> <span class='ocrx_word' id='word_1_615' title='bbox 3514 3491 3658 3545; x_wconf 85' lang='lat' dir='ltr'><strong>Tunc</strong></span> 
     </span>
    </p>
   </div>
   <div class='ocr_carea' id='block_1_82' title="bbox 2068 3580 3657 3651">
    <p class='ocr_par' dir='ltr' id='par_1_82' title="bbox 2068 3580 3657 3651">
     <span class='ocr_line' id='line_1_82' title="bbox 2068 3580 3657 3651; baseline -0.001 -12"><span class='ocrx_word' id='word_1_616' title='bbox 2068 3587 2200 3639; x_wconf 87' lang='lat' dir='ltr'><strong>dicet</strong></span> <span class='ocrx_word' id='word_1_617' title='bbox 2221 3601 2313 3639; x_wconf 77' lang='lat' dir='ltr'><strong>rex</strong></span> <span class='ocrx_word' id='word_1_618' title='bbox 2341 3584 2445 3638; x_wconf 89' lang='lat' dir='ltr'><strong>illis</strong></span> <span class='ocrx_word' id='word_1_619' title='bbox 2472 3601 2491 3639; x_wconf 91' lang='lat'><strong><em>:</em></strong></span> <span class='ocrx_word' id='word_1_620' title='bbox 2530 3582 2728 3648; x_wconf 82' lang='lat' dir='ltr'><strong>Venite,</strong></span> <span class='ocrx_word' id='word_1_621' title='bbox 2759 3583 3006 3637; x_wconf 85' lang='lat' dir='ltr'><strong>benedicti</strong></span> <span class='ocrx_word' id='word_1_622' title='bbox 3034 3580 3212 3635; x_wconf 86' lang='lat' dir='ltr'><strong>Patris</strong></span> <span class='ocrx_word' id='word_1_623' title='bbox 3254 3582 3374 3651; x_wconf 85' lang='lat' dir='ltr'><strong>mei,</strong></span> <span class='ocrx_word' id='word_1_624' title='bbox 3405 3582 3657 3649; x_wconf 86' lang='lat' dir='ltr'><strong>possidete</strong></span> 
     </span>
    </p>
   </div>
   <div class='ocr_carea' id='block_1_83' title="bbox 2066 3672 3654 3748">
    <p class='ocr_par' dir='ltr' id='par_1_83' title="bbox 2066 3672 3654 3748">
     <span class='ocr_line' id='line_1_83' title="bbox 2066 3672 3654 3748; baseline -0.004 -16"><span class='ocrx_word' id='word_1_625' title='bbox 2066 3693 2277 3748; x_wconf 87' lang='lat' dir='ltr'><strong>regnum</strong></span> <span class='ocrx_word' id='word_1_626' title='bbox 2306 3676 2444 3747; x_wconf 89' lang='lat' dir='ltr'><strong>quod</strong></span> <span class='ocrx_word' id='word_1_627' title='bbox 2469 3686 2705 3747; x_wconf 89' lang='lat' dir='ltr'><strong>paratum</strong></span> <span class='ocrx_word' id='word_1_628' title='bbox 2729 3683 2802 3729; x_wconf 83' lang='lat' dir='ltr'><strong>est</strong></span> <span class='ocrx_word' id='word_1_629' title='bbox 2826 3674 2963 3728; x_wconf 83' lang='lat' dir='ltr'><strong>vobis</strong></span> <span class='ocrx_word' id='word_1_630' title='bbox 2991 3691 3023 3727; x_wconf 92' lang='lat' dir='ltr'><strong>a</strong></span> <span class='ocrx_word' id='word_1_631' title='bbox 3052 3672 3410 3727; x_wconf 87' lang='lat' dir='ltr'><strong>constitutione</strong></span> <span class='ocrx_word' id='word_1_632' title='bbox 3441 3674 3654 3737; x_wconf 82' lang='lat' dir='ltr'><strong>mundi;</strong></span> 
     </span>
    </p>
   </div>
   <div class='ocr_carea' id='block_1_84' title="bbox 2066 3765 3656 3841">
    <p class='ocr_par' dir='ltr' id='par_1_84' title="bbox 2066 3765 3656 3841">
     <span class='ocr_line' id='line_1_84' title="bbox 2066 3765 3656 3841; baseline -0.004 -16"><span class='ocrx_word' id='word_1_633' title='bbox 2066 3780 2112 3827; x_wconf 86' lang='lat' dir='ltr'><strong>et</strong></span> <span class='ocrx_word' id='word_1_634' title='bbox 2147 3771 2220 3824; x_wconf 86' lang='lat' dir='ltr'><strong>eis</strong></span> <span class='ocrx_word' id='word_1_635' title='bbox 2246 3769 2334 3841; x_wconf 89' lang='lat' dir='ltr'><strong>qui</strong></span> <span class='ocrx_word' id='word_1_636' title='bbox 2360 3786 2391 3822; x_wconf 84' lang='grc' dir='ltr'><em>α</em></span> <span class='ocrx_word' id='word_1_637' title='bbox 2420 3769 2642 3823; x_wconf 86' lang='lat' dir='ltr'><strong>sinistris</strong></span> <span class='ocrx_word' id='word_1_638' title='bbox 2671 3775 2812 3833; x_wconf 87' lang='lat' dir='ltr'><strong>sunt,</strong></span> <span class='ocrx_word' id='word_1_639' title='bbox 2845 3776 2899 3819; x_wconf 89' lang='lat' dir='ltr'><strong>ut</strong></span> <span class='ocrx_word' id='word_1_640' title='bbox 2921 3765 3185 3819; x_wconf 86' lang='lat' dir='ltr'><strong>discedant</strong></span> <span class='ocrx_word' id='word_1_641' title='bbox 3214 3765 3276 3818; x_wconf 89' lang='lat' dir='ltr'><strong>ab</strong></span> <span class='ocrx_word' id='word_1_642' title='bbox 3308 3780 3364 3817; x_wconf 89' lang='lat' dir='ltr'><strong>eo</strong></span> <span class='ocrx_word' id='word_1_643' title='bbox 3401 3765 3453 3818; x_wconf 91' lang='lat' dir='ltr'><strong>in</strong></span> <span class='ocrx_word' id='word_1_644' title='bbox 3483 3766 3656 3835; x_wconf 88' lang='lat' dir='ltr'><strong>ignem</strong></span> 
     </span>
    </p>
   </div>
   <div class='ocr_carea' id='block_1_85' title="bbox 2064 3856 3653 3932">
    <p class='ocr_par' dir='ltr' id='par_1_85' title="bbox 2064 3856 3653 3932">
     <span class='ocr_line' id='line_1_85' title="bbox 2064 3856 3653 3932; baseline -0.004 -14"><span class='ocrx_word' id='word_1_645' title='bbox 2064 3872 2333 3929; x_wconf 77' lang='lat' dir='ltr'><strong>telernum,</strong></span> <span class='ocrx_word' id='word_1_646' title='bbox 2357 3878 2508 3932; x_wconf 88' lang='lat' dir='ltr'><strong>quem</strong></span> <span class='ocrx_word' id='word_1_647' title='bbox 2546 3860 2853 3932; x_wconf 64' lang='lat' dir='ltr'><strong>preparavit</strong></span> <span class='ocrx_word' id='word_1_648' title='bbox 2882 3857 3019 3913; x_wconf 87' lang='lat' dir='ltr'><strong>Deus</strong></span> <span class='ocrx_word' id='word_1_649' title='bbox 3059 3856 3218 3911; x_wconf 88' lang='lat' dir='ltr'><strong>Pater</strong></span> <span class='ocrx_word' id='word_1_650' title='bbox 3252 3856 3455 3911; x_wconf 91' lang='lat' dir='ltr'><strong>diabolo</strong></span> <span class='ocrx_word' id='word_1_651' title='bbox 3484 3867 3533 3912; x_wconf 88' lang='lat' dir='ltr'><strong>et</strong></span> <span class='ocrx_word' id='word_1_652' title='bbox 3560 3876 3653 3912; x_wconf 82' lang='lat' dir='ltr'><strong>an-</strong></span> 
     </span>
    </p>
   </div>
   <div class='ocr_carea' id='block_1_86' title="bbox 2064 3948 3656 4026">
    <p class='ocr_par' dir='ltr' id='par_1_86' title="bbox 2064 3948 3656 4026">
     <span class='ocr_line' id='line_1_86' title="bbox 2064 3948 3656 4026; baseline -0.003 -17"><span class='ocrx_word' id='word_1_653' title='bbox 2064 3954 2195 4025; x_wconf 87' lang='lat' dir='ltr'><strong>gelis</strong></span> <span class='ocrx_word' id='word_1_654' title='bbox 2227 3957 2338 4026; x_wconf 85' lang='lat' dir='ltr'><strong>ejus</strong></span> <span class='ocrx_word' id='word_1_655' title='bbox 2367 3952 2583 4024; x_wconf 79' lang='lat' dir='ltr'><strong>(Matth.</strong></span> <span class='ocrx_word' id='word_1_656' title='bbox 2615 3967 2741 4016; x_wconf 85' lang='lat' dir='ltr'><strong>xxv,</strong></span> <span class='ocrx_word' id='word_1_657' title='bbox 2773 3950 2864 4017; x_wconf 78' lang='grc'><strong>51,</strong></span> <span class='ocrx_word' id='word_1_658' title='bbox 2897 3948 2988 4017; x_wconf 74' lang='grc'><strong>54,</strong></span> <span class='ocrx_word' id='word_1_659' title='bbox 3020 3948 3132 4017; x_wconf 74' lang='grc'><strong>41).</strong></span> <span class='ocrx_word' id='word_1_660' title='bbox 3180 3948 3339 4017; x_wconf 93' lang='lat' dir='ltr'><strong>Quid,</strong></span> <span class='ocrx_word' id='word_1_661' title='bbox 3370 3964 3521 4018; x_wconf 89' lang='lat' dir='ltr'><strong>rogo,</strong></span> <span class='ocrx_word' id='word_1_662' title='bbox 3568 3949 3656 4005; x_wconf 89' lang='lat' dir='ltr'><strong>hic</strong></span> 
     </span>
    </p>
   </div>
   <div class='ocr_carea' id='block_1_87' title="bbox 2063 4040 3656 4113">
    <p class='ocr_par' dir='ltr' id='par_1_87' title="bbox 2063 4040 3656 4113">
     <span class='ocr_line' id='line_1_87' title="bbox 2063 4040 3656 4113; baseline -0.003 -13"><span class='ocrx_word' id='word_1_663' title='bbox 2063 4044 2470 4113; x_wconf 89' lang='lat' dir='ltr'><strong>contemptibile</strong></span> <span class='ocrx_word' id='word_1_664' title='bbox 2506 4043 2559 4096; x_wconf 90' lang='lat' dir='ltr'><strong>in</strong></span> <span class='ocrx_word' id='word_1_665' title='bbox 2584 4041 2803 4098; x_wconf 88' lang='lat' dir='ltr'><strong>Christo</strong></span> <span class='ocrx_word' id='word_1_666' title='bbox 2828 4041 3080 4111; x_wconf 87' lang='lat' dir='ltr'><strong>superbia</strong></span> <span class='ocrx_word' id='word_1_667' title='bbox 3112 4041 3341 4095; x_wconf 79' lang='lat' dir='ltr'><strong>humana</strong></span> <span class='ocrx_word' id='word_1_668' title='bbox 3374 4040 3656 4096; x_wconf 81' lang='lat' dir='ltr'><strong>fastidiat?</strong></span> 
     </span>
    </p>
   </div>
   <div class='ocr_carea' id='block_1_88' title="bbox 2062 4134 3653 4208">
    <p class='ocr_par' dir='ltr' id='par_1_88' title="bbox 2062 4134 3653 4208">
     <span class='ocr_line' id='line_1_88' title="bbox 2062 4134 3653 4208; baseline -0.004 -15"><span class='ocrx_word' id='word_1_669' title='bbox 2062 4137 2193 4208; x_wconf 91' lang='lat' dir='ltr'><strong>quid</strong></span> <span class='ocrx_word' id='word_1_670' title='bbox 2241 4145 2349 4191; x_wconf 88' lang='lat' dir='ltr'><strong>tam</strong></span> <span class='ocrx_word' id='word_1_671' title='bbox 2396 4146 2543 4192; x_wconf 91' lang='lat' dir='ltr'><strong>metu</strong></span> <span class='ocrx_word' id='word_1_672' title='bbox 2587 4135 2831 4205; x_wconf 88' lang='lat' dir='ltr'><strong>dignum,</strong></span> <span class='ocrx_word' id='word_1_673' title='bbox 2874 4144 2981 4189; x_wconf 92' lang='lat' dir='ltr'><strong>tam</strong></span> <span class='ocrx_word' id='word_1_674' title='bbox 3020 4134 3226 4190; x_wconf 88' lang='lat' dir='ltr'><strong>honore</strong></span> <span class='ocrx_word' id='word_1_675' title='bbox 3277 4134 3653 4202; x_wconf 90' lang='lat' dir='ltr'><strong>conspicuum,</strong></span> 
     </span>
    </p>
   </div>
   <div class='ocr_carea' id='block_1_89' title="bbox 2067 4224 3651 4295">
    <p class='ocr_par' dir='ltr' id='par_1_89' title="bbox 2067 4224 3651 4295">
     <span class='ocr_line' id='line_1_89' title="bbox 2067 4224 3651 4295; baseline -0.003 -11"><span class='ocrx_word' id='word_1_676' title='bbox 2067 4238 2175 4284; x_wconf 86' lang='lat' dir='ltr'><strong>tam</strong></span> <span class='ocrx_word' id='word_1_677' title='bbox 2201 4240 2407 4284; x_wconf 91' lang='lat' dir='ltr'><strong>terrore</strong></span> <span class='ocrx_word' id='word_1_678' title='bbox 2422 4227 2818 4282; x_wconf 79' lang='lat' dir='ltr'><strong>venerandum?</strong></span> <span class='ocrx_word' id='word_1_679' title='bbox 2843 4224 3124 4295; x_wconf 79' lang='lat' dir='ltr'><strong>Excogitet</strong></span> <span class='ocrx_word' id='word_1_680' title='bbox 3144 4224 3445 4292; x_wconf 73' lang='lat' dir='ltr'><strong>hmreticus,</strong></span> <span class='ocrx_word' id='word_1_681' title='bbox 3472 4234 3651 4279; x_wconf 89' lang='lat' dir='ltr'><strong>utrum</strong></span> 
     </span>
    </p>
   </div>
   <div class='ocr_carea' id='block_1_90' title="bbox 2063 4318 3651 4391">
    <p class='ocr_par' dir='ltr' id='par_1_90' title="bbox 2063 4318 3651 4391">
     <span class='ocr_line' id='line_1_90' title="bbox 2063 4318 3651 4391; baseline -0.004 -14"><span class='ocrx_word' id='word_1_682' title='bbox 2063 4323 2203 4377; x_wconf 89' lang='lat' dir='ltr'><strong>istuc</strong></span> <span class='ocrx_word' id='word_1_683' title='bbox 2235 4322 2406 4377; x_wconf 88' lang='lat' dir='ltr'><strong>Patris</strong></span> <span class='ocrx_word' id='word_1_684' title='bbox 2454 4321 2642 4391; x_wconf 76' lang='lat' dir='ltr'><strong>glorize</strong></span> <span class='ocrx_word' id='word_1_685' title='bbox 2693 4320 2967 4389; x_wconf 87' lang='lat' dir='ltr'><strong>adiungat,</strong></span> <span class='ocrx_word' id='word_1_686' title='bbox 2996 4334 3064 4373; x_wconf 87' lang='lat' dir='ltr'><strong>an</strong></span> <span class='ocrx_word' id='word_1_687' title='bbox 3097 4318 3237 4374; x_wconf 85' lang='lat' dir='ltr'><strong>Filii.</strong></span> <span class='ocrx_word' id='word_1_688' title='bbox 3264 4318 3346 4372; x_wconf 80' lang='lat' dir='ltr'><strong>Ad</strong></span> <span class='ocrx_word' id='word_1_689' title='bbox 3377 4318 3651 4385; x_wconf 86' lang='lat' dir='ltr'><strong>negotium</strong></span> 
     </span>
    </p>
   </div>
   <div class='ocr_carea' id='block_1_91' title="bbox 2060 4409 3653 4485">
    <p class='ocr_par' dir='ltr' id='par_1_91' title="bbox 2060 4409 3653 4485">
     <span class='ocr_line' id='line_1_91' title="bbox 2060 4409 3653 4485; baseline -0.004 -16"><span class='ocrx_word' id='word_1_690' title='bbox 2060 4414 2203 4484; x_wconf 91' lang='lat' dir='ltr'><strong>quod</strong></span> <span class='ocrx_word' id='word_1_691' title='bbox 2225 4414 2482 4485; x_wconf 88' lang='lat' dir='ltr'><strong>gerimus,</strong></span> <span class='ocrx_word' id='word_1_692' title='bbox 2507 4413 2692 4468; x_wconf 83' lang='lat' dir='ltr'><strong>audire</strong></span> <span class='ocrx_word' id='word_1_693' title='bbox 2717 4412 2847 4467; x_wconf 85' lang='lat' dir='ltr'><strong>mihi</strong></span> <span class='ocrx_word' id='word_1_694' title='bbox 2869 4411 3084 4466; x_wconf 83' lang='lat' dir='ltr'><strong>sufficit.</strong></span> <span class='ocrx_word' id='word_1_695' title='bbox 3112 4409 3240 4464; x_wconf 84' lang='lat' dir='ltr'><strong>Cum</strong></span> <span class='ocrx_word' id='word_1_696' title='bbox 3264 4412 3449 4464; x_wconf 77' lang='lat' dir='ltr'><strong>venerit</strong></span> <span class='ocrx_word' id='word_1_697' title='bbox 3478 4409 3653 4463; x_wconf 84' lang='lat' dir='ltr'><strong>Filius</strong></span> 
     </span>
    </p>
   </div>
   <div class='ocr_carea' id='block_1_92' title="bbox 374 4488 3653 4576">
    <p class='ocr_par' dir='ltr' id='par_1_92' title="bbox 374 4488 3653 4576">
     <span class='ocr_line' id='line_1_92' title="bbox 374 4488 3653 4576; baseline -0.005 -4"><span class='ocrx_word' id='word_1_698' title='bbox 374 4517 479 4572; x_wconf 70' lang='grc' dir='ltr'><strong>’1υο</strong></span> <span class='ocrx_word' id='word_1_699' title='bbox 510 4503 625 4557; x_wconf 69' lang='grc' dir='ltr'><strong>εἶπε</strong></span> <span class='ocrx_word' id='word_1_700' title='bbox 655 4500 760 4555; x_wconf 69' lang='grc' dir='ltr'><strong>θυθ</strong></span> <span class='ocrx_word' id='word_1_701' title='bbox 791 4507 1067 4570; x_wconf 57' lang='lat' dir='ltr'><strong>Perilli!&quot;ﬁt</strong></span> <span class='ocrx_word' id='word_1_702' title='bbox 1090 4497 1252 4566; x_wconf 70' lang='grc' dir='ltr'><strong>Πευες</strong></span> <span class='ocrx_word' id='word_1_703' title='bbox 1276 4499 1581 4568; x_wconf 70' lang='grc' dir='ltr'><strong>οοιιουρίνίῑ</strong></span> <span class='ocrx_word' id='word_1_704' title='bbox 1605 4509 1782 4555; x_wconf 64' lang='lat' dir='ltr'><strong>lamen</strong></span> <span class='ocrx_word' id='word_1_705' title='bbox 1805 4500 1953 4555; x_wconf 76' lang='lat' dir='ltr'><strong>illum</strong></span> <span class='ocrx_word' id='word_1_706' title='bbox 1985 4488 2040 4549; x_wconf 81' lang='grc' dir='ltr'>Ῑ)</span> <span class='ocrx_word' id='word_1_707' title='bbox 2068 4506 2286 4561; x_wconf 84' lang='lat' dir='ltr'><strong>hominis</strong></span> <span class='ocrx_word' id='word_1_708' title='bbox 2310 4505 2364 4559; x_wconf 91' lang='lat' dir='ltr'><strong>in</strong></span> <span class='ocrx_word' id='word_1_709' title='bbox 2390 4506 2662 4576; x_wconf 87' lang='lat' dir='ltr'><strong>majestate</strong></span> <span class='ocrx_word' id='word_1_710' title='bbox 2679 4521 2794 4559; x_wconf 89' lang='lat' dir='ltr'><strong>sua.</strong></span> <span class='ocrx_word' id='word_1_711' title='bbox 2821 4503 2879 4558; x_wconf 91' lang='lat' dir='ltr'><strong>In</strong></span> <span class='ocrx_word' id='word_1_712' title='bbox 2909 4503 3155 4573; x_wconf 69' lang='lat' dir='ltr'><strong>praesenti</strong></span> <span class='ocrx_word' id='word_1_713' title='bbox 3186 4502 3383 4556; x_wconf 65' lang='lat' dir='ltr'><strong>saeculo</strong></span> <span class='ocrx_word' id='word_1_714' title='bbox 3409 4518 3421 4553; x_wconf 90' lang='lat'>:</span> <span class='ocrx_word' id='word_1_715' title='bbox 3459 4498 3653 4554; x_wconf 85' lang='lat' dir='ltr'><strong>Discite</strong></span> 
     </span>
    </p>
   </div>
   <div class='ocr_carea' id='block_1_93' title="bbox 373 4588 1952 4663">
    <p class='ocr_par' dir='ltr' id='par_1_93' title="bbox 373 4588 1952 4663">
     <span class='ocr_line' id='line_1_93' title="bbox 373 4588 1952 4663; baseline -0.002 -16"><span class='ocrx_word' id='word_1_716' title='bbox 373 4595 561 4649; x_wconf 88' lang='lat' dir='ltr'><strong>videre</strong></span> <span class='ocrx_word' id='word_1_717' title='bbox 586 4607 691 4663; x_wconf 90' lang='lat' dir='ltr'><strong>quo</strong></span> <span class='ocrx_word' id='word_1_718' title='bbox 720 4593 879 4646; x_wconf 93' lang='lat' dir='ltr'><strong>homo</strong></span> <span class='ocrx_word' id='word_1_719' title='bbox 907 4590 1088 4645; x_wconf 87' lang='lat' dir='ltr'><strong>unitus</strong></span> <span class='ocrx_word' id='word_1_720' title='bbox 1116 4598 1197 4644; x_wconf 86' lang='lat' dir='ltr'><strong>est</strong></span> <span class='ocrx_word' id='word_1_721' title='bbox 1228 4589 1355 4643; x_wconf 85' lang='lat' dir='ltr'><strong>Deo.</strong></span> <span class='ocrx_word' id='word_1_722' title='bbox 1387 4588 1551 4659; x_wconf 85' lang='lat' dir='ltr'><strong>Vidit,</strong></span> <span class='ocrx_word' id='word_1_723' title='bbox 1588 4591 1760 4660; x_wconf 89' lang='lat' dir='ltr'><strong>inquit</strong></span> <span class='ocrx_word' id='word_1_724' title='bbox 1790 4600 1836 4645; x_wconf 89' lang='lat' dir='ltr'><strong>et</strong></span> <span class='ocrx_word' id='word_1_725' title='bbox 1858 4607 1952 4663; x_wconf 85' lang='lat' dir='ltr'><strong>ga-</strong></span> 
     </span>
    </p>
   </div>
   <div class='ocr_carea' id='block_1_94' title="bbox 372 4681 1955 4757">
    <p class='ocr_par' dir='ltr' id='par_1_94' title="bbox 372 4681 1955 4757">
     <span class='ocr_line' id='line_1_94' title="bbox 372 4681 1955 4757; baseline 0 -16"><span class='ocrx_word' id='word_1_726' title='bbox 372 4689 508 4743; x_wconf 78' lang='lat' dir='ltr'><strong>visus</strong></span> <span class='ocrx_word' id='word_1_727' title='bbox 556 4696 628 4740; x_wconf 90' lang='lat' dir='ltr'><strong>est</strong></span> <span class='ocrx_word' id='word_1_728' title='bbox 666 4682 854 4757; x_wconf 87' lang='lat' dir='ltr'><strong>(lbid.,</strong></span> <span class='ocrx_word' id='word_1_729' title='bbox 897 4683 993 4752; x_wconf 81' lang='lat'><strong>56)</strong></span> <span class='ocrx_word' id='word_1_730' title='bbox 1026 4697 1042 4737; x_wconf 87' lang='lat'><strong>:</strong></span> <span class='ocrx_word' id='word_1_731' title='bbox 1073 4681 1196 4751; x_wconf 90' lang='lat' dir='ltr'><strong>quia</strong></span> <span class='ocrx_word' id='word_1_732' title='bbox 1239 4682 1377 4738; x_wconf 89' lang='lat' dir='ltr'><strong>sicut</strong></span> <span class='ocrx_word' id='word_1_733' title='bbox 1404 4684 1663 4739; x_wconf 89' lang='lat' dir='ltr'><strong>cernebat</strong></span> <span class='ocrx_word' id='word_1_734' title='bbox 1707 4685 1855 4739; x_wconf 92' lang='lat' dir='ltr'><strong>illum</strong></span> <span class='ocrx_word' id='word_1_735' title='bbox 1901 4686 1955 4741; x_wconf 93' lang='lat' dir='ltr'><strong>in</strong></span> 
     </span>
    </p>
   </div>
   <div class='ocr_carea' id='block_1_95' title="bbox 373 4771 1955 4848">
    <p class='ocr_par' dir='ltr' id='par_1_95' title="bbox 373 4771 1955 4848">
     <span class='ocr_line' id='line_1_95' title="bbox 373 4771 1955 4848; baseline 0.001 -18"><span class='ocrx_word' id='word_1_736' title='bbox 373 4793 477 4848; x_wconf 90' lang='lat' dir='ltr'><strong>quo</strong></span> <span class='ocrx_word' id='word_1_737' title='bbox 507 4785 621 4829; x_wconf 89' lang='lat' dir='ltr'><strong>erat</strong></span> <span class='ocrx_word' id='word_1_738' title='bbox 656 4774 884 4843; x_wconf 86' lang='lat' dir='ltr'><strong>genuina</strong></span> <span class='ocrx_word' id='word_1_739' title='bbox 941 4772 1214 4841; x_wconf 77' lang='lat' dir='ltr'><strong>maiestas,</strong></span> <span class='ocrx_word' id='word_1_740' title='bbox 1258 4771 1330 4825; x_wconf 88' lang='lat' dir='ltr'><strong>ita</strong></span> <span class='ocrx_word' id='word_1_741' title='bbox 1378 4782 1432 4826; x_wconf 88' lang='lat' dir='ltr'><strong>et</strong></span> <span class='ocrx_word' id='word_1_742' title='bbox 1474 4772 1633 4827; x_wconf 91' lang='lat' dir='ltr'><strong>istum</strong></span> <span class='ocrx_word' id='word_1_743' title='bbox 1686 4775 1955 4831; x_wconf 90' lang='lat' dir='ltr'><strong>desiderio</strong></span> 
     </span>
    </p>
   </div>
   <div class='ocr_carea' id='block_1_96' title="bbox 372 4863 1951 4937">
    <p class='ocr_par' dir='ltr' id='par_1_96' title="bbox 372 4863 1951 4937">
     <span class='ocr_line' id='line_1_96' title="bbox 372 4863 1951 4937; baseline 0.001 -14"><span class='ocrx_word' id='word_1_744' title='bbox 372 4875 693 4937; x_wconf 87' lang='lat' dir='ltr'><strong>conceperat</strong></span> <span class='ocrx_word' id='word_1_745' title='bbox 722 4866 772 4920; x_wconf 92' lang='lat' dir='ltr'><strong>in</strong></span> <span class='ocrx_word' id='word_1_746' title='bbox 818 4879 929 4933; x_wconf 84' lang='lat' dir='ltr'><strong>quo</strong></span> <span class='ocrx_word' id='word_1_747' title='bbox 951 4863 1199 4933; x_wconf 81' lang='lat' dir='ltr'><strong>adaptata</strong></span> <span class='ocrx_word' id='word_1_748' title='bbox 1230 4864 1598 4919; x_wconf 79' lang='lat' dir='ltr'><strong>illustrabatur</strong></span> <span class='ocrx_word' id='word_1_749' title='bbox 1629 4865 1904 4924; x_wconf 88' lang='lat' dir='ltr'><strong>humilitas</strong></span> <span class='ocrx_word' id='word_1_750' title='bbox 1937 4887 1951 4923; x_wconf 88' lang='lat'><strong>:</strong></span> 
     </span>
    </p>
   </div>
   <div class='ocr_carea' id='block_1_97' title="bbox 373 4956 1948 5029">
    <p class='ocr_par' dir='ltr' id='par_1_97' title="bbox 373 4956 1948 5029">
     <span class='ocr_line' id='line_1_97' title="bbox 373 4956 1948 5029; baseline -0.002 -14"><span class='ocrx_word' id='word_1_751' title='bbox 373 4960 616 5015; x_wconf 87' lang='lat' dir='ltr'><strong>Tulerunt</strong></span> <span class='ocrx_word' id='word_1_752' title='bbox 633 4975 774 5029; x_wconf 88' lang='lat' dir='ltr'><strong>ergo,</strong></span> <span class='ocrx_word' id='word_1_753' title='bbox 798 4956 993 5027; x_wconf 89' lang='lat' dir='ltr'><strong>inquit,</strong></span> <span class='ocrx_word' id='word_1_754' title='bbox 1018 4956 1215 5026; x_wconf 88' lang='lat' dir='ltr'><strong>lapides</strong></span> <span class='ocrx_word' id='word_1_755' title='bbox 1239 4958 1529 5026; x_wconf 87' lang='lat' dir='ltr'><strong>utjacerent</strong></span> <span class='ocrx_word' id='word_1_756' title='bbox 1551 4957 1603 5009; x_wconf 86' lang='lat' dir='ltr'><strong>in</strong></span> <span class='ocrx_word' id='word_1_757' title='bbox 1621 4974 1739 5010; x_wconf 90' lang='lat' dir='ltr'><strong>eum</strong></span> <span class='ocrx_word' id='word_1_758' title='bbox 1759 4956 1948 5029; x_wconf 87' lang='lat' dir='ltr'><strong>(Ibid.,</strong></span> 
     </span>
    </p>
   </div>
   <div class='ocr_carea' id='block_1_98' title="bbox 369 5047 1948 5123">
    <p class='ocr_par' dir='ltr' id='par_1_98' title="bbox 369 5047 1948 5123">
     <span class='ocr_line' id='line_1_98' title="bbox 369 5047 1948 5123; baseline -0.003 -15"><span class='ocrx_word' id='word_1_759' title='bbox 369 5051 649 5123; x_wconf 77' lang='lat' dir='ltr'><strong>59).Quid</strong></span> <span class='ocrx_word' id='word_1_760' title='bbox 705 5063 867 5118; x_wconf 91' lang='lat' dir='ltr'><strong>porro</strong></span> <span class='ocrx_word' id='word_1_761' title='bbox 918 5049 1176 5102; x_wconf 90' lang='lat' dir='ltr'><strong>miramur</strong></span> <span class='ocrx_word' id='word_1_762' title='bbox 1204 5047 1565 5118; x_wconf 83' lang='lat' dir='ltr'><strong>Eutychianos</strong></span> <span class='ocrx_word' id='word_1_763' title='bbox 1611 5058 1799 5104; x_wconf 90' lang='lat' dir='ltr'><strong>contra</strong></span> <span class='ocrx_word' id='word_1_764' title='bbox 1856 5066 1948 5105; x_wconf 87' lang='lat' dir='ltr'><strong>ca-</strong></span> 
     </span>
    </p>
   </div>
   <div class='ocr_carea' id='block_1_99' title="bbox 369 5141 1946 5212">
    <p class='ocr_par' dir='ltr' id='par_1_99' title="bbox 369 5141 1946 5212">
     <span class='ocr_line' id='line_1_99' title="bbox 369 5141 1946 5212; baseline 0.001 -11"><span class='ocrx_word' id='word_1_765' title='bbox 369 5146 622 5201; x_wconf 88' lang='lat' dir='ltr'><strong>tholicam</strong></span> <span class='ocrx_word' id='word_1_766' title='bbox 671 5142 918 5206; x_wconf 87' lang='lat' dir='ltr'><strong>fremere,</strong></span> <span class='ocrx_word' id='word_1_767' title='bbox 951 5157 1074 5197; x_wconf 91' lang='lat' dir='ltr'><strong>cum</strong></span> <span class='ocrx_word' id='word_1_768' title='bbox 1121 5141 1396 5196; x_wconf 89' lang='lat' dir='ltr'><strong>videamus</strong></span> <span class='ocrx_word' id='word_1_769' title='bbox 1445 5151 1605 5212; x_wconf 87' lang='lat' dir='ltr'><strong>caput</strong></span> <span class='ocrx_word' id='word_1_770' title='bbox 1634 5154 1874 5211; x_wconf 91' lang='lat' dir='ltr'><strong>nostrum</strong></span> <span class='ocrx_word' id='word_1_771' title='bbox 1916 5162 1946 5202; x_wconf 90' lang='lat' dir='ltr'><strong>a</strong></span> 
     </span>
    </p>
   </div>
   <div class='ocr_carea' id='block_1_100' title="bbox 367 5233 1949 5305">
    <p class='ocr_par' dir='ltr' id='par_1_100' title="bbox 367 5233 1949 5305">
     <span class='ocr_line' id='line_1_100' title="bbox 367 5233 1949 5305; baseline -0.001 -11"><span class='ocrx_word' id='word_1_772' title='bbox 367 5239 478 5294; x_wconf 85' lang='lat' dir='ltr'><strong>suis</strong></span> <span class='ocrx_word' id='word_1_773' title='bbox 509 5236 575 5291; x_wconf 91' lang='lat' dir='ltr'><strong>ad</strong></span> <span class='ocrx_word' id='word_1_774' title='bbox 606 5250 740 5305; x_wconf 89' lang='lat' dir='ltr'><strong>quos</strong></span> <span class='ocrx_word' id='word_1_775' title='bbox 761 5243 980 5290; x_wconf 90' lang='lat' dir='ltr'><strong>venerat</strong></span> <span class='ocrx_word' id='word_1_776' title='bbox 1006 5233 1311 5303; x_wconf 76' lang='lat' dir='ltr'><strong>pertulisse,</strong></span> <span class='ocrx_word' id='word_1_777' title='bbox 1346 5234 1790 5305; x_wconf 91' lang='lat' dir='ltr'><strong>redditurumque</strong></span> <span class='ocrx_word' id='word_1_778' title='bbox 1827 5254 1949 5305; x_wconf 84' lang='lat' dir='ltr'><strong>per-</strong></span> 
     </span>
    </p>
   </div>
   <div class='ocr_carea' id='block_1_101' title="bbox 370 5324 1946 5397">
    <p class='ocr_par' dir='ltr' id='par_1_101' title="bbox 370 5324 1946 5397">
     <span class='ocr_line' id='line_1_101' title="bbox 370 5324 1946 5397; baseline 0 -13"><span class='ocrx_word' id='word_1_779' title='bbox 370 5330 548 5389; x_wconf 84' lang='lat' dir='ltr'><strong>ﬁdiam</strong></span> <span class='ocrx_word' id='word_1_780' title='bbox 596 5326 957 5397; x_wconf 86' lang='lat' dir='ltr'><strong>indignatione</strong></span> <span class='ocrx_word' id='word_1_781' title='bbox 1000 5340 1100 5379; x_wconf 88' lang='lat' dir='ltr'><strong>una</strong></span> <span class='ocrx_word' id='word_1_782' title='bbox 1132 5339 1253 5379; x_wconf 90' lang='lat' dir='ltr'><strong>cum</strong></span> <span class='ocrx_word' id='word_1_783' title='bbox 1311 5324 1458 5379; x_wconf 82' lang='lat' dir='ltr'><strong>line?</strong></span> <span class='ocrx_word' id='word_1_784' title='bbox 1484 5326 1563 5380; x_wconf 89' lang='lat' dir='ltr'><strong>Eo</strong></span> <span class='ocrx_word' id='word_1_785' title='bbox 1610 5330 1946 5385; x_wconf 71' lang='lat' dir='ltr'><strong>contumelia:</strong></span> 
     </span>
    </p>
   </div>
   <div class='ocr_carea' id='block_1_102' title="bbox 368 5418 1940 5488">
    <p class='ocr_par' dir='ltr' id='par_1_102' title="bbox 368 5418 1940 5488">
     <span class='ocr_line' id='line_1_102' title="bbox 368 5418 1940 5488; baseline 0 -11"><span class='ocrx_word' id='word_1_786' title='bbox 368 5439 530 5478; x_wconf 88' lang='lat' dir='ltr'><strong>sensu</strong></span> <span class='ocrx_word' id='word_1_787' title='bbox 584 5422 669 5477; x_wconf 90' lang='lat' dir='ltr'><strong>hic</strong></span> <span class='ocrx_word' id='word_1_788' title='bbox 695 5419 909 5475; x_wconf 70' lang='lat' dir='ltr'><strong>Judreus</strong></span> <span class='ocrx_word' id='word_1_789' title='bbox 953 5420 1123 5483; x_wconf 69' lang='lat' dir='ltr'><strong>smvit,</strong></span> <span class='ocrx_word' id='word_1_790' title='bbox 1174 5433 1280 5488; x_wconf 90' lang='lat' dir='ltr'><strong>quo</strong></span> <span class='ocrx_word' id='word_1_791' title='bbox 1328 5418 1416 5474; x_wconf 89' lang='lat' dir='ltr'><strong>hic</strong></span> <span class='ocrx_word' id='word_1_792' title='bbox 1458 5419 1746 5475; x_wconf 67' lang='lat' dir='ltr'><strong>haereticus</strong></span> <span class='ocrx_word' id='word_1_793' title='bbox 1790 5422 1940 5477; x_wconf 80' lang='lat' dir='ltr'><strong>livet.</strong></span> 
     </span>
    </p>
   </div>
   <div class='ocr_carea' id='block_1_103' title="bbox 369 5512 1943 5587">
    <p class='ocr_par' dir='ltr' id='par_1_103' title="bbox 369 5512 1943 5587">
     <span class='ocr_line' id='line_1_103' title="bbox 369 5512 1943 5587; baseline 0.002 -16"><span class='ocrx_word' id='word_1_794' title='bbox 369 5514 708 5572; x_wconf 81' lang='lat' dir='ltr'><strong>l’arricidalis</strong></span> <span class='ocrx_word' id='word_1_795' title='bbox 740 5512 952 5585; x_wconf 89' lang='lat' dir='ltr'><strong>quidem</strong></span> <span class='ocrx_word' id='word_1_796' title='bbox 982 5513 1088 5567; x_wconf 92' lang='lat' dir='ltr'><strong>illic</strong></span> <span class='ocrx_word' id='word_1_797' title='bbox 1113 5512 1211 5567; x_wconf 86' lang='lat' dir='ltr'><strong>luit</strong></span> <span class='ocrx_word' id='word_1_798' title='bbox 1254 5512 1306 5567; x_wconf 90' lang='lat' dir='ltr'><strong>in</strong></span> <span class='ocrx_word' id='word_1_799' title='bbox 1340 5512 1622 5569; x_wconf 89' lang='lat' dir='ltr'><strong>Dominum</strong></span> <span class='ocrx_word' id='word_1_800' title='bbox 1651 5517 1774 5572; x_wconf 71' lang='grc' dir='ltr'><strong>εωιί</strong></span> <span class='ocrx_word' id='word_1_801' title='bbox 1806 5518 1943 5587; x_wconf 88' lang='lat' dir='ltr'><strong>lapi-</strong></span> 
     </span>
    </p>
   </div>
   <div class='ocr_carea' id='block_1_104' title="bbox 440 5621 1939 5695">
    <p class='ocr_par' dir='ltr' id='par_1_104' title="bbox 440 5621 1939 5695">
     <span class='ocr_line' id='line_1_104' title="bbox 440 5621 1939 5695; baseline 0.011 -30"><span class='ocrx_word' id='word_1_802' title='bbox 440 5636 465 5665; x_wconf 78' lang='grc' dir='ltr'>ι</span> <span class='ocrx_word' id='word_1_803' title='bbox 490 5627 637 5680; x_wconf 67' lang='lat' dir='ltr'><strong>nunc</strong></span> <span class='ocrx_word' id='word_1_804' title='bbox 663 5627 838 5681; x_wconf 65' lang='lat' dir='ltr'><strong>locum</strong></span> <span class='ocrx_word' id='word_1_805' title='bbox 864 5621 1070 5695; x_wconf 53' lang='lat' dir='ltr'><strong>profert</strong></span> <span class='ocrx_word' id='word_1_806' title='bbox 1113 5622 1423 5695; x_wconf 85' lang='lat' dir='ltr'><strong>Agobardus</strong></span> <span class='ocrx_word' id='word_1_807' title='bbox 1441 5623 1724 5695; x_wconf 74' lang='lat' dir='ltr'><strong>adversum</strong></span> <span class='ocrx_word' id='word_1_808' title='bbox 1748 5626 1939 5695; x_wconf 79' lang='lat' dir='ltr'><strong>dogma</strong></span> 
     </span>
    </p>
   </div>
   <div class='ocr_carea' id='block_1_105' title="bbox 372 5692 1937 5761">
    <p class='ocr_par' dir='ltr' id='par_1_105' title="bbox 372 5692 1937 5761">
     <span class='ocr_line' id='line_1_105' title="bbox 372 5692 1937 5761; baseline -0.001 -7"><span class='ocrx_word' id='word_1_809' title='bbox 372 5697 562 5754; x_wconf 76' lang='lat' dir='ltr'><strong>Felicis</strong></span> <span class='ocrx_word' id='word_1_810' title='bbox 595 5697 694 5751; x_wconf 85' lang='lat' dir='ltr'><strong>sub</strong></span> <span class='ocrx_word' id='word_1_811' title='bbox 722 5692 904 5752; x_wconf 80' lang='lat' dir='ltr'><strong>linem.</strong></span> <span class='ocrx_word' id='word_1_812' title='bbox 939 5692 1121 5750; x_wconf 71' lang='lat' dir='ltr'><strong>Beatus</strong></span> <span class='ocrx_word' id='word_1_813' title='bbox 1148 5707 1347 5761; x_wconf 78' lang='lat' dir='ltr'><strong>quoque</strong></span> <span class='ocrx_word' id='word_1_814' title='bbox 1373 5694 1567 5760; x_wconf 74' lang='lat' dir='ltr'><strong>Avitus,</strong></span> <span class='ocrx_word' id='word_1_815' title='bbox 1595 5692 1937 5752; x_wconf 81' lang='lat' dir='ltr'><strong>Photininno-</strong></span> 
     </span>
    </p>
   </div>
   <div class='ocr_carea' id='block_1_106' title="bbox 2066 4590 3648 4668">
    <p class='ocr_par' dir='ltr' id='par_1_106' title="bbox 2066 4590 3648 4668">
     <span class='ocr_line' id='line_1_106' title="bbox 2066 4590 3648 4668; baseline -0.006 -16"><span class='ocrx_word' id='word_1_816' title='bbox 2066 4615 2099 4652; x_wconf 89' lang='lat' dir='ltr'><strong>a</strong></span> <span class='ocrx_word' id='word_1_817' title='bbox 2123 4614 2221 4665; x_wconf 87' lang='lat' dir='ltr'><strong>me,</strong></span> <span class='ocrx_word' id='word_1_818' title='bbox 2252 4599 2374 4668; x_wconf 91' lang='lat' dir='ltr'><strong>quia</strong></span> <span class='ocrx_word' id='word_1_819' title='bbox 2396 4599 2531 4652; x_wconf 84' lang='lat' dir='ltr'><strong>mitis</strong></span> <span class='ocrx_word' id='word_1_820' title='bbox 2561 4612 2673 4652; x_wconf 89' lang='lat' dir='ltr'><strong>sum</strong></span> <span class='ocrx_word' id='word_1_821' title='bbox 2691 4606 2739 4651; x_wconf 88' lang='lat' dir='ltr'><strong>et</strong></span> <span class='ocrx_word' id='word_1_822' title='bbox 2764 4595 2974 4649; x_wconf 80' lang='lat' dir='ltr'><strong>humilis</strong></span> <span class='ocrx_word' id='word_1_823' title='bbox 2998 4596 3155 4648; x_wconf 89' lang='lat' dir='ltr'><strong>corde</strong></span> <span class='ocrx_word' id='word_1_824' title='bbox 3184 4592 3398 4663; x_wconf 77' lang='lat' dir='ltr'><strong>(Matth.</strong></span> <span class='ocrx_word' id='word_1_825' title='bbox 3429 4608 3503 4656; x_wconf 86' lang='lat' dir='ltr'><strong>xt,</strong></span> <span class='ocrx_word' id='word_1_826' title='bbox 3526 4590 3648 4659; x_wconf 72' lang='lat'><strong>29).</strong></span> 
     </span>
    </p>
   </div>
   <div class='ocr_carea' id='block_1_107' title="bbox 2059 4681 3654 4758">
    <p class='ocr_par' dir='ltr' id='par_1_107' title="bbox 2059 4681 3654 4758">
     <span class='ocr_line' id='line_1_107' title="bbox 2059 4681 3654 4758; baseline -0.006 -14"><span class='ocrx_word' id='word_1_827' title='bbox 2059 4691 2119 4745; x_wconf 91' lang='lat' dir='ltr'><strong>In</strong></span> <span class='ocrx_word' id='word_1_828' title='bbox 2150 4689 2360 4756; x_wconf 87' lang='lat' dir='ltr'><strong>futuro,</strong></span> <span class='ocrx_word' id='word_1_829' title='bbox 2393 4688 2711 4758; x_wconf 77' lang='lat' dir='ltr'><strong>prtenoscite</strong></span> <span class='ocrx_word' id='word_1_830' title='bbox 2750 4686 2872 4757; x_wconf 91' lang='lat' dir='ltr'><strong>quia</strong></span> <span class='ocrx_word' id='word_1_831' title='bbox 2912 4686 3086 4739; x_wconf 84' lang='lat' dir='ltr'><strong>celsus</strong></span> <span class='ocrx_word' id='word_1_832' title='bbox 3122 4693 3178 4739; x_wconf 90' lang='lat' dir='ltr'><strong>et</strong></span> <span class='ocrx_word' id='word_1_833' title='bbox 3208 4682 3459 4738; x_wconf 85' lang='lat' dir='ltr'><strong>terribilis</strong></span> <span class='ocrx_word' id='word_1_834' title='bbox 3484 4681 3616 4735; x_wconf 87' lang='lat' dir='ltr'><strong>clari</strong></span> <span class='ocrx_word' id='word_1_835' title='bbox 3644 4708 3654 4724; x_wconf 76' lang='grc' dir='ltr'><strong>ι</strong></span> 
     </span>
    </p>
   </div>
   <div class='ocr_carea' id='block_1_108' title="bbox 2058 4775 3649 4850">
    <p class='ocr_par' dir='ltr' id='par_1_108' title="bbox 2058 4775 3649 4850">
     <span class='ocr_line' id='line_1_108' title="bbox 2058 4775 3649 4850; baseline -0.004 -14"><span class='ocrx_word' id='word_1_836' title='bbox 2058 4789 2168 4837; x_wconf 85' lang='lat' dir='ltr'><strong>tate</strong></span> <span class='ocrx_word' id='word_1_837' title='bbox 2212 4782 2268 4835; x_wconf 92' lang='lat' dir='ltr'><strong>in</strong></span> <span class='ocrx_word' id='word_1_838' title='bbox 2296 4781 2464 4850; x_wconf 89' lang='lat' dir='ltr'><strong>gloria</strong></span> <span class='ocrx_word' id='word_1_839' title='bbox 2498 4794 2593 4835; x_wconf 90' lang='lat' dir='ltr'><strong>sua</strong></span> <span class='ocrx_word' id='word_1_840' title='bbox 2644 4778 2821 4834; x_wconf 90' lang='lat' dir='ltr'><strong>veniet</strong></span> <span class='ocrx_word' id='word_1_841' title='bbox 2853 4792 2973 4832; x_wconf 93' lang='lat' dir='ltr'><strong>cum</strong></span> <span class='ocrx_word' id='word_1_842' title='bbox 3022 4775 3227 4846; x_wconf 84' lang='lat' dir='ltr'><strong>angelis</strong></span> <span class='ocrx_word' id='word_1_843' title='bbox 3274 4775 3473 4830; x_wconf 86' lang='lat' dir='ltr'><strong>sanctis</strong></span> <span class='ocrx_word' id='word_1_844' title='bbox 3509 4775 3649 4829; x_wconf 90' lang='lat' dir='ltr'><strong>suis.</strong></span> 
     </span>
    </p>
   </div>
   <div class='ocr_carea' id='block_1_109' title="bbox 2058 4866 3652 4935">
    <p class='ocr_par' dir='ltr' id='par_1_109' title="bbox 2058 4866 3652 4935">
     <span class='ocr_line' id='line_1_109' title="bbox 2058 4866 3652 4935; baseline -0.004 -9"><span class='ocrx_word' id='word_1_845' title='bbox 2058 4872 2210 4927; x_wconf 89' lang='lat' dir='ltr'><strong>Dicat</strong></span> <span class='ocrx_word' id='word_1_846' title='bbox 2245 4887 2388 4925; x_wconf 90' lang='lat' dir='ltr'><strong>nunc</strong></span> <span class='ocrx_word' id='word_1_847' title='bbox 2417 4869 2620 4925; x_wconf 89' lang='lat' dir='ltr'><strong>divisor</strong></span> <span class='ocrx_word' id='word_1_848' title='bbox 2647 4868 2957 4923; x_wconf 88' lang='lat' dir='ltr'><strong>mediatoris</strong></span> <span class='ocrx_word' id='word_1_849' title='bbox 2981 4867 3139 4929; x_wconf 90' lang='lat' dir='ltr'><strong>uniti,</strong></span> <span class='ocrx_word' id='word_1_850' title='bbox 3182 4866 3234 4921; x_wconf 92' lang='lat' dir='ltr'><strong>in</strong></span> <span class='ocrx_word' id='word_1_851' title='bbox 3267 4880 3493 4935; x_wconf 87' lang='lat' dir='ltr'><strong>corpore</strong></span> <span class='ocrx_word' id='word_1_852' title='bbox 3518 4880 3652 4919; x_wconf 90' lang='lat' dir='ltr'><strong>con-</strong></span> 
     </span>
    </p>
   </div>
   <div class='ocr_carea' id='block_1_110' title="bbox 2058 4959 3649 5031">
    <p class='ocr_par' dir='ltr' id='par_1_110' title="bbox 2058 4959 3649 5031">
     <span class='ocr_line' id='line_1_110' title="bbox 2058 4959 3649 5031; baseline -0.004 -11"><span class='ocrx_word' id='word_1_853' title='bbox 2058 4965 2290 5020; x_wconf 89' lang='lat' dir='ltr'><strong>tumeliis</strong></span> <span class='ocrx_word' id='word_1_854' title='bbox 2320 4965 2576 5021; x_wconf 85' lang='lat' dir='ltr'><strong>inclinato</strong></span> <span class='ocrx_word' id='word_1_855' title='bbox 2604 4962 2745 5017; x_wconf 90' lang='lat' dir='ltr'><strong>unde</strong></span> <span class='ocrx_word' id='word_1_856' title='bbox 2795 4962 2866 5017; x_wconf 90' lang='lat' dir='ltr'><strong>sit</strong></span> <span class='ocrx_word' id='word_1_857' title='bbox 2905 4974 3238 5031; x_wconf 74' lang='lat' dir='ltr'><strong>quazcunque</strong></span> <span class='ocrx_word' id='word_1_858' title='bbox 3279 4960 3557 5027; x_wconf 89' lang='lat' dir='ltr'><strong>maiestas,</strong></span> <span class='ocrx_word' id='word_1_859' title='bbox 3599 4959 3649 5013; x_wconf 87' lang='lat' dir='ltr'><strong>si</strong></span> 
     </span>
    </p>
   </div>
   <div class='ocr_carea' id='block_1_111' title="bbox 2056 5051 3650 5122">
    <p class='ocr_par' dir='ltr' id='par_1_111' title="bbox 2056 5051 3650 5122">
     <span class='ocr_line' id='line_1_111' title="bbox 2056 5051 3650 5122; baseline -0.006 -9"><span class='ocrx_word' id='word_1_860' title='bbox 2056 5072 2163 5113; x_wconf 93' lang='lat' dir='ltr'><strong>non</strong></span> <span class='ocrx_word' id='word_1_861' title='bbox 2189 5066 2272 5112; x_wconf 89' lang='lat' dir='ltr'><strong>est</strong></span> <span class='ocrx_word' id='word_1_862' title='bbox 2315 5057 2422 5111; x_wconf 88' lang='lat' dir='ltr'><strong>ulla</strong></span> <span class='ocrx_word' id='word_1_863' title='bbox 2461 5054 2754 5109; x_wconf 89' lang='lat' dir='ltr'><strong>divinitas:</strong></span> <span class='ocrx_word' id='word_1_864' title='bbox 2787 5061 2845 5107; x_wconf 92' lang='lat' dir='ltr'><strong>ut</strong></span> <span class='ocrx_word' id='word_1_865' title='bbox 2878 5063 3081 5107; x_wconf 88' lang='lat' dir='ltr'><strong>taceam</strong></span> <span class='ocrx_word' id='word_1_866' title='bbox 3113 5051 3253 5122; x_wconf 93' lang='lat' dir='ltr'><strong>quod</strong></span> <span class='ocrx_word' id='word_1_867' title='bbox 3284 5067 3311 5104; x_wconf 92' lang='lat' dir='ltr'><strong>a</strong></span> <span class='ocrx_word' id='word_1_868' title='bbox 3356 5051 3519 5117; x_wconf 86' lang='lat' dir='ltr'><strong>Patre</strong></span> <span class='ocrx_word' id='word_1_869' title='bbox 3550 5064 3650 5105; x_wconf 88' lang='lat' dir='ltr'><strong>seu</strong></span> 
     </span>
    </p>
   </div>
   <div class='ocr_carea' id='block_1_112' title="bbox 2057 5144 3651 5221">
    <p class='ocr_par' dir='ltr' id='par_1_112' title="bbox 2057 5144 3651 5221">
     <span class='ocr_line' id='line_1_112' title="bbox 2057 5144 3651 5221; baseline -0.006 -15"><span class='ocrx_word' id='word_1_870' title='bbox 2057 5152 2237 5221; x_wconf 84' lang='lat' dir='ltr'><strong>regnis</strong></span> <span class='ocrx_word' id='word_1_871' title='bbox 2267 5165 2362 5205; x_wconf 91' lang='lat' dir='ltr'><strong>seu</strong></span> <span class='ocrx_word' id='word_1_872' title='bbox 2390 5148 2637 5220; x_wconf 75' lang='lat' dir='ltr'><strong>gentibus</strong></span> <span class='ocrx_word' id='word_1_873' title='bbox 2667 5164 2763 5217; x_wconf 90' lang='lat' dir='ltr'><strong>per</strong></span> <span class='ocrx_word' id='word_1_874' title='bbox 2804 5147 3140 5216; x_wconf 91' lang='lat' dir='ltr'><strong>singulorum</strong></span> <span class='ocrx_word' id='word_1_875' title='bbox 3192 5145 3383 5199; x_wconf 87' lang='lat' dir='ltr'><strong>merita</strong></span> <span class='ocrx_word' id='word_1_876' title='bbox 3412 5144 3651 5199; x_wconf 79' lang='lat' dir='ltr'><strong>destina-</strong></span> 
     </span>
    </p>
   </div>
   <div class='ocr_carea' id='block_1_113' title="bbox 2058 5237 3651 5317">
    <p class='ocr_par' dir='ltr' id='par_1_113' title="bbox 2058 5237 3651 5317">
     <span class='ocr_line' id='line_1_113' title="bbox 2058 5237 3651 5317; baseline -0.005 -19"><span class='ocrx_word' id='word_1_877' title='bbox 2058 5252 2166 5298; x_wconf 90' lang='lat' dir='ltr'><strong>tur.</strong></span> <span class='ocrx_word' id='word_1_878' title='bbox 2198 5241 2616 5298; x_wconf 81' lang='lat' dir='ltr'><strong>Formidabilius</strong></span> <span class='ocrx_word' id='word_1_879' title='bbox 2645 5240 2815 5317; x_wconf 87' lang='lat' dir='ltr'><strong>videri</strong></span> <span class='ocrx_word' id='word_1_880' title='bbox 2865 5248 3060 5309; x_wconf 89' lang='lat' dir='ltr'><strong>potest,</strong></span> <span class='ocrx_word' id='word_1_881' title='bbox 3107 5237 3380 5291; x_wconf 90' lang='lat' dir='ltr'><strong>hominem</strong></span> <span class='ocrx_word' id='word_1_882' title='bbox 3413 5237 3651 5292; x_wconf 86' lang='lat' dir='ltr'><strong>retribu-</strong></span> 
     </span>
    </p>
   </div>
   <div class='ocr_carea' id='block_1_114' title="bbox 2059 5330 3649 5405">
    <p class='ocr_par' dir='ltr' id='par_1_114' title="bbox 2059 5330 3649 5405">
     <span class='ocr_line' id='line_1_114' title="bbox 2059 5330 3649 5405; baseline -0.005 -14"><span class='ocrx_word' id='word_1_883' title='bbox 2059 5339 2233 5392; x_wconf 90' lang='lat' dir='ltr'><strong>tiones</strong></span> <span class='ocrx_word' id='word_1_884' title='bbox 2278 5350 2543 5405; x_wconf 90' lang='lat' dir='ltr'><strong>congruas</strong></span> <span class='ocrx_word' id='word_1_885' title='bbox 2574 5333 2869 5403; x_wconf 86' lang='lat' dir='ltr'><strong>iudicando</strong></span> <span class='ocrx_word' id='word_1_886' title='bbox 2898 5332 3215 5396; x_wconf 86' lang='lat' dir='ltr'><strong>decernere,</strong></span> <span class='ocrx_word' id='word_1_887' title='bbox 3268 5344 3428 5400; x_wconf 89' lang='lat' dir='ltr'><strong>quam</strong></span> <span class='ocrx_word' id='word_1_888' title='bbox 3475 5330 3649 5383; x_wconf 87' lang='lat' dir='ltr'><strong>Deum</strong></span> 
     </span>
    </p>
   </div>
   <div class='ocr_carea' id='block_1_115' title="bbox 2058 5420 3651 5491">
    <p class='ocr_par' dir='ltr' id='par_1_115' title="bbox 2058 5420 3651 5491">
     <span class='ocr_line' id='line_1_115' title="bbox 2058 5420 3651 5491; baseline -0.006 -8"><span class='ocrx_word' id='word_1_889' title='bbox 2058 5429 2271 5483; x_wconf 80' lang='lat' dir='ltr'><strong>Patrem</strong></span> <span class='ocrx_word' id='word_1_890' title='bbox 2293 5428 2489 5483; x_wconf 89' lang='lat' dir='ltr'><strong>sentiat</strong></span> <span class='ocrx_word' id='word_1_891' title='bbox 2507 5426 2644 5481; x_wconf 85' lang='lat' dir='ltr'><strong>Filio</strong></span> <span class='ocrx_word' id='word_1_892' title='bbox 2670 5424 2903 5479; x_wconf 89' lang='lat' dir='ltr'><strong>hominis</strong></span> <span class='ocrx_word' id='word_1_893' title='bbox 2922 5425 3277 5477; x_wconf 88' lang='lat' dir='ltr'><strong>instrumenta</strong></span> <span class='ocrx_word' id='word_1_894' title='bbox 3300 5420 3486 5491; x_wconf 85' lang='lat' dir='ltr'><strong>iudicii</strong></span> <span class='ocrx_word' id='word_1_895' title='bbox 3512 5435 3651 5489; x_wconf 69' lang='lat' dir='ltr'><strong>pra:-</strong></span> 
     </span>
    </p>
   </div>
   <div class='ocr_carea' id='block_1_116' title="bbox 2058 5513 3650 5590">
    <p class='ocr_par' dir='ltr' id='par_1_116' title="bbox 2058 5513 3650 5590">
     <span class='ocr_line' id='line_1_116' title="bbox 2058 5513 3650 5590; baseline -0.006 -16"><span class='ocrx_word' id='word_1_896' title='bbox 2058 5534 2291 5590; x_wconf 86' lang='lat' dir='ltr'><strong>parasse.</strong></span> <span class='ocrx_word' id='word_1_897' title='bbox 2331 5516 2501 5572; x_wconf 86' lang='lat' dir='ltr'><strong>Filius</strong></span> <span class='ocrx_word' id='word_1_898' title='bbox 2523 5518 2657 5572; x_wconf 86' lang='lat' dir='ltr'><strong>enim</strong></span> <span class='ocrx_word' id='word_1_899' title='bbox 2680 5516 2900 5569; x_wconf 86' lang='lat' dir='ltr'><strong>hominis</strong></span> <span class='ocrx_word' id='word_1_900' title='bbox 2931 5523 3175 5569; x_wconf 81' lang='lat' dir='ltr'><strong>venturus</strong></span> <span class='ocrx_word' id='word_1_901' title='bbox 3202 5524 3274 5567; x_wconf 88' lang='lat' dir='ltr'><strong>est</strong></span> <span class='ocrx_word' id='word_1_902' title='bbox 3299 5513 3350 5566; x_wconf 88' lang='lat' dir='ltr'><strong>in</strong></span> <span class='ocrx_word' id='word_1_903' title='bbox 3378 5513 3650 5572; x_wconf 82' lang='lat' dir='ltr'><strong>maiestate</strong></span> 
     </span>
    </p>
   </div>
   <div class='ocr_carea' id='block_1_117' title="bbox 2047 5627 3648 5695">
    <p class='ocr_par' dir='ltr' id='par_1_117' title="bbox 2047 5627 3648 5695">
     <span class='ocr_line' id='line_1_117' title="bbox 2047 5627 3648 5695; baseline -0.003 -13"><span class='ocrx_word' id='word_1_904' title='bbox 2047 5646 2163 5682; x_wconf 82' lang='lat' dir='ltr'><strong>rum</strong></span> <span class='ocrx_word' id='word_1_905' title='bbox 2217 5629 2572 5683; x_wconf 69' lang='lat' dir='ltr'><strong>haereticorum</strong></span> <span class='ocrx_word' id='word_1_906' title='bbox 2633 5627 2981 5680; x_wconf 82' lang='lat' dir='ltr'><strong>validissimus</strong></span> <span class='ocrx_word' id='word_1_907' title='bbox 3031 5633 3376 5695; x_wconf 71' lang='lat' dir='ltr'><strong>expugnator,</strong></span> <span class='ocrx_word' id='word_1_908' title='bbox 3440 5632 3648 5693; x_wconf 69' lang='lat' dir='ltr'><strong>scripsit</strong></span> 
     </span>
    </p>
   </div>
   <div class='ocr_carea' id='block_1_118' title="bbox 2044 5696 3351 5757">
    <p class='ocr_par' dir='ltr' id='par_1_118' title="bbox 2044 5696 3351 5757">
     <span class='ocr_line' id='line_1_118' title="bbox 2044 5696 3351 5757; baseline -0.005 -4"><span class='ocrx_word' id='word_1_909' title='bbox 2044 5701 2216 5755; x_wconf 84' lang='lat' dir='ltr'><strong>dicens</strong></span> <span class='ocrx_word' id='word_1_910' title='bbox 2242 5716 2259 5755; x_wconf 90' lang='lat'><strong><em>:</em></strong></span> <span class='ocrx_word' id='word_1_911' title='bbox 2282 5700 2435 5757; x_wconf 84' lang='lat' dir='ltr'><strong>Certe</strong></span> <span class='ocrx_word' id='word_1_912' title='bbox 2464 5696 3022 5755; x_wconf 80' lang='lat' dir='ltr'><strong>circumfrementibus</strong></span> <span class='ocrx_word' id='word_1_913' title='bbox 3052 5696 3219 5751; x_wconf 73' lang='lat' dir='ltr'><strong>.ludac.</strong></span> <span class='ocrx_word' id='word_1_914' title='bbox 3257 5704 3351 5752; x_wconf 82' lang='lat' dir='ltr'><strong>etc.</strong></span> 
     </span>
    </p>
   </div>
  </div>
