4046 6170
335 332 429 387 ευθ
1721 323 1925 381 Ειηετι

2029 326 2057 382 A
2096 324 2183 383 Ill.

3494 339 3601 395 ero

337 452 502 506 Putris
532 451 612 506 sui
633 467 750 506 eum
773 448 969 521 angelis
995 447 1100 503 suis
1124 447 1331 510 sanctis,
1356 454 1405 502 et
1433 454 1553 501 tunc
1581 444 1758 498 reddet
1789 443 1904 497 uni-
1939 446 1993 506 Α
2020 448 2387 504 tantummodo
2410 450 2582 519 fieret,
2612 450 2818 508 facilius
2846 466 3000 525 caput
3038 464 3278 525 tangeret
3304 458 3580 528 adjuratus

334 549 507 617 cuique
528 546 807 601 secundant
828 560 985 614 Opera
1019 559 1113 596 sua
1142 541 1359 612 (Matth.
1391 555 1502 605 xw,
1531 540 1649 608 27).
1683 538 1798 592 Non
1830 536 1911 591 di-

335 643 424 705 xit,
468 656 591 695 eum
619 638 794 694 Patris
850 636 1054 706 angelis
1086 636 1284 699 veniet,
1316 633 1409 688 sed
1454 648 1574 687 cum
1603 632 1715 687 suis
1749 646 1763 682 :
1794 630 1916 699 quia

332 745 661 801 quascunque
682 730 844 784 habet
866 729 1044 793 Pater,
1073 738 1125 781 et
1152 741 1248 780 sua
1272 734 1415 779 sunt.
1446 723 1597 780 Unde
1622 738 1742 778 cum
1776 721 1917 777 filius

333 825 515 878 matris
555 822 775 893 recipiat
822 824 875 875 in
913 820 1228 875 celsitudine
1253 817 1394 887 quod
1428 816 1593 886 patris
1626 814 1768 869 filius
1787 828 1917 867 con-

333 924 562 983 temptus
586 922 671 968 est
697 914 749 967 in
775 912 1109 966 humilitate:
1136 910 1256 979 quis
1282 923 1517 978 unquam
1540 906 1613 961 sit
1631 904 1917 959 hmreticus

334 1017 435 1060 tam
477 1005 699 1061 rebellis
739 1004 830 1074 qui
862 1004 1049 1069 Deum,
1093 1002 1176 1055 cui
1211 998 1565 1053 immortalem
1607 996 1915 1065 angelorum

334 1099 684 1154 substantiam
713 1097 859 1151 videt
909 1094 1123 1162 subjici,
1166 1093 1283 1162 ipse
1322 1092 1564 1146 mortalis
1608 1092 1659 1145 in
1691 1099 1916 1144 mortem

336 1203 579 1246 mortuus
609 1190 776 1243 nollet
804 1185 1038 1241 inflecti?
1062 1184 1200 1239 Dixit
1234 1182 1463 1252 quodam
1498 1180 1771 1251 Evangelii
1796 1181 1918 1235 loco

336 1281 488 1351 (Luc.
524 1296 633 1346 xvi,
687 1278 778 1350 5|)
811 1277 1079 1332 Abraham
1131 1275 1224 1329 ille
1272 1274 1428 1341 cujus
1481 1288 1642 1341 supra
1692 1271 1918 1326 fecimus

335 1375 690 1439 mentionem,
741 1386 863 1425 cum
894 1384 925 1423 a
966 1367 1199 1440 quodam
1233 1383 1330 1437 pro
1360 1366 1600 1421 remedio
1643 1366 1919 1421 aestuantis

336 1464 565 1521 incendii
595 1464 765 1519 cassis
807 1477 930 1517 sero
962 1460 1209 1531 precibus
1235 1468 1500 1526 oraretur,
1548 1458 1687 1529 quod
1729 1458 1773 1513 si
1800 1458 1920 1527 quis

335 1556 573 1627 Moysem
597 1555 684 1609 vel
714 1552 1000 1623 prophetas
1024 1549 1290 1606 noluisset
1313 1549 1579 1618 recipere,
1611 1549 1797 1620 utique
1819 1564 1920 1604 nec

334 1650 641 1703 venientem
683 1660 712 1698 a
754 1644 980 1699 mortuis
1012 1643 1218 1697 audire.
1248 1641 1379 1709 Quis
1408 1649 1492 1696 est
1512 1649 1692 1696 autem
1720 1640 1920 1710 pracdi-

335 1747 483 1794 eitor
512 1754 580 1792 ex
612 1735 839 1790 mortuis
886 1734 1191 1799 suscitatus,
1237 1731 1341 1787 nisi
1367 1731 1611 1786 Christus
1649 1733 1827 1799 Jesus,
1863 1734 1919 1787 in

335 1830 487 1900 cujus
512 1828 781 1898 duplicem
813 1842 973 1896 quam
1004 1827 1274 1896 loquimur
1303 1826 1657 1881 substantiam
1686 1826 1918 1896 duplicis
1952 1822 1996 1882 Β

335 1920 669 1977 Testamenti
716 1919 892 1973 unitas
932 1933 998 1974 ex
1032 1916 1343 1974 diversitate
1391 1916 1690 1987 colligitur?
1722 1917 1797 1971 Ea
1850 1917 1923 1972 si-

335 2014 557 2084 quidem
587 2011 895 2066 referuntur
923 2009 975 2063 in
998 2009 1308 2080 Evangeliis
1337 2024 1457 2079 quae
1484 2009 1771 2079 praedicata
1798 2020 1924 2065 sunt

336 2105 384 2159 in
415 2106 721 2175 prophetis,
755 2112 811 2157 et
836 2101 892 2157 fit
914 2117 981 2157 ex
1011 2102 1213 2156 viribus
1237 2100 1585 2165 Testamenti,
1610 2115 1715 2155 non
1748 2100 1926 2155 diver-

339 2196 523 2263 sitate,
557 2194 654 2250 sed
683 2202 943 2264 tempore.
974 2193 1179 2248 Recens
1208 2193 1405 2262 quippe
1431 2191 1573 2261 quod
1602 2190 1762 2246 hodie
1785 2206 1926 2246 com-

338 2288 517 2357 pietur
540 2305 552 2340 :
579 2286 724 2357 quod
752 2296 929 2340 autem
951 2284 1044 2340 diu
1070 2284 1482 2355 exspectabatur
1500 2282 1793 2353 Antiquum
1819 2293 1922 2338 est.

334 2382 470 2436 Nam
504 2383 628 2451 quia
654 2380 721 2435 de
751 2379 1019 2435 Abraham
1044 2379 1415 2448 opportunitas
1445 2379 1713 2433 sermonis
1736 2388 1923 2434 exorta

338 2485 449 2543 est,
481 2475 573 2545 qui
610 2483 803 2530 auctor
827 2478 1104 2544 utriusque
1134 2474 1462 2529 Testamenti
1495 2473 1688 2543 legitur
1710 2474 1924 2529 institu-

336 2577 446 2630 tus,
464 2566 673 2622 Vetuin
697 2566 836 2642 [Alia
855 2566 1025 2631 lectio,
1041 2563 1273 2636 Veteris]
1298 2564 1504 2620 scilicet
1525 2564 1927 2620 intromittendo

338 2662 835 2729 circumcisionem,
869 2661 1003 2717 Novi
1045 2676 1176 2717 vero
1205 2661 1466 2732 placendo
1514 2677 1611 2732 per
1650 2662 1834 2732 fidem,
1872 2664 1927 2719 in

336 2751 431 2805 illo
450 2751 765 2806 Judzeorum
790 2752 1183 2817 tantummodo,
1214 2752 1267 2807 in
1301 2753 1407 2808 isto
1436 2760 1613 2807 autem
1641 2754 1926 2809 multarum

337 2844 581 2912 gentium
636 2853 788 2915 pater
831 2862 845 2897 :
890 2846 1232 2912 experiamur
1275 2854 1453 2901 utrum
1507 2847 1810 2916 Evangeliis
1860 2848 1927 2905 de

338 2934 541 2989 Christi
568 2936 915 3005 generatione
942 2936 1236 2991 concordet
1266 2938 1315 2991 in
1347 2952 1453 3007 quo
1481 2952 1541 2992 se
1568 2947 1772 3008 patrem
1794 2955 1929 3010 gen-

340 3028 469 3082 tium
500 3038 875 3098 recognoscat,
909 3045 975 3085 an
1009 3031 1364 3086 :cternitatem
1397 3032 1552 3101 hujus
1575 3031 1743 3102 ipsius
1768 3037 1929 3091 sobo-

337 3118 401 3172 lis
422 3135 587 3189 quam
606 3128 722 3175 erat
742 3120 1041 3190 geniturus,
1071 3120 1351 3192 intelligat.
1375 3122 1561 3178 Utrum
1582 3138 1639 3179 se
1654 3124 1922 3193 juniorem

350 3187 551 3280 nepote
590 3187 881 3281 cognoscat
906 3227 919 3265 :
952 3187 1268 3266 utrumnam
1291 3187 1671 3282 redemptori;
1695 3216 1839 3286 quod
1867 3234 1925 3274 se
1953 3187 1999 3250 α

337 3311 463 3357 ante
491 3302 767 3357 Abraham
795 3305 963 3373 ponit,
991 3314 1043 3359 et
1076 3304 1191 3374 ipse
1212 3308 1515 3360 consentiat
1545 3321 1561 3361 :
1596 3316 1771 3363 utrum
1810 3311 1928 3366 sine

340 3394 631 3463 supercilio
662 3396 952 3463 parentali,
986 3404 1295 3451 reverenter
1323 3397 1658 3466 impenderet
1682 3400 1924 3456 ministe-

342 3484 481 3539 rium
536 3486 743 3541 semine
785 3486 1049 3555 corporali
1092 3497 1279 3542 exorto
1318 3490 1571 3544 creatori.
1616 3489 1820 3546 luserat
1869 3507 1929 3549 se

340 3580 616 3649 paulisper
658 3580 776 3634 loco
826 3580 1079 3648 praesenti
1129 3579 1215 3633 ille
1263 3580 1584 3647 obtestatio,
1640 3582 1928 3651 juramenti

338 3672 496 3725 ﬁdvm
527 3686 778 3740 poscens,
809 3670 904 3726 sed
932 3684 1266 3727 Sacramenta
1308 3672 1652 3741 patefaciens,
1679 3690 1782 3744 qua
1816 3677 1925 3731 dis-

339 3776 682 3830 pensatorem
733 3763 924 3817 domus
962 3778 1073 3817 sum
1116 3778 1223 3817 non
1270 3763 1387 3818 sine
1438 3766 1692 3833 mysterio
1740 3768 1924 3835 gratia:

336 3856 716 3924 subsequentis
764 3855 1041 3923 adjurans,
1076 3854 1248 3919 Pone,
1283 3855 1473 3925 inquit,
1527 3874 1739 3910 mamtm
1781 3868 1923 3913 tuam

337 3948 427 3997 sub
452 3949 646 4015 femore
675 3960 805 4009 meo,
838 3954 883 3997 et
903 3947 1030 4016 jura
1059 3944 1181 3998 mihi
1221 3962 1313 4012 per
1342 3945 1617 3999 Dominum
1647 3948 1760 4001 ειειί
1785 3951 1923 4017 quod

337 4052 438 4087 non
494 4037 719 4104 accipias
770 4050 983 4088 uxorem
1034 4035 1145 4103 ﬁlio
1195 4050 1303 4087 meo
1352 4034 1414 4089 de
1459 4036 1666 4105 ﬁliabus
1695 4036 1922 4093 Cannam

338 4126 490 4194 (Gen.
522 4142 667 4189 xxiv,
700 4126 779 4194 2).
818 4125 965 4179 Dicat
993 4124 1123 4178 mihi
1144 4165 1159 4191 ,
1193 4140 1398 4194 quaeso,
1430 4142 1548 4195 qua:
1573 4126 1923 4197 jurisjurandi

337 4217 639 4272 reverentia
690 4226 903 4287 putetur
932 4217 985 4271 in
1026 4216 1253 4272 femore.
1293 4217 1446 4283 Quod
1476 4218 1523 4273 si
1566 4222 1921 4290 personaliter

406 4382 433 4409 ι
464 4371 663 4425 Primis
692 4370 780 4424 hic
810 4370 966 4423 annis
985 4384 1177 4438 sapere
1204 4370 1349 4425 visus
1378 4380 1484 4434 est,
1507 4380 1560 4425 et
1587 4388 1683 4440 pro
1715 4375 1922 4440 synodo

336 4442 765 4496 Chalcedonensi
791 4440 1068 4495 decertare
1089 4449 1275 4495 contra
1307 4441 1690 4510 Eutyehianos.
1716 4440 1925 4500 Mutato

340 4523 521 4575 postea
553 4512 809 4573 consilio,
843 4525 1001 4580 quam
1031 4527 1219 4580 graves
1249 4512 1300 4564 in
1334 4511 1574 4565 Ecclesia
1607 4514 1797 4569 turbas
1828 4531 1925 4569 ex-

2021 540 2128 594 Aut
2170 556 2289 609 quze
2335 556 2494 597 causa
2541 544 2777 611 femoris,
2813 546 3124 615 interposita
3156 548 3248 604 Dei
3281 565 3344 606 ac
3391 552 3600 607 Domini

2021 631 2295 688 mentione
2317 633 2569 701 jurandi;
2615 635 2717 690 nisi
2759 638 2879 707 quia
2908 653 3005 707 per
3039 639 3184 695 illum
3216 641 3383 697 Deum
3407 657 3468 697 ac
3500 643 3605 698 Do.

2020 722 2221 776 tninum
2245 723 2367 778 caeli
2394 740 2553 795 quem
2582 725 2705 781 inde
2728 728 2925 783 saecula
2954 730 3275 786 videbantur
3304 734 3599 803 prolatura,

2015 813 2250 883 juratum
2274 816 2390 870 est?
2434 816 2547 873 Scit
2578 833 2707 889 ergo
2738 820 3011 884 nimirum,
3043 824 3128 878 cui
3181 826 3447 894 prosapiae
3493 841 3600 880 non

2021 915 2126 960 tam
2180 909 2529 977 prasemineat
2572 911 2685 979 ipse
2728 927 2888 981 quam
2937 914 3156 968 serviat.
3198 915 3367 972 Novit.
3402 919 3602 988 quippe

2020 999 2145 1068 quid
2170 1000 2222 1053 in
2254 1015 2483 1068 corpore
2508 1015 2605 1057 suo
2635 1002 2830 1057 debeat
2861 1004 3126 1060 adorare:
3153 1007 3400 1077 intelligit
3427 1024 3599 1063 mem-

2020 1090 2143 1155 bra,
2193 1108 2312 1161 quae
2356 1102 2544 1149 contra
2590 1095 2877 1151 humanam
2909 1099 3346 1155 consuetudinem
3377 1102 3598 1169 speciali

2022 1180 2228 1237 honore
2265 1193 2567 1241 veneretur.
2604 1186 2730 1241 Post
2783 1204 2899 1257 qum
2928 1190 3325 1259 prmcedentum
3382 1192 3599 1262 indicio,

2021 1275 2277 1331 miracula
2293 1278 2733 1348 subsequentnm,
2766 1281 2889 1335 licet
2912 1282 3140 1351 plurima
3166 1284 3603 1339 testimoniorum

2022 1364 2089 1421 de
2119 1364 2421 1437 Evangeliis
2444 1370 2805 1440 apostolisque
2835 1387 3162 1439 promamus,
3203 1386 3385 1431 metuo
3423 1376 3490 1430 ad
3522 1376 3607 1430 ul-

2024 1458 2233 1526 timum,
2282 1459 2425 1528 quod
2472 1475 2593 1515 cum
2642 1461 2961 1533 Eutychiani
3011 1480 3111 1520 nec
3162 1468 3603 1535 patriarchalibus

2022 1549 2197 1615 factis,
2229 1565 2327 1605 nec
2344 1550 2502 1606 dictis
2531 1552 2931 1621 prophetalibus
2955 1557 3277 1625 excitentur,
3302 1558 3345 1611 si
3369 1557 3604 1628 Moysem

2023 1649 2079 1697 et
2128 1640 2416 1711 prephetas
2447 1658 2552 1698 non
2603 1645 2901 1713 audierint,
2939 1662 3038 1703 nec
3089 1648 3137 1703 ei
3167 1648 3259 1719 qui
3285 1664 3349 1704 ex
3385 1651 3627 1705 mortuis.

2026 1748 2275 1791 reversus
2303 1744 2385 1792 est
2414 1736 2656 1793 credent.

2583 1829 2918 1887 EPISTOLA
2960 1832 3049 1889 Ill.

2116 1934 2308 1975 Ανιτυε
2346 1935 2653 1975 VIENNENSIS
2693 1938 2966 1980 EPISCOPUS
3006 1939 3178 1980 DOHNO
3214 1939 3520 1981 GUNDOBADO

2745 2008 2887 2048 REGI.

2100 2100 2234 2157 Puto
2278 2118 2419 2157 nunc
2470 2117 2574 2158 non
2630 2104 2782 2173 parvi
2829 2119 3008 2174 operm
3053 2107 3283 2176 pretium
3326 2121 3445 2163 esse
3496 2123 3607 2164 mo-

2027 2194 2234 2259 menti,
2298 2194 2345 2249 si
2402 2195 2739 2250 occasionem
2787 2212 2906 2267 qnae
2957 2199 3205 2266 praesenti
3260 2208 3503 2268 tempore
3557 2202 3609 2253 in

2027 2286 2266 2355 abruptae
2307 2286 2637 2342 diversitatis
2682 2287 3043 2343 laetabundum
3094 2290 3240 2344 virus
3264 2292 3461 2360 erupit,
3512 2307 3610 2360 pa-

2027 2376 2185 2446 gellas
2216 2377 2495 2446 praesentis
2518 2378 2790 2434 mentione
2819 2381 3150 2450 contingam.
3169 2381 3458 2447 Quieverat
3482 2397 3609 2453 ergo

2029 2479 2150 2540 post
2196 2477 2222 2507 α
2266 2470 2449 2525 Acacii
2489 2471 2755 2540 quondam
2786 2471 3363 2541 Constantinopolitani
3422 2488 3606 2528 sacer-

2029 2562 2171 2617 dotis
2220 2576 2523 2630 excessum,
2574 2563 2700 2617 mali
2729 2562 2846 2632 ejus
2895 2562 3037 2632 quod
3081 2564 3490 2634 expugnandum
3519 2579 3610 2620 su-

2029 2655 2322 2723 scepimus,
2355 2655 2624 2723 pullulans
2675 2655 2743 2709 ab
2776 2646 3075 2726 Eutychete
3114 2657 3415 2726 persuasio.
3443 2658 3610 2727 Cujus

2032 2745 2172 2801 idem
2221 2746 2480 2813 Aeacius,
2545 2753 2603 2801 ut
2657 2746 2916 2802 celsitudo
2962 2757 3138 2803 vestra
3184 2760 3361 2819 potest
3416 2751 3609 2805 trahere

2030 2848 2389 2908 compertum,
2437 2847 2646 2893 amator
2689 2840 2857 2909 magis
2894 2841 3131 2910 trepidus
3170 2857 3329 2911 quam
3378 2851 3609 2897 assertor

2030 2932 2275 3002 publicus
2297 2939 2412 2987 erat
2436 2948 2450 2986 :
2476 2931 2700 2988 laudans
2724 2933 2936 3002 quidem
2965 2949 3083 3003 quae
3109 2934 3287 2990 abillo
3310 2945 3602 3005 repererat,

2028 3028 2123 3084 sed
2150 3027 2440 3098 praedicare
2465 3042 2526 3083 ea
2574 3027 2769 3083 devoto
2810 3036 2935 3083 tunc
2972 3029 3151 3099 itaque
3191 3030 3470 3099 impollnto
3514 3046 3611 3100 po-

2030 3119 2156 3188 pulo
2188 3115 2293 3174 non
2340 3133 2690 3188 praesumens.
2734 3118 2837 3174 Pro
2871 3123 3022 3186 cujus
3067 3120 3471 3176 obumbratione
3516 3123 3611 3191 lig-

2030 3213 2194 3267 menti
2224 3211 2479 3276 simulati,
2515 3212 2583 3266 ob
2622 3211 2845 3281 gratiam
2885 3211 3225 3281 imperatoris
3272 3214 3451 3267 sreculi
3504 3215 3609 3277 sui,

2031 3317 2136 3359 non
2168 3304 2462 3371 impunitus
2505 3303 2896 3368 tantummodo,
2945 3319 3129 3358 verum
3179 3315 3234 3360 et
3280 3304 3611 3359 intiiSCllSSIIS

2034 3394 2258 3449 interiit.
2303 3395 2439 3449 Hinc
2491 3410 2550 3449 se
2581 3394 2648 3450 de
2694 3396 3052 3464 impendi-uda
3080 3396 3332 3451 defunc'o
3366 3413 3610 3451 commu-

2032 3484 2195 3538 nione
2228 3484 2278 3538 in
2318 3485 2646 3539 contrarium
2675 3486 2836 3555 vulgi,
2877 3486 3005 3555 imo,
3053 3487 3196 3557 quod
3224 3488 3463 3557 asperius
3494 3488 3611 3553 f..it,

2031 3584 2087 3631 et
2131 3575 2470 3632 sacerdotum
2540 3576 2714 3631 studia
2778 3578 3098 3635 ditiserunt.
3167 3579 3232 3635 Et
3284 3589 3340 3633 ut
3389 3580 3612 3649 qui~quu

2032 3675 2177 3723 recte
2233 3676 2325 3721 aut
2375 3681 2539 3737 prave
2588 3667 2655 3723 de
2706 3667 2827 3723 ﬁdei
2879 3672 3088 3723 ratione
3136 3681 3477 3739 conceperat,
3542 3672 3612 3727 ita

2029 3762 2190 3815 etiam
2221 3760 2289 3816 de
2328 3759 2694 3830 prmdicatoris
2726 3763 2983 3830 praeteriti
3030 3762 3285 3817 memoria
3329 3764 3611 3819 sentiebat.

2028 3854 2219 3908 Tracta
2269 3862 2352 3909 est
2394 3853 2632 3919 interim,
2690 3870 2795 3907 non
2849 3870 2943 3921 per
2986 3856 3265 3909 manifesta
3296 3856 3388 3910 sed
3418 3856 3611 3922 subita,

2028 3962 2128 4003 nec
2158 3957 2263 4000 tam
2285 3945 2628 4014 separatione
2643 3960 2801 4013 quam
2824 3945 3091 3999 simultate
3112 3944 3397 4000 d'ssitnsio.
3422 3948 3612 4001 Actum

2030 4048 2113 4094 est
2146 4037 2307 4106 igitur
2338 4034 2365 4074 δ
2414 4050 2536 4090 cum
2577 4050 2704 4105 rege
2744 4035 2978 4090 Orientis
3024 4050 3166 4089 anno
3203 4037 3501 4104 superiore,
3555 4045 3613 4091 ut

2030 4130 2155 4184 hinc
2190 4142 2312 4183 cum
2353 4127 2606 4196 episcopo
2654 4127 2801 4181 urbis
2840 4142 2952 4181 sua:
2998 4126 3149 4195 quasi
3200 4126 3305 4181 leni
3344 4128 3613 4197 colloquio

2029 4234 2081 4279 et
2103 4221 2297 4278 blanda
2313 4221 2659 4277 meditatione
2681 4221 2968 4276 conferret.
2988 4221 3083 4275 Est
3102 4229 3281 4277 autem
3306 4221 3417 4277 illic
3436 4232 3459 4262 ο
3483 4236 3613 4277 con-

2035 4374 2208 4443 pheus
2235 4373 2549 4443 episcopus,
2586 4372 2673 4441 qui
2722 4380 2778 4424 nt
2817 4371 3328 4441 Theopaschitarum
3367 4372 3610 4426 haeresim

2037 4440 2141 4514 qua
2192 4442 2489 4505 laborabat,
2539 4440 2834 4514 induceret,
2892 4440 3185 4514 clausulam
3235 4445 3372 4498 hanc
3419 4443 3613 4511 adjecit

2032 4514 2312 4583 Trisagio:
2345 4528 2447 4581 qua
2478 4513 2681 4567 scilicet
2712 4514 2819 4567 Deo
2848 4514 2989 4567 trino
3032 4513 3097 4567 ad
3139 4528 3297 4582 quem
3334 4515 3612 4582 superiora

338 4582 532 4649 citarit,
558 4585 641 4634 vel
666 4583 899 4663 occulte,
932 4581 1017 4634 vel
1059 4590 1246 4663 aperte
1277 4580 1462 4635 iisdem
1490 4581 1776 4663 adhaerens
1820 4586 1917 4639 ad-
1954 4603 2009 4663 D
2037 4580 2610 4663 spectabantgascrihi
2671 4584 2856 4663 passio
2894 4580 3196 4663 videbatur.
3249 4583 3346 4638 Cui
3388 4580 3529 4663 malo
3555 4593 3613 4636 ut

337 4668 521 4707 versus
550 4652 811 4723 synodum
852 4651 1070 4723 ejusque
1094 4650 1432 4715 defensores,
1480 4653 1757 4723 declarant
1784 4670 1919 4722 pon-

337 4722 536 4776 titicum
562 4721 823 4789 epistolae,
854 4733 961 4774 tum
979 4721 1260 4790 Simplicii,
1289 4723 1376 4790 qui
1406 4737 1525 4775 ettm
1549 4722 1617 4775 ad
1645 4721 1925 4780 melibrem

337 4803 574 4865 mentem
609 4807 871 4865 revocare
901 4802 1121 4865 conatus
1144 4802 1270 4865 est,
1320 4803 1427 4844 tum
1482 4791 1770 4865 Felicis._a
1821 4812 1926 4865 quo

338 4862 560 4916 tandem
614 4861 683 4915 ob
725 4862 1079 4930 pervicaciam
1129 4862 1414 4915 damnatus
1475 4876 1527 4915 et
1581 4861 1927 4922 anathemate

336 4947 628 4998 percussus
658 4942 757 4985 est.
806 4932 1186 5000 Episc0patum
1221 4942 1399 4985 tamen
1420 4976 1434 4999 ,
1472 4932 1681 4986 favente
1708 4935 1923 4992 Zenone

336 5006 603 5067 Augusto,
650 5002 713 5055 ad
757 5002 960 5074 o_bitum
993 5018 1162 5072 usque
1198 5003 1436 5056 retinuit.
1471 5002 1711 5057 Defuneti
1762 5021 1923 5074 porro

335 5074 515 5126 Acacii
550 5086 742 5125 nomen
775 5072 925 5127 Felix
953 5088 983 5127 e
1013 5074 1283 5142 diptychis
1336 5074 1503 5126 deleri
1547 5072 1820 5142 jnsserat:
1855 5078 1924 5133 de

335 5158 442 5208 quo
471 5145 615 5195 varia
652 5158 835 5196 rursus
884 5143 1022 5197 inter
1060 5145 1344 5211 episcOpos
1378 5143 1549 5197 studia
1597 5143 1834 5211 fuerunt,
1870 5156 1925 5201 et

334 5213 425 5284 vix
474 5212 688 5266 tandem
743 5221 800 5266 ut
856 5213 1317 5283 ConstantinOpoli
1368 5224 1766 5284 expungeretur
1824 5217 1925 5273 sub

334 5282 621 5335 liormisda
655 5284 994 5351 impetratum
1027 5295 1129 5337 est.

406 5351 435 5389 δ
467 5353 597 5405 Cum
630 5355 912 5424 Anastasio
943 5356 1271 5419 imperatore
1305 5370 1447 5409 anno
1478 5355 1678 5410 Christi
1714 5356 1842 5424 512,
1868 5367 1924 5410 ut

335 5424 622 5491 sequentia
653 5423 1118 5478 demonstrabunt.

415 5493 794 5564 ciTrisagium
847 5492 1101 5561 hymnum
1154 5494 1324 5564 prima
1371 5496 1607 5549 omnium
1664 5510 1926 5564 usurpare

332 5563 505 5628 co'pit
532 5563 821 5617 Theodosii
863 5564 1080 5617 Minoris
1119 5580 1236 5617 aevo
1283 5566 1517 5618 Ecclesia
1552 5563 1930 5619 Constantino—

338 5636 597 5708 politano,
637 5634 729 5688 sed
771 5635 887 5688 sine
918 5635 1020 5687 illis
1044 5636 1243 5698 verbis,
1265 5637 1308 5708 γὸ
1333 5638 1652 5708 σταυρῳθείς
1690 5635 1751 5690 δι’
1773 5640 1927 5706 ἡμᾶς,

332 5704 543 5760 Brimo»
571 5708 727 5774 ἡμᾶς,
752 5720 868 5771 qua:
897 5714 1027 5775 tunc,
1048 5707 1305 5773 temporis
1331 5704 1734 5775 ignorabantur.
1765 5704 1929 5759 Addi-

333 5776 502 5828 tionis
529 5773 668 5830 enim
697 5784 886 5830 auctor
910 5774 1206 5831 Antiochiae
1236 5773 1422 5847 pbstea
1450 5773 1550 5833 fuit
1573 5774 1762 5834 Petrus
1789 5777 1930 5834 Gua-

2033 4652 2339 4709 niederetur
2364 4652 2647 4719 Calendio,
2689 4653 2927 4719 Gnaphei
2961 4654 3011 4707 in
3043 4654 3289 4708 exsilium
3324 4654 3457 4721 pulsi
3494 4664 3613 4721 post

2030 4726 2233 4799 aliquot
2260 4737 2435 4799 annos
2455 4725 3019 4799 successor,clausul:c
3048 4726 3119 4778 illi
3144 4725 3399 4799 prtemisit
3423 4728 3611 4799 Χριστὲ

2032 4797 2248 4919 Euam?»
2270 4836 2284 4857 ,
2312 4792 2513 4847 Christe
2540 4810 2631 4848 rex
2653 4835 2666 4857 ,
2699 4796 3004 4863 errorisque
3034 4792 3219 4849 ansam
3249 4792 3612 4850 duobus'vcr-

2073 4869 2114 4919 Is
2147 4864 2482 4919 nmeiderat.
2532 4865 2634 4919 nisi
2678 4863 2969 4919 Gnanheus
3008 4865 3076 4918 ab
3123 4865 3313 4919 exsilio
3360 4880 3611 4919 reversus

2073 4869 2114 4921 :s
2147 4864 2482 4933 praeciderat,
2532 4865 2634 4919 nisi
2678 4863 2969 4933 Gnapheus
3008 4865 3076 4918 ab
3123 4865 3313 4920 exsilio
3360 4880 3611 4920 reversus

2029 4937 2254 5005 scdique
2288 4936 2585 5005 restitutus,
2645 4934 2833 4988 iisdem
2875 4936 3099 4989 sublatis
3132 4935 3407 5003 pristinam
3436 4935 3606 4990 labem

2030 5004 2469 5075 redintegrasset.
2520 5004 2876 5073 TbeOphanes
2920 5007 2970 5059 in
3011 5006 3278 5060 Chronico
3322 5006 3389 5059 de
3418 5006 3610 5059 Calen-

2027 5076 2187 5131 dione
2230 5094 2261 5165 ε*
2288 5084 2391 5165 Τῷᾳ
2412 5079 2679 5165 Τριςαγξῗξ
2712 5078 2994 5165 «Faciem:
3030 5086 3247 5165 ΧΙΪΙΣΤΕ
3283 5086 3547 5165 ΒΔΣΙΛΞΥ,
3582 5076 3609 5164 ξ

2029 5145 2594 5225 σταυρῳῴἰςδίῆμρξςζ
2618 5145 2803 5225 Πέτρρς
2833 5145 2895 5225 de.
2912 5149 3048 5225 πάλᾳ
3077 5148 3286 5225 ἁνελθοέξν
3308 5147 3519 5225 περξξῖλε
3548 5149 3608 5202 τὸ

2028 5216 2215 5292 Χρισῖτὲ
2239 5218 2473 5292 βασιλεῦ.
2500 5216 2624 5270 llaec
2650 5216 3448 5292 AtitiochimLConstautinOpbli
3483 5231 3610 5292 vero

2029 5286 2342 5341 Anastasius
2382 5286 2575 5354 imper.
2622 5303 2725 5340 una
2773 5302 2892 5340 cum
2950 5287 3233 5341 Timotheo
3281 5287 3605 5355 patriarcha,

2032 5357 2174 5411 idem
2218 5357 2458 5424 Gnaphei
2505 5356 2921 5411 additamentum
2974 5359 3025 5411 in
3067 5357 3364 5426 Trisaginm
3412 5356 3609 5410 inferre

2030 5437 2274 5493 conatus,
2320 5436 2438 5495 post
2466 5426 2642 5479 varios
2680 5428 2956 5491 tumultus,
3010 5428 3184 5483 caedes
3234 5436 3287 5481 et
3337 5426 3605 5487 incendia,

2034 5499 2360 5551 reclamante
2388 5495 2585 5565 popqu
2606 5496 2924 5557 orthodoxe,
2969 5498 3222 5564 consequi
3258 5496 3384 5549 nihil
3418 5495 3605 5564 potuit,

2034 5577 2089 5619 ut
2118 5568 2275 5620 docet
2312 5566 2603 5619 Marcellini
2652 5566 2865 5621 comitis
2892 5568 3191 5621 Chronieon
3226 5565 3387 5618 Paulo
3413 5580 3461 5619 et
3495 5567 3609 5619 Mn.

2033 5637 2256 5690 schiano
2284 5636 2619 5701 consulibus,
2654 5637 2705 5689 id
2732 5648 2813 5689 est
2835 5653 2975 5690 anno
2997 5636 3333 5696 ChristiSlﬁ.
3367 5637 3418 5689 in
3449 5652 3607 5705 quem

2036 5707 2218 5759 incidit
2262 5722 2434 5760 annus
2466 5706 2732 5760 Anastasii
2760 5708 2854 5773 22,
2893 5708 2978 5760 cui
3013 5710 3124 5761 lucc
3153 5705 3338 5758 eadem
3370 5711 3619 5775 assignat.

2037 5776 2393 5849 Theophanes
2435 5777 2487 5832 in
2520 5777 2787 5834 Chronico
2822 5794 2835 5833 :
2880 5776 2969 5833 ubi
3012 5787 3070 5832 et
3103 5775 3369 5834 Timothei
3399 5793 3611 5850 quoque
