4024 6172
236 278 333 333 ἓνἱό

1650 248 1981 310 ΕΡίΞΤΟίΑ
2020 248 2107 304 ιιι.

3407 255 3510 309 2'4

234 395 409 448 adhuc
434 390 642 444 obitum
671 400 739 441 ex
764 391 953 439 ventre
980 379 1238 444 debebat;
1264 377 1442 433 adhuc
1471 373 1537 430 ad
1560 372 1816 429 informa-
1849 371 1898 429 A
1929 388 2024 427 sua
2059 371 2201 445 vulgi
2231 372 2487 429 variantis
2509 374 2734 429 sentiret
2763 372 2963 444 opinio.
3009 374 3252 445 Cumque
3292 374 3514 430 diversi-

235 487 439 541 tionem
494 487 736 537 nostram
785 478 1073 532 exercebat
1119 471 1435 526 humilitatis
1462 467 1634 524 studia
1665 466 1825 521 etiam

237 580 291 633 in
318 592 489 647 opere
516 572 800 630 claritatis.
832 568 969 623 Cum
994 564 1256 620 Cauanaea
1301 560 1567 632 quaedam,
1600 556 1828 612 creduli-

238 672 360 725 tatis
388 667 609 739 quidem
650 662 981 723 Israelitica},
1032 657 1127 713 sed
1169 656 1346 727 gentis
1380 654 1590 720 alienat,
1630 649 1829 703 virtute

237 764 398 826 virili,
480 758 739 829 petitione
794 750 1075 818 laudabili,
1155 745 1515 802 obstinatione
1585 740 1824 804 victrice,

236 854 453 911 Christo
478 866 576 922 pro
603 850 709 903 ﬁlia
734 847 1055 917 supplicaret
1080 860 1094 895 :
1124 841 1386 903 Miserere,
1412 836 1679 907 inquiens,
1708 833 1825 895 mei,

238 950 313 1018 ﬁli
338 946 510 1000 David
545 941 763 1013 (Matth.
791 955 879 1005 xv,
908 937 1037 1009 22);
1085 935 1210 989 vicit
1242 933 1326 986 hic
1357 943 1547 986 sensus
1576 926 1829 981 interiore

240 1017 509 1109 sapientia
558 1050 746 1090 sexum
796 1031 996 1097 carnis,
1050 1042 1211 1097 supra
1254 1024 1545 1078 humanum
1588 1017 1750 1074 sentit
1776 1017 1826 1069 in

243 1105 488 1187 homine.
517 1128 631 1182 Non
655 1124 1005 1194 acquiescunt
1034 1116 1353 1189 Eutyehiani
1383 1112 1632 1169 doctores
1659 1108 1708 1164 ei
1739 1105 1830 1176 qui

244 1237 464 1297 propter
493 1235 590 1277 nos
610 1220 901 1274 cruciﬁxus
923 1222 1003 1268 est
1034 1211 1357 1281 supplicare.
1406 1207 1506 1260 Ista
1537 1204 1587 1258 in
1619 1199 1828 1257 cruciﬁ-

244 1315 419 1386 gendo
447 1322 505 1368 et
538 1311 872 1366 divinitatem
928 1312 1141 1375 precata
1187 1308 1271 1355 est
1311 1312 1432 1369 quae.
1481 1310 1587 1350 non
1621 1300 1832 1363 poterat

247 1384 401 1471 inuri,
435 1416 493 1461 et
546 1404 935 1458 humanitatem
991 1410 1112 1467 quae
1166 1400 1376 1463 poterat
1422 1388 1688 1445 suscitari.
1725 1384 1832 1438 Fili

250 1501 407 1555 David
453 1510 673 1553 carnem
717 1498 973 1554 resonat;
1020 1488 1255 1541 miserere
1298 1484 1393 1538 mei
1435 1482 1603 1537 Deum
1656 1476 1833 1533 decla-

242 1604 344 1649 rat.
392 1590 657 1647 Dominus
705 1585 828 1642 C(Pli
862 1585 1136 1639 invocatus
1166 1586 1251 1633 est
1281 1577 1332 1631 in
1368 1577 1564 1629 virtute
1596 1590 1607 1624 :
1642 1578 1831 1625 auctor

250 1684 480 1743 hominis
508 1688 732 1737 vocatus
754 1690 836 1734 eSt
860 1676 911 1731 in
934 1688 1155 1746 genere.
1187 1672 1367 1740 Longe
1384 1668 1515 1738 jam,
1543 1674 1599 1721 ut
1618 1663 1829 1733 opinor,

1932 473 2039 522 tate
2059 467 2339 521 sententire
2361 466 2637 535 populum,
2669 476 2757 520 aut
2790 481 2951 521 unum
2982 481 3047 522 ex
3067 467 3273 523 vatibus
3299 468 3510 537 priscis,

1930 568 2022 613 aut
2048 559 2309 630 Moysem,
2329 559 2412 613 vel
2442 568 2587 614 certe
2618 557 2843 623 lli-liam,
2868 559 3017 613 illum
3040 561 3261 616 credere
3290 576 3512 631 sugges-

1930 651 2179 706 sissent:
2237 649 2338 704 Vos
2386 658 2578 717 autem,
2626 651 2818 721 inquit,
2869 668 3018 721 quem
3066 670 3145 708 me
3190 670 3298 708 esse
3344 654 3514 707 dicitis

1932 742 2145 813 (Matth.
2175 758 2289 807 xvr,
2328 742 2477 811 l5)?
2527 742 2662 798 Tum
2709 744 2959 813 princeps
2999 744 3508 814 condiscipulorum,

1931 834 2247 903 principium
2281 834 2652 904 responsionis
2700 848 3003 899 assumens,
3060 835 3143 889 Tu
3186 852 3260 901 es,
3317 837 3512 908 inquit,

1932 923 2164 978 Christus
2214 924 2385 980 Filius
2430 923 2529 979 Dei
2574 926 2688 980 vivi.
2746 926 3004 982 Snilicere
3055 928 3215 998 plane
3271 939 3515 998 potuerat

1931 1013 2071 1081 quod
2121 1014 2408 1069 conﬁtetur
2445 1014 2532 1069 hic
2578 1015 2799 1080 Petrus,
2866 1016 3077 1072 etiarnsi
3119 1021 3219 1074 hoc
3261 1034 3368 1072 non
3408 1031 3512 1073 tam

1933 1108 2211 1163 manifesta
2241 1110 2590 1179 responsione
2619 1110 2991 1167 conﬁrmasset
3019 1112 3282 1168 Christus.
3324 1110 3518 1169 Beatus

1932 1217 2007 1266 es,
2038 1201 2228 1270 inquit,
2261 1201 2442 1256 Simon
2470 1201 2575 1255 Bar
2604 1200 2762 1266 Iona,
2791 1205 2911 1273 quia
2940 1220 3058 1256 caro
3089 1215 3134 1257 et
3179 1205 3387 1274 sanguis
3415 1223 3516 1261 non

1933 1292 2171 1345 reuelauit
2195 1293 2302 1358 tibi,
2333 1293 2422 1348 sed
2456 1291 2610 1347 Pater
2636 1297 2971 1365 meus,quiiu
2987 1294 3129 1349 cwlis
3144 1296 3506 1368 est(lbid.l7).

1936 1384 2129 1439 Beatus
2170 1399 2249 1450 es,
2295 1386 2548 1455 inquam,
2596 1384 2717 1455 quia
2763 1396 2821 1438 ut
2866 1386 3032 1441 Deum
3085 1401 3359 1451 cerneres,
3410 1402 3518 1441 nan

1935 1490 2151 1530 carnem
2184 1476 2577 1545 tantummodo,
2627 1476 2723 1531 sed
2762 1485 2820 1532 et
2866 1478 3181 1546 sanguinem
3217 1478 3470 1532 censuisti
3502 1494 3516 1530 :

1936 1584 2037 1624 nec
2057 1568 2397 1624 revelandam
2429 1568 2523 1624 tibi
2553 1568 2779 1639 gloriam
2812 1583 2984 1623 meam
3009 1569 3329 1623 lineamenta
3376 1583 3518 1623 sum-

1940 1658 2015 1729 pii
2068 1660 2317 1730 corporis
2374 1661 2703 1717 obtulerunt.
2780 1660 2894 1715 Non
2951 1662 3193 1718 avertisti
3247 1677 3521 1732 generosa:

248 1789 364 1851 post
393 1785 629 1832 mortem
660 1770 852 1837 David,
893 1740 962 1823 de
987 1766 1140 1838 cujus
1171 1764 1377 1819 semine
1408 1759 1566 1817 terris
1598 1772 1692 1828 per
1720 1755 1832 1810 Μει-
1868 1740 1911 1800 Β
1940 1752 2134 1805 metuis
2162 1760 2463 1820 aspectum,
2496 1751 2637 1821 quod
2669 1760 2723 1806 et
2764 1766 2927 1807 carne
2963 1755 3229 1822 prolatum
3264 1762 3364 1806 est.
3415 1752 3520 1807 Sed

250 1849 376 1926 riam
417 1867 669 1923 Christus
714 1863 935 1929 ell'ulsit,
986 1868 1289 1928 temporum
1341 1852 1482 1909 serie
1534 1849 1835 1907 stemmatis

250 1964 375 2033 regii
415 1958 669 2031 prosapia
699 1955 1015 2011 ducebatur.
1076 1950 1246 2004 Posce
1297 1960 1456 2013 nunc,
1492 1945 1576 1999 his
1604 1957 1833 2013 proavo-

249 2070 363 2109 rum
387 2048 827 2107 successiouibus
856 2060 918 2100 ac
948 2053 1230 2112 nepotum,
1264 2052 1327 2093 ex
1366 2044 1660 2091 memorato
1685 2042 1837 2102 patre

250 2160 416 2214 ttSqtle
438 2142 507 2197 ad
532 2140 837 2210 virgineum
869 2136 1034 2191 fetum
1067 2141 1179 2187 toto
1207 2128 1461 2184 derivata:
1504 2122 1837 2179 hacreditatis

246 2250 490 2300 accessu,
536 2227 927 2302 phantasmatis
973 2225 1115 2280 linea
1171 2224 1422 2284 ducatur,
1467 2233 1534 2272 an
1577 2214 1833 2270 traducis.

249 2328 411 2381 Porro
437 2332 624 2379 autem
655 2319 908 2389 ambiguo
937 2323 1106 2381 caret,
1138 2311 1282 2383 quod
1309 2318 1366 2366 et
1392 2308 1459 2364 de
1487 2322 1687 2379 genere
1711 2319 1838 2360 caro

253 2434 370 2473 vera
400 2415 687 2487 processit,
734 2421 788 2467 et
826 2410 1140 2481 phantasma
1170 2419 1341 2477 genus
1384 2402 1582 2457 habere
1607 2413 1711 2453 non
1743 2411 1839 2468 po-

249 2514 362 2566 tuit.
416 2508 776 2577 Experiamur
804 2514 1008 2569 tamen,
1052 2507 1230 2553 utrum
1279 2494 1549 2565 spreverit
1591 2490 1838 2546 Christus

248 2603 493 2673 praefata:
522 2595 854 2653 Cananitidis
884 2596 935 2648 in
972 2591 1218 2646 oratione
1246 2599 1579 2649 sermonem,
1624 2596 1692 2635 an
1724 2580 1835 2634 ior-

250 2669 408 2745 tassis
436 2698 727 2757 exasperet
756 2683 1006 2753 ineptiam
1031 2674 1405 2749 supplicantis.
1443 2674 1485 2727 0
1515 2672 1718 2734 mulier,
1745 2669 1836 2733 ait,

246 2798 436 2853 magna
464 2789 537 2834 est
567 2779 693 2848 ﬁdes
725 2785 812 2830 tua
847 2792 863 2829 :
898 2774 987 2841 ﬁat
1018 2771 1109 2825 tibi
1133 2771 1265 2824 sicut
1305 2768 1399 2821 vis.
1453 2765 1508 2821 Si
1557 2764 1660 2818 ista
1709 2761 1840 2816 ﬁdes

248 2850 352 2937 est,
400 2869 586 2938 utique
617 2880 809 2937 magna
853 2865 897 2917 si
927 2869 1159 2926 constat,
1188 2874 1293 2913 non
1324 2857 1427 2912 erit
1455 2863 1635 2919 recta;
1667 2850 1838 2905 altera

252 2972 400 3016 certe
447 2959 623 3013 fuerat
668 2955 736 3010 ad
768 2964 992 3008 matrem
1037 2952 1125 3005 illa
1165 2947 1468 3019 responsio,
1514 2958 1636 3000 cum
1666 2942 1837 2997 comic

252 3064 400 3109 tante
444 3049 832 3120 discipulorum
874 3046 1042 3101 choro
1080 3044 1229 3098 festis
1267 3039 1596 3110 nuptialibus
1647 3036 1837 3090 invita-

1938 1839 2099 1896 Pater
2124 1854 2294 1908 meus,
2342 1841 2432 1911 qui
2456 1852 2539 1896 est
2570 1842 2622 1897 in
2655 1842 2831 1910 crelis,
2874 1843 3132 1899 revelavit
3176 1843 3269 1897 tibi
3304 1842 3520 1910 Filium,

1936 1934 2021 1988 cui
2053 1932 2291 1987 adbzcret
2317 1933 2371 1987 in
2402 1933 2599 1988 terris:
2634 1934 2785 2005 cujus
2826 1935 2994 2005 gloria
3042 1943 3359 2006 paupertate
3382 1951 3526 1993 nunc

1940 2024 2154 2094 tegitur,
2187 2024 2339 2093 cujus
2370 2024 2541 2079 honor
2569 2026 2910 2081 contumeliis
2940 2041 3081 2081 nunc
3110 2026 3338 2081 celatur.
3385 2026 3521 2080 Pen-

1937 2116 2098 2170 debat
2126 2114 2389 2185 siquidem
2421 2117 2473 2171 in
2503 2116 2632 2187 ligni
2654 2117 2904 2172 salutaris
2942 2118 3158 2173 excelso
3213 2116 3522 2186 triumphali
3605 2180 3611 2185 ,

1941 2208 2363 2277 praeeminentia,
2391 2209 2701 2264 mediatoris
2745 2210 2914 2264 nostri
2943 2222 3139 2278 corpus
3180 2209 3427 2274 altatum,
3468 2216 3523 2262 et

1941 2301 2361 2370 uniuscujusque
2407 2301 2729 2355 sententiam
2793 2301 2862 2357 de
2927 2300 3107 2355 cordis
3160 2301 3526 2370 penetralibus

1943 2393 2112 2447 virtus
2132 2390 2395 2448 salutiferi
2424 2393 2619 2462 stipitis
2648 2392 2917 2463 exigebat.
2966 2391 3219 2461 lnjuriam
3252 2393 3341 2447 ille
3380 2392 3526 2447 dcti-

1940 2483 2121 2537 debat.
2150 2485 2288 2538 Ecce
2309 2483 2399 2554 qui
2428 2483 2756 2551 desuuebat,
2807 2484 2996 2553 inquit,
3030 2483 3284 2552 templum
3317 2483 3433 2551 Dei,
3468 2491 3525 2537 ut

1942 2574 2073 2629 illud
2107 2574 2282 2629 triduo
2310 2575 2634 2641 suscitaret;
2685 2574 2821 2630 alter
2864 2576 3000 2629 aceti
3041 2576 3314 2645 potionem
3355 2573 3525 2629 ferino

1944 2667 2065 2721 l‘clle
2096 2679 2407 2737 corruptam
2438 2669 2674 2738 spongia:
2709 2667 2903 2738 poculo
2945 2667 3252 2737 porrigebat
3282 2668 3306 2736 (
3334 2664 3521 2719 Matth.

1941 2761 2237 2833 xxvu,48).
2262 2759 2380 2827 Ipse
2408 2768 2588 2815 tamen
2621 2775 2844 2815 servans
2876 2760 3015 2814 inter
3064 2772 3250 2829 poenas
3291 2757 3526 2812 hominis

1941 2852 2366 2909 misericordiam
2405 2852 2701 2919 Creatoris,
2744 2853 2934 2909 dolens
2979 2866 3073 2907 eos
3098 2867 3195 2922 pro
3216 2850 3409 2920 quibus
3434 2864 3525 2904 ve-

1944 2954 2097 3000 nerat
2126 2943 2301 2999 adhuc
2330 2944 2431 2998 sub
2456 2954 2699 3014 tempore
2729 2945 2895 3013 ipsius
2919 2942 3298 3012 redemptionis
3320 2956 3522 3005 errare,

1939 3036 2209 3091 clamabat
2254 3054 2266 3087 :
2313 3034 2488 3102 Pater,
2537 3036 2744 3101 ignosce
2790 3036 2918 3100 illis,
2967 3035 3089 3105 quia
3132 3033 3364 3087 nesciunt
3403 3032 3523 3101 quid

252 3099 850 3213 vino
880 3099 1275 3194 adll’aciendum
1307 3099 1615 3189 miraculum
1649 3144 1834 3199 posce-
1863 3099 1911 3163 ο
1943 3128 2135 3198 faciunt
2176 3124 2328 3195 (Luc.
2357 3099 2517 3193 mu,
2545 3099 2663 3195 34).
2698 3125 2834 3193 Quid
2865 3099 2989 3192 eSt,
3016 3124 3246 3179 nesciunt
3288 3099 3422 3193 quid
3441 3123 3521 3193 [a-

254 3249 439 3303 retur;
470 3244 633 3304 atque
662 3233 750 3287 ille
776 3249 788 3284 :
818 3231 955 3296 Quid
995 3230 1118 3283 mihi
1140 3237 1185 3283 et
1216 3227 1307 3281 tibi
1334 3234 1429 3292 est,
1453 3223 1636 3277 mulier
1656 3224 1680 3275 ?
1704 3237 1836 3275 non-

253 3333 374 3384 dum
403 3330 540 3384 venit
565 3328 695 3381 liora
723 3342 831 3380 mea
854 3324 1033 3396 (Joan.
1065 3337 1123 3389 It,
1154 3320 1230 3391 4).
1268 3318 1426 3374 Velut
1454 3318 1497 3372 si
1526 3315 1668 3369 dicat
1692 3331 1703 3366 :
1731 3312 1838 3369 Cur

252 3423 381 3479 illud
416 3418 789 3476 tantummodo
817 3416 956 3489 quod
989 3415 1241 3485 peperisti
1271 3427 1394 3469 esse
1420 3427 1509 3466 me
1539 3410 1752 3465 credis?
1779 3408 1836 3463 Si

252 3519 352 3571 hoc
383 3514 563 3569 solum
600 3510 734 3566 mihi
759 3521 910 3580 putas
944 3516 1193 3561 constare
1216 3503 1357 3574 quod
1389 3502 1565 3557 carnis
1593 3509 1696 3561 est.
1730 3515 1836 3552 non

252 3623 473 3679 possum
507 3605 784 3675 complere
812 3601 954 3674 quod
982 3599 1170 3671 exigis.
1198 3596 1457 3654 Sublitnia
1498 3595 1612 3648 haec
1648 3608 1768 3662 quas
1807 3606 1837 3645 a

254 3719 339 3757 me
360 3698 597 3769 requiris
626 3697 695 3752 de
724 3694 882 3749 Patre
911 3691 1095 3757 attuli,
1140 3704 1245 3745 non
1285 3689 1338 3743 in
1375 3697 1545 3741 matre
1583 3684 1795 3753 suscepi
1822 3700 1834 3736 :

254 3795 487 3849 formato
518 3792 570 3846 in
605 3800 658 3844 te
694 3787 929 3858 corpori,
971 3786 1149 3840 debita
1187 3780 1513 3837 inﬁrmitatis
1552 3777 1842 3832 institutio-

254 3904 338 3951 ne,
396 3900 563 3954 Opera
612 3881 824 3937 virtutis
870 3877 1125 3947 injungis.
1178 3876 1322 3929 Bene
1364 3886 1451 3927 me
1500 3880 1652 3942 putas
1679 3884 1840 3939 posse

255 3978 394 4050 quod
428 3977 591 4046 petis,
625 3975 669 4029 si
693 3982 767 4039 te,
794 3973 934 4026 sicut
964 3974 1061 4024 mei
1091 3965 1351 4037 corporis,
1387 3964 1465 4019 sic
1495 3972 1722 4016 matrem
1764 3959 1839 4013 tui

253 4070 525 4138 intelligas
551 4064 844 4122 Creatoris.
872 4060 1026 4131 Quod
1054 4060 1101 4115 si
1124 4059 1297 4113 solum
1329 4064 1382 4111 te
1410 4054 1644 4110 edidisse
1671 4051 1843 4105 homi-

254 4178 371 4217 nem
403 4159 561 4223 velis,
593 4155 823 4210 nondum
850 4154 981 4208 venit
1009 4152 1134 4204 hora
1178 4164 1311 4202 mea.
1358 4147 1528 4201 Nemo
1556 4155 1736 4199 autem
1766 4143 1844 4197 sic

254 4256 466 4322 ineptus
493 4246 822 4319 reputandus
849 4252 949 4311 est,
977 4254 1031 4298 ut
1063 4242 1205 4297 istud
1239 4239 1381 4309 quod
1409 4236 1571 4303 dixit,
1613 4235 1843 4289 nondum

254 4346 384 4400 renit
414 4344 548 4395 hora
580 4356 713 4406 mea,
755 4338 900 4393 velut
925 4350 1111 4391 errore
1144 4332 1351 4403 gentili,
1386 4328 1688 4386 constitutis
1718 4327 1846 4381 velit

256 4434 504 4489 l-ualii-us
556 4431 853 4501 applicare.
912 4427 993 4483 Ad
1049 4422 1452 4493 intelligendum
1513 4420 1658 4474 hora:
1704 4419 1843 4472 illius

257 4526 573 4597 mysterium
634 4520 1013 4577 discretionem
1086 4517 1261 4585 potius
1317 4514 1515 4584 requiri
1568 4513 1840 4577 convenit,

257 4635 412 4688 quam
440 4620 721 4672 decretura
756 4633 767 4668 ε
796 4613 936 4683 quod
958 4627 1077 4666 cum
1104 4611 1212 4680 ipsa
1240 4623 1451 4679 quoque
1473 4615 1669 4662 nostra:
1700 4621 1844 4659 mor-

260 4713 476 4767 talitatis
509 4708 749 4766 conditio
770 4724 874 4761 non
892 4706 1138 4776 eligatur,
1162 4704 1254 4759 sed
1278 4703 1456 4757 omnis
1485 4710 1653 4756 status
1677 4700 1843 4755 nostri

258 4803 556 4859 necessitas
577 4798 947 4870 gubernatoris
974 4795 1213 4866 perpetui
1240 4795 1310 4849 sit
1348 4794 1594 4849 voluntas
1615 4812 1624 4845 :
1647 4802 1845 4863 quanto

260 4894 424 4963 magis
476 4890 757 4957 Christus,
808 4888 899 4957 qui
949 4894 1267 4957 potestatem
1326 4884 1557 4939 habebat
1611 4883 1842 4954 ponendi

260 4985 494 5037 animam
522 4996 695 5045 suam,
734 4992 783 5034 et
814 4980 1007 5035 iterum
1034 4976 1275 5031 sumendi
1306 4991 1423 5031 eam
1448 4974 1625 5046 (loan.
1652 4992 1707 5039 κ,
1734 4975 1843 5041 l8),

261 5076 400 5129 nullo
430 5090 493 5129 se
523 5072 616 5126 fati
648 5071 815 5125 voluit
845 5068 1117 5139 implicare
1158 5067 1514 5137 pra-scripto?
1568 5065 1673 5120 Sed
1723 5082 1843 5119 cum

258 5166 464 5221 venerit
492 5162 756 5220 subeundi
783 5163 913 5217 hora
942 5159 1193 5230 patibuli,
1233 5157 1566 5227 apparebunt
1611 5159 1846 5213 caelestia

255 5274 373 5325 quae
424 5264 579 5325 pater
632 5254 835 5323 genuit,
878 5262 932 5308 et
970 5266 1228 5319 cornerea
1278 5265 1398 5320 quae
1445 5250 1598 5304 alvus
1638 5248 1842 5305 eﬁ'udit.

256 5350 396 5419 Ergo
427 5363 554 5403 cum
596 5346 711 5416 ipse
750 5345 1003 5398 Dominus
1035 5344 1151 5407 hic,
1212 5341 1537 5411 perﬁciendo
1588 5341 1846 5395 miraculo

257 5455 406 5498 actus
430 5440 623 5506 divini,
658 5454 761 5492 non
788 5437 1043 5505 repulerit
1072 5435 1408 5505 genitricem,
1449 5434 1543 5489 sed
1576 5435 1846 5490 instruxe-

254 5536 327 5588 rit
361 5536 720 5605 ignorantem,
770 5528 1045 5584 videamus
1092 5527 1214 5596 quid
1262 5527 1386 5580 hinc
1417 5542 1537 5581 cum
1570 5528 1848 5596 Apostolis

259 5633 369 5684 Suis
430 5637 658 5682 tractatu
721 5624 1046 5694 impensiore
1099 5622 1405 5677 contulerit.
1480 5620 1849 5691 luterrogabat

259 5733 363 5778 aut
388 5739 438 5777 tu
489 5734 580 5777 eos
610 5717 837 5789 quoniam
877 5715 1145 5788 Evangelii
1178 5716 1317 5784 loro,
1357 5732 1473 5787 qua:
1510 5716 1575 5773 de
1609 5730 1840 5786 persona

1871 4477 1918 4534 Ι)

1943 3222 2105 3286 ciunt,
2130 3220 2231 3274 nisi
2250 3219 2372 3289 quia
2391 3217 2617 3273 credunt
2644 3233 2703 3272 se
2733 3218 2903 3272 solum
2932 3216 3203 3271 hominem
3234 3215 3529 3270 adduxisse

1934 3310 2183 3382 judicio?
2213 3310 2422 3379 Ignorat
2451 3307 2579 3379 quid
2610 3307 2790 3378 iaciat,
2839 3307 2929 3378 qui
2963 3323 3066 3361 non
3113 3305 3275 3361 sentit
3318 3305 3370 3358 in
3404 3320 3526 3360 eru-

1941 3409 2080 3461 ciato
2127 3418 2353 3474 corpore
2394 3403 2752 3473 majestatem.
2807 3402 2875 3456 Et
2921 3401 2966 3455 si
3007 3401 3082 3456 illi
3137 3400 3303 3454 solius
3341 3398 3528 3453 matris

1942 3500 2108 3554 ﬁlium
2139 3497 2443 3553 interﬁcere
2472 3509 2531 3550 se
2562 3494 2844 3549 credentes
2872 3492 2997 3563 quid
3032 3492 3270 3546 facerent
3312 3491 3525 3561 ignora-

1943 3593 2091 3660 bant,
2123 3606 2219 3645 cur
2250 3590 2425 3645 adhuc
2458 3589 2617 3644 hodie
2640 3587 2910 3658 Eutycbes
2960 3586 3211 3654 ignorare
3251 3598 3310 3638 se
3350 3584 3525 3637 simu-

1943 3689 2036 3755 lat,
2078 3685 2220 3757 quod
2261 3684 2307 3740 si
2351 3685 2427 3739 illi
2461 3691 2587 3737 tunc
2636 3683 2884 3747 scissent,
2936 3680 3151 3734 Christo
3189 3687 3243 3732 et
3286 3675 3530 3746 ap0stolo

1944 3787 2297 3849 protestante,
2345 3790 2615 3845 nunquam
2664 3774 2949 3828 Dominum
3002 3773 3189 3842 gloriae
3226 3768 3530 3824 cruciﬁxis-

1944 3874 2097 3928 sent?
2151 3871 2306 3928 Unde
2353 3870 2494 3940 quod
2546 3869 2634 3923 hic
2684 3868 2941 3923 Dominus
2986 3863 3350 3921 nescientibus
3379 3872 3530 3932 Optat

1945 3965 2167 4031 ignosci,
2194 3970 2408 4017 constat
2438 3969 2785 4029 expertarum
2836 3956 3181 4013 conscientia:
3225 3969 3329 4009 non
3372 3969 3529 4022 posse

1944 4054 2189 4109 concedi.
2255 4052 2338 4107 An
2382 4051 2518 4106 forte
2564 4051 2853 4113 miramur,
2909 4048 3050 4116 quod
3105 4055 3212 4100 tam
3246 4045 3530 4100 evidenter

1946 4146 2187 4202 Christus
2220 4144 2485 4214 passionis
2526 4157 2639 4197 sua:
2694 4141 3011 4212 mysterium
3063 4138 3311 4207 dignatur
3364 4151 3531 4205 expo-

1947 4236 2113 4291 ni-re‘l
2160 4235 2345 4290 Ausim
2398 4233 2603 4299 dicere,
2650 4231 2909 4305 habemus
2956 4228 3045 4283 hic
3083 4227 3258 4283 adhuc
3302 4225 3531 4295 amplius

1947 4328 2088 4397 quod
2136 4326 2338 4382 mirari.
2394 4323 2657 4379 Comitata
2707 4330 2813 4387 est,
2873 4332 2927 4375 ut
2969 4320 3160 4390 legitis,
3202 4318 3529 4374 detninicant

1951 4431 2176 4475 mortem
2202 4416 2759 4487 circumpendentiutn
2798 4416 3065 4469 latronum
3094 4412 3379 4482 conjuncta
3410 4427 3532 4465 cru-

1946 4512 2151 4577 ciﬁxio;
2192 4524 2327 4580 quos
2365 4519 2541 4563 tamen
2592 4507 2863 4562 temeritas
2900 4505 3135 4561 crudelis
3173 4503 3380 4574 judicii,
3425 4519 3531 4556 non

1946 4605 2161 4661 servilis
2180 4602 2352 4671 culpa:
2379 4600 2654 4665 meritum,
2682 4608 3058 4668 coaiqnaveiat
3087 4595 3383 4651 innocenti.
3416 4594 3531 4649 Non

1947 4698 2090 4753 enim
2128 4706 2336 4765 poterat
2377 4694 2551 4747 sancti
2594 4692 2855 4762 germinis
2887 4692 3254 4758 incorruptum
3305 4687 3532 4742 nitorem

1947 4789 2139 4842 vicina:
2171 4785 2477 4855 pollutionis
2531 4784 2721 4837 horror
2760 4795 3085 4850 aspergere:
3118 4780 3251 4833 sicut
3280 4786 3334 4833 et
3362 4778 3467 4844 sol,
3489 4779 3532 4831 si

1952 4879 2160 4935 radium
2185 4880 2235 4933 in
2261 4876 2539 4932 fmculenta
2566 4873 3093 4941 dimittat,intaetum
3112 4884 3337 4940 prorsus
3365 4869 3536 4924 nescit

1953 4972 2153 5026 sentire
2208 4971 2537 5038 contagium.
2591 4968 2790 5022 llorum
2844 4965 3004 5035 igitur
3054 4978 3193 5018 unus
3246 4964 3534 5028 latronum,

1955 5063 2099 5133 longi
2131 5061 2353 5116 sceleris
2373 5060 2537 5114 vitam
2556 5059 2732 5113 lxrevis
2752 5055 3055 5125 compendii
3078 5054 3184 5108 ﬁne
3206 5050 3538 5123 permutans,

1954 5171 2019 5211 ex
2075 5154 2421 5210 interfectore
2468 5151 2732 5215 medicus,
2789 5156 2991 5217 martyr
3055 5162 3119 5200 ex
3179 5144 3318 5209 fore,
3372 5157 3540 5197 nexus

1954 5249 2235 5311 membris,
2259 5245 2578 5302 criminibus
2608 5243 2903 5306 absolutus,
2938 5239 3074 5292 ﬁxus
3096 5238 3267 5300 clavo,
3299 5235 3444 5303 liber
3461 5233 3539 5285 ai-

1957 5346 2102 5401 l‘ectu
2135 5361 2148 5397 :
2197 5342 2435 5405 Domine,
2468 5341 2660 5409 inquit,
2693 5344 2938 5390 memento
2961 5333 3077 5400 mei,
3125 5348 3238 5386 cum
3267 5330 3459 5384 veneris
3488 5327 3539 5381 in

1956 5454 2167 5509 regnum
2197 5448 2360 5490 tuum.
2388 5435 2431 5489 Ο
2457 5432 2630 5487 felicis
2657 5430 2927 5486 beatitudo
2951 5425 3268 5483 testimonii!
3299 5438 3332 5477 ο
3359 5420 3539 5475 ineﬂ'a-

1959 5530 2079 5584 bilis
2118 5527 2381 5581 l'::rtiiudo
2412 5524 2700 5579 credendi!
2748 5521 2862 5575 Non
2905 5522 3089 5584 istum,
3128 5526 3184 5572 ut
3210 5514 3539 5568 divinitatem

1958 5624 2009 5677 in
2045 5619 2260 5673 homine
2292 5616 2540 5680 sentiret,
2572 5614 2719 5684 signa
2744 5614 3024 5675 vicerant;
3057 5610 3148 5663 sed
3180 5603 3390 5658 virtutis
3417 5602 3537 5655 dilo-

1960 5714 2190 5771 Ctionem
2222 5712 2594 5769 inﬁrmitatum
2626 5708 2843 5779 collegit
2873 5704 3090 5762 indicio.
3116 5695 3431 5768 Concupivit
3460 5699 3536 5751 iu-
