4046 6170
433 219 536 273 εὶιό

1706 214 1764 269 S.
1808 215 1988 270 AVITI
2035 213 2430 274 VlENNENSlS

3607 203 3711 256 ‘th'i

433 348 621 388 vocare
644 331 889 388 similiter
905 331 1170 397 vinctum;
1196 340 1245 384 et
1267 330 1441 386 adhuc
1464 330 1728 402 Eutyches
1745 347 1899 388 orare
1915 333 2008 387 de-
2039 334 2087 390 A
2114 334 2535 387 commentitium
2559 374 2573 400 ,
2624 349 2727 386 non
2778 333 2948 402 potuit
3006 333 3167 391 livore
3214 334 3542 391 simulatum.
3596 335 3703 390 Sed

431 427 585 494 spicit
608 425 974 479 sublimatum.
993 423 1287 478 Obeunlem
1313 423 1761 478 illecontremuit:
1788 440 2014 493 regnan—

433 530 537 572 tem
562 518 661 572 iste
676 517 893 570 fastidit.
927 515 1028 569 lste
1048 522 1271 568 mortem
1293 529 1395 568 non
1421 514 2012 584 timebatajudicaturo,

434 628 550 666 cum
595 612 682 665 ille
720 611 881 664 vitam
928 609 1164 676 requirat
1203 623 1230 660 a
1270 616 1500 662 mortuo.
1552 608 1658 663 Sed
1691 608 2011 676 redemptori

435 720 531 757 m0
561 703 851 772 squalentis
877 701 1077 755 veterni
1104 701 1513 756 mortiﬁcatione
1541 716 1872 770 compassus,
1895 702 2013 769 jun-

435 796 511 849 xit
555 794 835 848 dmuinicte
874 793 1142 861 propriam
1176 807 1411 847 crucem.
1457 793 1714 846 Adoravit
1741 802 2012 860 expertem

435 886 603 952 culpa:
634 883 902 952 particeps
934 897 1106 952 paena:
1146 900 1159 934 :
1207 882 1406 937 dudum
1451 882 1734 937 invadendi
1770 882 2014 952 cupidus,

436 976 660 1030 mutavit
698 984 824 1028 vota
868 974 1142 1043 prtedandi
1189 991 1202 1027 :
1239 982 1476 1028 armatus
1516 974 1808 1028 trabalibus
1850 974 2018 1029 clavis

436 1067 541 1118 vim
596 1066 770 1119 intulit
819 1078 985 1134 regno
1035 1065 1311 1120 calorum.
1387 1065 1650 1120 lntellexit
1704 1065 1757 1119 in
1805 1065 2017 1119 Christo

437 1172 728 1226 pauperem
762 1156 1102 1225 locupletem,
1136 1156 1367 1211 vicinum
1401 1158 1601 1212 invenit
1631 1157 1772 1226 quod
1807 1158 2018 1212 tolleret

437 1249 596 1309 nudo,
620 1248 849 1317 sumpsit
870 1248 1038 1302 venia:
1061 1248 1468 1318 plenitudinr‘m,
1491 1249 1663 1318 rapuit
1702 1250 2016 1304 innocentia:

438 1341 757 1408 portionem.
805 1339 858 1393 ln
893 1340 1036 1409 ligno
1062 1340 1227 1393 Deum
1261 1341 1554 1406 contuitus,
1590 1342 1640 1394 in
1671 1341 1808 1397 emlo
1837 1341 2014 1396 homi-

438 1448 561 1486 nem
613 1443 953 1486 consecutus.
987 1440 1014 1469 ⁸
1043 1431 1158 1486 Jam
1207 1447 1397 1501 porro,
1452 1435 1700 1503 quoniam
1753 1442 2016 1489 transacta

439 1524 614 1589 passio
642 1524 799 1577 docet
837 1524 1107 1578 hominem
1146 1540 1359 1590 verum,
1391 1529 1680 1581 cruciatum
1720 1527 2015 1598 doloribus,

440 1614 734 1669 latronibus
763 1624 1152 1684 comparatum,
1194 1618 1494 1673 confectum
1527 1618 1809 1687 supplicio,
1844 1629 2013 1674 tumu-

440 1708 604 1762 latum
649 1709 928 1777 sepulcro;
962 1723 1055 1777 per
1077 1708 1190 1764 haec
1221 1711 1395 1764 omnia
1431 1710 1814 1780 phantasmatis
1843 1726 2020 1766 asser-
2053 1690 2098 1750 Β

440 1801 644 1854 toribus
675 1800 935 1868 assumpti
976 1801 1218 1870 corporis
1258 1801 1456 1856 veritas
1495 1803 1832 1857 contradicit.
1875 1803 2022 1870 Quos

441 1905 559 1946 cum
589 1891 640 1945 in
664 1890 876 1946 Christo
903 1892 1077 1946 unitas
1102 1892 1379 1962 utriusque
1406 1893 1718 1948 substantiae
1747 1895 2025 1964 perspicua

441 1982 868 2036 testimoniorum
900 1982 1016 2038 luce
1044 1983 1332 2051 convincit,
1361 2000 1573 2040 onmem
1605 2003 1723 2056 qua:
1755 1987 1808 2043 in
1838 2004 2027 2045 conse-

441 2074 730 2142 quentibus
789 2074 1107 2142 replicatur,
1163 2075 1446 2131 dominica:
1500 2078 1696 2133 seriem
1758 2081 2026 2149 passionis

441 2166 771 2228 pbantastica
818 2165 1036 2221 honoris
1084 2167 1459 2222 contumeliosi
1501 2169 1778 2225 molitione
1820 2182 2027 2240 pertur-

443 2256 564 2310 hat:
589 2267 893 2313 asserentes
922 2258 1190 2327 quoddam
1217 2258 1458 2314 nebulosi
1487 2261 1730 2330 corporis
1758 2263 2027 2318 exstitisse

443 2348 785 2414 ligmentum,
846 2347 986 2416 quod
1035 2362 1132 2418 pro
1187 2348 1530 2416 redemptore
1585 2357 1769 2404 nostro
1818 2351 2027 2418 injuriis

444 2452 718 2504 poenarum
766 2438 1119 2504 dolorumque
1167 2438 1410 2493 videatur
1454 2441 1785 2509 oppositum,
1835 2449 1890 2496 et
1933 2456 2027 2510 per

444 2529 618 2583 inanis
652 2529 882 2583 hominis
927 2529 1354 2599 similitudinem,
1401 2533 1574 2601 pinnis
1615 2547 1747 2602 quas
1777 2533 2025 2601 majestas

445 2623 722 2675 incurrere
752 2635 855 2674 non
889 2623 1078 2690 possit,
1104 2622 1313 2676 addicta
1343 2638 1554 2692 quoque
1583 2639 1708 2678 vera
1750 2639 1875 2678 caro
1920 2639 2024 2677 non

447 2713 726 2777 exstiterit,
768 2728 924 2782 quam
959 2722 1269 2768 exsecratur
1315 2714 1561 2784 populus,
1607 2716 1812 2770 cruciat
1839 2715 2024 2784 judex,

447 2806 658 2874 pulsant
689 2807 931 2874 verbera,
975 2821 1133 2876 quam
1177 2808 1518 2863 contumeliae
1559 2808 1816 2876 illudunt,
1859 2809 2027 2876 spina:

446 2908 863 2970 tranSpungunt,
916 2899 1000 2954 cui
1043 2900 1280 2954 calamus
1329 2899 1575 2964 illiditur,
1625 2899 1804 2968 [igitur
1839 2899 2022 2964 clavis,

445 2994 661 3063 sanguis
689 2993 974 3046 excutitur.
1003 2989 1193 3045 Adhuc
1222 3005 1341 3046 cum
1372 3005 1530 3045 omne
1557 2991 1696 3061 quod
1721 2992 1831 3060 Spei
1862 2999 1944 3045 est
1972 2990 2023 3043 in

445 3087 560 3140 solo
591 3083 976 3152 redemptionis
1019 3092 1212 3137 nostra:
1257 3083 1513 3153 mysterio
1550 3083 1894 3150 collocemus,
1927 3097 2026 3137 nec

445 3179 516 3231 sit
543 3176 683 3231 aliud
714 3184 950 3231 nostrum
978 3175 1319 3238 reviviscere,
1345 3190 1501 3245 quam
1525 3175 1807 3230 Dominum
1841 3189 2023 3230 necem

446 3269 733 3337 pertulisse.
773 3286 785 3320 :
832 3267 1022 3322 falsum
1069 3275 1152 3320 est
1197 3266 1339 3337 quod
1379 3283 1470 3319 sua
1517 3266 1884 3321 incarnatione
1929 3280 2027 3320 nos

447 3362 638 3424 salvat,
666 3360 709 3414 si
747 3370 799 3414 et
830 3360 930 3413 hoc
967 3359 1019 3412 in
1062 3357 1279 3412 dubium
1313 3358 1474 3420 venit,
1504 3358 1645 3427 quod
1692 3357 2026 3412 tolerandum

448 3467 545 3517 pro
589 3451 742 3504 nobis
781 3449 832 3503 in
871 3464 1032 3503 carne
1073 3456 1398 3518 susceperat.
1439 3448 1566 3502 Veni
1609 3448 1804 3516 potius,
1846 3455 2028 3502 sancte

446 3541 605 3606 Isaia,
666 3539 928 3610 pr0pheta
960 3539 1174 3604 quidem
1207 3539 1299 3603 tui,
1335 3538 1428 3592 sed
1461 3539 1786 3609 evangelista
1819 3548 2027 3608 tempo-

450 3635 524 3688 ris
556 3634 722 3687 nostri
760 3650 772 3685 :
808 3633 923 3686 veni
967 3631 1217 3686 celeriter
1253 3633 1319 3685 ad
1362 3631 1608 3686 tuendam
1653 3639 1837 3684 contra
1862 3630 2027 3701 Euty-

451 3729 623 3783 chetis
654 3729 928 3784 mendaiia
962 3728 1386 3783 Christianorum
1436 3725 1685 3780 salutem.
1743 3725 1929 3778 Dicere
1976 3731 2030 3778 te

451 3825 518 3877 tle
546 3821 777 3886 Christo,
811 3823 916 3876 imo
944 3823 1102 3877 etiam
1131 3820 1312 3889 jurare
1343 3836 1446 3874 non
1481 3819 1653 3888 pigeat
1687 3834 1700 3870 :
1741 3817 1868 3870 Vere
1913 3817 2028 3869 lan-

451 3929 635 3983 guore:
666 3924 862 3967 nostros
893 3914 1001 3982 ipse
1029 3912 1167 3976 tulit,
1196 3921 1240 3965 et
1265 3911 1464 3964 dolores
1494 3919 1694 3962 nostros
1724 3909 1832 3978 ipse
1859 3920 2032 3977 porta-

453 4007 517 4059 vit
547 4004 705 4076 (Isai.
736 4021 845 4069 Lttt,
874 4007 951 4074 4),
982 4005 1081 4060 Et:
1114 4005 1295 4058 Livore
1324 4005 1433 4074 ejus
1460 4003 1625 4056 sanati
1663 4017 1880 4056 sumus:
1925 4016 2029 4056 non

453 4096 700 4150 medendi
740 4096 988 4150 facultate
1026 4110 1234 4160 secura,
1276 4094 1371 4148 sed
1404 4092 1709 4147 voluntarie
1747 4107 1842 4162 pro
1878 4092 2032 4146 nobis

453 4186 666 4240 dolendi
689 4187 908 4240 veritate
930 4195 1197 4255 suscepta.
1221 4186 1274 4240 Si
1301 4184 1563 4237 veraciter
1584 4181 1798 4235 dolores
1821 4191 2033 4237 nostros

455 4278 569 4343 ipse
603 4278 851 4345 portavit,
876 4277 985 4346 jam
1025 4286 1080 4331 et
1119 4291 1217 4330 nos
1248 4275 1423 4330 securi
1461 4288 1670 4340 sumus,
1706 4273 1847 4343 quod
1880 4287 2034 4327 veros

455 4367 667 4421 dolores
706 4367 1129 4421 commentitium
1171 4367 1484 4433 phantasma
1525 4379 1629 4419 non
1671 4363 1886 4433 pertulit
1927 4380 1940 4416 :
1981 4372 2035 4417 et

2117 427 2276 480 etiam
2325 427 2378 479 in
2421 426 2523 480 hoc
2565 427 2839 495 propheta:
2878 441 3126 482 sermone
3163 428 3384 483 evidens
3420 429 3705 498 geminata:

2119 516 2428 570 substantia:
2452 518 2756 585 proprietas
2783 518 3069 572 invenitur.
3101 518 3248 582 Vere,
3275 519 3461 588 inquit,
3486 521 3705 590 languo-

2117 624 2197 662 res
2236 618 2434 662 nostros
2468 610 2576 679 ipse
2604 611 2740 672 tulit,
2772 621 2819 664 et
2850 611 3052 664 dolores
3089 620 3287 666 nostros
3326 613 3434 680 ipse
3464 615 3704 678 portavit.

2121 697 2235 751 Duo
2271 707 2397 752 sunt
2436 698 2558 766 ista,
2607 715 2831 769 quorum
2879 709 2969 755 aut
3013 701 3152 756 Deus
3199 702 3368 767 solus,
3415 713 3503 756 aut
3542 703 3706 756 homo

2117 790 2298 851 solus,
2333 801 2618 858 utrumque
2649 805 2751 844 non
2787 791 2991 857 fecerit,
3029 791 3122 846 sed
3169 808 3330 846 unum
3362 792 3530 854 Deus,
3557 793 3704 846 aliud

2122 880 2288 946 possit
2311 880 2489 934 homo.
2515 880 2748 936 Dicendo
2770 893 2947 937 autem
2974 883 3264 953 propheta:
3292 883 3412 950 Ipse
3435 885 3704 954 languore:

2120 972 2259 1039 tulit,
2287 975 2396 1042 ipse
2415 975 2621 1030 dolores
2650 978 2885 1047 portavit,
2916 993 3076 1031 unum
3111 979 3388 1034 evidenter
3416 981 3704 1050 expressit,

2119 1063 2208 1132 qui
2251 1079 2315 1119 cx
2355 1063 2639 1121 divinitate
2689 1075 2962 1122 constaret
3004 1078 3057 1123 et
3095 1083 3342 1139 corpore.
3396 1070 3708 1140 Languores

2119 1156 2259 1211 enim
2291 1172 2426 1225 quos
2456 1157 2585 1212 Adin
2625 1160 2860 1214 sauciata
2903 1162 3183 1230 progenies
3221 1177 3285 1216 ex
3327 1163 3545 1217 vulnere
3585 1179 3710 1218 cor-

2119 1260 2286 1317 rupta:
2309 1251 2529 1319 originis
2551 1252 2874 1318 attrahebat,
2901 1253 2989 1308 ille
3008 1254 3151 1308 solus
3173 1255 3377 1308 sanavit
3397 1255 3484 1323 qui
3513 1268 3706 1307 sanum

2120 1349 2244 1393 ante
2279 1339 2614 1396 condiderat.
2651 1342 2872 1398 Dolores
2910 1358 3037 1398 vero
3077 1353 3292 1398 nostros
3329 1345 3578 1412 portavit,
3615 1346 3708 1414 qui

2121 1431 2384 1486 desudare
2411 1433 2591 1500 pratlia
2620 1433 2905 1503 passionis,
2933 1435 3033 1489 nisi
3057 1435 3378 1490 cruciatibus
3404 1450 3469 1490 ac
3490 1436 3696 1498 labore,

2122 1538 2226 1577 non
2268 1523 2458 1590 potuit.
2499 1523 2759 1588 Quocirca
2788 1525 2932 1594 quod
2975 1524 3030 1580 in
3069 1534 3255 1580 natura
3293 1525 3489 1579 malum
3522 1526 3711 1579 habui-

2124 1628 2262 1679 mus,
2309 1613 2430 1667 tulit
2462 1615 2600 1668 Deus
2642 1631 2657 1669 :
2701 1615 2841 1683 quod
2873 1616 2924 1670 in
2956 1631 3182 1686 corpore
3229 1619 3425 1672 malum
3458 1618 3707 1687 patimur,

2129 1705 2348 1773 pertulit
2379 1706 2648 1761 Christus.
2685 1706 2836 1763 Unde
2867 1707 3261 1777 reSpiciendum
3294 1717 3374 1764 est
3404 1709 3511 1775 hic,
3542 1725 3712 1778 quan-

2129 1804 2239 1850 tum
2280 1796 2599 1868 Eutychiani
2629 1795 2657 1836 b
2691 1798 3000 1853 Bonosiacis
3058 1800 3313 1854 barathro
3371 1800 3715 1871 profundiore

2129 1897 2457 1958 mergantur.
2499 1889 2579 1944 Illi
2605 1889 2821 1946 Christo
2851 1891 3148 1948 divinitatis
3181 1893 3440 1948 honorem
3487 1904 3717 1948 tantum-

2128 1982 2286 2035 modo
2316 1981 2580 2048 adimunt,
2626 1983 2712 2038 isti
2755 1992 2808 2038 et
2856 1986 3098 2054 corporis
3127 1985 3428 2040 veritatem.
3460 1985 3716 2040 Photinus

2130 2072 2359 2127 hominis
2385 2088 2669 2142 personam
2701 2089 2798 2129 nos
2823 2075 3048 2130 adorare
3079 2076 3305 2141 deridet,
3333 2076 3417 2130 hic
3443 2077 3716 2131 nebulam.

2130 2164 2211 2215 An
2240 2163 2374 2217 forte
2402 2164 2640 2219 haeretici
2670 2163 2829 2231 hujus
2858 2164 3026 2234 ipsius
3050 2166 3315 2221 illusionis
3339 2166 3614 2221 exordium
3645 2166 3718 2221 ab

2131 2253 2260 2322 ipsis
2298 2255 2349 2308 in
2378 2256 2592 2310 Christo
2622 2271 2789 2311 sacrae
2820 2259 3110 2314 nativitatis
3152 2260 3456 2328 crepundiis
3493 2261 3719 2316 ordiun-

2132 2352 2234 2412 tur,
2268 2360 2330 2399 ac
2369 2347 2590 2415 perinde
2638 2347 2830 2404 falsum
2873 2351 2994 2416 erit,
3026 2353 3163 2421 quod
3201 2351 3367 2420 jacuit
3403 2352 3456 2405 in
3499 2354 3717 2420 pannis,

2130 2436 2270 2506 quod
2303 2438 2549 2506 apparuit
2580 2440 2770 2508 magis,
2803 2440 2944 2509 quod
2978 2441 3181 2509 planxit
3211 2441 3264 2495 in
3295 2442 3496 2496 cuuis?
3543 2442 3719 2497 Taceo

2131 2528 2366 2598 reliquos
2399 2529 2450 2582 in
2479 2530 2729 2584 succidua
2759 2540 2916 2586 aetate
2942 2531 3228 2600 profectus,
3259 2533 3454 2602 quibus
3481 2532 3714 2586 divinam

2131 2619 2333 2687 pariter
2362 2618 2755 2689 humanamque
2789 2629 3031 2676 naturam
3064 2624 3453 2691 complectens,
3497 2625 3717 2680 lassitu-

2129 2712 2310 2767 dinem
2354 2713 2573 2768 refectio
2602 2715 2837 2782 pertulit,
2869 2716 3166 2771 Consolatio
3209 2717 3469 2788 lacrymas
3510 2718 3715 2784 effudit,

2131 2806 2218 2859 lux
2236 2805 2505 2870 dormivit,
2531 2806 2682 2874 panis
2704 2807 2913 2871 esuriit,
2931 2806 3048 2862 fons
3070 2807 3434 2862 sitivit.’l‘aceo
3447 2808 3715 2876 planctum

2132 2896 2275 2950 illum
2308 2911 2464 2965 quem
2497 2911 2659 2966 super
2693 2895 3002 2951 defunctum
3028 2897 3285 2951 Lazarum
3325 2897 3508 2952 habuit
3531 2897 3715 2966 (Joan.

2133 3008 2206 3055 ιι,
2222 2991 2334 3061 55),
2350 2999 2632 3058 antequam
2655 2989 2849 3046 el‘fecm
2866 2989 3221 3045 resuscitandi
3235 2989 3536 3045 ostenderet
3551 2991 3717 3044 Deum

2131 3088 2456 3158 przemisisse
2483 3087 2733 3141 humanm
2763 3088 3088 3142 conditionis
3117 3086 3384 3141 all'ectum.
3414 3087 3564 3155 Quod
3587 3088 3631 3142 si
3664 3088 3718 3145 in

2129 3179 2347 3235 dubium
2389 3190 2610 3234 vocatur
2648 3181 2737 3250 qui
2781 3189 2923 3234 tanta
2965 3181 3240 3249 priestitit,
3281 3195 3503 3235 necesse
3544 3191 3623 3234 est
3654 3191 3714 3236 ut

2132 3273 2379 3341 ambigua
2413 3271 2666 3340 incipiant
2702 3286 2823 3326 esse
2859 3286 2977 3340 qua:
3002 3274 3168 3340 gessit
3198 3289 3211 3323 :
3246 3286 3308 3325 ac
3335 3271 3557 3340 perinde
3585 3271 3720 3325 falso

2133 3377 2192 3418 se
2223 3371 2372 3432 putat
2401 3371 2643 3416 sanatum
2672 3363 3025 3432 paralyticus,
3057 3362 3277 3417 claudus
3308 3371 3542 3416 erectum
3563 3404 3577 3426 ,
3607 3363 3720 3416 cir-

2131 3454 2573 3508 cumscrihendus
2621 3452 2750 3508 solis
2796 3452 2995 3519 radius,
3046 3467 3204 3522 quem
3249 3466 3421 3507 etesus
3459 3455 3525 3506 ab
3566 3461 3722 3507 utero

2134 3555 2254 3615 post
2283 3545 2448 3600 nativi
2471 3546 2702 3599 carceris
2730 3544 2982 3599 tenebras
3002 3545 3235 3599 intuetur
3260 3561 3274 3600 ε
3300 3554 3390 3599 aut
3418 3543 3519 3598 hoc
3548 3544 3722 3612 phan-

2137 3647 2359 3692 tasmate
2387 3637 2619 3691 Lazarus
2649 3637 2762 3706 ipse
2791 3635 3009 3690 delusus
3039 3643 3144 3701 est,
3175 3645 3231 3689 ut
3262 3650 3380 3690 cum
3411 3634 3550 3689 inter
3578 3649 3723 3688 mor-

2133 3737 2252 3781 tuos
2279 3727 2560 3793 dormiret,
2589 3727 2697 3796 jam
2741 3727 3103 3782 resurrexisse
3148 3742 3206 3782 se
3249 3727 3515 3782 crederet.
3559 3725 3714 3792 Quod

2132 3819 2175 3872 si
2206 3819 2320 3873 haec
2346 3819 2523 3874 omnia
2551 3835 2679 3875 vera
2713 3834 2831 3873 esse
2861 3819 3144 3888 recipiunt,
3174 3827 3228 3873 et
3256 3820 3421 3873 solius
3446 3820 3716 3887 passionis

2134 3909 2341 3976 injuriis
2369 3909 2758 3974 contradicunt;
2783 3908 3141 3976 respondeant
3166 3908 3252 3962 ubi
3285 3915 3408 3961 tunc
3441 3907 3598 3960 fuerit
3628 3907 3720 3960 Fi-

2135 3999 2243 4054 lius
2272 3999 2528 4069 Virginis,
2560 4013 2680 4054 cum
2711 3998 2955 4053 umbram
2990 3999 3136 4054 tenui
3170 3998 3311 4052 nube
3335 3998 3603 4052 fallentem
3626 4014 3723 4066 pro

2134 4104 2194 4145 se
2221 4090 2485 4155 olferens,
2518 4106 2675 4158 quem
2722 4104 2819 4158 pro
2866 4089 3020 4144 nobis
3055 4096 3302 4158 putamus
3348 4088 3551 4155 offerri,
3581 4103 3718 4142 vana

2135 4181 2219 4235 sui
2249 4182 2428 4250 specie
2455 4189 2508 4236 et
2539 4191 2920 4250 persequentes
2950 4179 3159 4234 lalleret
3185 4187 3240 4234 et
3266 4179 3468 4233 fideles.
3504 4179 3718 4233 Patrem

2134 4288 2345 4342 quoque
2373 4272 2568 4327 faciens
2597 4271 2696 4325 hac
2725 4271 2970 4325 illusione
2995 4270 3325 4332 mendacem,
3357 4270 3426 4326 de
3451 4285 3554 4338 quo
3583 4272 3718 4337 Apo-

2138 4363 2306 4415 stolus
2344 4363 2436 4425 ait,
2480 4361 2619 4431 quod
2652 4359 2790 4414 Filio
2818 4375 2908 4413 suo
2937 4371 3040 4413 non
3065 4361 3302 4430 pepercit,
3328 4361 3417 4415 sed
3445 4376 3537 4428 pro
3577 4360 3722 4413 nobis

456 4457 499 4511 si
531 4457 693 4510 livore
723 4456 839 4524 ejus
869 4457 1036 4510 sanati
1068 4427 1272 4522 sumus,
1324 4454 1592 4509 incassum
1626 4427 1872 4507 collatam
1905 4453 2034 4506 mihi
2066 4427 2115 4485 D
2145 4457 2358 4509 tradidit
2386 4427 2529 4508 illum
2575 4455 2749 4525 (Rom.
2795 4468 2908 4518 vut,
2937 4427 3074 4522 δὴ.-
3100 4427 3268 4520 Quem
3318 4427 3502 4516 lilium,
3535 4453 3580 4506 si
3613 4467 3719 4505 non

457 4547 737 4601 sanitatem
786 4546 986 4601 invidet
1029 4546 1341 4615 falsiloquus
1393 4547 1544 4600 livor.
1587 4543 1853 4600 Caeterum
1891 4556 2036 4601 recte

457 4641 602 4692 omni
655 4639 966 4693 definitione
1009 4640 1375 4707 concluditur,
1424 4639 1566 4709 quod
1617 4640 1662 4694 si
1706 4641 1876 4709 potuit
1916 4654 2038 4696 esse

532 4761 558 4788 ι
589 4753 699 4806 Hoc
728 4754 952 4807 alterum
994 4762 1146 4821 caput
1181 4751 1575 4822 disputationis,
1607 4751 2042 4822 Christum_vero

462 4831 516 4876 et
566 4823 1000 4877 consubstantiali
1056 4820 1210 4877 nobis
1268 4820 1493 4889 corpore
1549 4820 1826 4888 prteditum
1879 4820 2044 4877 fuisse

462 4901 646 4963 contra
669 4909 822 4960 quam
849 4895 1017 4947 sensit
1036 4893 1321 4963 Eutycltes,
1350 4894 1438 4961 qui
1465 4891 1806 4963 fictitiumgilli
1829 4904 2040 4958 corpus,

464 4973 519 5015 et
567 4961 920 5028 phantasmati
969 4961 1152 5018 simile
1196 4965 1484 5018 tribuebat.
1516 4961 1664 5017 Unde
1714 4961 1795 5015 his
1832 4975 2042 5030 quoque

464 5032 606 5087 Aviti
633 5035 898 5103 Aepistolis
951 5051 1069 5103 qua:
1116 5034 1359 5088 delirium
1411 5035 1509 5087 hoc
1555 5031 1807 5096 refutant,
1862 5033 2042 5103 titulus

465 5105 592 5155 olim
618 5100 805 5156 Contra
831 5100 1165 5158 Phantasma.
1187 5104 1287 5157 Par
1319 5104 1517 5172 itaque,
1547 5103 1637 5158 sed
1668 5101 1953 5168 coiitraria,
1986 5112 2042 5158 ut

469 5174 725 5228 Leontius
765 5175 1058 5229 monachus
1096 5176 1370 5238 observat,
1405 5175 1454 5226 iu
1485 5173 1755 5227 Christum
1803 5173 2047 5240 impietas

468 5243 1010 5335 “Nestorianorlt.m‘et
1051 5245 1544 5335 ptitychiano‘rum,
1687 5248 1773 5307 μὲν
1819 5249 1920 5335 γὰρ
1963 5253 2050 5334 τὴν

468 5315 699 5376 ϐιότητα,
723 5316 776 5390 _o_i
806 5315 861 5370 δὲ
879 5321 968 5373 τὴν
989 5313 1351 5390 ἀςιθρωέτὸτηγα
1374 5313 1576 5390 δοκήσει
1597 5313 1837 5390 her/opaca
1854 5313 1976 5369 εἶναι
2003 5319 2053 5370 ἐν

470 5397 678 5466 ingruat.
713 5384 803 5438 Illi
833 5388 985 5444 enim.
1012 5384 1209 5466 inquit,
1240 5386 1572 5466 divinitatem,
1607 5384 2055 5466 hi'lt‘umaniltatem

473 5454 714 5523 Opinione
735 5467 878 5509 tenus
900 5463 947 5508 et
971 5454 1238 5522 phantasia
1261 5455 1519 5510 Servatori
1541 5457 1850 5509 asserebant.
1879 5457 2057 5521 Quare

473 5527 607 5577 scite
621 5533 876 5593 utrosque
889 5525 1106 5578 Nonnus
1123 5524 1285 5594 abbas
1297 5525 1713 5585 Ἐναντιοδοκίτας
1731 5527 2053 5594 appellabat.

474 5593 604 5646 Nam
634 5604 685 5647 et
716 5595 927 5650 Docitas
950 5609 1162 5665 quoque
1195 5593 1311 5665 illos
1342 5596 1429 5660 qui
1462 5597 1510 5648 id
1542 5611 1711 5664 genus
1745 5593 2056 5664 phantasma

477 5665 817 5730 indueebant,
849 5662 1002 5721 vocat
1031 5662 1403 5719 Theodorctus
1432 5662 1616 5720 noster
1647 5662 1799 5718 liva
1829 5666 2052 5720 lla-reti-

2144 4548 2373 4601 vcrum?
2408 4546 2675 4615 quomodo
2707 4545 2939 4609 tradidit,
2979 4546 3022 4598 si
3065 4545 3307 4599 collusit?
3349 4544 3578 4614 qualiter
3616 4559 3724 4597 non

2142 4639 2400 4711 pepercit,
2426 4641 2468 4694 si
2496 4639 2680 4694 dolore
2703 4637 3007 4708 prohibuit?
3031 4637 3123 4692 Vel
3153 4648 3317 4703 certe,
3342 4652 3443 4708 qua
3469 4637 3723 4692 Dominus

2154 4767 2336 4805 carum
2381 4751 2719 4805 Fabularum.
2761 4751 2862 4806 Ubi
2895 4749 3137 4804 eumdem
3171 4750 3236 4804 de
3266 4748 3458 4803 Christi
3504 4762 3728 4817 corpore

2153 4825 2326 4876 locum
2359 4831 2609 4886 tractans,
2659 4821 2844 4876 iisdem
2868 4821 3058 4886 quibus
3081 4821 3260 4873 Avitus
3285 4821 3612 4888 argumentis
3632 4819 3724 4873 do-

2150 4901 2266 4955 cet,
2290 4892 2397 4960 pati
2421 4902 2475 4946 et
2505 4895 2672 4958 mori,
2719 4891 2926 4946 esurire
2945 4899 3001 4946 et
3033 4890 3308 4959 defatigari
3341 4903 3537 4957 corpus
3573 4905 3730 4942 suttm

2154 4965 2462 5031 permisisse
2486 4980 2499 5015 :
2526 4961 2634 5017 ἰνα
2666 4962 2922 5083 ἐιηδεμίαν
2953 4962 3176 5016 λάϐωσιν
3214 4964 3437 5083 argentm
3457 4961 3500 5014 οἱ
3525 4968 3732 5015 Δοκῐται

2154 5037 2398 5083 κδατύναι
2439 5041 2524 5083 τοῦ
2564 5035 2659 5083 ibat}
2698 5056 2783 5083 oue
2824 5039 2912 5083 τήν
2953 5035 3145 5083 αἵρεσιν
3184 5049 3198 5083 :
3301 5049 3327 5083 e
3364 5046 3514 5083 auom
3555 5045 3732 5082 ansam

2150 5037 2398 5108 δςρᾳτύναι
2439 5035 2783 5108 ςοῦΑψεύδους
2824 5039 2912 5108 τῄη
2953 5035 3145 5108 utipsam
3184 5049 3198 5084 :
3240 5035 3327 5108 _Ne
3364 5046 3514 5108 quant
3555 5045 3733 5082 ansam

2152 5101 2393 5158 haberent
2427 5101 2647 5164 Docit'az,
2706 5120 2802 5164 quo
2839 5101 3021 5172 falson":
3073 5102 3302 5156 Itwresim
3353 5101 3732 5168 conﬁrmarent.

2226 5175 2253 5213 δ
2281 5177 2522 5229 Bonosus
2555 5175 2863 5228 Naissitanae
2892 5173 2942 5225 in
2970 5173 3129 5226 Dacia
3164 5172 3328 5236 sedis,
3359 5182 3414 5225 ut
3447 5179 3624 5224 nostra
3651 5179 3736 5223 est

2157 5249 2483 5310 eottjectura,
2508 5246 2812 5312 episcopus,
2832 5243 3147 5297 catholicam
3168 5243 3442 5305 deserens,
3462 5241 3526 5294 ad
3549 5255 3736 5294 eorum

2161 5316 2372 5368 transiit
2403 5315 2648 5369 ltmresim
2681 5315 2768 5383 qui
2803 5313 3009 5367 PltOtini
3041 5327 3247 5367 venena
3286 5313 3641 5375 sectabantur,
3669 5319 3738 5383 _et

2157 5386 2425 5438 Christum
2469 5385 2630 5437 Deum
2665 5380 2948 5452 negabant,
2992 5384 3260 5437 hominem
3308 5391 3508 5435 tantum
3541 5380 3739 5452 pragdi-

2162 5465 2366 5509 cantes.
2444 5451 2756 5507 Bonosiacos
2812 5455 2929 5522 ejus
2988 5454 3278 5522 discipulos
3334 5460 3527 5506 vocant
3577 5451 3740 5503 etiam

2161 5526 2385 5577 euncilia
2411 5525 2722 5578 Arelatense
2763 5540 2795 5578 ll
2820 5535 2872 5579 et
2900 5525 3283 5579 Aurelianense
3326 5538 3418 5587 tu;
3449 5522 3741 5588 Gregorius

2162 5609 2290 5646 vero
2336 5609 2558 5661 magnus
2596 5593 2934 5660 Bonosianos,
2979 5597 3114 5649 libro
3155 5609 3227 5655 lx,
3274 5592 3500 5661 epistola
3541 5593 3631 5659 61,
3674 5592 3742 5644 ad

2165 5664 2441 5728 Quirinum
2476 5674 2526 5721 et
2555 5665 2685 5722 alios
2716 5665 2993 5732 episcopos
3023 5663 3313 5721 llibernite.
