4024 6172
297 260 391 312 El?

1703 266 2036 324 EPISTULA
2077 271 2162 327 111.

3465 296 3560 352 218

296 381 475 426 noster
506 373 679 426 mo’rte
710 370 890 427 finitus
921 372 1009 438 sit,
1041 374 1131 444 qui
1162 390 1265 429 non
1298 375 1467 444 potuit
1496 391 1601 430 non
1633 377 1877 447 aliquan-
1904 381 1955 438 Α
1984 402 2149 442 sano;
2198 398 2253 445 ει
2299 399 2439 447 metu
2488 396 2765 455 οοηνεειυε
2811 408 2916 470 εει,
2959 402 3100 471 quod
3149 404 3363 462 agdn",
3399 427 3559 467 meo.

295 462 454 513 tutam
488 472 715 514 mortem
752 476 846 529 pro
881 464 1069 517 matris
1109 466 1430 520 mortalitate
1467 466 1697 531 debere,
1731 468 1879 520 solu-

293 558 443 605 turus
468 554 833 607 conditionem
861 554 1091 608 obeundi
1118 555 1432 624 legitimam,
1458 557 1552 610 sed
1578 558 1880 625 corruptiu-

290 658 406 698 nem
438 658 536 712 pro
567 645 879 712 resurgendi
909 645 1155 699 instantia
1187 661 1291 701 non
1320 647 1569 703 visurus?
1598 648 1768 715 Quam
1802 650 1878 705 le-

286 749 400 803 gem
448 734 733 803 utriusque
783 746 988 790 natura:
1030 737 1352 806 signiﬁcavit
1403 738 1471 794 fel
1519 739 1690 805 istud,
1734 740 1874 809 quod

283 833 552 891 gustatum
583 824 754 878 noluit
784 824 985 890 bibere,
1014 826 1139 880 dum
1172 838 1401 882 mortem
1429 844 1587 898 quam
1613 843 1681 883 ex
1703 830 1874 885 Adam

284 923 508 983 parente
532 931 723 971 omnes
742 916 1025 983 debemus,
1052 933 1147 987 pro
1171 918 1450 975 divinitate
1472 919 1641 974 noluit
1664 920 1869 987 bibere,

282 1007 374 1060 sed
404 1006 596 1062 debuit
632 1023 727 1076 pro
770 1008 1171 1077 dispensatione
1200 1020 1438 1081 gustare.
1485 1012 1554 1066 At
1585 1027 1713 1067 vero
1748 1029 1870 1068 cum

281 1097 483 1152 factum
510 1110 591 1154 est
621 1100 761 1169 quod
789 1101 1069 1169 Apostolus
1092 1102 1246 1163 dixit,
1269 1102 1409 1171 quod
1435 1119 1702 1173 resurgens
1723 1103 1873 1159 Citri-

280 1199 388 1243 stus
413 1191 531 1261 jam
562 1208 665 1245 non
696 1194 937 1258 moritur,
978 1203 1026 1247 et
1054 1210 1191 1248 mars
1214 1194 1259 1248 ei
1292 1196 1427 1248 ultra
1456 1212 1557 1249 non
1586 1197 1871 1251 dominabi-

281 1290 365 1334 tur
393 1280 575 1352 (Rom.
601 1298 675 1348 vi,
706 1284 793 1353 9);
826 1284 1019 1338 audeat
1046 1299 1215 1354 nunc,
1247 1286 1291 1341 si
1320 1286 1451 1355 quid
1483 1288 1620 1342 valet
1655 1289 1868 1344 haereti-

279 1383 393 1437 cus,
427 1381 521 1425 aut
548 1370 820 1428 Christum
840 1376 975 1433 ,sine
1008 1376 1135 1442 Deo,
1167 1385 1258 1430 aut
1298 1377 1415 1432 sine
1447 1377 1664 1434 homine
1697 1380 1862 1435 Deum

278 1462 545 1519 conﬁteri.
606 1465 863 1521 Abfucrat
908 1477 1124 1522 sanctus
1170 1468 1402 1525 Thomas
1446 1471 1625 1542 (Joan.
1664 1489 1756 1540 xx,
1795 1473 1866 1530 ει

278 1556 439 1627 seq.),
495 1571 620 1613 cum
670 1572 918 1614 reversus
948 1560 1194 1615 Salvator
1240 1576 1271 1616 a
1310 1566 1533 1619 mortuis
1579 1568 1862 1635 prmsentia

276 1646 470 1700 visibili
508 1649 929 1717 praestolantium
972 1650 1357 1721 discipulorum
1404 1664 1526 1710 vota
1566 1667 1855 1727 repararet,

1984 478 2088 533 Sed
2120 493 2267 536 caret
2295 484 2538 541 remedio
2567 498 2756 557 sponte
2783 491 2947 559 petita
2976 491 3222 554 debilitas
3255 516 3268 551 :
3309 502 3560 572 quidquid

1980 569 2108 626 libet
2137 574 2504 631 medicaminis
2532 581 2701 635 oculis
2734 574 3081 652 lippientibus
3112 569 3557 662 imponatur,_cu-

1978 661 2085 715 rari
2118 677 2221 715 non
2251 675 2429 732 potest
2457 667 2545 736 qui
2577 681 2805 729 e'ecatus
2838 675 2914 731 ire
2941 661 3198 735 delectat.
3225 681 3333 737 Aut
3360 685 3478 754 quis
3504 685 3558 742 in

1979 750 2068 803 tali
2099 752 2459 813 ob8tinatione
2497 773 2624 815 usus
2652 764 2927 820 oculorum
2956 778 3058 835 est,
3091 772 3182 840 qui
3223 750 3407 829 verum
3440 772 3556 831 esse

1977 843 2309 911 renuitquod
2335 850 2524 903 annuit
2549 852 2752 908 visum?
2779 858 2931 925 quasi
2966 875 3068 915 non
3099 863 3272 917 minus
3300 866 3365 919 sit
3389 866 3555 922 Deum

1973 941 2283 999 penetrasse
2310 941 2580 1006 conclusa,
2607 958 2762 1012 quam
2794 947 2993 1003 homini
3020 953 3255 1019 patuisse
3278 955 3553 1011 cmlestia:

1974 1024 2063 1091 qui
2104 1036 2281 1081 tamen
2330 1031 2442 1084 suis
2488 1044 2607 1100 post
2651 1040 3099 1098 resurrectionem
3142 1060 3285 1114 serpe
3332 1056 3553 1105 testatus

1970 1120 2053 1166 est
2077 1130 2092 1166 :
2116 1113 2333 1187 Palpate
2356 1129 2403 1173 et
2429 1122 2613 1185 videte,
2636 1128 2755 1196 quia
2779 1131 2988 1200 spiritus
3014 1113 3229 1190 carnem,
3245 1147 3291 1190 et
3319 1155 3432 1192 ossa
3452 1155 3553 1193 non

1970 1202 2137 1269 habet,
2167 1208 2296 1260 sicut
2336 1226 2415 1263 me
2455 1214 2634 1269 videtis
2672 1216 2856 1273 habere
2892 1221 3045 1291 (Luc.
3069 1241 3217 1291 ntv,
3246 1228 3361 1298 39).
3412 1231 3549 1297 Quid

1968 1294 2193 1363 Eutychi
2228 1307 2332 1353 tam
2362 1302 2637 1383 clausum?
2666 1309 2794 1377 quid
2826 1323 3012 1367 contra
3043 1294 3547 1383 phantasm-atartam

1966 1388 2249 1453 apertum?
2282 1379 2437 1445 velut'
2463 1395 2507 1447 si
2534 1395 2694 1461 dicat,
2729 1401 2922 1456 molem
2961 1407 3163 1461 ossium
3202 1412 3549 1482 carniumque

1966 1478 2174 1545 species
2221 1490 2444 1536 ventura
2490 1501 2596 1540 non
2644 1490 2855 1560 recipit.
2896 1492 3079 1550 Noluit
3121 1513 3202 1563 se,
3247 1501 3331 1555 vel
3374 1478 3546 1559 solum

1963 1568 2253 1636 quemlibet
2299 1572 2505 1641 virum,
2556 1575 2659 1633 hoc
2706 1589 2789 1634 est
2832 1582 2950 1638 sine
2996 1599 3249 1657 corpore,
3299 1592 3548 1658 spiritum

1961 1658 2069 1713 dici
2100 1677 2112 1712 :
2139 1662 2234 1717 sed
2271 1672 2327 1718 ut
2365 1665 2522 1721 talem
2560 1673 2957 1739 recognoscatis
3001 1677 3052 1730 in
3080 1677 3301 1747 judicio,
3336 1684 3546 1752 qualem

274 1746 320 1793 et
350 1740 697 1794 vacillantem
745 1740 1138 1810 quodammodo
1189 1743 1345 1799 fidem
1394 1760 1611 1801 suorum
1656 1748 1861 1804 revale—
1889 1734 1935 1793 Β
1963 1751 2165 1808 redisse
2206 1758 2514 1826 conspicitis
2551 1775 2582 1817 e
2619 1734 2888 1833 sepulcro.
2935 1734 3096 1826 Unde
3124 1772 3231 1841 jam
3277 1734 3399 1844 post
3428 1793 3548 1847 pas-

272 1846 427 1885 scens
457 1846 486 1883 a
521 1833 746 1887 mortuis
775 1834 881 1888 vita
915 1844 1282 1904 componeret.
1325 1836 1583 1893 Referunt
1618 1854 1748 1910 ergo
1774 1842 1858 1896 di-

271 1922 463 1991 scipuli
497 1922 782 1979 Dominum
825 1940 884 1979 se
917 1924 1139 1982 vidisse.
1187 1926 1355 1997 Negat
1391 1928 1486 1985 ille
1525 1944 1585 1986 se
1613 1931 1858 2001 credere,

270 2028 365 2067 nec
409 2028 473 2067 se
513 2014 881 2070 adhibiturum
919 2018 1187 2074 ullatenus
1231 2020 1386 2075 fidem
1434 2024 1714 2091 promittit,
1758 2025 1860 2080 nisi

270 2104 729 2173 contemplatione
766 2117 1039 2177 percepta.
1082 2108 1373 2165 Transacto
1401 2114 1656 2182 temporis
1694 2115 1861 2170 inter-

271 2196 428 2260 vallo,
454 2198 847 2267 superveniens
877 2200 1114 2254 secundo
1141 2201 1317 2268 Jesus,
1348 2203 1442 2258 sed
1468 2204 1577 2273 jam
1608 2207 1859 2263 omnibus

269 2288 444 2352 simul,
466 2288 617 2357 pacis
642 2290 962 2346 salutatione
985 2293 1282 2362 praemissa,
1304 2296 1476 2364 arguit
1496 2296 1858 2366 increpatione

270 2378 551 2432 mitissima
585 2380 889 2435 cunctantis
915 2383 1157 2450 Apostoli
1188 2384 1490 2439 tarditatem
1518 2403 1533 2442 :
1561 2397 1613 2441 et
1634 2386 1858 2456 jubente

270 2475 517 2535 Drmino.
568 2490 636 2529 ne
682 2476 857 2530 adhuc
904 2491 1091 2545 parum
1137 2479 1207 2532 sit
1254 2479 1395 2548 quod
1436 2479 1582 2534 visus
1622 2480 1854 2549 judicat,

266 2564 423 2619 ﬁdem
457 2574 631 2619 tactus
656 2566 925 2635 explorat.
960 2565 1128 2636 Infer,
1163 2568 1357 2639 inquit,
1387 2570 1604 2640 digitum
1633 2582 1776 2625 tuum
1804 2575 1856 2627 in

264 2656 398 2709 latus
437 2673 628 2722 meum,
663 2668 709 2711 et
749 2659 856 2711 noli
894 2675 1002 2713 esse
1034 2660 1326 2733 ambigens,
1359 2664 1446 2717 sed
1473 2664 1642 2731 ﬁdelis
1674 2665 1853 2735 (Ioan.

264 2764 357 2814 xx,
382 2747 481 2816 27)
510 2767 521 2799 :
548 2749 638 2818 qui
671 2750 853 2819 utique
883 2750 1324 2808 iuexcusabiliter
1347 2753 1456 2824 jam
1487 2758 1855 2823 perseverabis

264 2839 599 2905 incredulus,
646 2854 765 2894 cum
795 2841 1058 2910 palpando
1100 2844 1343 2901 reddaris
1388 2856 1661 2914 expertus.
1694 2849 1856 2905 Scru-

262 2939 403 2983 tatur
454 2930 548 2984 ille
589 2931 754 3001 digito
803 2934 1023 3004 vestigia
1067 2937 1353 3004 passionis.
1399 2937 1754 2995 Permanebat
1797 2950 1854 2996 ut

261 3022 518 3077 indictum
556 3024 729 3078 fuerat
768 3026 1034 3081 medicum
1073 3030 1287 3098 vulnus,
1328 3040 1382 3085 et
1412 3031 1645 3088 hiulcum
1676 3043 1847 3091 trans-

258 3118 444 3185 puncti
487 3117 672 3171 lateris
701 3118 899 3173 aditum
930 3120 1075 3175 felici
1106 3122 1302 3177 indicio
1332 3124 1509 3179 vitalis
1550 3126 1698 3195 plaga
1736 3142 1851 3183 ser-

258 3209 442 3262 vabat.
517 3207 562 3262 Τ
569 3223 672 3263 unc
718 3212 932 3265 demum
977 3211 1031 3267 in
1075 3216 1421 3285 semetipsum
1486 3233 1755 3286 reversus,
1794 3229 1851 3276 et

256 3312 444 3355 sancto
493 3301 822 3359 illuminatus
868 3319 1115 3375 corpore,
1156 3308 1296 3363 Deus
1338 3327 1500 3379 meus,
1549 3312 1751 3382 inquit,
1801 3324 1850 3369 et

255 3391 514 3447 Dominus
534 3411 695 3450 meus.
725 3396 883 3465 Quid,
917 3413 1069 3466 rogo,
1093 3415 1247 3455 sacer
1275 3403 1553 3468 apostolus
1580 3403 1649 3459 de
1678 3406 1841 3460 caele-

254 3488 422 3541 stibus
456 3488 725 3542 intellexit
753 3488 805 3542 in
846 3491 1041 3545 carne?
1084 3493 1208 3561 quid
1239 3495 1463 3549 curiosae
1494 3511 1685 3552 manus
1715 3506 1847 3553 atta-

254 3584 337 3629 ctu
369 3576 613 3633 divinum
638 3580 808 3633 sensit
847 3580 899 3634 in
928 3582 1185 3637 vulnere?
1216 3584 1316 3638 nisi
1345 3585 1465 3655 quia
1492 3588 1602 3655 jam
1636 3589 1843 3658 pridem

253 3666 542 3731 didicerat,
580 3669 851 3724 Christum
879 3672 997 3726 sine
1023 3672 1134 3728 Deo
1162 3689 1281 3730 esse
1308 3691 1414 3730 non
1444 3692 1622 3746 posse,
1651 3688 1706 3734 et
1734 3683 1846 3736 haec

253 3755 363 3823 ipsa
395 3758 623 3812 vulnera
656 3775 773 3827 qua:
804 3761 1073 3831 palpahat,
1108 3766 1453 3833 prmvaluisse
1485 3770 1704 3837 quidem
1750 3773 1845 3826 ho-

251 3850 401 3916 mini,
438 3850 535 3905 sed
567 3852 793 3907 cessisse
823 3854 1010 3911 victori
1044 3874 1057 3909 :
1092 3866 1268 3911 tamen
1300 3874 1397 3914 nec
1426 3860 1643 3918 attici-re
1672 3874 1844 3920 morte

251 3943 349 3995 nisi
384 3943 686 4013 hominem,
729 3962 828 4002 nec
855 3949 996 4003 vinci
1024 3966 1053 4004 a
1082 3950 1191 4006 Iteo
1218 3952 1321 4008 nisi
1356 3957 1713 4010 resuscitante
1745 3973 1841 4024 po-

252 4047 494 4092 tucrunt.
547 4039 645 4095 Hie
686 4042 895 4112 itaque,
946 4061 1140 4115 magno
1194 4048 1573 4105 miraculorum
1623 4060 1842 4122 stupore

252 4129 493 4184 conclusi
521 4171 538 4196 ,
587 4146 707 4187 cum
758 4135 980 4190 audiunt
1027 4138 1306 4194 Dominum
1354 4153 1592 4197 nostrum
1639 4146 1838 4214 recepti

252 4222 493 4288 corporis
526 4220 655 4290 situ,
681 4224 943 4281 visibilem
970 4228 1159 4296 oculis,
1189 4231 1472 4302 digitisque
1500 4234 1837 4303 palpabilem,

253 4314 430 4368 locum
473 4332 582 4385 quo
613 4319 853 4388 Apostoli
903 4336 1222 4377 consuerant
1275 4325 1473 4380 clausis
1523 4326 1724 4382 foribus
1766 4329 1841 4382 in-

253 4408 467 4471 misso,
502 4409 568 4463 ad
600 4410 858 4467 familiare
893 4426 1256 4471 commentum
1296 4418 1569 4473 asserendi
1617 4422 1837 4488 phanta-

254 4500 470 4565 smatis,
516 4511 571 4556 et
617 4518 712 4570 per
750 4504 963 4561 fallaces
1008 4508 1241 4562 inanium
1291 4509 1605 4564 nebularum
1654 4512 1837 4568 fraude

253 4592 582 4659 prseStigias,
617 4593 802 4648 iilusos
832 4594 1077 4651 humana:
1116 4599 1358 4668 caliginis
1396 4610 1695 4669 queruntur
1733 4604 1833 4657 ob-

253 4687 418 4734 tutus.
456 4682 704 4737 Sentiunt
747 4686 889 4740 etim
930 4688 979 4741 in
1022 4688 1144 4742 facti
1183 4691 1549 4757 magnitudine
1584 4694 1833 4761 quiddam

251 4768 516 4831 divinum.
557 4773 903 4843 vigoremque
957 4776 1100 4833 illius
1145 4779 1456 4846 subtiltatis,
1492 4798 1597 4850 quo
1636 4784 1836 4842 foribus

249 4860 515 4916 obseratis
559 4866 831 4931 penemsle
875 4875 1142 4923 secretum
1183 4869 1297 4926 sine
1338 4872 1485 4927 aditu
1527 4888 1719 4945 corpus
1751 4877 1834 4933 in-

250 4954 502 5015 travo-rit,
548 4970 615 5009 ne
658 4968 915 5025 cogantur
955 4957 1134 5014 facere
1182 4962 1462 5019 mirificum
1488 5005 1504 5031 ,
1552 4968 1835 5023 commini-

247 5058 474 5101 scuntur
516 5050 802 5105 incertum.
850 5052 999 5120 Quod
1039 5054 1216 5109 videte
1250 5057 1317 5112 ad
1349 5067 1599 5127 quantam
1630 5072 1834 5126 Speclet

248 5137 553 5193 Divinitatis
586 5140 853 5208 injuriam,
888 5145 931 5196 si
963 5146 1204 5199 veritatis
1245 5148 1514 5216 magister,
1559 5150 1647 5219 qui
1680 5153 1834 5210 nobis

243 5229 409 5280 etiam
448 5230 735 5285 verborum
765 5234 1041 5289 mendacia
1070 5236 1359 5303 interdicit,
1392 5239 1505 5308 ipse
1536 5240 1689 5296 factis
1716 5259 1833 5299 cre-

243 5317 409 5370 datur
444 5320 684 5385 potuisse
716 5323 949 5376 mentiri.
986 5324 1175 5379 Procul
1209 5326 1370 5381 dubio
1397 5329 1538 5383 enim
1571 5333 1832 5387 mendacii

239 5423 417 5476 genus
449 5410 609 5476 foret,
642 5413 687 5466 si
715 5414 853 5481 quod
886 5415 1001 5484 ipse
1042 5432 1144 5470 non
1189 5417 1366 5482 fuerit,
1395 5435 1454 5475 se
1488 5422 1633 5475 credi
1664 5438 1691 5475 a
1720 5425 1831 5491 suis

241 5513 293 5548 γε
316 5498 399 5563 lit,
442 5510 495 5555 et
521 5511 798 5575 putaretur
830 5502 1026 5559 factum
1065 5522 1093 5559 a
1121 5506 1357 5575 Christo,
1401 5510 1539 5579 quod
1574 5527 1677 5568 non
1710 5516 1835 5571 licet

240 5590 425 5645 facere
468 5592 791 5649 Christiano.
860 5596 961 5663 Qui
1005 5597 1069 5651 ad
1117 5601 1542 5667 cognoscendam
1594 5608 1831 5676 mysterii

238 5682 705 5751 dispensatiottcm
759 5697 811 5743 ct
869 5689 983 5743 visu
1042 5689 1368 5761 instructus,
1435 5694 1574 5765 quod
1634 5698 1831 5755 suflicit

1963 1845 2129 1901 sionis
2168 1854 2462 1907 certamina
2508 1857 2868 1926 triumphator
2908 1863 3039 1917 nihil
3080 1867 3295 1935 quidem
3337 1845 3543 1937 habuit,

1960 1937 2101 2005 quod
2135 1941 2461 1998 mundanum
2495 1947 2787 2017 indigentia
2818 1953 3040 2009 redivivi
3072 1960 3316 2027 corporis
3364 1972 3547 2029 postu-

1960 2026 2114 2083 laret.
2155 2028 2272 2085 Non
2311 2032 2388 2087 illi
2428 2036 2624 2105 quippe
2661 2049 2753 2094 aut
2790 2040 2959 2098 fames
2996 2026 3194 2114 cibum,
3232 2058 3323 2104 aut
3362 2026 3543 2119 potum

1958 2119 2097 2189 sitis,
2129 2129 2239 2181 aut.
2256 2126 2493 2194 requiem
2535 2129 2706 2197 labor,
2738 2143 2830 2188 aut
2865 2150 3109 2193 somnum
3138 2145 3384 2210 p0poscit
3413 2161 3543 2215 ope-

1960 2213 2115 2267 ratio.
2169 2214 2300 2282 Quae
2325 2220 2503 2273 omnia
2534 2237 2640 2277 non
2673 2225 2845 2280 solum
2876 2228 2929 2281 in
2958 2232 3133 2301 capite
3163 2244 3368 2303 nostro,
3400 2213 3542 2306 quod

1958 2309 2041 2355 est
2066 2301 2337 2372 Christus,
2370 2309 2561 2379 exigua
2593 2312 2681 2365 illa
2713 2315 2858 2382 parvi
2890 2322 3147 2388 temporis
3178 2301 3364 2379 morte
3379 2301 3543 2381 deco-

1960 2400 2043 2447 cta
2077 2404 2201 2448 sunt
2227 2413 2239 2448 :
2270 2398 2364 2451 sed
2408 2402 2570 2455 etiam
2614 2403 2666 2457 in
2711 2405 2865 2461 nobis
2900 2407 2978 2463 sic
3019 2426 3189 2481 usque
3228 2414 3293 2468 ad
3336 2416 3541 2474 obitum

1958 2483 2237 2549 valebunt,
2278 2489 2419 2558 quod
2462 2497 2858 2551 resurrectione
2900 2498 3152 2556 finientur
3187 2519 3202 2557 :
3243 2514 3298 2560 et
3338 2514 3540 2573 tamen,

1960 2585 2014 2628 ut
2036 2576 2215 2633 dicere
2242 2594 2532 2650 cmperam,
2560 2601 2679 2640 cum
2707 2590 2950 2644 membra
2980 2591 3068 2647 illa
3096 2593 3381 2661 dominica,
3413 2601 3540 2658 nulli

1952 2665 2061 2734 jam
2095 2668 2403 2740 indigentiae
2438 2675 2670 2732 obnoxia
2712 2687 3042 2749 tenerentur,
3077 2684 3143 2738 ad
3181 2689 3539 2758 suspicionem

1958 2759 2344 2825 phantasmatis
2400 2779 2619 2822 suorum
2677 2772 2930 2827 cordibus
2984 2776 3362 2845 eximendam,
3419 2797 3538 2837 cum

1956 2853 2214 2919 apostolis
2242 2856 2386 2912 visus
2414 2867 2519 2924 est,
2548 2860 2724 2918 cibum
2751 2864 2912 2932 jussit
2938 2868 3154 2936 apponi,
3187 2871 3379 2939 quibus
3407 2888 3537 2929 con-

1955 2943 2098 2997 vesei
2134 2947 2417 3002 commissa
2464 2950 2837 3012 benedictione
2866 2957 3112 3028 dignatus
3142 2971 3241 3016 est.
3281 2963 3430 3030 Quod
3463 2965 3537 3019 fa-

1954 3032 2170 3090 ciebant
2214 3036 2289 3092 illi
2330 3038 2505 3097 adhuc
2546 3058 2647 3112 pro
2687 3044 3055 3115 redemptione
3093 3053 3363 3119 corporis,
3416 3054 3535 3110 lecit

1956 3127 2127 3184 bonus
2151 3132 2407 3201 magister
2428 3149 2523 3201 pro
2553 3137 2863 3193 testimonio
2888 3141 3150 3197 veritatis.
3180 3143 3290 3199 Nisi
3316 3144 3535 3205 forsitan

1953 3218 2096 3274 dicat
2156 3222 2544 3290 phantasmatis
2607 3230 2943 3297 prmdicator,
3008 3234 3290 3303 caliginem
3357 3236 3530 3307 illam,

1952 3312 2314 3368 membrorum
2334 3317 2567 3385 speciem
2592 3319 2969 3389 seductricem,
2990 3339 3108 3394 qum
3131 3328 3534 3395 opponebantur

1948 3416 2243 3471 assumere,
2281 3421 2380 3461 nec
2414 3423 2592 3463 escam
2634 3410 2782 3464 illam
2816 3413 3054 3481 pignoris
3084 3418 3253 3470 sancti
3285 3417 3334 3470 iu
3365 3418 3531 3473 domi-

1951 3495 2124 3550 nicum
2166 3512 2361 3567 corpus
2397 3501 2512 3555 sine
2550 3517 2716 3557 onere
2761 3508 3120 3576 corruptionis
3160 3509 3392 3579 intrare,
3438 3513 3533 3567 sed

1950 3585 2163 3642 inanem
2216 3599 2458 3645 ventrem
2508 3592 2696 3647 incerti
2740 3609 2867 3650 esus
2925 3612 3147 3667 gravare
3184 3602 3511 3670 ponderibus

1947 3677 2115 3743 Quem
2156 3689 2302 3736 certe
2337 3691 2547 3750 pastum
2590 3684 2781 3740 fallens
2814 3686 3018 3756 imago,
3050 3698 3139 3743 aut
3169 3690 3346 3746 futura
3375 3704 3456 3748 est
3487 3709 3529 3749 si

1946 3769 2235 3838 suhripuit,
2267 3780 2357 3826 aut
2380 3788 2486 3828 non
2515 3784 2595 3828 est
2624 3778 2791 3842 aeria,
2823 3779 2867 3832 si
2903 3780 3155 3835 comedit.
3199 3781 3322 3837 Scio
3355 3794 3529 3839 tamen

1945 3862 2086 3927 quod
2129 3877 2235 3917 non
2265 3866 2400 3919 alter
2441 3880 2599 3934 quam
2628 3866 2895 3933 Christus,
2948 3870 3087 3925 inter
3133 3886 3380 3942 suprema
3424 3874 3528 3928 cibi

1946 3951 2088 4006 illius
2111 3954 2435 4009 monimenta
2467 3964 2721 4010 testatur:
2751 3958 2887 4024 Quia
2908 3972 3103 4031 oportet
3129 3962 3333 4029 impleri
3359 3967 3526 4018 omnia

1942 4060 2054 4111 qua:
2080 4046 2272 4113 scripta
2298 4057 2416 4099 sunt
2449 4048 2504 4100 in
2535 4048 2645 4119 lege
2678 4060 2725 4103 et
2754 4053 3015 4122 praphetis
3044 4063 3090 4105 et
3119 4054 3329 4123 psalmis
3360 4057 3422 4109 de
3450 4075 3527 4112 me

1944 4134 2130 4206 (lbid.,
2159 4136 2277 4207 44).
2324 4139 2390 4193 Et
2439 4154 2537 4194 nos
2577 4156 2741 4209 pauca
2792 4145 3162 4214 exemplorum
3214 4148 3523 4217 quaerimus,

1942 4242 2061 4281 cum
2114 4229 2204 4283 ille
2248 4230 2467 4285 omnino
2505 4231 2836 4301 Scripturam
2883 4236 2935 4289 in
2982 4251 3077 4291 sua
3130 4236 3273 4292 dicat
3323 4240 3525 4297 unitate

1941 4320 2221 4388 compleri.
2256 4320 2324 4375 Et
2356 4331 2468 4390 post
2497 4324 2622 4390 hare,
2659 4325 2848 4396 inquit,
2889 4343 3001 4381 cum
3031 4328 3341 4385 benediceret
3380 4349 3521 4402 suos,

1945 4410 2201 4479 ferebatur
2231 4414 2282 4466 in
2309 4414 2488 4467 calum
2520 4413 2707 4485 (Ibid.,
2736 4415 2847 4487 51).
2881 4417 3091 4474 Recede
3121 4422 3325 4488 procul,
3361 4422 3519 4493 Euty-

1942 4502 2091 4568 ches,
2131 4518 2250 4558 cum
2297 4506 2580 4575 praestigiis
2621 4522 2753 4577 quas
2792 4510 2970 4563 animo
3004 4511 3321 4579 concepisti.
3366 4512 3522 4567 Solus

1941 4590 2041 4645 hac.
2080 4592 2452 4650 benedictione
2486 4605 2690 4662 careat,
2731 4598 2818 4667 qui
2859 4613 2918 4653 se
2958 4614 2987 4653 a
3019 4600 3390 4669 phantasmate
3432 4611 3523 4658 aut

1940 4683 2184 4739 benedici
2234 4685 2444 4741 lmtatur
2489 4698 2583 4742 aut
2629 4689 2842 4745 redimi.
2890 4690 3104 4747 Interim
3153 4692 3422 4749 ferebatur
3466 4696 3520 4751 in

1940 4775 2132 4830 caelum
2158 4775 2325 4830 Filius
2357 4777 2609 4848 hominis,
2641 4781 2731 4851 qui
2759 4791 2873 4836 erat
2905 4783 2956 4837 in
2986 4787 3124 4839 ccelo
3145 4785 3346 4841 dudum
3379 4804 3515 4857 prae-

1940 4866 2187 4932 scientia,
2228 4883 2366 4921 nunc
2405 4879 2613 4924 natura.
2669 4870 2778 4926 Nec
2820 4873 2999 4942 aliquo
3034 4876 3290 4944 angelicae
3329 4893 3516 4935 manus

1941 4959 2171 5026 auxilio,
2203 4975 2504 5029 quanquam
2536 4962 2734 5030 portari
2764 4960 2999 5031 dicatur,
3033 4965 3284 5035 iudiguit;
3315 4970 3409 5023 sed
3440 4972 3514 5024 fe-

1938 5051 2094 5105 rebat
2118 5052 2303 5106 matris
2329 5051 2491 5105 tilium
2520 5053 2655 5107 illius
2684 5054 2878 5122 patris;
2911 5055 3021 5110 ibat
3049 5058 3187 5125 quod
3216 5058 3354 5113 Deus
3379 5070 3513 5124 erat,

1940 5143 2080 5213 quod
2108 5144 2289 5211 homo,
2318 5143 2605 5200 ferebatur.
2656 5146 2877 5201 Patebat
2906 5148 3147 5203 redeunti
3178 5160 3326 5218 porta
3356 5152 3517 5207 caele-

1939 5236 2057 5299 stis,
2090 5245 2141 5290 et
2172 5234 2341 5290 Deum
2374 5251 2528 5291 suum
2570 5252 2689 5291 cum
2720 5252 2938 5293 accessu
2969 5240 3209 5309 coiporis
3242 5252 3512 5299 reverten-

1941 5334 2047 5381 tem
2075 5328 2347 5397 originalis
2374 5329 2559 5397 patria:
2588 5330 2800 5383 claritas
2830 5329 3109 5385 invitabat.
3138 5332 3253 5400 Quo
3274 5342 3514 5402 recepto,

1938 5418 2077 5486 Duo,
2102 5420 2293 5491 inquit,
2314 5423 2483 5492 angeli
2503 5423 2787 5488 astiterunt,
2809 5422 3079 5492 Apostolis
3108 5426 3184 5481 sic
3207 5427 3511 5495 loquentes:

1943 5512 2053 5566 Viri
2082 5511 2303 5577 Galilwi,
2327 5511 2476 5565 Jesus
2506 5514 2585 5567 hic
2611 5515 2698 5583 qui
2726 5528 2952 5583 receptus
2983 5526 3056 5571 est
3085 5535 3117 5570 a
3145 5518 3281 5571 vobis
3313 5515 3448 5586 (Act.
3476 5533 3513 5583 t,

1938 5605 2047 5674 ll),
2077 5605 2128 5659 id
2156 5615 2258 5671 est,
2290 5620 2447 5675 quem
2476 5605 2527 5659 in
2557 5607 2683 5661 sede
2714 5606 2888 5673 Pater,
2922 5622 3017 5663 seu
3046 5622 3203 5677 quem
3240 5620 3339 5661 vos
3365 5623 3510 5664 rece-

1936 5699 2087 5768 pistis
2121 5698 2173 5754 iu
2203 5698 2327 5769 (ide,
2364 5698 2438 5753 sic
2485 5700 2665 5769 veniet,
2705 5699 3125 5771 quemadmodum
3160 5698 3359 5755 vidistis
3391 5717 3508 5757 eum
