4046 6170
459 237 564 291 Si!)

1739 226 1797 283 S.
1840 220 2021 280 AVITI
2058 219 2462 279 VIENNENSIS

3628 211 3727 267 2Ξο

455 362 652 404 euntem
682 350 734 402 in
764 346 965 404 (mlum.
1010 348 1217 403 llabent
1246 361 1379 417 ergo
1409 347 1461 401 in
1492 345 1592 399 boc
1622 355 1870 397 sermone
1899 335 2038 407 quod
2070 331 2121 390 A
2150 337 2396 407 ambiguo
2421 334 2798 404 quaestionum,
2842 340 2936 387 aut
2977 330 3169 401 dignus
3208 327 3467 397 rescripto
3499 327 3730 395 posteris

458 451 675 511 sperent
705 440 895 510 quibus
924 440 1238 509 phantasma
1271 438 1479 492 videtur
1511 449 1631 490 esse
1662 431 1803 503 quod
1833 440 2041 500 gestum

456 540 558 595 est,
589 531 633 585 si
676 530 751 584 sic
790 530 965 584 veniet
1004 528 1276 598 quomodo
1316 526 1525 581 v'distis
1563 540 1685 580 eum
1730 529 1945 577 euntem
1988 520 2041 573 in

459 625 675 679 caelum.
729 622 829 677 Ubi
865 622 1114 675 videbunt
1164 619 1411 673 catholici
1453 632 1609 688 quem
1653 614 1915 677 ambiunt,
1953 609 2046 662 ad-

460 714 679 768 versarii
717 728 873 783 quem
912 712 1281 775 coulixerunt;
1325 710 1413 764 tibi
1442 710 1507 762 ad
1542 707 1728 762 eadem
1767 705 2041 760 clavorum

461 805 681 874 vestigia
714 820 833 873 qure
862 811 1107 867 cernunt,
1140 804 1222 857 vel
1256 802 1373 856 illos
1405 802 1554 872 ignes
1579 800 1851 870 Eutycbes
1880 797 2045 850 simu-

462 898 596 951 latos
621 905 807 964 putare
828 896 1054 960 desinat,
1074 897 1266 965 quibus
1290 904 1409 964 post
1430 891 1812 961 phantasmatis
1842 890 2041 942 fumum

462 1001 579 1039 sera
624 986 957 1055 paenitudine
1003 994 1260 1055 perpetuo
1304 985 1463 1038 torris
1508 982 1734 1038 ardebit.
1785 981 1862 1035 Ad
1894 980 2046 1048 eujus

462 1077 743 1144 ptistinum
779 1077 969 1146 dogma
1005 1076 1391 1140 denotantlum,
1431 1076 1511 1130 vel
1557 1072 1902 1143 corrigendos
1943 1072 2045 1125 ali-

463 1166 795 1237 quantisper,
847 1170 986 1221 sicut
1028 1167 1319 1236 optandum
1366 1178 1469 1233 est,
1512 1175 1828 1231 sectatores,
1880 1178 2045 1232 pauca

468 1260 581 1313 haec
608 1258 753 1314 dixis
784 1275 813 1314 e
839 1259 1069 1314 sufﬁciat
1101 1277 1112 1311 :
1151 1267 1208 1313 ut
1235 1275 1297 1312 ex
1332 1258 1682 1313 similitudine
1710 1257 2044 1312 testimonio.

467 1365 583 1403 rum
615 1365 734 1420 qua:
766 1350 1059 1419 posuimus,
1086 1349 1244 1403 etiam
1275 1348 1373 1417 ipsi
1403 1348 1502 1403 sibi
1534 1347 1836 1402 noeessarie
1863 1361 2049 1400 nume-

466 1441 670 1493 rosiora
717 1440 1047 1509 perquiraut.
1103 1440 1252 1505 Quod
1299 1440 1342 1495 si
1394 1437 1535 1494 forte
1585 1439 1808 1506 pristino
1854 1438 2047 1493 sceleri

467 1530 729 1598 dogmatis
755 1532 855 1598 sui,
875 1541 966 1586 aut
992 1532 1322 1585 inﬁdelitatis
1340 1532 1786 1600 perseverantiam
1814 1541 2048 1599 servant,

467 1630 559 1675 aut
595 1622 792 1691 aliquid
833 1639 983 1677 nova:
1025 1623 1315 1678 molitiods
1358 1624 1695 1679 accumulant
1729 1642 1742 1678 :
1786 1624 2048 1695 siquidem

470 1715 756 1784 peculiaris
786 1717 1091 1772 errantibus
1131 1733 1247 1771 mos
1290 1728 1391 1781 est,
1441 1717 1494 1772 in
1535 1718 1892 1773 obstinatione
1935 1733 2056 1788 per-
2085 1697 2133 1757 Β

474 1822 629 1862 versa
671 1822 885 1877 semper
906 1808 1087 1864 dicere
1115 1809 1251 1864 velle
1281 1825 1385 1879 quo
1414 1820 1639 1880 pereant
1668 1829 1682 1864 :
1716 1811 1862 1866 dabit
1894 1812 2054 1875 Deus,

472 1911 529 1955 ut
572 1901 984 1970 jussu‘vestro,
1032 1916 1261 1972 meoque
1318 1903 1609 1971 famulatu,
1663 1904 1895 1973 pravitas
1940 1919 2057 1973 qure

474 1991 650 2046 adhuc
690 2002 978 2060 augmento
1018 1992 1348 2062 accenditur,
1389 2009 1496 2047 uno
1529 2003 1583 2048 et
1619 2009 1833 2063 semper
1869 1992 2060 2063 aequali

477 2082 871 2152 Scripturarum
903 2082 1202 2138 caelestium
1237 2085 1545 2153 magiSIerIo
1568 2085 1926 2155 propulsetur.

1041 2173 1375 2229 EPISTOLA
1416 2174 1503 2230 IV.

474 2262 651 2319 Avitus
699 2264 998 2319 Viennensis
1045 2266 1311 2334 episcoPus
1357 2267 1544 2320 domito
1574 2266 1894 2321 Gundobado
1932 2270 2058 2337 regi.

546 2358 851 2413 Sciscitatio
901 2366 1079 2412 vestra
1137 2358 1296 2427 plena
1340 2359 1612 2427 religionis
1652 2368 1811 2429 atque
1852 2361 2063 2430 pietatis

474 2456 577 2503 cst.
630 2448 735 2503 Sed
786 2450 912 2518 quia
972 2447 1315 2518 inquisitione
1373 2452 1680 2519 proposita,
1739 2454 2063 2507 consultoris

477 2541 560 2595 vel
598 2540 970 2608 respondentis
1012 2541 1227 2595 nomina
1277 2542 1630 2611 praemisistis,
1672 2544 2059 2613 suggerendum

480 2642 629 2703 puto,
676 2632 840 2688 fuisse
889 2632 942 2687 in
973 2633 1147 2688 Africa
1197 2634 1481 2704 quemdam
1516 2636 1768 2691 Faustum
1793 2647 1818 2673 α
1851 2637 2060 2705 episco-
2094 2706 2103 2711 ν

480 2741 605 2793 pum
653 2732 797 2779 secta
845 2724 1220 2788 Manicbazum,
1263 2726 1640 2795 opusculorum
1686 2729 2061 2799 quorumpiam

482 2818 841 2885 conditorem,
888 2817 1304 2872 exsecrabilium
1354 2833 1523 2885 sane,
1575 2830 1630 2875 et
1690 2821 1742 2875 in
1790 2823 2066 2879 nonnullis

481 2913 643 2967 etiam
673 2926 922 2967 sermone
954 2911 1411 2981 turpissimorum.
1453 2913 1549 2968 Hic
1576 2923 1777 2981 autem,
1808 2928 2063 2986 quantum

482 3002 549 3056 ad
573 3002 802 3057 frontem
849 3004 1099 3071 pertinet,
1150 3003 1304 3073 quasi
1350 3005 1858 3062 abstinentissimam
1901 3008 2062 3063 vitam

2148 428 2473 484 reservando
2520 430 2753 496 potner’t
2802 424 3056 480 inveniri.
3090 420 3389 490 Cujuslibet
3434 427 3611 474 tamen
3639 433 3733 473 eo-

2147 537 2263 575 rum
2294 521 2345 575 in
2372 534 2561 575 manus
2588 532 2796 577 vestras
2826 518 2967 573 dicta
2998 514 3363 587 pervenerint,
3393 520 3598 580 sancte,
3630 511 3733 567 sol-

2148 613 2313 679 licite,
2362 611 2508 681 regie
2554 626 2647 666 vos
2696 618 2995 665 moverunt.
3047 607 3076 646 ι»
3124 606 3523 669 Paenitentiam,
3571 619 3733 674 quam

2149 704 2363 773 proprie
2392 710 2826 757 momentaneam
2861 698 3206 763 nominastis;
3258 696 3310 751 id
3355 703 3439 750 est
3482 695 3537 749 in
3579 693 3734 760 περι-ἰ-

2152 796 2332 851 tudine
2360 796 2510 863 quasi
2554 796 2654 849 sub
2694 802 2965 849 momento
3013 791 3205 846 mortis
3252 796 3550 857 acceptam,
3600 786 3734 841 nihil

2150 894 2243 939 aut
2292 885 2422 939 nulli
2477 885 2768 953 prodesse,
2817 884 3041 938 adversa
3092 880 3297 935 veritati
3353 889 3407 934 et
3448 877 3733 933 admodum

2151 977 2312 1030 ernda
2345 976 2582 1030 deﬁnitio
2619 985 2721 1029 est.
2757 973 2905 1041 Apud
2938 972 3171 1026 divinam
3200 971 3396 1038 quippe
3428 967 3734 1022 misericor-

2153 1068 2291 1120 diam
2325 1067 2408 1121 vel
2436 1067 2547 1134 ipsa
2598 1064 2869 1118 humilitas
2925 1060 3227 1117 conﬁtentis
3274 1058 3377 1114 dici
3424 1073 3530 1111 non
3575 1056 3736 1111 debet

2152 1160 2327 1215 fructu
2358 1174 2565 1214 carere.
2594 1158 2727 1224 Quia
2755 1173 2875 1211 cum
2901 1154 3149 1225 legimus,
3172 1151 3313 1222 quod
3338 1151 3594 1220 qualitate
3616 1150 3737 1202 vita:

2153 1251 2436 1305 atsterioris
2466 1249 2685 1315 abolita,
2742 1249 2863 1316 quia
2902 1248 3214 1316 plerumque
3243 1242 3505 1310 contingit
3535 1248 3589 1293 et
3616 1253 3737 1308 pec-

2152 1358 2276 1397 ctre
2298 1343 2493 1411 justos,
2521 1350 2577 1396 et
2605 1340 2922 1410 resipiscere
2954 1347 3285 1415 peccatores,
3332 1336 3382 1389 in
3423 1349 3484 1389 ca
3513 1332 3630 1401 quis
3653 1332 3739 1387 via

2153 1436 2429 1505 judicetur
2454 1451 2557 1507 qua
2579 1437 2755 1490 obitus
2786 1434 2868 1489 sui
2895 1444 3135 1503 tempore
3162 1418 3320 1487 fuerit
3345 1429 3737 1499 deprehensus,

2155 1528 2522 1584 incunctanter
2551 1527 2815 1584 credenda
2859 1537 2941 1582 est
2980 1527 3061 1581 vel
3111 1527 3222 1594 ipsa
3253 1520 3606 1578 correctionis
3646 1535 3741 1574 vo-

2167 1622 2343 1677 luntas
2376 1622 2605 1691 placere,
2638 1624 2683 1676 si
2710 1636 2832 1675 vera
2857 1621 2943 1675 sit.
2978 1620 3085 1676 Sed
3109 1629 3276 1674 totum
3307 1615 3446 1686 apud
3466 1615 3741 1670 caelestem

2162 1714 2500 1769 clementiam
2530 1713 2649 1768 ﬁdei
2681 1712 2938 1782 qualitate
2984 1718 3259 1781 pensatur.
3307 1705 3460 1763 Unde
3504 1714 3557 1760 et
3600 1703 3741 1757 inter

2164 1805 2281 1860 illos
2308 1804 2584 1874 operarios
2608 1818 2741 1873 quos
2784 1803 2836 1858 in
2870 1801 3160 1872 Evangelio
3192 1798 3406 1871 (Matth.
3441 1812 3534 1861 xx,
3563 1795 3619 1863 9)
3662 1793 3740 1847 le-

2162 1897 2284 1966 gitis
2309 1911 2431 1952 esse
2461 1895 2776 1961 conductos,
2827 1909 2924 1964 pro
2953 1891 3252 1949 devotionis
3279 1888 3495 1954 ardore,
3538 1898 3743 1940 merce-

2162 1988 2281 2043 dem
2313 1987 2577 2057 prioribus
2604 1995 2934 2056 extequatam
2957 1985 3117 2039 etiam
3143 1982 3231 2052 qui
3262 1979 3466 2035 tardius
3486 1982 3745 2032 venerant

2162 2081 2478 2134 sortiuntur.
2497 2078 2649 2133 Sicut
2663 2088 2716 2132 et
2734 2076 3083 2131 Ninivitarum
3108 2071 3421 2128 brevissima
3443 2064 3742 2137 ptenitudo,

2163 2186 2378 2226 omnem
2407 2169 2749 2241 indulgentiae
2778 2183 3039 2223 summam
3069 2166 3248 2220 triduo
3275 2164 3513 2219 fervente
3541 2173 3747 2214 merca-

2167 2270 2240 2328 ta,
2268 2262 2503 2330 gladium
2538 2261 2851 2330 peccatricis
2883 2258 3033 2313 urbis
3053 2255 3351 2312 cervicibus
3379 2251 3745 2308 imminentem

2166 2371 2323 2426 quem
2346 2356 2454 2424 jam
2488 2353 2615 2407 ictui
2636 2352 2904 2408 destinato
2930 2366 3028 2421 per
3050 2365 3262 2404 manum
3291 2348 3442 2402 Jonas
3472 2340 3752 2414 prophetae

2166 2449 2340 2521 (Jonte
2367 2465 2441 2510 ut,
2479 2448 2567 2518 10)
2598 2447 2714 2501 dies
2742 2453 2938 2501 statuta
2967 2444 3284 2505 vibraverat,
3334 2434 3586 2505 repagulo
3615 2446 3753 2488 con-

2166 2557 2315 2597 sona:
2332 2539 2715 2595 satisfactionis
2731 2536 2959 2595 obtudit.
2972 2533 3350 2590 Contradicant
3368 2538 3545 2583 autem
3564 2541 3753 2581 exem-

2166 2634 2269 2704 plis
2299 2630 2630 2701 bujusmodi,
2666 2644 2798 2699 quos
2828 2627 3009 2682 verius
3030 2624 3203 2678 reddit
3229 2620 3467 2691 appetita
3497 2616 3751 2687 superbia

2167 2725 2426 2795 turgidos,
2462 2738 2617 2792 quam
2650 2720 2977 2776 conscientia
3009 2718 3211 2772 illibata
3253 2727 3493 2770 securos.
3528 2711 3639 2765 lloc
3665 2718 3751 2764 ta-

2168 2835 2289 2875 men
2322 2819 2438 2872 loco
2466 2816 2593 2887 quid
2639 2828 2782 2882 saepe
2831 2811 3060 2874 doleam,
3113 2809 3241 2879 quia
3292 2804 3433 2860 fandi
3484 2802 3753 2857 licentiam

2168 2911 2457 2982 dignamini
2502 2918 2782 2979 prmstare,
2831 2902 3113 2958 conﬁteor.
3170 2897 3566 2954 Contristamur
3611 2908 3753 2947 non-

2176 3019 2449 3074 nunquam
2477 3001 2530 3055 in
2561 3000 2659 3053 hac
2683 3004 2984 3052 nostrorum
3015 2992 3291 3055 facilitate,
3330 2987 3471 3059 quod
3498 3001 3609 3040 rem
3642 2992 3753 3038 tam

480 3096 787 3167 professus;
832 3106 887 3152 et
916 3112 1020 3153 non
1064 3106 1325 3155 secretam
1371 3114 1606 3166 crucem,
1656 3102 1750 3156 sed
1801 3101 2065 3170 publicam
2092 3067 2139 3129 ο
2174 3098 2463 3171 pretiosam
2510 3106 2612 3162 pro
2660 3090 2763 3145 levi
2811 3087 3056 3155 accipere
3103 3098 3265 3155 grave
3309 3080 3596 3135 discrimen
3644 3083 3755 3132 est.

480 3196 769 3252 vanitatem
821 3195 1080 3265 jactantia
1145 3197 1356 3252 ventosi
1427 3197 1650 3251 tumoris
1714 3212 2064 3268 exaggerans,

476 3299 733 3360 quantum
777 3289 972 3359 pctuit,
1023 3289 1359 3346 auditoribus
1391 3300 1707 3345 venenatam
1752 3291 2071 3359 disputatio-

482 3397 605 3437 nem
651 3383 799 3437 velut
840 3382 1230 3438 indeclinabilis
1258 3383 1512 3436 virtutum
1567 3392 1809 3437 servator
1857 3383 2065 3437 indixit.

486 3473 553 3526 Et
578 3472 702 3542 quia
747 3473 981 3542 legistis,
1027 3473 1326 3533 consulenti
1367 3472 1575 3526 cuidam
1613 3472 1833 3527 Paulino
1867 3473 2069 3528 Borde-

479 3564 706 3629 galensi,
726 3564 791 3619 ab
809 3564 1067 3634 episcopo
1088 3564 1378 3634 supradicti
1404 3566 1636 3619 nominis
1659 3565 1825 3620 fuisse
1848 3580 2070 3634 reSpun-

481 3671 599 3710 sum
625 3674 638 3711 :
663 3656 815 3725 cujus
834 3656 1166 3725 temporibus
1189 3656 1438 3711 Paulinus
1458 3657 1695 3727 quidam,
1716 3657 1854 3711 Deus
1876 3656 2067 3711 viderit

483 3760 660 3802 utrum
689 3749 732 3802 is
755 3763 912 3819 quem
953 3750 1284 3815 memoratis,
1328 3758 1508 3803 tamen
1543 3750 1761 3817 perinde
1789 3749 2067 3819 Burdega-

484 3839 692 3906 lensis,
733 3855 839 3894 non
887 3854 1054 3909 pauca
1102 3839 1242 3910 stylo
1291 3839 1554 3894 catholico
1583 3849 1639 3893 et
1683 3840 2071 3908 irreprebcusi-

484 3931 575 3985 bili
631 3930 736 3985 ﬁde
777 3931 1099 4001 conscripsit
1136 3948 1150 3984 :
1189 3929 1395 3997 prtefati
1444 3930 1679 3985 haeretici
1742 3932 2067 3987 mentionem

483 4019 686 4074 idcirco
738 4020 994 4088 prtemisi,
1054 4035 1121 4075 ne
1150 4019 1430 4075 Manicbati
1487 4020 1653 4089 ipsius
1704 4019 1886 4075 Fausti
1934 4035 2071 4092 opus

485 4112 797 4179 infaustum,
829 4111 907 4167 vel
942 4113 1170 4168 alterum
1202 4127 1359 4182 quem
1390 4112 1550 4167 etiam
1573 4112 1742 4182 gloria
1766 4123 1942 4168 vestra
1976 4131 2071 4169 no-

487 4214 651 4270 verat,
680 4212 799 4258 ortu
830 4206 1165 4269 Britannum,
1199 4205 1503 4260 babitaculo
1534 4204 1881 4275 Regiensem,
1918 4208 2071 4262 titulo

488 4297 719 4352 nominis
746 4306 1061 4353 accusaret:
1090 4298 1246 4354 simul
1279 4307 1333 4353 et
1359 4299 1445 4367 qui
1477 4307 1569 4352 aut
1596 4300 1883 4355 consulere
1909 4314 2069 4369 supra

2170 3168 2305 3247 Cum
2330 3187 2473 3243 enim
2501 3185 2752 3240 videntur
2790 3179 3157 3250 pmoitcntiam
3199 3172 3445 3244 precibus
3490 3184 3552 3224 ac
3575 3168 3755 3237 lacry-

2174 3283 2277 3338 mis
2306 3295 2555 3351 poscere,
2604 3275 2824 3344 impium
2873 3270 3101 3324 dicimus
3136 3267 3422 3334 denegare.
3455 3262 3548 3315 Sin
3593 3258 3756 3329 igitur

2173 3348 2451 3442 contingat
2492 3367 2782 3429 interdum,
2835 3370 2895 3416 ut
2938 3367 3210 3427 acceptam
3245 3355 3544 3425 quicunque
3588 3348 3760 3415 paeni-

2177 3440 2420 3531 tentiam,
2449 3460 2797 3516 sisanitatem
2826 3450 3066 3522 corporis
3109 3447 3321 3517 recipit,
3366 3454 3456 3499 aut
3506 3440 3760 3531 negligat,

2180 3569 2272 3615 aut
2297 3529 2466 3613 lactus
2495 3554 2584 3619 sit,
2616 3560 2673 3604 ut
2697 3547 2971 3618 apostolus
2996 3543 3071 3597 ait
3100 3538 3186 3611 (Il
3216 3539 3357 3591 Pclr.
3388 3553 3446 3601 ιι,
3471 3533 3590 3604 22),
3612 3529 3760 3586 canis

2178 3662 2429 3707 reversus
2479 3646 2530 3700 in
2588 3642 2881 3705 vomitum,
2947 3631 3395 3706 quiseniabilius
3440 3625 3761 3683 onerabatur

2178 3741 2460 3811 fragilitate
2491 3737 2724 3807 peccati,
2772 3728 3094 3801 plectiltilins
3137 3725 3469 3796 opprimetur
3498 3716 3764 3773 abusione

2173 3807 2430 3896 remedii;
2480 3836 2538 3884 et
2572 3826 2780 3881 dicetur
2824 3819 2951 3876 illud
2997 3816 3135 3888 quod
3186 3813 3407 3870 Ananiae
3452 3810 3505 3866 in
3541 3807 3763 3864 Actibus

2178 3924 2540 3993 apostolorum
2571 3935 2586 3973 :
2613 3916 2804 3971 Nonne
2832 3927 3037 3966 manens
3065 3910 3154 3963 tibi
3183 3912 3461 3969 manserat,
3492 3913 3537 3957 et
3560 3900 3621 3953 de
3648 3913 3763 3968 pro-

2182 3990 2428 4072 mittendo
2458 4016 2509 4067 in
2537 4022 2625 4065 tua
2658 4015 2902 4080 potestate
2942 4002 3187 4077 pendebat
3234 3999 3369 4069 (Act.
3396 4011 3449 4061 v,
3478 3993 3535 4064 ⁴ι)
3570 3990 3763 4045 Melius

2186 4122 2258 4168 est
2292 4119 2485 4173 autem,
2516 4113 2573 4160 ut
2600 4104 2674 4157 ait
2710 4100 2993 4171 propheta,
3039 4112 3142 4150 non
3168 4108 3360 4156 vovere,
3402 4103 3555 4161 quam
3588 4100 3766 4138 vovere

2180 4221 2228 4263 et
2256 4223 2358 4261 non
2397 4204 2606 4259 reddere
2638 4196 2860 4271 (Eccles.
2885 4210 2937 4258 v,
2962 4192 3018 4261 4)
3067 4188 3219 4244 Unde
3246 4181 3510 4240 contraxit
3542 4190 3766 4233 consue-

2186 4301 2313 4356 tudo
2360 4295 2646 4359 sermonis,
2708 4301 2764 4345 ut
2813 4288 2987 4342 donec
3029 4284 3253 4353 quisque
3296 4284 3537 4333 nostrum
3583 4277 3767 4324 vntum

559 4482 587 4510 ιι
618 4471 885 4525 Adversus
925 4484 1082 4539 quem
1128 4477 1341 4523 exstant
1386 4467 1505 4521 libri
1552 4470 1721 4539 sancti
1771 4469 2081 4539 Augustini,
2114 4470 2163 4530 D
2193 4471 2438 4529 minosus,
2471 4480 2712 4539 exerceo;
2737 4479 2848 4516 cum
2879 4462 3010 4513 diem
3044 4457 3282 4510 humana:
3302 4454 3452 4536 sortis
3474 4448 3767 4539 implevero,

491 4543 749 4612 cujusque
780 4543 831 4593 in
864 4538 1253 4612 aliisejustlem
1283 4540 1535 4612 Operibus
1568 4538 2079 4612 freqitensimentio.

492 4609 755 4668 ca‘terum
784 4623 835 4666 et
858 4611 1061 4663 Paulini
1087 4610 1150 4662 ad
1175 4609 1427 4663 Faustum
1452 4609 1701 4677 epistola,
1728 4620 1781 4664 et
1800 4611 1986 4665 Fausti
2020 4612 2085 4666 ad

493 4681 611 4751 ejus
639 4688 858 4750 qumsita
890 4680 1188 4751 responsio,
1220 4695 1339 4748 qua:
1383 4680 1694 4751 nunc_inter
1726 4680 1909 4734 Fausti
1944 4682 2088 4736 Rbe-

489 4749 694 4819 giensis
737 4766 897 4820 opera
947 4750 1216 4819 leguntur,
1264 4766 1370 4818 quo
1418 4750 1483 4802 de
1523 4749 1720 4803 Fausto
1747 4751 1856 4820 Abic
1897 4763 2087 4820 agatur

486 4818 689 4892 ambigi
720 4818 821 4876 non
850 4818 1050 4875 sinunt.
1081 4822 1389 4892 Britannum
1421 4820 1561 4892 bunc
1592 4830 1710 4892 ortu
1739 4818 1906 4892 fuisse
1928 4818 2083 4892 docet

498 4888 685 4947 Avitus
722 4908 736 4943 :
769 4894 909 4963 quod
944 4908 1047 4946 non
1083 4892 1154 4963 de
1201 4890 1494 4963 lttsulanis,
1539 4888 1631 4963 sed
1677 4888 1745 4942 de
1777 4891 2080 4963 ~Armorit-is

496 4960 1192 5029 Britannis—accipiendum
1236 4962 1540 5014 monuimus
1590 4961 1640 5012 in
1680 4961 1820 5014 notis
1850 4960 1915 5014 ad
1964 4961 2080 5028 epi-

496 5035 687 5088 stolam
718 5034 950 5088 Facundi
979 5033 1043 5084 ad
1075 5031 1366 5084 Mutianum
1396 5030 1794 5085 scbolasticum.
1826 5031 2081 5086 Paulinus

499 5104 583 5158 bic
603 5115 779 5159 autem
807 5103 1214 5171 Burdegalensis
1235 5101 1323 5167 qui
1352 5101 1415 5153 ad
1442 5100 1695 5171 Faustum
1724 5102 1930 5165 scribit,
1955 5118 2077 5157 cum

495 5174 563 5227 de
588 5175 807 5228 Paulino
840 5170 1097 5243 episcopo
1127 5171 1333 5243 Nolano
1360 5170 1523 5243 accipi
1565 5179 1812 5243 nequeat,
1844 5171 1913 5227 de
1943 5172 2081 5226 Pau-

491 5245 608 5298 lino
650 5240 995 5298 Eucharistici
1045 5250 1265 5294 auctore
1310 5240 1682 5311 intelligendus
1712 5240 1945 5306 videtur,
1990 5244 2079 5311 qui

488 5324 554 5369 et
583 5317 695 5379 ipse
736 5324 853 5367 ortu
892 5312 1299 5381 Burdegalensis
1349 5310 1473 5375 fuit,
1523 5320 1577 5364 et
1619 5312 1868 5367 Massilia:
1916 5313 2080 5368 larem

501 5387 685 5439 relicta
721 5382 888 5453 patria
924 5397 1045 5436 cum
1078 5380 1309 5447 ﬁxisset,
1337 5380 1514 5435 Fausti
1544 5380 1823 5452 Regiensis
1851 5398 2083 5439 consue-

494 5458 684 5509 tudine
713 5456 785 5508 uti
816 5454 1003 5523 potuit.

572 5527 599 5564 υ
632 5522 1044 5579 Momentaneam
1070 5522 1295 5578 Faustus
1324 5537 1536 5592 quoque
1560 5524 1874 5591 appellarat,
1897 5524 2083 5578 Pauli-

498 5611 604 5649 nus
630 5600 865 5649 subitam.
892 5595 1274 5653 Percunctator.
1301 5596 1490 5659 inquit,
1513 5595 1715 5647 accedo.
1741 5594 1871 5649 Sum
1904 5613 2084 5664 pecca-

495 5669 567 5725 iis
591 5670 879 5723 carnalibus
909 5666 1195 5731 involutus;
1240 5666 1411 5719 onmt'a
1440 5679 1751 5732 qttwcunque
1780 5676 1942 5730 potest
1971 5670 2078 5720 cri-

2191 4520 2535 4612 ᾖᾶηὲἱεήίξηῄι
2573 4520 2793 4588 subitam
2816 4548 2929 4612 sum
2960 4538 3284 4589 consecutus;
3328 4526 3372 4577 si
3407 4520 3768 4612 excludaIt‘pro

2229 4589 2644 4677 arteneccatum,
2662 4620 2727 4656 an
2759 4603 2825 4655 ad
2846 4603 3115 4668 integrum.
3137 4607 3254 4677 opto
3279 4606 3601 4677 cognoscere.
3618 4589 3768 4677 Hane

2229 4631 2336 4663 arte
2365 4631 2644 4677 peccatum,
2662 4631 2726 4656 ull
2759 4631 2823 4655 uu
2847 4631 2996 4668 IIl-"cy!
3013 4631 3115 4655 αιη.
3137 4631 3254 4664 υμιν
3280 4631 3597 4665 νυψιυυνων.
3619 4631 3768 4670 ...Ἰ-,ἶ

2192 4631 2422 4736 Faustus
2469 4676 2711 4730 inutilem
2754 4687 2874 4726 esse
2920 4669 3214 4737 respondit.
3274 4664 3459 4737 Quod_
3482 4663 3614 4737 falso
3662 4659 3772 4713 dlCl

2192 4732 2353 4805 docet
2380 4748 2584 4813 Avitus,
2633 4750 2837 4813 etiantc
2866 4732 3076 4813 Avitum
3115 4737 3405 4813 inueadenL
3422 4732 3604 4813 Galliae
3642 4743 3771 4813 pro-

2192 4804 2362 4875 vincia
2398 4804 2653 4871 docuerat
2681 4812 2987 4881 Gennadius
3007 4807 3353 4881 Massiliensis
3369 4804 3773 4881 Er-clesiasti‘coc.

2350 4890 2663 4957 Dogmatum
2690 4898 2807 4951 cap.
2842 4880 3291 4957 i8.‘Pwniten_tia,
3322 4874 3537 4957 inquit,
3576 4871 3773 4957 aboleri

2192 4972 2398 5033 peccata
2429 4945 2773 5033 indubitan'er
2814 4953 3096 5033 credimus,
3138 4948 3333 5033 etiamsi
3363 4945 3774 5033 multivia-vitta

2192 5016 2374 5097 'spiritu
2408 5028 2752 5082 adtttissoruut
2779 5025 3037 5094 pmuiteat,
3086 5016 3136 5097 et
3174 5019 3378 5097 publica
3410 5016 3775 5097 lamentatione

2194 5083 2398 5173 peccata
2433 5100 2714 5173 prodantur
2739 5112 2756 5149 :
2780 5083 2896 5163 quia
2923 5083 3237 5173 propositum
3280 5087 3512 5173 [lcith
3551 5083 3775 5173 decrevit

2195 5154 2390 5227 silvrzre
2415 5154 2550 5240 quod
2584 5154 2822 5235 perieral,
2856 5154 2951 5219 sttit
2979 5154 3251 5240 immobile.
3295 5156 3356 5240 Et
3389 5156 3501 5239 ideo
3529 5154 3661 5240 quia;
3680 5167 3777 5240 ro:

2195 5245 2364 5298 luntas
2402 5229 2514 5313 ejus
2563 5229 2661 5313 non
2701 5229 2953 5313 mutatur,
3000 5236 3108 5313 sive
3144 5229 3505 5313 emenda'ione
3547 5229 3682 5305 vitm,
3729 5229 3778 5276 si

2196 5324 2394 5382 tempus
2423 5301 2747 5382 conceditur,
2793 5304 3153 5382 sivegsnpplici
3194 5301 3528 5382 confessione,
3574 5301 3618 5346 si
3644 5309 3774 5347 con-

2198 5367 2341 5437 timio
2370 5385 2470 5435 vita
2492 5367 2778 5443 exceditnr;
2811 5380 2956 5449 rcnia
2982 5367 3299 5447 peccatorum
3329 5367 3546 5449 [itit-liter
3576 5379 3779 5449 prazsu:

2195 5435 2348 5507 mitur
2377 5453 2438 5504 ab
2468 5450 2558 5503 illo
2594 5449 2678 5516 qui
2721 5435 2817 5500 non
2850 5448 2955 5499 vult
2982 5435 3205 5499 'ntortem
3251 5435 3549 5516 peccatoris,
3598 5435 3689 5516 sed
3723 5442 3779 5485 ut

2192 5506 2514 5577 convertatur
2539 5538 2569 5573 α
2601 5506 2880 5585 ρενάὶσὶοιιε
2905 5516 3211 5588 paenitendo,
3240 5506 3287 5588 et
3314 5506 3778 5588 salvatushntisera-

2190 5596 2324 5647 tione
2348 5591 2552 5645 Domini
2575 5577 2724 5641 vivat.
2761 5589 2819 5643 Si
2847 5577 2960 5655 qa'is
2985 5590 3131 5641 aliter
3150 5586 3213 5638 tle
3227 5583 3515 5652 justissima
3541 5577 3635 5630 Dei
3665 5577 3775 5646 pie-

2192 5676 2289 5719 tate
2313 5664 2485 5726 sentit,
2518 5677 2614 5716 non
2651 5658 2962 5715 Christianus
2992 5660 3079 5715 st-d
3114 5655 3431 5712 Novatianus
3454 5658 3550 5707 est.
