4046 6170
202 287 299 344 ςκξι

1625 283 1956 340 EPiSTOLA
2001 286 2090 342 IV.

3367 295 3470 349 ‘z-‘Z‘.’

203 402 491 470 cumpiea',
520 398 625 453 voti
654 412 780 453 reus
808 396 1035 452 dicatur.
1073 396 1337 465 Quocirca
1369 396 1562 462 fateor,
1611 396 1662 450 in
1695 413 1786 450 ne—
1814 398 1862 455 Α
1894 408 2058 453 tatum
2085 408 2166 454 est
2194 399 2270 455 illi
2301 400 2367 455 ad
2394 401 2651 471 justitiam
2678 403 2856 472 (Rom.
2892 420 2963 470 tv,
2999 406 3078 477 5).
3124 405 3272 461 Raab
3302 422 3467 464 mere.

203 496 453 550 cessitate
486 494 669 561 positis
696 506 804 545 non
830 491 945 545 sine
975 499 1119 545 metu
1149 489 1264 543 dari
1293 490 1492 545 debere
1517 489 1789 558 poeniten-

208 589 329 640 tiam
356 604 367 637 :
398 599 535 651 quos
560 585 603 637 si
629 583 831 651 absque
854 581 1165 649 capitalibus
1185 580 1383 649 culpis,
1409 590 1434 617 ⁸
1460 581 1510 634 in
1534 595 1631 633 usu
1660 595 1784 633 con-

204 675 394 744 jugalis
422 674 634 743 copula:
660 674 775 727 dies
819 686 1067 741 suprema
1108 672 1364 739 reperiat,
1410 678 1468 723 ut
1518 678 1642 740 pote
1672 685 1784 724 rem

209 770 401 822 licitam
434 773 843 835 praesumentes,
891 778 990 817 nec
1019 762 1359 817 damnatione
1396 762 1585 829 dignos
1627 770 1787 830 puta-

210 871 343 921 mus,
391 871 491 909 nce
517 872 546 907 a
571 853 836 909 sacriﬁcio
864 853 1388 907 commemorationis
1422 852 1781 920 excludimus,

211 953 248 1005 Ε
290 962 501 1009 contra.
535 950 576 1003 si
618 948 913 1018 professam
946 947 1409 1015 compunctionem
1454 946 1651 1001 saeculo
1700 962 1787 1001 re-

211 1045 451 1100 traheute
483 1042 849 1108 vacuaverint,
883 1042 1032 1111 quasi
1056 1040 1165 1110 jam
1195 1050 1488 1107 apostatas,
1533 1041 1582 1093 id
1610 1050 1692 1095 est
1720 1040 1789 1095 ab

208 1134 378 1187 standi
410 1132 661 1186 ﬁrmitate
688 1129 966 1194 deciduos,
997 1142 1221 1183 necesse
1250 1137 1331 1182 est
1357 1143 1385 1180 a
1408 1128 1787 1181 communione

207 1222 458 1292 suspendi
486 1238 502 1271 :
526 1236 644 1276 cum
676 1221 868 1275 melius
899 1220 969 1273 sit
1006 1233 1227 1273 manere
1272 1218 1410 1271 intra
1437 1218 1786 1286 quantulam-

207 1332 411 1386 cunque
441 1317 666 1369 salutem
697 1313 996 1367 humilitate
1025 1310 1398 1375 mediocrium,
1429 1324 1588 1379 quam
1615 1309 1785 1378 ipsam

206 1411 429 1462 salutem
475 1421 539 1460 ex
592 1412 704 1459 toto
752 1403 954 1458 destrui
1004 1402 1293 1457 violatione
1339 1410 1789 1456 summorum:et

206 1503 367 1556 tutius
415 1501 714 1554 inveniatur
760 1512 881 1552 cum
932 1497 1209 1552 honestate
1255 1496 1307 1549 in
1340 1496 1680 1549 matrimonio
1710 1495 1789 1550 vi-

208 1606 350 1655 vere,
401 1604 563 1659 quam
610 1588 852 1643 castitate
908 1586 1130 1641 mentita
1183 1584 1385 1639 illicitis
1417 1585 1560 1639 licita
1609 1600 1785 1639 macu.

207 1682 333 1736 lare.
365 1680 522 1747 Quod
562 1678 861 1749 praevidens
901 1676 1187 1746 Apostolus
1230 1675 1285 1745 (Ι
1306 1675 1442 1728 Tim.
1476 1691 1528 1742 v,
1580 1675 1691 1745 12),
1735 1684 1788 1728 et

1894 493 1995 546 trix
2024 494 2184 548 vitam
2221 495 2542 561 praeteritam
2563 498 2936 565 prostitutione
2950 499 3281 563 sordentem,
3301 500 3469 556 lsraec

1894 588 2103 638 Iutarum
2138 586 2392 653 populum
2422 601 2517 655 per
2544 586 2700 641 ﬁdem
2731 590 3030 656 praestolata
3065 591 3305 659 purgavit
3331 589 3468 657 (los.

1890 693 1949 741 tt,
1981 676 2055 747 5).
2088 677 2177 732 Sic
2208 677 2300 730 illa
2336 676 2607 746 Evangelii
2638 678 2907 733 Canauitis
2980 680 3192 749 (Matth.
3226 697 3318 746 xv,
3350 681 3467 751 Ξῖ).

1889 782 2193 837 quanquam
2220 768 2437 837 repulsa
2467 770 2727 834 convicio,
2773 769 2888 823 dari
2919 781 3095 825 tamen
3139 772 3331 826 catulis
3356 774 3468 827 suis

1892 860 2120 914 ﬁliorum
2149 874 2339 928 panem
2375 862 2776 928 perseverantia
2806 861 3073 930 petitionis
3105 864 3303 917 elicuit.
3347 863 3464 917 Alia

1889 951 2087 1005 ﬂuxum
2116 952 2447 1006 carnalitatis
2477 953 2726 1008 obscenae
2760 963 2900 1008 tactu
2948 954 3177 1010 ﬁdeliter
3217 957 3465 1012 ntedente

1894 1056 1914 1084 ο
1931 1047 2205 1100 restrinxit
2219 1046 2432 1119 (Matth.
2454 1064 2526 1115 tx,
2541 1051 2652 1119 20).
2670 1049 2933 1104 Suadetur
2949 1059 3120 1105 tamen
3137 1052 3461 1107 ethonorum

1888 1156 2110 1209 operum
2139 1141 2405 1210 jnngenda
2435 1140 2669 1207 devotio,
2716 1156 2872 1210 quam
2904 1144 3169 1211 negligere
3199 1159 3301 1197 non
3336 1160 3463 1213 per-

1889 1236 2021 1289 tinet
2048 1233 2112 1286 ad
2144 1232 2375 1287 ﬁdelem.
2406 1233 2509 1288 Sed
2534 1248 2652 1287 cum
2680 1234 2819 1287 dicat
2840 1234 3162 1302 Apostolus:
3199 1236 3464 1305 Quidquid

1887 1342 1989 1380 non
2004 1333 2077 1378 est
2117 1340 2179 1378 ea:
2217 1325 2338 1393 ﬁde,
2363 1328 2622 1391 peccatum
2658 1332 2732 1377 est
2758 1325 2933 1390 (Rom.
2961 1340 3071 1387 xtv,
3096 1322 3221 1393 25),
3271 1325 3461 1380 videtis

1889 1415 2056 1485 ipsam
2088 1430 2301 1485 quoque
2328 1429 2481 1482 quam
2513 1421 2714 1467 rectam
2758 1414 3025 1468 credimus
3072 1414 3458 1482 Operationem,

1887 1506 1987 1560 nisi
2020 1505 2138 1560 ﬁdei
2168 1503 2417 1574 suffragio
2449 1504 2715 1571 fnlciatur,
2763 1508 2815 1557 In
2846 1514 3120 1573 peccatum
3162 1519 3320 1573 posse
3347 1521 3465 1559 mn-

1889 1598 2009 1653 tari.
2057 1598 2321 1666 Expertus
2356 1604 2440 1651 est
2488 1597 2591 1650 hoc
2636 1596 2884 1650 nimirum
2917 1597 3218 1651 Pharisazus
3264 1597 3358 1651 ille
3406 1598 3462 1651 in

1892 1689 2176 1757 Evangelio
2205 1687 2356 1759 (Luc.
2392 1701 2545 1753 xvtn,
2573 1684 2785 1754 10-14),
2812 1686 2901 1755 qui
2928 1686 3127 1755 gratias
3149 1701 3208 1741 se
3236 1686 3460 1755 referre,

207 1773 388 1825 viduas
418 1786 541 1840 quae
570 1770 793 1839 primam
822 1768 976 1822 ﬁdem
1007 1767 1211 1821 irritam
1254 1766 1494 1830 fecerint,
1529 1766 1783 1834 majorem

1890 1779 2029 1848 quod
2060 1792 2164 1830 non
2210 1786 2352 1831 esset
2380 1776 2514 1830 sicut
2554 1776 2732 1830 caeteri
2766 1775 3040 1840 homines,
3086 1786 3350 1845 raptores,
3382 1752 3464 1832 in;

206 1867 607 1920 damnationem
637 1864 956 1919 denuntians
985 1864 1274 1930 subituras,
1309 1864 1326 1895 ¹
1353 1875 1399 1917 et
1432 1878 1689 1933 personas
1720 1865 1790 1919 le-

203 1962 374 2030 gitimi
418 1968 581 2029 atque
621 1955 1103 2026 irreprehensihilis
1152 1955 1254 2009 tori
1310 1969 1444 2025 pace
1486 1954 1782 2022 devinctos,

204 2066 394 2105 vacare
441 2049 671 2104 orationi
720 2048 787 2102 ad
837 2059 1065 2116 tempus,
1116 2059 1180 2099 ac
1222 2060 1410 2100 rursus
1452 2045 1503 2098 in
1531 2044 1581 2099 id
1613 2045 1783 2114 ipsum

205 2142 408 2212 regredi
442 2142 608 2195 sinit:
645 2157 709 2194 ne
738 2139 983 2203 Satanas,
1014 2138 1181 2206 inquit
1212 2135 1264 2208 (1
1295 2136 1414 2190 Cor.
1440 2150 1535 2200 vn,
1565 2134 1644 2205 5),
1690 2149 1786 2201 per

205 2232 645 2287 incontinentiam
674 2229 908 2294 illorum,
961 2235 1127 2281 tentet
1157 2227 1206 2279 in
1244 2225 1597 2294 promissione
1625 2224 1785 2292 perﬁ-

204 2324 296 2378 dos
325 2338 465 2393 quos
488 2322 543 2376 in
572 2335 734 2375 carne
756 2334 862 2373 non
888 2319 1090 2373 vicerat
1116 2316 1445 2386 conjugatos.
1471 2316 1528 2369 In
1549 2314 1782 2370 secunda

203 2431 413 2485 quoque
443 2414 761 2485 quaestione,
792 2410 934 2482 quod
963 2425 1216 2479 negamus
1242 2405 1392 2472 est,h
1423 2407 1583 2462 ﬁdem
1612 2407 1781 2462 solam

203 2506 403 2560 homini
443 2505 698 2573 prodesse
725 2518 830 2557 non
863 2516 1039 2571 posse,
1081 2500 1183 2555 hoc
1208 2500 1427 2554 minime
1455 2499 1657 2567 probo;
1690 2514 1786 2552 ne-

203 2614 300 2665 que
324 2600 395 2653 ab
418 2599 630 2653 illorum
662 2578 815 2665 parte
837 2594 1109 2664 proﬁteor,
1141 2593 1255 2663 qui,
1280 2593 1420 2646 sicut
1435 2591 1782 2645 aitDominus

204 2690 421 2758 (Jlatth.
461 2704 609 2753 χχιιι,
639 2687 720 2757 4),
748 2701 907 2756 grave
936 2700 1096 2755 super
1126 2684 1379 2738 humeros
1399 2682 1779 2748 discipulorum

204 2781 412 2849 pondus
463 2779 767 2846 imponunt,
819 2777 956 2845 quod
986 2775 1084 2845 ipsi
1132 2783 1307 2829 tamen
1336 2787 1443 2828 uno
1476 2772 1641 2842 digito
1669 2788 1782 2826 mo-

204 2889 327 2927 vere
383 2873 708 2927 detrectant.
757 2870 982 2937 Propter
1032 2867 1213 2937 quod,
1280 2874 1387 2922 tam
1442 2864 1781 2935 rigidam‘de

206 2964 303 3019 ﬁde
327 2961 654 3019 sententiam
685 2968 775 3015 aut
804 2969 1092 3014 extraneus
1120 2960 1286 3028 potuit
1314 2971 1657 3026 praesumere,
1690 2966 1781 3011 aut

206 3064 387 3109 uoster
410 3052 600 3108 debuit
631 3060 949 3120 temperare.
975 3049 1126 3115 Quod
1147 3052 1188 3104 si
1221 3048 1777 3117 dignanter-admittis,

206 3149 513 3218 conjectura
544 3119 776 3201 breviter
805 3142 1169 3211 exemplisque
1206 3140 1545 3211 patefaciam.
1596 3140 1780 3194 Fidem
1809 3119 1852 3180 Ο

206 3254 322 3294 esse
370 3237 613 3292 omnium
658 3235 917 3290 bonorum
954 3232 1310 3301 spiritualium
1353 3228 1783 3295 fundamentum,

208 3347 296 3400 per
346 3332 490 3385 hanc
538 3327 786 3399 primitus
836 3324 1120 3381 informata
1166 3322 1593 3378 Christianorum
1641 3322 1786 3376 rudi-

208 3434 377 3480 menta
414 3430 702 3478 testantur.
730 3419 861 3474 Nam
885 3420 930 3474 si
959 3417 1279 3486 baptizatus,
1311 3422 1402 3470 ant
1429 3414 1587 3468 etiam
1617 3421 1789 3467 trans-

207 3516 338 3568 latus
366 3514 440 3568 ab
473 3511 665 3567 haeresi
696 3509 931 3580 qualLbet
968 3508 1250 3579 parvulus,
1296 3505 1378 3560 vel
1418 3505 1642 3559 forsitan
1671 3518 1787 3558 aevo

206 3608 446 3677 longiore
472 3611 781 3674 provectus,
822 3601 983 3656 celeri
1014 3608 1130 3668 post
1172 3598 1438 3652 lavacrum
1464 3595 1569 3649 ﬁne
1608 3596 1786 3662 rapia-

205 3709 308 3764 tur,
360 3712 467 3752 nec
503 3698 619 3765 ipse
660 3696 836 3763 operis
882 3691 1155 3761 jactitator
1199 3686 1468 3753 abnuerit,
1517 3686 1786 3740 hominem

204 3790 314 3843 sola
343 3788 453 3842 ﬁde
477 3786 761 3839 salvatunt.
805 3783 967 3836 Extra
997 3794 1155 3849 quam
1186 3777 1329 3848 quod
1374 3772 1506 3832 nihil
1538 3776 1790 3848 quaelibet

208 3883 361 3935 bona:
390 3878 692 3949 profuerint
713 3875 971 3937 actiones,
998 3872 1065 3927 de
1092 3871 1272 3926 saeculi
1293 3870 1624 3940 philosophis
1644 3869 1791 3923 aesti-

205 3984 413 4025 memus
443 3982 620 4038 :qnos
646 3974 1042 4033 contemptores
1072 3962 1254 4016 mundi
1304 3971 1676 4031 amatoresque
1700 3976 1789 4015 sa-

206 4062 447 4132 pientiae,
478 4059 725 4113 castitate
754 4055 1047 4125 proposita,
1068 4054 1316 4108 facultate
1334 4053 1607 4121 despecta,
1632 4052 1789 4121 quid-

205 4154 325 4225 quid
359 4153 525 4207 hodie
555 4150 799 4205 catholici
845 4147 1213 4217 praedicamus,
1265 4146 1387 4215 quia
1427 4145 1558 4199 ﬁdes
1602 4146 1789 4209 defuit,

210 4260 308 4298 nOn
338 4243 545 4313 profuit
574 4250 843 4310 operatos.
869 4240 1016 4293 Adeo
1046 4238 1289 4290 machina
1318 4236 1593 4300 vanitatis,
1638 4245 1791 4289 nuta-

214 4337 403 4391 bundis
426 4334 639 4391 exculta
670 4332 914 4401 fassigiis,
942 4330 1061 4399 quia
1088 4329 1204 4382 sine
1235 4326 1582 4381 fundamento
1609 4341 1790 4381 surre-

215 4428 303 4493 xit,
338 4442 437 4496 per
462 4440 523 4480 se
546 4425 658 4479 sola
682 4431 931 4477 constare
975 4435 1079 4473 non
1131 4418 1320 4485 potuit.
1370 4417 1507 4483 Quid
1558 4416 1604 4471 si
1652 4431 1792 4470 nunc

1886 1871 2033 1939 justi,
2061 1869 2310 1933 adulteri,
2354 1868 2721 1937 eleemosynas
2761 1868 2989 1922 subinde
3039 1868 3232 1931 facere,
3280 1868 3361 1922 bis
3409 1870 3463 1923 in

1890 1962 2112 2015 sabbato
2137 1960 2411 2029 jejunnre,
2460 1959 2662 2013 tumido
2689 1974 2751 2012 ac
2774 1960 3026 2027 resupino
3058 1968 3272 2027 pectore
3309 1960 3464 2027 jacti-

1888 2052 2064 2115 tabat;
2098 2066 2215 2104 cum
2247 2050 2589 2113 Publicanus,
2620 2050 2794 2105 fronte
2839 2065 3089 2110 cernuus,
3140 2049 3243 2104 ﬁde
3284 2059 3462 2105 rectus

1887 2146 2075 2200 merita
2119 2145 2375 2199 honorum
2405 2144 2517 2198 sola
2557 2143 2857 2197 humilitate
2885 2142 3217 2211 praeripiens,
3243 2141 3459 2196 domum

1886 2249 2035 2289 suam
2063 2235 2129 2288 de
2155 2248 2256 2303 qua
2282 2247 2388 2287 non
2425 2233 2598 2301 justus
2619 2233 2841 2295 exierat,
2872 2231 3186 2299 iustiﬁcatus
3217 2232 3461 2287 intraret.

1884 2326 2019 2393 Quid
2071 2326 2216 2394 plura
2262 2323 2716 2378 commemorem?
2761 2320 2948 2376 Adhuc
2987 2337 3149 2376 unum
3199 2324 3462 2392 patienter

1882 2417 2127 2485 accipite.
2176 2415 2335 2469 Latro
2363 2414 2453 2469 ille
2482 2413 2635 2483 (an.
2668 2430 2819 2478 χχιιι,
2862 2415 3036 2469 40-45
3077 2412 3229 2481 cujus
3276 2428 3462 2467 assue-

1884 2516 1992 2563 tum
2023 2509 2319 2563 sceleribus
2345 2521 2559 2577 corpus,
2588 2508 2735 2577 juxta
2764 2520 2975 2561 crucem
3004 2504 3287 2559 dominicae
3314 2505 3464 2574 puri-

1883 2602 2005 2658 tatis
2036 2601 2216 2656 servili
2242 2600 2483 2670 patibulo
2510 2599 2792 2653 criminum
2821 2597 3051 2651 vindicta
3081 2596 3462 2665 suspenderat,

1882 2692 2121 2749 sentiens
2168 2693 2219 2746 in
2267 2690 2543 2745 morientis
2590 2688 2785 2743 Christi
2831 2701 3061 2756 corpore
3102 2687 3458 2755 majestatem,

1883 2804 1980 2858 pro
2010 2786 2279 2858 praemissa
2307 2784 2486 2839 crudel
2513 2791 2621 2837 tate
2643 2781 2885 2837 addictus
2910 2779 3188 2851 supplicio,
3217 2793 3313 2851 pro
3333 2777 3460 2834 sub-

1882 2890 2063 2936 secuta
2108 2878 2444 2933 confessione
2482 2874 2693 2930 additus
2743 2873 3010 2943 paradiso,
3065 2887 3161 2941 per
3203 2871 3460 2940 injustnm

1882 2970 2139 3026 deductus
2185 2975 2267 3021 est
2318 2980 2531 3029 :evum,
2605 2972 2663 3018 ut
2706 2964 2774 3018 de
2825 2963 2967 3032 justa
3025 2968 3235 3030 raperet
3288 2968 3459 3014 morte

1890 3061 2223 3132 martyrium.
2282 3059 2420 3112 Ecce
2463 3066 2587 3111 sunt
2631 3058 2857 3111 virtutes
2899 3070 2965 3109 ex
3014 3054 3117 3109 ﬁde
3159 3071 3172 3107 :
3212 3055 3463 3108 ostendat

1890 3151 2135 3221 quisque,
2185 3148 2227 3201 si
2261 3156 2453 3215 potest,
2503 3149 2618 3200 sine
2649 3146 2755 3200 ﬁde
2784 3147 3053 3199 virtutem.
3110 3144 3366 3198 Dominus
3407 3143 3459 3196 in

1892 3242 2176 3311 Evangelia
2203 3238 2415 3311 (Matth.
2445 3242 2560 3301 xnt,
2608 3238 2709 3304 5i;
2759 3237 2886 3290 Luc.
2925 3252 3040 3305 xttt,
3087 3236 3175 3305 l9)
3205 3234 3461 3305 exiguita-

1890 3343 1997 3389 tem
2050 3332 2170 3386 ﬁdei
2210 3346 2379 3401 grano
2425 3330 2624 3399 sinapis
2670 3339 3076 3399 comparatam,
3135 3341 3465 3396 qumcunqne

1889 3426 2120 3481 voluerit
2149 3425 2430 3479 valituram
2464 3422 2742 3493 promittit.
2794 3423 2883 3477 Sic
2938 3422 2997 3475 ﬁt
3025 3430 3103 3485 ut,
3154 3434 3275 3475 cum
3301 3431 3465 3488 opera

1890 3518 2009 3573 sine
2037 3518 2140 3572 ﬁde
2170 3516 2377 3586 possint
2405 3530 2546 3577 esse,
2590 3513 2721 3568 fides
2765 3516 2882 3567 sine
2928 3511 3178 3581 Operibus
3204 3524 3325 3565 esse
3354 3522 3462 3563 non

1891 3610 2089 3680 possit;
2119 3608 2242 3677 quia
2274 3608 2316 3661 si
2364 3606 2526 3662 corde
2562 3605 2808 3659 credatur
2853 3604 2920 3658 ad
2946 3603 3226 3671 justitiam,
3277 3609 3335 3655 et
3371 3615 3466 3656 ore

1893 3701 1982 3754 ﬁat
2009 3700 2274 3755 confessio
2315 3697 2382 3753 ad
2410 3697 2635 3751 salutem
2681 3694 2859 3764 (Rom.
2891 3710 2944 3759 x,
2976 3693 3088 3765 10).
3140 3692 3292 3762 Apud
3340 3706 3464 3746 sen-

1889 3806 2006 3845 sum
2031 3790 2262 3859 Spiritus
2290 3788 2479 3853 sancti,
2515 3784 2898 3856 promissiones
2940 3793 3275 3853 sequentem,
3323 3784 3466 3852 prin-

1890 3883 2085 3953 cipium
2116 3890 2199 3936 est
2224 3881 2345 3935 boni
2373 3880 2551 3947 operis
2577 3880 2785 3947 integre
2814 3875 3139 3939 credidisse;
3189 3876 3232 3928 si
3265 3885 3461 3940 tamen,

1893 3984 1950 4027 ut
1978 3972 2262 4040 Apostolus
2292 3971 2367 4024 ait
2396 3970 2571 4041 (Rom.
2598 3983 2714 4031 vnt,
2750 3965 2863 4036 16),
2914 3966 3027 4034 ipse
3066 3964 3284 4033 Spiritus
3314 3964 3467 4016 testi-

1892 4063 2129 4119 monium
2159 4060 2347 4115 reddat
2379 4058 2586 4127 spiritui
2615 4066 2800 4111 nostro
2832 4074 2845 4109 :
2877 4070 3007 4120 non,
3036 4062 3097 4107 ut
3124 4066 3285 4119 super
3312 4049 3465 4103 audi-

1894 4153 1992 4207 stis
2022 4158 2306 4212 asscrtum,
2356 4147 2445 4215 qui
2489 4154 2730 4199 creatura
2790 4142 2964 4207 nobis,
3009 4138 3104 4194 sed
3135 4139 3223 4208 qui
3258 4145 3468 4192 creator

1896 4242 2123 4306 infusus,
2156 4248 2343 4293 auctor
2380 4247 2435 4291 et
2463 4237 2613 4291 testis
2638 4246 2717 4289 est
2748 4233 2914 4287 nostri
2946 4230 3186 4301 spiritus,
3240 4244 3345 4283 non
3370 4244 3467 4282 na-

1896 4344 2037 4388 tura.
2060 4331 2200 4385 Ecce
2223 4328 2290 4382 ad
2318 4326 2602 4396 epistolam
2637 4325 2815 4378 Fausti
2838 4322 3095 4392 episcopi,
3128 4336 3225 4376 nec
3248 4320 3468 4375 interest

1896 4424 2046 4493 cujus
2071 4442 2083 4476 :
2114 4436 2233 4491 qua:
2255 4416 2465 4473 veritati
2488 4417 2714 4471 arbitror
2739 4415 3028 4470 convenire
3055 4415 3314 4482 suggessi.
3343 4412 3467 4467 Mihi

214 4517 544 4572 diversorum
578 4515 631 4568 in
658 4511 949 4580 Scripturis
978 4509 1286 4564 etnlestibus
1324 4508 1481 4561 ﬁdem
1530 4515 1785 4575 retexam,

1896 4482 2051 4569 et-eis
2080 4482 2302 4582 quorum
2331 4510 2553 4564 salutem
2584 4507 2723 4568 sitio,
2763 4504 2884 4558 ﬁdei
2914 4503 3184 4572 plenitudo
3210 4503 3464 4567 donetur;

214 4624 364 4677 quam
398 4622 621 4677 semper
667 4604 917 4659 desiderii
958 4610 1261 4670 compotem
1304 4599 1535 4653 reddidit
1579 4599 1789 4655 laudata

216 4701 532 4756 credulitas?
563 4698 827 4754 Abraham
851 4695 991 4767 quod
1018 4693 1194 4761 solum
1216 4692 1443 4747 credidit
1476 4691 1603 4757 Deo,
1633 4708 1793 4762 repu-

281 4862 303 4889 α
335 4852 659 4920 Conjuginm
698 4848 919 4918 opponit
964 4844 1315 4915 paenitentiae,
1350 4842 1483 4967 auia
1527 4842 1793 4911 paeniten-

287 4939 332 4967 m
365 4922 598 4967 nrnfassi
627 4921 961 4967 abstinebam
987 4934 1015 4967 a
1047 4914 1311 4967 conittttio.
1396 4914 1497 4966 nde
1522 4924 1571 4966 et
1604 4915 1793 4967 coniu-

214 4922 332 4975 tiam
364 4914 598 4992 professi
627 4914 1015 4973 abstinebanta
1047 4914 1311 4982 cettjugio.
1350 4914 1497 4991 Unde
1522 4924 1571 4992 9|
1604 4915 1793 4992 ευιξὶιιτ

210 4984 383 5061 gulis;
431 4992 533 5044 nisi
583 5006 651 5045 ex
704 4999 887 5044 mutuo
921 5001 1204 5047 consensu,
1262 4984 1625 5061 paenitentiam
1674 4985 1792 5061 dari

209 5053 438 5117 concilia
471 5070 669 5124 vetant,
720 5060 1028 5114 Arelatense
1055 5074 1114 5125 ιι,
1165 5068 1285 5107 can.
1317 5053 1421 5121 2‘2;
1466 5063 1521 5109 et
1548 5055 1791 5109 Aurelia-

209 5149 374 5187 nense
395 5148 476 5192 ιιι,
509 5148 629 5185 ean.
655 5130 746 5184 Ἡ.

276 5201 304 5239 b
336 5202 491 5269 Quod
519 5200 739 5255 Pauiino
764 5197 1114 5269 responderat
1142 5196 1387 5269 Faustus,
1412 5193 1566 5269 ﬁdem
1592 5194 1786 5269 nudam

210 5264 416 5326 tnerins
462 5272 527 5323 ad
560 5272 785 5325 salutem
817 5264 924 5323 non
971 5267 1269 5335 proﬁcere,
1318 5266 1384 5319 de
1428 5264 1489 5317 iis
1539 5265 1787 5319 videlicet

207 5343 617 5409 aflirmabatqui
645 5342 875 5394 aduitam
907 5340 970 5392 ad
999 5345 1210 5391 aetatem
1245 5336 1580 5409 perveniunt.
1600 5336 1787 5387 Avitus

207 5424 392 5465 autem
419 5407 605 5465 contra
640 5412 787 5464 illurn
820 5413 897 5463 sic
926 5409 1181 5475 diSputat,
1216 5408 1365 5475 quasi
1395 5407 1553 5458 etiam
1589 5420 1786 5472 parvu-

207 5484 291 5536 lus
321 5481 771 5547 comprenendat:
796 5483 936 5549 quod
957 5478 1208 5549 abhorret
1234 5493 1261 5529 ιι
1287 5476 1474 5549 Fausti
1494 5477 1782 5549 sententia,

207 5554 298 5622 qui
334 5544 589 5621 utrosque
610 5544 911 5620 distinguit,
938 5558 991 5603 el
1011 5548 1151 5616 apud
1168 5547 1334 5600 Deum
1357 5545 1605 5613 distingui
1630 5544 1789 5599 docet

1898 4608 2004 4663 illis
2049 4619 2213 4676 opera
2243 4618 2357 4668 sua,
2388 4604 2430 4656 si
2462 4600 2564 4655 ﬁde
2591 4598 2787 4653 fuerint
2813 4596 3096 4661 viviﬁcata,
3129 4594 3411 4649 sufﬁcient.

1900 4848 2037 4902 libro
2071 4862 2085 4899 I
2117 4844 2183 4898 de
2211 4842 2389 4897 Gratia
2420 4851 2469 4896 et
2502 4840 2694 4894 Libero
2722 4839 2958 4894 Arbitrio
3006 4853 3122 4905 cap.
3156 4838 3224 4890 7:
3257 4834 3464 4890 Fidem:

1898 4918 2093 4986 inquit,
2124 4923 2431 4986 exspectata
2457 4911 2697 4986 parvulis,
2731 4927 2886 4981 opera
2910 4925 3035 4986 cum_
3052 4910 3207 4986 [ian
3236 4915 3470 4986 comunt‘

1897 4977 2047 5041 matis
2071 4977 2303 5053 requirit.
2350 4977 2530 5053 Neque
2570 4981 2723 5053 aliter
2765 4977 3103 5053 accipiendus
3135 4979 3189 5033 S.
3220 4977 3471 5053 Augusti-

1899 5073 1999 5111 nus
2020 5048 2167 5118 cuni,
2198 5057 2257 5107 iis
2287 5052 2613 5119 respondens
2630 5050 2718 5119 qui
2750 5050 2864 5103 sine
2893 5050 2996 5104 iide
3022 5062 3123 5101 non
3157 5062 3334 5115 posse,
3353 5048 3471 5100 sine

1899 5128 2152 5196 operibus
2172 5132 2348 5177 autem
2365 5135 2529 5196 posse
2561 5121 2822 5196 perveniri
2853 5122 3089 5196 dicerent
3117 5119 3187 5196 ad
3212 5127 3470 5196 aeternam

1900 5187 2062 5252 vitam
2087 5236 2102 5261 ,
2158 5197 2313 5247 Ιίὼ-ιιι
2362 5187 2472 5259 ipse
2501 5192 2667 5244 solam
2698 5207 2800 5243 non
2831 5191 3077 5261 sufﬁcere
3123 5188 3199 5261 ad
3219 5187 3469 5261 sa_lutem,

1898 5270 1991 5322 sed
2020 5256 2182 5333 opera
2213 5279 2332 5317 cum
2366 5256 2466 5316 [ide
2512 5261 2709 5330 requiri
2745 5261 2900 5313 ducet
2928 5263 2975 5333 in
3010 5258 3236 5333 lihr0_de
3260 5256 3389 5333 Fide
3417 5264 3473 5308 ei

1896 5328 2178 5405 Upcribm.
2212 5336 2282 5388 De
2313 5335 2376 5386 iis
2406 5334 2547 5387 enim
2578 5328 2755 5387 sermo
2776 5340 2856 5385 est
2883 5330 2972 5397 qui
2999 5328 3313 5400 grandiores
3340 5329 3473 5381 fiunt

1897 5419 2019 5477 pust
2053 5408 2399 5477 baptismum.

1968 5490 1989 5516 ο
2019 5482 2098 5532 Au
2129 5475 2360 5529 restinxit
2382 5476 2406 5526 1’

282 5694 299 5723 ⁸
334 5690 653 5755 Conjunctio
696 5700 763 5754 et,
796 5703 950 5753 quam
980 5692 1257 5741 contextus
1286 5683 1530 5748 requirit,
1564 5681 1716 5739 deest
1745 5683 1794 5737 in
1829 5681 1970 5735 edito
2004 5678 2072 5734 Si:
2094 5678 2270 5731 mond.
