4024 6172
522 270 629 327 9'23

1094 383 1423 440 EPISTOLA
1470 384 1532 440 V.

520 492 709 531 Ανιτυε
740 490 1045 531 VIENNENSIS
1077 492 1352 531 EPISCOPUS
1374 486 1400 514 ⁸
1426 492 1599 531 υοιίκο
1628 491 1935 533 GONDOBADO
1962 492 2107 533 REGI.

592 571 647 625 Si
678 572 901 639 gratiam
938 571 1124 639 prisca:
1153 571 1363 639 pietatis
1393 581 1669 638 expertus,
1700 571 1801 625 rite
1823 571 2105 625 artificium

522 673 722 717 sanctae
746 663 1071 730 dignationis
1097 665 1442 730 interpretor,
1491 663 1556 716 ad
1585 662 1968 716 consolandum
1999 679 2104 729 me,

522 754 769 806 dominos
812 766 859 807 et
892 768 1183 807 conservos
1216 768 1365 807 meos
1409 753 1715 808 sacerdotes
1745 753 1894 807 vobis
1917 751 2109 822 juben-

524 846 664 897 tibus
692 852 820 911 puto
850 844 1077 898 venisse.
1127 844 1280 909 Quod
1311 859 1435 899 ecce
1466 844 1564 898 sub
1593 844 1772 898 divino
1805 844 2107 897 testimonio

526 933 734 1001 loquar,
763 947 858 1001 pro
880 932 1043 988 debiti
1070 933 1354 988 famulatus
1375 935 1674 989 reverentia
1698 933 2106 1001 pr.rcelsis~imo

528 1024 726 1078 domno
751 1024 1059 1093 dependere
1090 1040 1193 1079 non
1227 1025 1559 1094 praesumpsi.
1595 1023 1784 1078 Virtuti
1834 1024 1976 1078 enim
2010 1039 2103 1079 ve-

524 1127 651 1169 stra:
670 1117 915 1185 derogat,
947 1117 991 1171 si
1028 1117 1147 1186 quis
1175 1130 1337 1184 super
1364 1130 1492 1171 casu
1522 1116 1609 1183 qui
1637 1116 1876 1182 contigit,
1908 1128 2102 1169 cooso-

528 1206 738 1262 lationis
764 1209 963 1278 aliquid
996 1208 1196 1277 scripto
1227 1208 1497 1278 verboque
1542 1208 1887 1278 suggesserit.
1923 1208 2106 1277 Neque

525 1314 685 1368 porro
721 1299 876 1354 cedet
923 1300 975 1353 in
1023 1298 1225 1369 regiam
1270 1299 1511 1369 quidem,
1554 1299 1646 1353 sed
1680 1298 2101 1368 philosophicant

523 1399 757 1444 mentem
809 1389 1056 1444 maeroris
1101 1388 1356 1456 abjectio.
1404 1387 1720 1455 Lacessivit,
1777 1405 1963 1444 verum
1997 1399 2101 1456 est,

520 1491 838 1535 cunctorum
885 1481 1146 1549 lacrymas
1175 1494 1327 1535 amor
1356 1489 1553 1535 vester.
1611 1480 1715 1537 Sed
1756 1482 1801 1537 si
1848 1481 2103 1537 amb'enti

520 1572 721 1626 siccnlo
746 1571 888 1625 salus
918 1582 1093 1626 vestra
1124 1571 1456 1640 conceditur,
1494 1586 1677 1640 parum
1707 1581 1790 1626 est
1812 1572 1953 1642 quod
1982 1586 2108 1642 per-

519 1662 655 1717 didit
685 1679 846 1717 unum
876 1664 1065 1733 pignus
1092 1664 1329 1717 omnium
1367 1672 1538 1733 pater.
1567 1664 1901 1732 Temporalis
1929 1667 2101 1721 luctus

1805 271 1862 327 S.
1908 270 2091 329 AVITI
2132 271 2532 328 VIENNENSIS

2140 392 2186 449 Α
2218 401 2324 455 que
2352 386 2404 440 in
2430 396 2654 455 paterno
2682 383 2935 454 regioque
2964 382 3083 439 sinu
3112 382 3416 452 receptam?
3442 383 3554 439 Nec
3574 388 3810 440 mutavit

3693 272 3808 326 29.!

2209 476 2418 545 sedem,
2452 491 2551 532 nec
2580 477 2803 546 contigit
2852 476 3334 546 peregrinationem
3372 494 3386 530 :
3420 477 3508 533 ubi
3555 492 3661 532 non
3705 479 3804 534 diu

2209 582 2331 622 esse
2360 568 2533 637 potuit
2571 568 2810 633 domina,
2860 581 2961 622 nec
2992 567 3225 622 breviter
3252 568 3457 622 exstitit
3489 570 3803 638 peregrina.

2213 656 2362 711 Unde
2394 672 2514 711 cum
2550 657 2786 712 ltnlitiam
2818 667 3076 721 vestram,
3102 657 3254 727 quasi
3277 658 3620 713 serenitatem
3648 661 3803 727 coeli,

2208 758 2481 818 exspectet
2508 750 2848 813 universitas,
2870 749 3076 803 reddite
3098 764 3194 804 vos
3218 750 3426 819 gaudiis
3444 752 3766 820 populorum
3787 767 3805 806 τ

2208 837 2329 906 quia
2361 853 2632 908 nunquam
2656 838 2960 907 respublica
2980 838 3336 908 orphanitatis
3364 840 3590 895 incurrit
3615 844 3805 910 perni-

2206 928 2368 991 ciem,
2401 929 2637 997 quandiu
2679 930 3108 985 sustentantibus
3153 930 3305 986 vobis
3356 942 3528 987 mater
3557 933 3803 990 Ecclesia

2207 1034 2315 1074 nan
2346 1022 2578 1075 senserit
2604 1022 2911 1075 orbitatem.

2772 1110 3104 1166 EPISTOLA
3146 1112 3233 1167 Vl.

2277 1217 2467 1257 AVI‘I'US
2492 1217 2800 1259 'IENNENSIS
2825 1218 3104 1259 EPISCOPUS
3124 1215 3149 1245 ⁸
3183 1220 3430 1261 νιετοιυο
3455 1222 3722 1267 ειηεοοιδο.

2344 1293 2369 1330 ά
2410 1293 2487 1349 De
2518 1294 2875 1349 hereticorum
2904 1297 3145 1351 oratoriis
3187 1313 3288 1351 non
3312 1300 3642 1370 recipiendis.

2276 1384 2482 1451 Petistl,
2521 1387 2628 1441 imo
2667 1388 2842 1456 potius
2884 1389 3211 1457 praecepisti,
3245 1390 3409 1446 frater
3440 1393 3701 1461 piissime,
3734 1404 3798 1452 ut

2205 1476 2348 1533 datis
2390 1479 2456 1533 ad
2488 1479 2871 1536 beatitudinem
2901 1490 3044 1536 tuam
3074 1482 3265 1537 litteris
3293 1483 3583 1541 indicarem
3616 1496 3798 1545 utrum

2206 1566 2581 1623 btereticorum
2614 1571 2849 1625 oratoria
2881 1573 2994 1627 sive
3036 1572 3275 1627 basilica:
3320 1574 3388 1629 ad
3417 1590 3543 1631 usus
3574 1587 3798 1646 possent

2204 1666 2403 1713 nostra
2437 1658 2711 1729 religionis
2750 1661 2963 1729 aptari,
3006 1676 3127 1717 cum
3171 1663 3477 1720 conditores
3511 1682 3699 1722 earum
3728 1669 3801 1725 ad

518 1764 623 1820 est,
651 1755 737 1809 ubi
763 1762 867 1808 tam
894 1755 1152 1810 innocens
1178 1755 1296 1825 quis
1312 1756 1465 1824 obiit,
1490 1756 1647 1825 cujus
1670 1766 1894 1811 mortem
1925 1758 2104 1813 nullus
2134 1750 2181 1810 B
2206 1750 2521 1805 catholicam
2573 1765 2633 1806 se
2677 1751 2847 1820 legem
2891 1754 3091 1809 erroris
3136 1758 3469 1814 correctione
3503 1761 3801 1817 transtule-

520 1846 745 1916 putavit.
791 1846 1002 1901 Judicct
1045 1848 1412 1916 unusquisque
1436 1845 1577 1910 quod
1619 1847 1784 1901 sentit
1810 1864 1822 1898 :
1852 1846 1982 1901 nihil
2004 1863 2103 1901 un-

518 1954 677 2007 quam
699 1938 891 1991 vestris
920 1937 1248 2006 temporibus
1272 1939 1588 2004 contingere
1611 1946 1807 2005 potest,
1830 1936 1971 2006 quod
1995 1953 2101 1992 non

522 2042 736 2095 semper
763 2026 993 2081 arbitrer
1038 2028 1322 2096 profuisse.
1372 2027 1525 2082 Unde
1572 2027 1704 2081 nihil
1752 2027 1840 2083 hic
1886 2028 2103 2084 casuale

517 2132 804 2187 prmumo,
836 2116 967 2171 nihil
997 2133 1271 2188 asperum.
1305 2118 1584 2173 Ordinavit
1628 2118 1769 2173 hunc
1798 2120 1973 2188 potius
2012 2134 2104 2173 oc-

519 2209 658 2263 culta
685 2208 1035 2279 dispensatio,
1067 2225 1226 2280 quam
1259 2210 1472 2273 inﬂixit,
1506 2225 1779 2277 angorem.
1812 2208 1840 2247 ι)
1868 2210 2102 2265 Flebatis

518 2300 786 2367 quondam
822 2304 1018 2370 pietate
1062 2300 1255 2355 inethb
1278 2300 1313 2353 li
1346 2299 1531 2354 funera
1568 2314 1968 2369 germanorum,
2016 2316 2103 2357 se-

518 2390 778 2455 quebatur
821 2391 1005 2444 fletum
1038 2391 1305 2458 publicum
1356 2390 1728 2445 universitatis
1758 2389 2001 2457 afflictio,
2048 2400 2104 2447 et

517 2482 731 2535 occulto
762 2481 1062 2536 Divinitatis
1088 2482 1304 2547 intui'u,
1339 2485 1692 2537 instrumenta
1719 2483 1984 2538 incestilia:
2012 2498 2103 2553 pa-

516 2572 767 2626 rabantur
791 2572 856 2626 ad
888 2574 1159 2642 gaudium.
1188 2573 1457 2628 Miuuebat
1480 2574 1630 2644 regni
1655 2574 1883 2629 felicitas
1907 2591 2099 2631 nume-

517 2676 637 2716 rum
665 2664 920 2733 regalium
953 2679 1325 2733 personarum,
1374 2666 1556 2718 ethoc
1591 2665 1762 2718 solum
1786 2666 2101 2721 servabatur

521 2754 743 2819 mundo,
773 2755 914 2826 quod
945 2754 1244 2809 sufficiebat
1272 2755 1513 2824 imperio.
1538 2754 1654 2810 Illic
1680 2758 1973 2825 repositum
1996 2765 2098 2820 est,

516 2847 769 2916 quidquid
795 2862 1107 2917 prosperum
1141 2846 1238 2901 fuit
1262 2848 1540 2903 catholicae
1563 2848 1794 2904 veritati.
1816 2850 1880 2903 Et
1896 2850 2102 2905 nescie-

516 2936 703 2992 bamus
730 2938 857 2992 illud
891 2948 1014 2993 tunc
1043 2938 1210 3008 frangi
1249 2939 1639 3007 tantummodo,
1675 2940 1815 3010 quod
1844 2941 2098 3009 deinceps

514 3036 747 3091 nesciret
799 3036 1021 3094 inflecti.
1080 3035 1184 3091 Aut
1213 3036 1335 3106 quid
1369 3036 1437 3091 de
1480 3035 1715 3092 fraterna
1762 3046 1908 3093 sorte
1948 3038 2099 3093 dicao

2205 1853 2350 1897 runt.
2391 1844 2556 1914 Digna
2601 1846 2838 1915 profecto
2882 1862 2972 1902 res
3000 1847 3069 1903 de
3088 1863 3190 1916 qua
3221 1858 3276 1903 tu
3307 1851 3576 1918 consulis,
3602 1853 3649 1906 si
3681 1869 3800 1909 res-

2204 1935 2475 2005 pondendi
2516 1936 2767 1992 idoneum
2820 1940 3140 2007 reperisses.
3176 1941 3309 2007 Quia
3352 1943 3559 2011 jnssisti
3589 1954 3798 2009 tamen,

2205 2027 2459 2083 reserabo
2487 2027 2541 2083 in
2572 2029 2800 2085 subditis
2827 2031 2955 2098 quid
2984 2045 3321 2099 consequens
3347 2044 3526 2103 putem
3556 2055 3568 2089 :
3593 2052 3656 2092 ea
3685 2039 3799 2092 sci-

2205 2116 2329 2172 licet
2367 2117 2698 2185 deﬁnitione,
2743 2129 2799 2174 ut
2829 2122 3000 2176 locum
3033 2124 3382 2178 succensendi
3415 2126 3534 2181 aliis
3569 2141 3674 2181 non
3707 2142 3798 2184 re-

2204 2222 2442 2276 servem,
2490 2210 2727 2267 simodo
2766 2211 2818 2265 id
2851 2211 2991 2279 quod
3036 2214 3378 2269 statuendum
3422 2217 3791 2286 crediderunt,

2208 2301 2289 2354 vel
2335 2302 2543 2356 ratione
2572 2303 2856 2373 perSpicua
2882 2304 2966 2359 vel
3004 2305 3207 2375 prolata
3238 2307 3307 2363 de
3349 2311 3621 2365 canonicis
3644 2312 3798 2368 vuln-

2204 2391 2438 2446 minibus
2458 2394 2776 2451 auctoritate
2800 2398 3141 2453 conﬁrment.
3175 2398 3318 2455 [stud
3341 2402 3487 2472 quod
3509 2403 3577 2459 de
3602 2414 3798 2461 orato-

2206 2484 2299 2539 riis
2330 2486 2411 2541 vel
2444 2487 2735 2543 basiliculis
2763 2491 2985 2560 privatis
3002 2492 3365 2564 interrogasti,
3388 2496 3612 2565 perinde
3645 2508 3705 2553 ut
3722 2499 3797 2556 de

2204 2578 2451 2637 ecclesiis
2482 2597 2692 2650 eorum,
2723 2583 2943 2640 difficile
2972 2585 3244 2641 delinitur.
3278 2588 3388 2645 Hoc
3410 2605 3643 2661 namque
3670 2607 3795 2647 sua-

2203 2670 2435 2726 dendum
2457 2683 2540 2728 est
2563 2672 2842 2732 catholicis
2870 2679 3088 2747 regibus
3105 2720 3119 2745 ,
3149 2680 3291 2749 quod
3329 2681 3396 2737 de
3415 2683 3676 2752 subjectis
3697 2701 3795 2741 eo-

2202 2778 2322 2818 rum
2349 2764 2510 2821 fuerit
2537 2768 2906 2825 constitutum.
2937 2770 3090 2826 Unde
3114 2773 3377 2841 primum,
3420 2789 3641 2845 quaeso,
3682 2778 3730 2833 si
3760 2792 3793 2834 a

2204 2858 2448 2926 principe
2476 2862 2710 2930 reg'onis
2742 2872 2942 2917 nostrae
2977 2865 3129 2933 cujus
3178 2867 3331 2923 nobis
3370 2868 3511 2925 Deus
3542 2872 3793 2939 prestitit

2205 2950 2257 3005 in
2285 2965 2410 3006 vera
2456 2952 2718 3023 religione
2768 2968 3087 3011 consensum
3115 2998 3131 3022 ,
3177 2959 3338 3014 sortis
3375 2974 3488 3015 sua:
3513 2962 3793 3017 antistites

2202 3041 2576 3110 consolantur,
2612 3054 2787 3102 utrum
2816 3048 3145 3117 respondere
3176 3051 3465 3120 possimus,
3498 3053 3734 3109 fabricas
3758 3070 3790 3109 ι

514 3126 671 3179 mus?
694 3127 813 3196 Ipse
841 3142 1002 3196 quem
1032 3127 1253 3180 vocitari
1302 3142 1523 3196 parvum
1556 3137 1733 3183 vestra
1764 3139 1953 3183 natura
1989 3130 2097 3184 cir-
2129 3122 2174 3185 C
2206 3142 2357 3201 patre
2384 3148 2483 3188 suo
2514 3134 2781 3192 haereticis
2803 3138 3072 3195 institutas
3100 3143 3376 3199 catholicis
3402 3143 3599 3201 debere
3620 3148 3791 3215 parti-

512 3217 803 3285 cumdedit,
830 3218 986 3272 bonis
1015 3219 1207 3273 vestris
1238 3218 1438 3289 absque
1477 3222 1621 3274 omni
1664 3220 1864 3275 malitia
1893 3221 2095 3275 milita-

511 3309 607 3373 vit,
638 3324 757 3362 eum
788 3311 1017 3364 serviret
1061 3310 1213 3365 vobis
1240 3311 1602 3366 nescientibus
1647 3314 1940 3381 periculum
1970 3329 2096 3381 gen-

516 3402 741 3462 lis,cum
773 3399 998 3454 futuram
1032 3416 1216 3469 pacem
1240 3401 1553 3469 disponeret
1582 3404 1812 3457 turbatio
1837 3405 2091 3473 regionis.

515 3490 751 3557 Experto
782 3490 1003 3556 credite,
1060 3492 1312 3561 quidquid
1346 3492 1430 3547 hic
1476 3495 1677 3559 nocuit,
1724 3495 1808 3548 hic
1838 3497 2092 3564 profecit;

512 3578 766 3648 quidquid
795 3588 919 3634 tunc
945 3579 1209 3647 ﬂevimus,
1238 3597 1381 3637 nunc
1405 3598 1672 3638 amamus.
1718 3585 1835 3640 Non
1868 3588 2091 3644 valenti-

513 3670 612 3725 bus
643 3671 740 3725 ista
788 3671 1037 3740 prmscire
1071 3682 1243 3741 potest
1270 3674 1514 3744 equidem
1546 3675 1738 3731 durum
1770 3677 1959 3741 videri,
2010 3681 2093 3737 vi-

511 3761 681 3814 rinam
712 3761 960 3817 thalamis
997 3764 1252 3833 virginem
1302 3766 1459 3819 taedio
1513 3767 1852 3824 incumbente
1897 3786 2094 3838 prtere-

512 3864 655 3923 ptam
681 3870 696 3909 :
720 3869 840 3924 qua:
866 3862 1047 3909 tamen
1067 3856 1261 3909 ambita
1290 3866 1369 3910 est
1396 3866 1456 3911 ut
1482 3858 1685 3925 regina,
1732 3859 1979 3915 defuncta
2010 3873 2093 3919 est

510 3946 947 4002 incontaminata.
997 3947 1313 4016 Quanquam
1346 3964 1533 4004 revera
1585 3950 1842 4019 majorem
1873 3969 2089 4010 causam

509 4038 679 4093 Iustus
717 4037 796 4092 sui
827 4037 1109 4107 reliquisse
1140 4038 1395 4106 dixerim,
1452 4040 1496 4094 si
1528 4040 1667 4094 diem
1693 4043 1938 4099 ultimum
1972 4058 2091 4114 post

508 4131 743 4185 recentia
771 4141 890 4186 vota
920 4131 1219 4187 clausisset.
1247 4130 1317 4186 lbi
1347 4133 1489 4186 enim
1516 4134 1651 4189 forte
1683 4139 1915 4204 poluerit
1942 4139 2091 4195 inve-

508 4220 635 4284 niri,
666 4221 755 4274 ubi
783 4221 910 4275 mihi
945 4230 1065 4290 post
1097 4221 1306 4275 invidia;
1335 4222 1553 4288 nodum,
1578 4224 1937 4284 iusultationis
1958 4230 2091 4284 den-

508 4320 614 4365 tem
650 4311 848 4366 fixiseet
880 4313 1102 4366 aemulus
1133 4314 1287 4367 livor.
1341 4315 1409 4367 At
1440 4329 1566 4369 vero
1598 4332 1759 4382 nunc,
1794 4334 1912 4388 qure
1938 4337 2089 4377 mens

508 4409 613 4454 tam
644 4390 866 4456 barbara
895 4418 997 4456 non
1024 4403 1343 4457 misereatur
1364 4403 1722 4474 virginitatem
1755 4409 2089 4466 felicitatem-

2196 3224 2298 3281 bus
2322 3226 2597 3296 applicari.
2614 3229 2763 3297 Quod
2781 3230 2827 3285 si
2853 3241 2945 3286 aut
2972 3247 3068 3287 nos
3094 3234 3403 3301 suademus,
3433 3248 3525 3292 aut
3547 3253 3789 3295 consen-

2198 3317 2314 3383 tiat,
2366 3322 2796 3388 persecutionem
2843 3322 2895 3378 in
2938 3339 2998 3379 se
3037 3336 3359 3382 commotam
3404 3328 3645 3386 hteretici
3679 3348 3791 3388 non

2196 3410 2464 3467 immerito
2488 3412 2884 3482 causabuntur,
2909 3432 3029 3471 cum
3061 3419 3381 3474 catholicam
3414 3425 3790 3480 mansuetudi-

2196 3515 2318 3555 nem
2342 3502 2638 3558 calumnias
2662 3504 3035 3562 luereticorum
3060 3517 3219 3579 atque
3239 3511 3517 3579 gentilium
3547 3513 3668 3581 plus
3692 3516 3790 3572 de-

2194 3600 2311 3645 ceat
2351 3593 2619 3648 sustinere
2649 3609 2808 3664 quam
2852 3596 3051 3654 facere.
3076 3599 3211 3667 Quid
3253 3602 3396 3655 enim
3429 3612 3534 3657 tam
3566 3603 3787 3673 durum,

2196 3699 2356 3752 quam
2387 3687 2431 3739 si
2465 3686 2538 3741 illi
2561 3688 2650 3758 qui
2674 3700 2856 3757 aperta
2880 3692 3237 3759 perversitate
3268 3705 3513 3763 pereunt,
3544 3696 3612 3752 de
3648 3713 3787 3754 con-

2195 3774 2429 3832 fessione
2469 3778 2572 3833 sibi
2599 3788 2689 3835 aut
2714 3782 2971 3850 martyrio
3002 3784 3379 3839 blandiantur?
3410 3786 3476 3840 Et
3501 3789 3624 3856 quia
3666 3800 3785 3859 post

2195 3883 2313 3935 nos,
2343 3871 2618 3942 nostrique
2646 3875 2787 3943 regis
2812 3920 2826 3944 ,
2852 3875 2991 3931 Dens
3023 3877 3241 3947 tribuat,
3275 3878 3641 3936 felicissimum
3670 3884 3786 3937 lon~

2192 3963 2515 4031 gaivitatem,
2544 3967 2806 4035 siquidem
2826 3968 2958 4022 nihil
2984 3968 3051 4023 de
3081 3985 3333 4039 processu
3352 3982 3651 4041 temporum
3682 3974 3785 4029 im-

2194 4056 2435 4110 mutabili
2460 4058 2607 4112 credi
2638 4058 2837 4125 debet,
2867 4061 3061 4127 poterit
3093 4061 3311 4115 forsitan
3344 4061 3627 4118 luereticus
3669 4066 3783 4134 qui.

2191 4159 2401 4215 cunque
2448 4163 2689 4218 regnare,
2729 4158 2781 4203 et
2810 4149 3066 4219 quidquid
3106 4150 3495 4221 persecutionis
3525 4154 3783 4211 Ecclesiis

2194 4239 2543 4309 personisque
2579 4244 2953 4311 commoverit,
2984 4258 3087 4298 non
3118 4252 3278 4300 secta
3301 4261 3410 4301 sua:
3440 4247 3638 4313 studio,
3688 4250 3782 4305 sed

2192 4344 2257 4382 ex
2286 4330 2671 4387 vicissitudinis
2698 4335 3047 4390 retributione
3075 4334 3267 4391 fecisse
3296 4336 3522 4405 dicetur,
3548 4347 3602 4393 et
3626 4341 3782 4393 nobis

2196 4421 2355 4475 etiam
2387 4432 2507 4492 post
2535 4434 2761 4479 mortem
2791 4426 3076 4493 gravandis
3096 4426 3163 4480 ad
3195 4438 3471 4495 peccatum
3502 4431 3782 4499 reputabi-

578 4558 1447 4663 ἶοῗξῖῗέίῖξὶὶξῗτιῖέῗ.,ῖῗηθδῖξὲξᾷἷὲἵ
1467 4563 1761 4663 ;.¹3¹¹;Ἰίςῖἒῗὲί
1780 4563 2080 4663 fffPﬂ'li‘fz
2111 4572 2162 4631 Ῑ)
2195 4575 2492 4663 Υίῇυἱτίυεν
2522 4580 2580 4663 _i'!
2610 4582 2798 4663 σοιέίοε
2820 4584 3355 4656 αυιεηιιιυεαιιηεηει
3391 4588 3660 4646 Victorius
3688 4606 3782 4663 an-

506 4638 563 4682 et
589 4630 768 4695 regina
800 4644 921 4682 mox
953 4631 1147 4691 futura,
1202 4630 1436 4695 paternis
1467 4630 1517 4683 in
1550 4630 1753 4687 mdibu’s
1779 4630 2085 4693 decesserat

508 4707 632 4751 ante
654 4700 886 4775 nuptias.
916 4698 1067 4764 Quod
1094 4713 1220 4753 vero
1252 4699 1329 4752 illi
1355 4699 1438 4753 vel
1466 4714 1663 4768 spOuso
1685 4719 1876 4760 nomen
1902 4707 2085 4775 fuerit,

510 4784 615 4820 non
644 4768 890 4835 CIpIicitl.

576 4835 605 4873 ι)
638 4836 843 4911 Ennera
873 4836 1083 4911 flevisse
1117 4839 1207 4911 ait,
1255 4853 1480 4911 quorum
1512 4849 1699 4895 auctor
1743 4844 1857 4911 ipse
1889 4845 2081 4901 fuerat.

510 4908 584 4960 Ex
618 4906 784 4986 tribus
814 4908 1257 4986 enimnfratribus,
1278 4906 1422 4986 duos
1442 4906 1802 4986 (iundobadus
1827 4917 2086 4986 principio

509 4977 656 5053 regni
686 4980 917 5053 sustulit,
949 4978 1307 5053 Cbilperieum
1337 4978 1581 5053 Clotildis
1625 4977 2078 5053 nostrm'patre'm,

507 5059 555 5125 et
590 5046 989 5125 Godomarnm:
1030 5063 1149 5103 cum
1184 5051 1341 5103 tertio
1372 5048 1678 5120 Godegisilo
1710 5046 1925 5119 regnum
1961 5046 2079 5125 par;

508 5118 654 5181 titus,
684 5118 987 5187 complures
1017 5134 1185 5171 annos
1214 5133 1330 5173 cum
1360 5136 1424 5174 eo
1456 5118 1714 5189 regnavit.
1760 5118 1997 5181 Tandem
2027 5140 2081 5184 et

511 5191 650 5267 hunc
680 5203 888 5267 quoque
929 5190 1120 5257 injuria
1168 5189 1781 5267 lacessitus‘interfecit,
1828 5200 2079 5267 Solusque

509 5258 759 5325 deinceps
808 5261 1011 5333 integro
1056 5276 1223 5333 regno
1274 5276 1367 5333 per
1392 5261 1623 5315 sedecim
1663 5280 1834 5321 annos
1884 5258 2079 5333 potitus

511 5337 612 5403 est,
642 5342 811 5403 usque
834 5332 897 5381 ad
932 5330 1070 5383 Petri
1101 5331 1463 5403 consulatum,
1488 5335 1603 5403 sub
1636 5350 1741 5403 quo
1772 5330 2075 5394 defunctum

513 5398 895 5523 ῗὲηάἷῲἓῗὲηι
928 5409 1073 5453 notat
1096 5400 1418 5455 Cltronicum
1450 5402 1625 5470 Marii,
1653 5398 1775 5460 'hoc
1809 5419 1891 5462 est
1937 5424 2078 5465 anno

533 5502 546 5519 ι
593 5486 663 5521 TIS
694 5486 703 5519 Ι
844 5508 856 5522 .

505 5469 703 5521 Christi
732 5469 856 5523 516.

578 5549 603 5577 ε
645 5538 1159 5619 Gratianopolitano.
1203 5542 1354 5619 [hinc
1394 5544 1536 5598 enim
1581 5559 1700 5619 esse
1726 5549 1960 5603 arbitror
1989 5553 2078 5619 qui

505 5622 626 5686 gum
684 5610 841 5686 Avito
894 5614 1009 5679 ipso
1059 5613 1332 5686 interfuit
1370 5625 1441 5686 et
1481 5618 1800 5686 subscripsit
1854 5610 2082 5676 concilio

507 5676 809 5737 anonensi
826 5722 843 5751 ,
873 5676 1032 5753 atque
1058 5678 1113 5740 in
1139 5683 1365 5753 vulgatis
1382 5676 1711 5744 cditionibus
1731 5692 2077 5748 conciliorum

2195 4649 2444 4716 pellatur,
2480 4661 2537 4704 ut
2565 4652 2666 4706 hoc
2694 4654 2829 4707 loco.

2262 4714 2287 4753 ἀ
2316 4721 2413 4797 Q_t_t_i
2438 4720 2604 4797 _hanc
2645 4724 2924 4797 epistolam
2954 4726 3248 4797 contulerit
3284 4742 3402 4782 cum
3450 4743 3659 4784 canone
3686 4732 3780 4797 .35,

2193 4790 2404 4865 Concilii
2438 4791 2805 4859 Epaonensis,
2842 4792 2919 4846 De
2947 4794 3167 4848 basilicis
3201 4798 3591 4865 hwretirorum,
3623 4790 3780 4857 facile

2191 4856 2577 4937 animadvertet
2605 4904 2620 4926 ,
2667 4856 2926 4937 can‘onem
2949 4880 3059 4937 Anon
3092 4867 3263 4921 Solum
3312 4884 3379 4921 ex
3407 4856 3589 4923 mente
3610 4856 3776 4937 Aviti,

2190 4932 2276 4995 qui
2313 4942 2537 4997 prmerat
2582 4934 2811 4986 concilio
2830 4975 2843 4998 ,
2868 4934 2963 4988 sed
2991 4936 3171 5007 _ipsius
3200 4953 3411 5007 quoque
3439 4942 3616 4993 verbis
3642 4932 3780 4996 con;

2191 5009 2404 5071 eeptum
2435 5008 2594 5070 atque
2622 5018 2953 5071 expressum.
2983 5004 3069 5061 Sic
3091 5004 3233 5060 enim
3264 5004 3544 5063 se‘habet:
3579 5010 3780 5065 Basili-

2185 5084 2272 5122 cas
2304 5070 2655 5125 Itwreticorum
2681 5070 2810 5143 quas
2842 5083 2984 5127 tanta
3010 5079 3355 5131 exsecratione
3383 5080 3620 5134 habemus
3658 5100 3779 5137 exo-

2184 5156 2268 5194 sas
2292 5182 2306 5205 ,
2338 5152 2391 5219 tu
2420 5144 2979 5219 ρωζζιιιὶοηεηι.φναν-ιιηιΔ
3008 5144 3327 5219 purgabilem
3359 5164 3459 5201 non
3503 5160 3773 5219 putemus,

2182 5212 2374 5264 sanctis
2419 5212 2592 5290 usibus
2640 5214 2903 5283 applicare
2946 5212 3274 5290 despicimus.
3322 5212 3536 5274 Diversa
3591 5212 3778 5290 paucis

2182 5290 2309 5335 ante
2338 5283 2706 5356 annisqfuerat
2754 5286 3020 5356 sententia
3044 5288 3263 5340 .concilii
3316 5289 3471 5356 primi
3522 5283 3777 5346 Aurelia-

2185 5356 2367 5405 nensis
2388 5394 2401 5418 ,
2429 5355 2516 5431 _eni
2555 5354 2807 5431 basilicas
2847 5354 3141 5431 Gothorum
3176 5354 3369 5431 recipi,
3399 5369 3453 5413 et
3481 5360 3641 5415 simili
3668 5379 3776 5431 quo

2188 5437 2384 5494 nostra:
2428 5424 2670 5477 innovari
2730 5426 2906 5479 solent
2953 5428 3147 5494 placuit
3203 5429 3393 5483 ordine
3443 5424 3773 5487 consecrari.

2183 5492 2335 5569 Quod
2384 5494 2582 5569 ubique
2631 5497 2869 5563 gentium
3032 5513 3183 5552 more
3240 5514 3442 5569 usuque
3484 5501 3593 5569 jam
3641 5503 3773 5559 olim

2184 5564 2369 5687 ltitisse,
2404 5575 2513 5619 tum
2545 5565 2768 5634 Grmcm,
2793 5581 2913 5624 cum
2949 5567 3150 5624 Latina:
3178 5564 3376 5639 passim
3408 5564 3653 5628 historiae
3680 5574 3773 5631 de-

2184 5648 2211 5687 c
2234 5643 2405 5687 arant.

2183 5643 2405 5691 ctarant.
