  <div class='ocr_page' id='page_1' title='image "/cluster/home/n/w/nwhite01/storage/ocr_20150623/59/hvd.32044073505117/118.png"; bbox 0 0 4046 6170; ppageno 0'>
   <div class='ocr_carea' id='block_1_1' title="bbox 188 296 283 352">
    <p class='ocr_par' dir='ltr' id='par_1_1' title="bbox 188 296 283 352">
     <span class='ocr_line' id='line_1_1' title="bbox 188 296 283 352; baseline 0.021 -2"><span class='ocrx_word' id='word_1_1' title='bbox 188 296 283 352; x_wconf 72' lang='lat'><strong>&#39;22&#39;5</strong></span> 
     </span>
    </p>
   </div>
   <div class='ocr_carea' id='block_1_2' title="bbox 1576 293 2039 353">
    <p class='ocr_par' dir='ltr' id='par_1_2' title="bbox 1576 293 2039 353">
     <span class='ocr_line' id='line_1_2' title="bbox 1576 293 2039 353; baseline 0 -4"><span class='ocrx_word' id='word_1_2' title='bbox 1576 294 1907 353; x_wconf 71' lang='lat' dir='ltr'><strong>EPiSTOLA</strong></span> <span class='ocrx_word' id='word_1_3' title='bbox 1948 293 2039 351; x_wconf 78' lang='lat' dir='ltr'><strong>Vl.</strong></span> 
     </span>
    </p>
   </div>
   <div class='ocr_carea' id='block_1_3' title="bbox 3362 309 3466 364">
    <p class='ocr_par' dir='ltr' id='par_1_3' title="bbox 3362 309 3466 364">
     <span class='ocr_line' id='line_1_3' title="bbox 3362 309 3466 364; baseline 0 -1"><span class='ocrx_word' id='word_1_4' title='bbox 3362 309 3466 364; x_wconf 65' lang='lat'><strong>2&#39;26</strong></span> 
     </span>
    </p>
   </div>
   <div class='ocr_carea' id='block_1_4' title="bbox 187 404 3467 489">
    <p class='ocr_par' dir='ltr' id='par_1_4' title="bbox 187 404 3467 489">
     <span class='ocr_line' id='line_1_4' title="bbox 187 404 3467 489; baseline 0.002 -23"><span class='ocrx_word' id='word_1_5' title='bbox 187 422 282 475; x_wconf 92' lang='lat' dir='ltr'><strong>tur,</strong></span> <span class='ocrx_word' id='word_1_6' title='bbox 312 408 575 481; x_wconf 83' lang='lat' dir='ltr'><strong>quidquid</strong></span> <span class='ocrx_word' id='word_1_7' title='bbox 614 407 778 465; x_wconf 90' lang='lat' dir='ltr'><strong>fuerit</strong></span> <span class='ocrx_word' id='word_1_8' title='bbox 827 422 1081 479; x_wconf 83' lang='lat' dir='ltr'><strong>perpessa</strong></span> <span class='ocrx_word' id='word_1_9' title='bbox 1117 408 1424 478; x_wconf 71' lang='lat' dir='ltr'><strong>posteritas.</strong></span> <span class='ocrx_word' id='word_1_10' title='bbox 1462 409 1529 464; x_wconf 85' lang='lat' dir='ltr'><strong>Et</strong></span> <span class='ocrx_word' id='word_1_11' title='bbox 1552 408 1776 463; x_wconf 76' lang='lat' dir='ltr'><strong>forsitan</strong></span> <span class='ocrx_word' id='word_1_12' title='bbox 1804 411 1854 471; x_wconf 80' lang='grc' dir='ltr'><strong>Α</strong></span> <span class='ocrx_word' id='word_1_13' title='bbox 1883 404 1935 460; x_wconf 94' lang='lat' dir='ltr'><strong>in</strong></span> <span class='ocrx_word' id='word_1_14' title='bbox 1965 405 2119 475; x_wconf 86' lang='lat' dir='ltr'><strong>cujus</strong></span> <span class='ocrx_word' id='word_1_15' title='bbox 2152 421 2346 476; x_wconf 71' lang='lat' dir='ltr'><strong>corpus</strong></span> <span class='ocrx_word' id='word_1_16' title='bbox 2376 408 2518 464; x_wconf 92' lang='lat' dir='ltr'><strong>unita</strong></span> <span class='ocrx_word' id='word_1_17' title='bbox 2548 407 2778 478; x_wconf 80' lang='lat' dir='ltr'><strong>ChriSIi,</strong></span> <span class='ocrx_word' id='word_1_18' title='bbox 2811 411 2864 467; x_wconf 91' lang='lat' dir='ltr'><strong>id</strong></span> <span class='ocrx_word' id='word_1_19' title='bbox 2905 420 2989 468; x_wconf 89' lang='lat' dir='ltr'><strong>est</strong></span> <span class='ocrx_word' id='word_1_20' title='bbox 3022 414 3346 488; x_wconf 88' lang='lat' dir='ltr'><strong>Christiani,</strong></span> <span class='ocrx_word' id='word_1_21' title='bbox 3371 436 3467 489; x_wconf 86' lang='lat' dir='ltr'><strong>per</strong></span> 
     </span>
    </p>
   </div>
   <div class='ocr_carea' id='block_1_5' title="bbox 184 500 1775 575">
    <p class='ocr_par' dir='ltr' id='par_1_5' title="bbox 184 500 1775 575">
     <span class='ocr_line' id='line_1_5' title="bbox 184 500 1775 575; baseline -0.004 -15"><span class='ocrx_word' id='word_1_22' title='bbox 184 505 391 575; x_wconf 88' lang='lat' dir='ltr'><strong>adjiciet</strong></span> <span class='ocrx_word' id='word_1_23' title='bbox 420 502 600 558; x_wconf 88' lang='lat' dir='ltr'><strong>divina</strong></span> <span class='ocrx_word' id='word_1_24' title='bbox 641 503 917 557; x_wconf 84' lang='lat' dir='ltr'><strong>miseratio</strong></span> <span class='ocrx_word' id='word_1_25' title='bbox 937 542 953 567; x_wconf 91' lang='lat'><strong>,</strong></span> <span class='ocrx_word' id='word_1_26' title='bbox 996 510 1055 554; x_wconf 84' lang='lat' dir='ltr'><strong>nt</strong></span> <span class='ocrx_word' id='word_1_27' title='bbox 1084 502 1263 571; x_wconf 88' lang='lat' dir='ltr'><strong>proles</strong></span> <span class='ocrx_word' id='word_1_28' title='bbox 1292 500 1550 571; x_wconf 87' lang='lat' dir='ltr'><strong>principis</strong></span> <span class='ocrx_word' id='word_1_29' title='bbox 1572 501 1640 556; x_wconf 92' lang='lat' dir='ltr'><strong>de</strong></span> <span class='ocrx_word' id='word_1_30' title='bbox 1668 515 1775 570; x_wconf 93' lang='lat' dir='ltr'><strong>quo</strong></span> 
     </span>
    </p>
   </div>
   <div class='ocr_carea' id='block_1_6' title="bbox 185 592 1775 667">
    <p class='ocr_par' dir='ltr' id='par_1_6' title="bbox 185 592 1775 667">
     <span class='ocr_line' id='line_1_6' title="bbox 185 592 1775 667; baseline -0.003 -16"><span class='ocrx_word' id='word_1_31' title='bbox 185 597 442 667; x_wconf 78' lang='lat' dir='ltr'><strong>loquimur</strong></span> <span class='ocrx_word' id='word_1_32' title='bbox 471 634 487 660; x_wconf 92' lang='lat'><strong>,</strong></span> <span class='ocrx_word' id='word_1_33' title='bbox 519 609 614 664; x_wconf 91' lang='lat' dir='ltr'><strong>per</strong></span> <span class='ocrx_word' id='word_1_34' title='bbox 655 610 693 648; x_wconf 13' lang='lat' dir='ltr'><strong>re</strong></span> <span class='ocrx_word' id='word_1_35' title='bbox 715 603 926 663; x_wconf 86' lang='lat' dir='ltr'><strong>ceptam</strong></span> <span class='ocrx_word' id='word_1_36' title='bbox 964 592 1091 648; x_wconf 91' lang='lat' dir='ltr'><strong>ﬁdei</strong></span> <span class='ocrx_word' id='word_1_37' title='bbox 1132 592 1521 661; x_wconf 86' lang='lat' dir='ltr'><strong>plenitudinem</strong></span> <span class='ocrx_word' id='word_1_38' title='bbox 1548 592 1775 647; x_wconf 83' lang='lat' dir='ltr'><strong>catholi-</strong></span> 
     </span>
    </p>
   </div>
   <div class='ocr_carea' id='block_1_7' title="bbox 184 683 1776 755">
    <p class='ocr_par' dir='ltr' id='par_1_7' title="bbox 184 683 1776 755">
     <span class='ocr_line' id='line_1_7' title="bbox 184 683 1776 755; baseline -0.003 -13"><span class='ocrx_word' id='word_1_39' title='bbox 184 703 293 742; x_wconf 92' lang='lat' dir='ltr'><strong>cum</strong></span> <span class='ocrx_word' id='word_1_40' title='bbox 337 695 599 755; x_wconf 78' lang='lat' dir='ltr'><strong>sequatur</strong></span> <span class='ocrx_word' id='word_1_41' title='bbox 637 695 941 740; x_wconf 84' lang='lat' dir='ltr'><strong>auctorem.</strong></span> <span class='ocrx_word' id='word_1_42' title='bbox 967 683 1104 750; x_wconf 87' lang='lat' dir='ltr'><strong>Quid</strong></span> <span class='ocrx_word' id='word_1_43' title='bbox 1135 692 1314 739; x_wconf 90' lang='lat' dir='ltr'><strong>tamen</strong></span> <span class='ocrx_word' id='word_1_44' title='bbox 1335 725 1349 747; x_wconf 92' lang='lat'><strong>,</strong></span> <span class='ocrx_word' id='word_1_45' title='bbox 1383 684 1429 738; x_wconf 93' lang='lat' dir='ltr'><strong>si</strong></span> <span class='ocrx_word' id='word_1_46' title='bbox 1458 698 1602 739; x_wconf 89' lang='lat' dir='ltr'><strong>nunc</strong></span> <span class='ocrx_word' id='word_1_47' title='bbox 1628 684 1776 751; x_wconf 77' lang='lat' dir='ltr'><strong>quis-</strong></span> 
     </span>
    </p>
   </div>
   <div class='ocr_carea' id='block_1_8' title="bbox 183 775 1773 851">
    <p class='ocr_par' dir='ltr' id='par_1_8' title="bbox 183 775 1773 851">
     <span class='ocr_line' id='line_1_8' title="bbox 183 775 1773 851; baseline -0.001 -18"><span class='ocrx_word' id='word_1_48' title='bbox 183 795 330 851; x_wconf 82' lang='lat' dir='ltr'><strong>quam</strong></span> <span class='ocrx_word' id='word_1_49' title='bbox 348 779 419 833; x_wconf 91' lang='lat' dir='ltr'><strong>de</strong></span> <span class='ocrx_word' id='word_1_50' title='bbox 434 778 626 833; x_wconf 80' lang='lat' dir='ltr'><strong>vicinis</strong></span> <span class='ocrx_word' id='word_1_51' title='bbox 639 778 854 846; x_wconf 76' lang='lat' dir='ltr'><strong>regibus</strong></span> <span class='ocrx_word' id='word_1_52' title='bbox 878 778 1009 846; x_wconf 81' lang='lat' dir='ltr'><strong>legis</strong></span> <span class='ocrx_word' id='word_1_53' title='bbox 1040 776 1232 831; x_wconf 60' lang='lat' dir='ltr'><strong>alienas</strong></span> <span class='ocrx_word' id='word_1_54' title='bbox 1258 776 1445 831; x_wconf 87' lang='lat' dir='ltr'><strong>ulcisci</strong></span> <span class='ocrx_word' id='word_1_55' title='bbox 1468 776 1523 830; x_wconf 88' lang='lat' dir='ltr'><strong>in</strong></span> <span class='ocrx_word' id='word_1_56' title='bbox 1553 775 1773 845; x_wconf 82' lang='lat' dir='ltr'><strong>regione</strong></span> 
     </span>
    </p>
   </div>
   <div class='ocr_carea' id='block_1_9' title="bbox 185 866 1770 937">
    <p class='ocr_par' dir='ltr' id='par_1_9' title="bbox 185 866 1770 937">
     <span class='ocr_line' id='line_1_9' title="bbox 185 866 1770 937; baseline -0.003 -12"><span class='ocrx_word' id='word_1_57' title='bbox 185 886 267 925; x_wconf 88' lang='lat' dir='ltr'><strong>sua</strong></span> <span class='ocrx_word' id='word_1_58' title='bbox 296 870 548 925; x_wconf 85' lang='lat' dir='ltr'><strong>similiter</strong></span> <span class='ocrx_word' id='word_1_59' title='bbox 572 869 724 931; x_wconf 83' lang='lat' dir='ltr'><strong>velit,</strong></span> <span class='ocrx_word' id='word_1_60' title='bbox 755 867 896 937; x_wconf 74' lang='lat' dir='ltr'><strong>quod</strong></span> <span class='ocrx_word' id='word_1_61' title='bbox 922 868 1009 921; x_wconf 90' lang='lat' dir='ltr'><strong>hic</strong></span> <span class='ocrx_word' id='word_1_62' title='bbox 1030 868 1405 922; x_wconf 87' lang='lat' dir='ltr'><strong>sacerdotibus</strong></span> <span class='ocrx_word' id='word_1_63' title='bbox 1432 868 1545 922; x_wconf 87' lang='lat' dir='ltr'><strong>suis</strong></span> <span class='ocrx_word' id='word_1_64' title='bbox 1575 866 1770 922; x_wconf 88' lang='lat' dir='ltr'><strong>dolue-</strong></span> 
     </span>
    </p>
   </div>
   <div class='ocr_carea' id='block_1_10' title="bbox 186 959 1773 1034">
    <p class='ocr_par' dir='ltr' id='par_1_10' title="bbox 186 959 1773 1034">
     <span class='ocr_line' id='line_1_10' title="bbox 186 959 1773 1034; baseline -0.004 -15"><span class='ocrx_word' id='word_1_65' title='bbox 186 966 245 1021; x_wconf 89' lang='lat' dir='ltr'><strong>rit</strong></span> <span class='ocrx_word' id='word_1_66' title='bbox 272 964 534 1034; x_wconf 75' lang='lat' dir='ltr'><strong>irrogari?</strong></span> <span class='ocrx_word' id='word_1_67' title='bbox 561 965 629 1017; x_wconf 87' lang='lat' dir='ltr'><strong>At</strong></span> <span class='ocrx_word' id='word_1_68' title='bbox 648 965 691 1017; x_wconf 89' lang='lat' dir='ltr'><strong>si</strong></span> <span class='ocrx_word' id='word_1_69' title='bbox 714 963 832 1031; x_wconf 90' lang='lat' dir='ltr'><strong>quis</strong></span> <span class='ocrx_word' id='word_1_70' title='bbox 856 960 1159 1031; x_wconf 84' lang='lat' dir='ltr'><strong>ltnjusmodi</strong></span> <span class='ocrx_word' id='word_1_71' title='bbox 1182 976 1269 1015; x_wconf 91' lang='lat' dir='ltr'><strong>me</strong></span> <span class='ocrx_word' id='word_1_72' title='bbox 1293 959 1549 1015; x_wconf 88' lang='lat' dir='ltr'><strong>deridcns</strong></span> <span class='ocrx_word' id='word_1_73' title='bbox 1572 960 1623 1014; x_wconf 92' lang='lat' dir='ltr'><strong>in</strong></span> <span class='ocrx_word' id='word_1_74' title='bbox 1657 959 1773 1013; x_wconf 70' lang='lat' dir='ltr'><strong>hare</strong></span> 
     </span>
    </p>
   </div>
   <div class='ocr_carea' id='block_1_11' title="bbox 190 1051 1772 1123">
    <p class='ocr_par' dir='ltr' id='par_1_11' title="bbox 190 1051 1772 1123">
     <span class='ocr_line' id='line_1_11' title="bbox 190 1051 1772 1123; baseline -0.003 -15"><span class='ocrx_word' id='word_1_75' title='bbox 190 1057 337 1108; x_wconf 77' lang='lat' dir='ltr'><strong>verba</strong></span> <span class='ocrx_word' id='word_1_76' title='bbox 382 1063 736 1123; x_wconf 88' lang='lat' dir='ltr'><strong>prorumpat,</strong></span> <span class='ocrx_word' id='word_1_77' title='bbox 771 1062 890 1105; x_wconf 90' lang='lat' dir='ltr'><strong>utar</strong></span> <span class='ocrx_word' id='word_1_78' title='bbox 909 1052 1083 1121; x_wconf 82' lang='lat' dir='ltr'><strong>gloria</strong></span> <span class='ocrx_word' id='word_1_79' title='bbox 1115 1054 1373 1121; x_wconf 84' lang='lat' dir='ltr'><strong>temporis</strong></span> <span class='ocrx_word' id='word_1_80' title='bbox 1402 1051 1525 1114; x_wconf 91' lang='lat' dir='ltr'><strong>mei,</strong></span> <span class='ocrx_word' id='word_1_81' title='bbox 1562 1051 1772 1119; x_wconf 90' lang='lat' dir='ltr'><strong>prospi-</strong></span> 
     </span>
    </p>
   </div>
   <div class='ocr_carea' id='block_1_12' title="bbox 185 1143 1769 1214">
    <p class='ocr_par' dir='ltr' id='par_1_12' title="bbox 185 1143 1769 1214">
     <span class='ocr_line' id='line_1_12' title="bbox 185 1143 1769 1214; baseline -0.003 -12"><span class='ocrx_word' id='word_1_82' title='bbox 185 1149 279 1202; x_wconf 77' lang='lat' dir='ltr'><strong>ciat</strong></span> <span class='ocrx_word' id='word_1_83' title='bbox 303 1147 471 1201; x_wconf 85' lang='lat' dir='ltr'><strong>statui</strong></span> <span class='ocrx_word' id='word_1_84' title='bbox 506 1161 605 1201; x_wconf 89' lang='lat' dir='ltr'><strong>suo</strong></span> <span class='ocrx_word' id='word_1_85' title='bbox 635 1147 973 1214; x_wconf 85' lang='lat' dir='ltr'><strong>subsequens</strong></span> <span class='ocrx_word' id='word_1_86' title='bbox 1004 1152 1155 1198; x_wconf 70' lang='lat' dir='ltr'><strong>aetas.</strong></span> <span class='ocrx_word' id='word_1_87' title='bbox 1186 1143 1292 1197; x_wconf 82' lang='lat' dir='ltr'><strong>Sed</strong></span> <span class='ocrx_word' id='word_1_88' title='bbox 1321 1144 1408 1213; x_wconf 87' lang='lat' dir='ltr'><strong>qui</strong></span> <span class='ocrx_word' id='word_1_89' title='bbox 1439 1143 1560 1197; x_wconf 88' lang='lat' dir='ltr'><strong>talia</strong></span> <span class='ocrx_word' id='word_1_90' title='bbox 1587 1158 1769 1197; x_wconf 88' lang='lat' dir='ltr'><strong>secum</strong></span> 
     </span>
    </p>
   </div>
   <div class='ocr_carea' id='block_1_13' title="bbox 184 1235 1771 1308">
    <p class='ocr_par' dir='ltr' id='par_1_13' title="bbox 184 1235 1771 1308">
     <span class='ocr_line' id='line_1_13' title="bbox 184 1235 1771 1308; baseline -0.003 -13"><span class='ocrx_word' id='word_1_91' title='bbox 184 1249 387 1304; x_wconf 85' lang='lat' dir='ltr'><strong>tractat,</strong></span> <span class='ocrx_word' id='word_1_92' title='bbox 414 1239 683 1308; x_wconf 82' lang='lat' dir='ltr'><strong>paulisper</strong></span> <span class='ocrx_word' id='word_1_93' title='bbox 713 1237 846 1291; x_wconf 91' lang='lat' dir='ltr'><strong>mihi</strong></span> <span class='ocrx_word' id='word_1_94' title='bbox 878 1235 1164 1291; x_wconf 82' lang='lat' dir='ltr'><strong>redhibeat</strong></span> <span class='ocrx_word' id='word_1_95' title='bbox 1185 1250 1343 1304; x_wconf 90' lang='lat' dir='ltr'><strong>quam</strong></span> <span class='ocrx_word' id='word_1_96' title='bbox 1368 1235 1580 1305; x_wconf 88' lang='lat' dir='ltr'><strong>postulo</strong></span> <span class='ocrx_word' id='word_1_97' title='bbox 1605 1236 1771 1290; x_wconf 84' lang='lat' dir='ltr'><strong>ratio-</strong></span> 
     </span>
    </p>
   </div>
   <div class='ocr_carea' id='block_1_14' title="bbox 184 1326 1771 1399">
    <p class='ocr_par' dir='ltr' id='par_1_14' title="bbox 184 1326 1771 1399">
     <span class='ocr_line' id='line_1_14' title="bbox 184 1326 1771 1399; baseline -0.004 -11"><span class='ocrx_word' id='word_1_98' title='bbox 184 1349 317 1399; x_wconf 89' lang='lat' dir='ltr'><strong>nem,</strong></span> <span class='ocrx_word' id='word_1_99' title='bbox 346 1342 530 1387; x_wconf 89' lang='lat' dir='ltr'><strong>utrum</strong></span> <span class='ocrx_word' id='word_1_100' title='bbox 562 1331 799 1386; x_wconf 65' lang='lat' dir='ltr'><strong>hmretici</strong></span> <span class='ocrx_word' id='word_1_101' title='bbox 831 1345 861 1384; x_wconf 92' lang='lat' dir='ltr'><strong>a</strong></span> <span class='ocrx_word' id='word_1_102' title='bbox 898 1329 1052 1384; x_wconf 90' lang='lat' dir='ltr'><strong>nobis</strong></span> <span class='ocrx_word' id='word_1_103' title='bbox 1080 1343 1200 1383; x_wconf 93' lang='lat' dir='ltr'><strong>cum</strong></span> <span class='ocrx_word' id='word_1_104' title='bbox 1231 1328 1455 1382; x_wconf 76' lang='lat' dir='ltr'><strong>veritate</strong></span> <span class='ocrx_word' id='word_1_105' title='bbox 1480 1327 1646 1396; x_wconf 88' lang='lat' dir='ltr'><strong>recipi</strong></span> <span class='ocrx_word' id='word_1_106' title='bbox 1677 1326 1771 1381; x_wconf 89' lang='lat' dir='ltr'><strong>de-</strong></span> 
     </span>
    </p>
   </div>
   <div class='ocr_carea' id='block_1_15' title="bbox 184 1419 1769 1492">
    <p class='ocr_par' dir='ltr' id='par_1_15' title="bbox 184 1419 1769 1492">
     <span class='ocr_line' id='line_1_15' title="bbox 184 1419 1769 1492; baseline -0.004 -13"><span class='ocrx_word' id='word_1_107' title='bbox 184 1426 367 1491; x_wconf 83' lang='lat' dir='ltr'><strong>beant,</strong></span> <span class='ocrx_word' id='word_1_108' title='bbox 394 1424 728 1492; x_wconf 88' lang='lat' dir='ltr'><strong>recipiantur</strong></span> <span class='ocrx_word' id='word_1_109' title='bbox 756 1440 768 1474; x_wconf 90' lang='lat'><strong>:</strong></span> <span class='ocrx_word' id='word_1_110' title='bbox 805 1420 1135 1475; x_wconf 87' lang='lat' dir='ltr'><strong>lucidissima</strong></span> <span class='ocrx_word' id='word_1_111' title='bbox 1162 1420 1309 1473; x_wconf 89' lang='lat' dir='ltr'><strong>salus</strong></span> <span class='ocrx_word' id='word_1_112' title='bbox 1330 1430 1411 1474; x_wconf 91' lang='lat' dir='ltr'><strong>est</strong></span> <span class='ocrx_word' id='word_1_113' title='bbox 1431 1460 1445 1484; x_wconf 94' lang='lat'><strong>,</strong></span> <span class='ocrx_word' id='word_1_114' title='bbox 1475 1419 1598 1488; x_wconf 88' lang='lat' dir='ltr'><strong>quia</strong></span> <span class='ocrx_word' id='word_1_115' title='bbox 1630 1421 1769 1473; x_wconf 92' lang='lat' dir='ltr'><strong>sicut</strong></span> 
     </span>
    </p>
   </div>
   <div class='ocr_carea' id='block_1_16' title="bbox 180 1507 1764 1583">
    <p class='ocr_par' dir='ltr' id='par_1_16' title="bbox 180 1507 1764 1583">
     <span class='ocr_line' id='line_1_16' title="bbox 180 1507 1764 1583; baseline -0.006 -13"><span class='ocrx_word' id='word_1_116' title='bbox 180 1514 431 1583; x_wconf 84' lang='lat' dir='ltr'><strong>scriptum</strong></span> <span class='ocrx_word' id='word_1_117' title='bbox 453 1524 537 1568; x_wconf 90' lang='lat' dir='ltr'><strong>est</strong></span> <span class='ocrx_word' id='word_1_118' title='bbox 560 1531 575 1566; x_wconf 88' lang='lat'><strong>:</strong></span> <span class='ocrx_word' id='word_1_119' title='bbox 597 1510 1042 1579; x_wconf 86' lang='lat' dir='ltr'><strong>Credidi,pr0pter</strong></span> <span class='ocrx_word' id='word_1_120' title='bbox 1067 1509 1206 1578; x_wconf 88' lang='lat' dir='ltr'><strong>quod</strong></span> <span class='ocrx_word' id='word_1_121' title='bbox 1237 1509 1437 1563; x_wconf 85' lang='lat' dir='ltr'><strong>locutus</strong></span> <span class='ocrx_word' id='word_1_122' title='bbox 1454 1524 1569 1561; x_wconf 87' lang='lat' dir='ltr'><strong>sum</strong></span> <span class='ocrx_word' id='word_1_123' title='bbox 1592 1507 1764 1580; x_wconf 86' lang='lat' dir='ltr'><strong>(Psal.</strong></span> 
     </span>
    </p>
   </div>
   <div class='ocr_carea' id='block_1_17' title="bbox 178 1601 1762 1675">
    <p class='ocr_par' dir='ltr' id='par_1_17' title="bbox 178 1601 1762 1675">
     <span class='ocr_line' id='line_1_17' title="bbox 178 1601 1762 1675; baseline -0.003 -16"><span class='ocrx_word' id='word_1_124' title='bbox 178 1617 292 1672; x_wconf 82' lang='lat' dir='ltr'><strong>cxv,</strong></span> <span class='ocrx_word' id='word_1_125' title='bbox 318 1606 402 1675; x_wconf 75' lang='grc' dir='ltr'><strong>Ι).</strong></span> <span class='ocrx_word' id='word_1_126' title='bbox 438 1603 702 1659; x_wconf 63' lang='lat' dir='ltr'><strong>Praecedit</strong></span> <span class='ocrx_word' id='word_1_127' title='bbox 726 1601 858 1658; x_wconf 89' lang='lat' dir='ltr'><strong>ﬁdes</strong></span> <span class='ocrx_word' id='word_1_128' title='bbox 888 1602 1245 1669; x_wconf 90' lang='lat' dir='ltr'><strong>locutionem,</strong></span> <span class='ocrx_word' id='word_1_129' title='bbox 1273 1608 1330 1655; x_wconf 90' lang='lat' dir='ltr'><strong>et</strong></span> <span class='ocrx_word' id='word_1_130' title='bbox 1358 1601 1600 1671; x_wconf 86' lang='lat' dir='ltr'><strong>sequitur</strong></span> <span class='ocrx_word' id='word_1_131' title='bbox 1627 1616 1762 1655; x_wconf 91' lang='lat' dir='ltr'><strong>con-</strong></span> 
     </span>
    </p>
   </div>
   <div class='ocr_carea' id='block_1_18' title="bbox 181 1695 1762 1765">
    <p class='ocr_par' dir='ltr' id='par_1_18' title="bbox 181 1695 1762 1765">
     <span class='ocr_line' id='line_1_18' title="bbox 181 1695 1762 1765; baseline -0.004 -13"><span class='ocrx_word' id='word_1_132' title='bbox 181 1698 331 1753; x_wconf 78' lang='lat' dir='ltr'><strong>fessio</strong></span> <span class='ocrx_word' id='word_1_133' title='bbox 357 1695 733 1753; x_wconf 87' lang='lat' dir='ltr'><strong>credulitatetn</strong></span> <span class='ocrx_word' id='word_1_134' title='bbox 761 1712 776 1761; x_wconf 93' lang='lat'><strong>;</strong></span> <span class='ocrx_word' id='word_1_135' title='bbox 808 1704 860 1750; x_wconf 91' lang='lat' dir='ltr'><strong>et</strong></span> <span class='ocrx_word' id='word_1_136' title='bbox 888 1710 984 1765; x_wconf 91' lang='lat' dir='ltr'><strong>per</strong></span> <span class='ocrx_word' id='word_1_137' title='bbox 1014 1695 1411 1764; x_wconf 90' lang='lat' dir='ltr'><strong>impositionem</strong></span> <span class='ocrx_word' id='word_1_138' title='bbox 1442 1708 1634 1749; x_wconf 89' lang='lat' dir='ltr'><strong>manus</strong></span> <span class='ocrx_word' id='word_1_139' title='bbox 1673 1709 1762 1747; x_wconf 85' lang='lat' dir='ltr'><strong>sa-</strong></span> 
     </span>
    </p>
   </div>
   <div class='ocr_carea' id='block_1_19' title="bbox 1878 496 3466 567">
    <p class='ocr_par' dir='ltr' id='par_1_19' title="bbox 1878 496 3466 567">
     <span class='ocr_line' id='line_1_19' title="bbox 1878 496 3466 567; baseline 0.01 -18"><span class='ocrx_word' id='word_1_140' title='bbox 1878 496 2225 564; x_wconf 90' lang='lat' dir='ltr'><strong>pollutionem</strong></span> <span class='ocrx_word' id='word_1_141' title='bbox 2279 501 2521 555; x_wconf 85' lang='lat' dir='ltr'><strong>membra</strong></span> <span class='ocrx_word' id='word_1_142' title='bbox 2568 511 2866 561; x_wconf 78' lang='lat' dir='ltr'><strong>vertuntur.</strong></span> <span class='ocrx_word' id='word_1_143' title='bbox 2917 504 3067 562; x_wconf 86' lang='lat' dir='ltr'><strong>Unde</strong></span> <span class='ocrx_word' id='word_1_144' title='bbox 3096 518 3149 563; x_wconf 89' lang='lat' dir='ltr'><strong>et</strong></span> <span class='ocrx_word' id='word_1_145' title='bbox 3191 508 3299 564; x_wconf 89' lang='lat' dir='ltr'><strong>alio</strong></span> <span class='ocrx_word' id='word_1_146' title='bbox 3350 511 3466 567; x_wconf 90' lang='lat' dir='ltr'><strong>loco</strong></span> 
     </span>
    </p>
   </div>
   <div class='ocr_carea' id='block_1_20' title="bbox 1876 590 3466 665">
    <p class='ocr_par' dir='ltr' id='par_1_20' title="bbox 1876 590 3466 665">
     <span class='ocr_line' id='line_1_20' title="bbox 1876 590 3466 665; baseline 0.011 -23"><span class='ocrx_word' id='word_1_147' title='bbox 1876 590 2169 658; x_wconf 83' lang='lat' dir='ltr'><strong>Apostolus</strong></span> <span class='ocrx_word' id='word_1_148' title='bbox 2200 590 2330 646; x_wconf 88' lang='lat' dir='ltr'><strong>dicit</strong></span> <span class='ocrx_word' id='word_1_149' title='bbox 2357 591 2574 663; x_wconf 80' lang='lat' dir='ltr'><strong>(Ep/tes.</strong></span> <span class='ocrx_word' id='word_1_150' title='bbox 2604 609 2638 647; x_wconf 90' lang='lat' dir='ltr'><strong>v</strong></span> <span class='ocrx_word' id='word_1_151' title='bbox 2663 639 2678 663; x_wconf 87' lang='lat'><strong>,</strong></span> <span class='ocrx_word' id='word_1_152' title='bbox 2726 595 2818 665; x_wconf 73' lang='lat'><strong>27)</strong></span> <span class='ocrx_word' id='word_1_153' title='bbox 2839 639 2853 661; x_wconf 92' lang='lat'><strong>,</strong></span> <span class='ocrx_word' id='word_1_154' title='bbox 2886 598 3046 653; x_wconf 81' lang='lat' dir='ltr'><strong>talem</strong></span> <span class='ocrx_word' id='word_1_155' title='bbox 3077 616 3137 657; x_wconf 91' lang='lat' dir='ltr'><strong>se</strong></span> <span class='ocrx_word' id='word_1_156' title='bbox 3167 603 3466 659; x_wconf 83' lang='lat' dir='ltr'><strong>Ecclesiam</strong></span> 
     </span>
    </p>
   </div>
   <div class='ocr_carea' id='block_1_21' title="bbox 1879 681 3466 767">
    <p class='ocr_par' dir='ltr' id='par_1_21' title="bbox 1879 681 3466 767">
     <span class='ocr_line' id='line_1_21' title="bbox 1879 681 3466 767; baseline 0.011 -34"><span class='ocrx_word' id='word_1_157' title='bbox 1879 681 2175 751; x_wconf 65' lang='lat' dir='ltr'><strong>velle,qua‘.</strong></span> <span class='ocrx_word' id='word_1_158' title='bbox 2198 697 2303 737; x_wconf 92' lang='lat' dir='ltr'><strong>non</strong></span> <span class='ocrx_word' id='word_1_159' title='bbox 2327 683 2518 739; x_wconf 88' lang='lat' dir='ltr'><strong>habeat</strong></span> <span class='ocrx_word' id='word_1_160' title='bbox 2542 687 2801 741; x_wconf 85' lang='lat' dir='ltr'><strong>maculant</strong></span> <span class='ocrx_word' id='word_1_161' title='bbox 2825 698 2918 743; x_wconf 87' lang='lat' dir='ltr'><strong>aut</strong></span> <span class='ocrx_word' id='word_1_162' title='bbox 2942 706 3127 758; x_wconf 85' lang='lat' dir='ltr'><strong>rugam</strong></span> <span class='ocrx_word' id='word_1_163' title='bbox 3156 704 3246 748; x_wconf 90' lang='lat' dir='ltr'><strong>aut</strong></span> <span class='ocrx_word' id='word_1_164' title='bbox 3267 696 3466 767; x_wconf 88' lang='lat' dir='ltr'><strong>aliquid</strong></span> 
     </span>
    </p>
   </div>
   <div class='ocr_carea' id='block_1_22' title="bbox 1875 771 3465 847">
    <p class='ocr_par' dir='ltr' id='par_1_22' title="bbox 1875 771 3465 847">
     <span class='ocr_line' id='line_1_22' title="bbox 1875 771 3465 847; baseline 0.011 -23"><span class='ocrx_word' id='word_1_165' title='bbox 1875 771 2200 840; x_wconf 86' lang='lat' dir='ltr'><strong>hujusmodi.</strong></span> <span class='ocrx_word' id='word_1_166' title='bbox 2232 774 2480 844; x_wconf 88' lang='lat' dir='ltr'><strong>Nunquid</strong></span> <span class='ocrx_word' id='word_1_167' title='bbox 2514 777 2622 831; x_wconf 92' lang='lat' dir='ltr'><strong>ullo</strong></span> <span class='ocrx_word' id='word_1_168' title='bbox 2664 787 2820 846; x_wconf 88' lang='lat' dir='ltr'><strong>pacto</strong></span> <span class='ocrx_word' id='word_1_169' title='bbox 2861 782 3055 847; x_wconf 91' lang='lat' dir='ltr'><strong>poterit</strong></span> <span class='ocrx_word' id='word_1_170' title='bbox 3087 784 3228 838; x_wconf 87' lang='lat' dir='ltr'><strong>istud</strong></span> <span class='ocrx_word' id='word_1_171' title='bbox 3253 786 3321 841; x_wconf 92' lang='lat' dir='ltr'><strong>de</strong></span> <span class='ocrx_word' id='word_1_172' title='bbox 3350 788 3465 841; x_wconf 74' lang='lat' dir='ltr'><strong>ha:-</strong></span> 
     </span>
    </p>
   </div>
   <div class='ocr_carea' id='block_1_23' title="bbox 1874 867 3462 944">
    <p class='ocr_par' dir='ltr' id='par_1_23' title="bbox 1874 867 3462 944">
     <span class='ocr_line' id='line_1_23' title="bbox 1874 867 3462 944; baseline 0.008 -24"><span class='ocrx_word' id='word_1_173' title='bbox 1874 868 2163 922; x_wconf 88' lang='lat' dir='ltr'><strong>reticorum</strong></span> <span class='ocrx_word' id='word_1_174' title='bbox 2198 867 2415 923; x_wconf 79' lang='lat' dir='ltr'><strong>fabricis</strong></span> <span class='ocrx_word' id='word_1_175' title='bbox 2458 870 2598 925; x_wconf 91' lang='lat' dir='ltr'><strong>dici?</strong></span> <span class='ocrx_word' id='word_1_176' title='bbox 2623 872 2932 927; x_wconf 84' lang='lat' dir='ltr'><strong>Benedictio</strong></span> <span class='ocrx_word' id='word_1_177' title='bbox 2966 890 3085 944; x_wconf 84' lang='lat' dir='ltr'><strong>quae</strong></span> <span class='ocrx_word' id='word_1_178' title='bbox 3118 877 3279 931; x_wconf 87' lang='lat' dir='ltr'><strong>rebus</strong></span> <span class='ocrx_word' id='word_1_179' title='bbox 3301 894 3462 935; x_wconf 90' lang='lat' dir='ltr'><strong>sensu</strong></span> 
     </span>
    </p>
   </div>
   <div class='ocr_carea' id='block_1_24' title="bbox 1872 959 3462 1036">
    <p class='ocr_par' dir='ltr' id='par_1_24' title="bbox 1872 959 3462 1036">
     <span class='ocr_line' id='line_1_24' title="bbox 1872 959 3462 1036; baseline 0.007 -24"><span class='ocrx_word' id='word_1_180' title='bbox 1872 959 2180 1012; x_wconf 87' lang='lat' dir='ltr'><strong>carentibus</strong></span> <span class='ocrx_word' id='word_1_181' title='bbox 2209 973 2272 1013; x_wconf 90' lang='lat' dir='ltr'><strong>ac</strong></span> <span class='ocrx_word' id='word_1_182' title='bbox 2303 960 2521 1028; x_wconf 89' lang='lat' dir='ltr'><strong>pollutis</strong></span> <span class='ocrx_word' id='word_1_183' title='bbox 2550 962 2876 1031; x_wconf 89' lang='lat' dir='ltr'><strong>impenditur</strong></span> <span class='ocrx_word' id='word_1_184' title='bbox 2896 1005 2909 1029; x_wconf 94' lang='lat'><strong>,</strong></span> <span class='ocrx_word' id='word_1_185' title='bbox 2942 979 3040 1019; x_wconf 89' lang='lat' dir='ltr'><strong>nec</strong></span> <span class='ocrx_word' id='word_1_186' title='bbox 3061 976 3252 1036; x_wconf 88' lang='lat' dir='ltr'><strong>purgat</strong></span> <span class='ocrx_word' id='word_1_187' title='bbox 3275 984 3462 1024; x_wconf 83' lang='lat' dir='ltr'><strong>macu-</strong></span> 
     </span>
    </p>
   </div>
   <div class='ocr_carea' id='block_1_25' title="bbox 1873 1050 3465 1126">
    <p class='ocr_par' dir='ltr' id='par_1_25' title="bbox 1873 1050 3465 1126">
     <span class='ocr_line' id='line_1_25' title="bbox 1873 1050 3465 1126; baseline 0.008 -23"><span class='ocrx_word' id='word_1_188' title='bbox 1873 1050 1999 1116; x_wconf 91' lang='lat' dir='ltr'><strong>lam,</strong></span> <span class='ocrx_word' id='word_1_189' title='bbox 2029 1066 2131 1105; x_wconf 88' lang='lat' dir='ltr'><strong>nec</strong></span> <span class='ocrx_word' id='word_1_190' title='bbox 2160 1052 2399 1121; x_wconf 81' lang='lat' dir='ltr'><strong>explicat</strong></span> <span class='ocrx_word' id='word_1_191' title='bbox 2430 1068 2638 1124; x_wconf 89' lang='lat' dir='ltr'><strong>rugam.</strong></span> <span class='ocrx_word' id='word_1_192' title='bbox 2670 1054 2779 1109; x_wconf 90' lang='lat' dir='ltr'><strong>Imo</strong></span> <span class='ocrx_word' id='word_1_193' title='bbox 2812 1058 3013 1126; x_wconf 87' lang='lat' dir='ltr'><strong>magis,</strong></span> <span class='ocrx_word' id='word_1_194' title='bbox 3041 1059 3085 1112; x_wconf 89' lang='lat' dir='ltr'><strong>si</strong></span> <span class='ocrx_word' id='word_1_195' title='bbox 3119 1061 3272 1126; x_wconf 88' lang='lat' dir='ltr'><strong>paulo</strong></span> <span class='ocrx_word' id='word_1_196' title='bbox 3294 1070 3465 1116; x_wconf 81' lang='lat' dir='ltr'><strong>atten-</strong></span> 
     </span>
    </p>
   </div>
   <div class='ocr_carea' id='block_1_26' title="bbox 1874 1144 3463 1219">
    <p class='ocr_par' dir='ltr' id='par_1_26' title="bbox 1874 1144 3463 1219">
     <span class='ocr_line' id='line_1_26' title="bbox 1874 1144 3463 1219; baseline 0.008 -23"><span class='ocrx_word' id='word_1_197' title='bbox 1874 1144 1978 1198; x_wconf 92' lang='lat' dir='ltr'><strong>tius</strong></span> <span class='ocrx_word' id='word_1_198' title='bbox 2021 1145 2321 1211; x_wconf 87' lang='lat' dir='ltr'><strong>intuemur,</strong></span> <span class='ocrx_word' id='word_1_199' title='bbox 2355 1156 2504 1201; x_wconf 86' lang='lat' dir='ltr'><strong>caret</strong></span> <span class='ocrx_word' id='word_1_200' title='bbox 2530 1148 2736 1202; x_wconf 87' lang='lat' dir='ltr'><strong>macula</strong></span> <span class='ocrx_word' id='word_1_201' title='bbox 2771 1149 2911 1217; x_wconf 92' lang='lat' dir='ltr'><strong>quod</strong></span> <span class='ocrx_word' id='word_1_202' title='bbox 2943 1151 3242 1219; x_wconf 87' lang='lat' dir='ltr'><strong>symbolum</strong></span> <span class='ocrx_word' id='word_1_203' title='bbox 3267 1163 3348 1207; x_wconf 91' lang='lat' dir='ltr'><strong>est</strong></span> <span class='ocrx_word' id='word_1_204' title='bbox 3370 1170 3463 1209; x_wconf 86' lang='lat' dir='ltr'><strong>no-</strong></span> 
     </span>
    </p>
   </div>
   <div class='ocr_carea' id='block_1_27' title="bbox 1870 1237 3463 1311">
    <p class='ocr_par' dir='ltr' id='par_1_27' title="bbox 1870 1237 3463 1311">
     <span class='ocr_line' id='line_1_27' title="bbox 1870 1237 3463 1311; baseline 0.006 -22"><span class='ocrx_word' id='word_1_205' title='bbox 1870 1237 2037 1290; x_wconf 84' lang='lat' dir='ltr'><strong>vitate</strong></span> <span class='ocrx_word' id='word_1_206' title='bbox 2078 1251 2356 1306; x_wconf 81' lang='lat' dir='ltr'><strong>rugosum.</strong></span> <span class='ocrx_word' id='word_1_207' title='bbox 2398 1237 2566 1292; x_wconf 81' lang='lat' dir='ltr'><strong>Porro</strong></span> <span class='ocrx_word' id='word_1_208' title='bbox 2619 1238 2760 1307; x_wconf 90' lang='lat' dir='ltr'><strong>quod</strong></span> <span class='ocrx_word' id='word_1_209' title='bbox 2811 1240 3091 1294; x_wconf 88' lang='lat' dir='ltr'><strong>iteratione</strong></span> <span class='ocrx_word' id='word_1_210' title='bbox 3134 1242 3463 1311; x_wconf 63' lang='lat' dir='ltr'><strong>duplicatum</strong></span> 
     </span>
    </p>
   </div>
   <div class='ocr_carea' id='block_1_28' title="bbox 1869 1329 3464 1401">
    <p class='ocr_par' dir='ltr' id='par_1_28' title="bbox 1869 1329 3464 1401">
     <span class='ocr_line' id='line_1_28' title="bbox 1869 1329 3464 1401; baseline 0.007 -20"><span class='ocrx_word' id='word_1_211' title='bbox 1869 1336 1972 1392; x_wconf 89' lang='lat' dir='ltr'><strong>est,</strong></span> <span class='ocrx_word' id='word_1_212' title='bbox 2004 1343 2133 1395; x_wconf 89' lang='lat' dir='ltr'><strong>ruga</strong></span> <span class='ocrx_word' id='word_1_213' title='bbox 2170 1329 2367 1397; x_wconf 82' lang='lat' dir='ltr'><strong>tegitur</strong></span> <span class='ocrx_word' id='word_1_214' title='bbox 2400 1344 2416 1383; x_wconf 89' lang='lat'><strong>:</strong></span> <span class='ocrx_word' id='word_1_215' title='bbox 2451 1330 2609 1383; x_wconf 90' lang='lat' dir='ltr'><strong>talem</strong></span> <span class='ocrx_word' id='word_1_216' title='bbox 2650 1345 2981 1401; x_wconf 88' lang='lat' dir='ltr'><strong>nequaquam</strong></span> <span class='ocrx_word' id='word_1_217' title='bbox 3030 1344 3213 1388; x_wconf 80' lang='lat' dir='ltr'><strong>sancta</strong></span> <span class='ocrx_word' id='word_1_218' title='bbox 3244 1338 3464 1391; x_wconf 73' lang='lat' dir='ltr'><strong>sinceri~</strong></span> 
     </span>
    </p>
   </div>
   <div class='ocr_carea' id='block_1_29' title="bbox 1871 1419 3463 1493">
    <p class='ocr_par' dir='ltr' id='par_1_29' title="bbox 1871 1419 3463 1493">
     <span class='ocr_line' id='line_1_29' title="bbox 1871 1419 3463 1493; baseline 0.006 -22"><span class='ocrx_word' id='word_1_219' title='bbox 1871 1426 1972 1485; x_wconf 90' lang='lat' dir='ltr'><strong>tas,</strong></span> <span class='ocrx_word' id='word_1_220' title='bbox 2002 1430 2057 1473; x_wconf 88' lang='lat' dir='ltr'><strong>et</strong></span> <span class='ocrx_word' id='word_1_221' title='bbox 2100 1419 2270 1472; x_wconf 81' lang='lat' dir='ltr'><strong>Adam</strong></span> <span class='ocrx_word' id='word_1_222' title='bbox 2322 1428 2558 1474; x_wconf 89' lang='lat' dir='ltr'><strong>veterem</strong></span> <span class='ocrx_word' id='word_1_223' title='bbox 2615 1436 2836 1488; x_wconf 80' lang='lat' dir='ltr'><strong>exuens,</strong></span> <span class='ocrx_word' id='word_1_224' title='bbox 2892 1437 3030 1477; x_wconf 86' lang='lat' dir='ltr'><strong>novo</strong></span> <span class='ocrx_word' id='word_1_225' title='bbox 3071 1426 3211 1493; x_wconf 88' lang='lat' dir='ltr'><strong>qttod</strong></span> <span class='ocrx_word' id='word_1_226' title='bbox 3242 1426 3463 1482; x_wconf 75' lang='lat' dir='ltr'><strong>offertur</strong></span> 
     </span>
    </p>
   </div>
   <div class='ocr_carea' id='block_1_30' title="bbox 1870 1507 3463 1580">
    <p class='ocr_par' dir='ltr' id='par_1_30' title="bbox 1870 1507 3463 1580">
     <span class='ocr_line' id='line_1_30' title="bbox 1870 1507 3463 1580; baseline 0.006 -18"><span class='ocrx_word' id='word_1_227' title='bbox 1870 1507 2071 1563; x_wconf 85' lang='lat' dir='ltr'><strong>homini</strong></span> <span class='ocrx_word' id='word_1_228' title='bbox 2101 1519 2466 1580; x_wconf 89' lang='lat' dir='ltr'><strong>comparetur.</strong></span> <span class='ocrx_word' id='word_1_229' title='bbox 2490 1512 2658 1577; x_wconf 87' lang='lat' dir='ltr'><strong>Quam</strong></span> <span class='ocrx_word' id='word_1_230' title='bbox 2678 1515 2969 1569; x_wconf 82' lang='lat' dir='ltr'><strong>novitatem</strong></span> <span class='ocrx_word' id='word_1_231' title='bbox 2991 1516 3145 1570; x_wconf 88' lang='lat' dir='ltr'><strong>nobis</strong></span> <span class='ocrx_word' id='word_1_232' title='bbox 3171 1520 3463 1573; x_wconf 86' lang='lat' dir='ltr'><strong>auctoritas</strong></span> 
     </span>
    </p>
   </div>
   <div class='ocr_carea' id='block_1_31' title="bbox 1872 1601 3463 1672">
    <p class='ocr_par' dir='ltr' id='par_1_31' title="bbox 1872 1601 3463 1672">
     <span class='ocr_line' id='line_1_31' title="bbox 1872 1601 3463 1672; baseline 0.006 -18"><span class='ocrx_word' id='word_1_233' title='bbox 1872 1601 2201 1657; x_wconf 81' lang='lat' dir='ltr'><strong>&#39;l‘cstamenti</strong></span> <span class='ocrx_word' id='word_1_234' title='bbox 2273 1602 2411 1657; x_wconf 76' lang='lat' dir='ltr'><strong>Novi</strong></span> <span class='ocrx_word' id='word_1_235' title='bbox 2467 1604 2880 1672; x_wconf 84' lang='lat' dir='ltr'><strong>Evangeliornm</strong></span> <span class='ocrx_word' id='word_1_236' title='bbox 2940 1621 3072 1661; x_wconf 90' lang='lat' dir='ltr'><strong>voce</strong></span> <span class='ocrx_word' id='word_1_237' title='bbox 3122 1610 3463 1663; x_wconf 86' lang='lat' dir='ltr'><strong>commendat</strong></span> 
     </span>
    </p>
   </div>
   <div class='ocr_carea' id='block_1_32' title="bbox 1871 1692 3463 1765">
    <p class='ocr_par' dir='ltr' id='par_1_32' title="bbox 1871 1692 3463 1765">
     <span class='ocr_line' id='line_1_32' title="bbox 1871 1692 3463 1765; baseline 0.004 -20"><span class='ocrx_word' id='word_1_238' title='bbox 1871 1692 2084 1763; x_wconf 75' lang='lat' dir='ltr'><strong>(Matth.</strong></span> <span class='ocrx_word' id='word_1_239' title='bbox 2140 1709 2250 1759; x_wconf 78' lang='lat' dir='ltr'><strong>xtx,</strong></span> <span class='ocrx_word' id='word_1_240' title='bbox 2301 1694 2415 1764; x_wconf 80' lang='lat'><strong>&#39;50).</strong></span> <span class='ocrx_word' id='word_1_241' title='bbox 2475 1695 2628 1750; x_wconf 89' lang='lat' dir='ltr'><strong>Unde</strong></span> <span class='ocrx_word' id='word_1_242' title='bbox 2675 1697 2835 1751; x_wconf 90' lang='lat' dir='ltr'><strong>etiam</strong></span> <span class='ocrx_word' id='word_1_243' title='bbox 2894 1696 3007 1765; x_wconf 87' lang='lat' dir='ltr'><strong>ipse</strong></span> <span class='ocrx_word' id='word_1_244' title='bbox 3056 1697 3154 1751; x_wconf 87' lang='lat' dir='ltr'><strong>sibi</strong></span> <span class='ocrx_word' id='word_1_245' title='bbox 3207 1699 3463 1753; x_wconf 86' lang='lat' dir='ltr'><strong>Dominus</strong></span> 
     </span>
    </p>
   </div>
   <div class='ocr_carea' id='block_1_33' title="bbox 179 1772 3462 1859">
    <p class='ocr_par' dir='ltr' id='par_1_33' title="bbox 179 1772 3462 1859">
     <span class='ocr_line' id='line_1_33' title="bbox 179 1772 3462 1859; baseline 0 -14"><span class='ocrx_word' id='word_1_246' title='bbox 179 1790 460 1845; x_wconf 78' lang='lat' dir='ltr'><strong>cerdotalis</strong></span> <span class='ocrx_word' id='word_1_247' title='bbox 499 1789 559 1843; x_wconf 88' lang='lat' dir='ltr'><strong>ﬁt</strong></span> <span class='ocrx_word' id='word_1_248' title='bbox 597 1788 877 1858; x_wconf 83' lang='lat' dir='ltr'><strong>pravitatis</strong></span> <span class='ocrx_word' id='word_1_249' title='bbox 897 1787 1116 1841; x_wconf 87' lang='lat' dir='ltr'><strong>amissio</strong></span> <span class='ocrx_word' id='word_1_250' title='bbox 1140 1826 1155 1852; x_wconf 94' lang='lat'><strong>,</strong></span> <span class='ocrx_word' id='word_1_251' title='bbox 1190 1786 1312 1840; x_wconf 92' lang='lat' dir='ltr'><strong>ﬁdei</strong></span> <span class='ocrx_word' id='word_1_252' title='bbox 1339 1786 1577 1841; x_wconf 90' lang='lat' dir='ltr'><strong>redditur</strong></span> <span class='ocrx_word' id='word_1_253' title='bbox 1599 1786 1767 1856; x_wconf 83' lang='lat' dir='ltr'><strong>pleni-</strong></span> <span class='ocrx_word' id='word_1_254' title='bbox 1798 1772 1845 1833; x_wconf 76' lang='grc' dir='ltr'><strong>Β</strong></span> <span class='ocrx_word' id='word_1_255' title='bbox 1874 1786 2043 1843; x_wconf 89' lang='lat' dir='ltr'><strong>sterni</strong></span> <span class='ocrx_word' id='word_1_256' title='bbox 2077 1787 2279 1856; x_wconf 91' lang='lat' dir='ltr'><strong>pnllnm</strong></span> <span class='ocrx_word' id='word_1_257' title='bbox 2312 1789 2565 1858; x_wconf 68' lang='lat' dir='ltr'><strong>prazcepit</strong></span> <span class='ocrx_word' id='word_1_258' title='bbox 2590 1829 2605 1855; x_wconf 96' lang='lat'><strong>,</strong></span> <span class='ocrx_word' id='word_1_259' title='bbox 2639 1790 2724 1843; x_wconf 91' lang='lat' dir='ltr'><strong>cui</strong></span> <span class='ocrx_word' id='word_1_260' title='bbox 2752 1798 2877 1843; x_wconf 90' lang='lat' dir='ltr'><strong>ante</strong></span> <span class='ocrx_word' id='word_1_261' title='bbox 2907 1790 3078 1859; x_wconf 93' lang='lat' dir='ltr'><strong>ipsum</strong></span> <span class='ocrx_word' id='word_1_262' title='bbox 3112 1790 3287 1844; x_wconf 91' lang='lat' dir='ltr'><strong>nullus</strong></span> <span class='ocrx_word' id='word_1_263' title='bbox 3315 1791 3462 1846; x_wconf 91' lang='lat' dir='ltr'><strong>inse-</strong></span> 
     </span>
    </p>
   </div>
   <div class='ocr_carea' id='block_1_34' title="bbox 180 1878 1763 1947">
    <p class='ocr_par' dir='ltr' id='par_1_34' title="bbox 180 1878 1763 1947">
     <span class='ocr_line' id='line_1_34' title="bbox 180 1878 1763 1947; baseline -0.003 -10"><span class='ocrx_word' id='word_1_264' title='bbox 180 1883 320 1937; x_wconf 89' lang='lat' dir='ltr'><strong>tudo.</strong></span> <span class='ocrx_word' id='word_1_265' title='bbox 365 1882 478 1937; x_wconf 83' lang='lat' dir='ltr'><strong>Res</strong></span> <span class='ocrx_word' id='word_1_266' title='bbox 526 1890 703 1934; x_wconf 88' lang='lat' dir='ltr'><strong>autem</strong></span> <span class='ocrx_word' id='word_1_267' title='bbox 737 1879 1063 1934; x_wconf 69' lang='lat' dir='ltr'><strong>insensibilis</strong></span> <span class='ocrx_word' id='word_1_268' title='bbox 1088 1893 1207 1946; x_wconf 75' lang='lat' dir='ltr'><strong>quae</strong></span> <span class='ocrx_word' id='word_1_269' title='bbox 1236 1878 1465 1947; x_wconf 91' lang='lat' dir='ltr'><strong>primum</strong></span> <span class='ocrx_word' id='word_1_270' title='bbox 1509 1878 1763 1932; x_wconf 84' lang='lat' dir='ltr'><strong>innovata</strong></span> 
     </span>
    </p>
   </div>
   <div class='ocr_carea' id='block_1_35' title="bbox 178 1969 1764 2044">
    <p class='ocr_par' dir='ltr' id='par_1_35' title="bbox 178 1969 1764 2044">
     <span class='ocr_line' id='line_1_35' title="bbox 178 1969 1764 2044; baseline -0.003 -17"><span class='ocrx_word' id='word_1_271' title='bbox 178 1974 431 2044; x_wconf 89' lang='lat' dir='ltr'><strong>polluitur</strong></span> <span class='ocrx_word' id='word_1_272' title='bbox 455 2014 471 2039; x_wconf 92' lang='lat'><strong>,</strong></span> <span class='ocrx_word' id='word_1_273' title='bbox 504 1973 750 2041; x_wconf 86' lang='lat' dir='ltr'><strong>ignorare</strong></span> <span class='ocrx_word' id='word_1_274' title='bbox 782 1984 868 2025; x_wconf 90' lang='lat' dir='ltr'><strong>me</strong></span> <span class='ocrx_word' id='word_1_275' title='bbox 900 1969 1069 2024; x_wconf 86' lang='lat' dir='ltr'><strong>fateor</strong></span> <span class='ocrx_word' id='word_1_276' title='bbox 1097 1984 1198 2038; x_wconf 90' lang='lat' dir='ltr'><strong>qua</strong></span> <span class='ocrx_word' id='word_1_277' title='bbox 1239 1969 1495 2039; x_wconf 88' lang='lat' dir='ltr'><strong>deinceps</strong></span> <span class='ocrx_word' id='word_1_278' title='bbox 1525 1970 1764 2023; x_wconf 84' lang='lat' dir='ltr'><strong>sanctiﬁ-</strong></span> 
     </span>
    </p>
   </div>
   <div class='ocr_carea' id='block_1_36' title="bbox 175 2058 1764 2132">
    <p class='ocr_par' dir='ltr' id='par_1_36' title="bbox 175 2058 1764 2132">
     <span class='ocr_line' id='line_1_36' title="bbox 175 2058 1764 2132; baseline -0.003 -13"><span class='ocrx_word' id='word_1_279' title='bbox 175 2065 381 2119; x_wconf 84' lang='lat' dir='ltr'><strong>catione</strong></span> <span class='ocrx_word' id='word_1_280' title='bbox 410 2070 693 2132; x_wconf 79' lang='lat' dir='ltr'><strong>purgetur.</strong></span> <span class='ocrx_word' id='word_1_281' title='bbox 746 2061 875 2115; x_wconf 90' lang='lat' dir='ltr'><strong>Dico</strong></span> <span class='ocrx_word' id='word_1_282' title='bbox 902 2069 1069 2125; x_wconf 88' lang='lat' dir='ltr'><strong>certe,</strong></span> <span class='ocrx_word' id='word_1_283' title='bbox 1115 2061 1161 2114; x_wconf 88' lang='lat' dir='ltr'><strong>si</strong></span> <span class='ocrx_word' id='word_1_284' title='bbox 1205 2066 1381 2130; x_wconf 90' lang='lat' dir='ltr'><strong>potest</strong></span> <span class='ocrx_word' id='word_1_285' title='bbox 1408 2059 1667 2129; x_wconf 92' lang='lat' dir='ltr'><strong>pollutum</strong></span> <span class='ocrx_word' id='word_1_286' title='bbox 1695 2058 1764 2114; x_wconf 90' lang='lat' dir='ltr'><strong>ab</strong></span> 
     </span>
    </p>
   </div>
   <div class='ocr_carea' id='block_1_37' title="bbox 177 2152 1764 2223">
    <p class='ocr_par' dir='ltr' id='par_1_37' title="bbox 177 2152 1764 2223">
     <span class='ocr_line' id='line_1_37' title="bbox 177 2152 1764 2223; baseline -0.003 -13"><span class='ocrx_word' id='word_1_287' title='bbox 177 2156 443 2211; x_wconf 64' lang='lat' dir='ltr'><strong>haereticis</strong></span> <span class='ocrx_word' id='word_1_288' title='bbox 485 2155 654 2209; x_wconf 88' lang='lat' dir='ltr'><strong>altare</strong></span> <span class='ocrx_word' id='word_1_289' title='bbox 695 2152 942 2219; x_wconf 81' lang='lat' dir='ltr'><strong>sacrari,</strong></span> <span class='ocrx_word' id='word_1_290' title='bbox 973 2166 1134 2223; x_wconf 88' lang='lat' dir='ltr'><strong>posse</strong></span> <span class='ocrx_word' id='word_1_291' title='bbox 1181 2162 1235 2207; x_wconf 89' lang='lat' dir='ltr'><strong>et</strong></span> <span class='ocrx_word' id='word_1_292' title='bbox 1262 2166 1453 2221; x_wconf 82' lang='lat' dir='ltr'><strong>panem</strong></span> <span class='ocrx_word' id='word_1_293' title='bbox 1481 2152 1572 2222; x_wconf 92' lang='lat' dir='ltr'><strong>qui</strong></span> <span class='ocrx_word' id='word_1_294' title='bbox 1601 2164 1764 2220; x_wconf 87' lang='lat' dir='ltr'><strong>super</strong></span> 
     </span>
    </p>
   </div>
   <div class='ocr_carea' id='block_1_38' title="bbox 174 2242 1762 2318">
    <p class='ocr_par' dir='ltr' id='par_1_38' title="bbox 174 2242 1762 2318">
     <span class='ocr_line' id='line_1_38' title="bbox 174 2242 1762 2318; baseline -0.005 -15"><span class='ocrx_word' id='word_1_295' title='bbox 174 2249 310 2304; x_wconf 90' lang='lat' dir='ltr'><strong>illum</strong></span> <span class='ocrx_word' id='word_1_296' title='bbox 336 2248 557 2318; x_wconf 90' lang='lat' dir='ltr'><strong>positus</strong></span> <span class='ocrx_word' id='word_1_297' title='bbox 574 2256 678 2312; x_wconf 90' lang='lat' dir='ltr'><strong>est,</strong></span> <span class='ocrx_word' id='word_1_298' title='bbox 699 2245 766 2300; x_wconf 90' lang='lat' dir='ltr'><strong>ad</strong></span> <span class='ocrx_word' id='word_1_299' title='bbox 788 2245 1052 2300; x_wconf 84' lang='lat' dir='ltr'><strong>sacrificia</strong></span> <span class='ocrx_word' id='word_1_300' title='bbox 1088 2252 1271 2300; x_wconf 91' lang='lat' dir='ltr'><strong>nostra</strong></span> <span class='ocrx_word' id='word_1_301' title='bbox 1298 2242 1591 2298; x_wconf 88' lang='lat' dir='ltr'><strong>transferri.</strong></span> <span class='ocrx_word' id='word_1_302' title='bbox 1620 2242 1762 2296; x_wconf 91' lang='lat' dir='ltr'><strong>ldem</strong></span> 
     </span>
    </p>
   </div>
   <div class='ocr_carea' id='block_1_39' title="bbox 175 2336 1766 2409">
    <p class='ocr_par' dir='ltr' id='par_1_39' title="bbox 175 2336 1766 2409">
     <span class='ocr_line' id='line_1_39' title="bbox 175 2336 1766 2409; baseline -0.004 -13"><span class='ocrx_word' id='word_1_303' title='bbox 175 2341 422 2409; x_wconf 85' lang='lat' dir='ltr'><strong>primitus</strong></span> <span class='ocrx_word' id='word_1_304' title='bbox 453 2340 741 2395; x_wconf 62' lang='lat' dir='ltr'><strong>hareticus</strong></span> <span class='ocrx_word' id='word_1_305' title='bbox 768 2338 1019 2394; x_wconf 89' lang='lat' dir='ltr'><strong>conditor</strong></span> <span class='ocrx_word' id='word_1_306' title='bbox 1047 2337 1197 2392; x_wconf 84' lang='lat' dir='ltr'><strong>fecit.</strong></span> <span class='ocrx_word' id='word_1_307' title='bbox 1251 2336 1469 2391; x_wconf 89' lang='lat' dir='ltr'><strong>Transit</strong></span> <span class='ocrx_word' id='word_1_308' title='bbox 1491 2336 1554 2389; x_wconf 93' lang='lat' dir='ltr'><strong>ad</strong></span> <span class='ocrx_word' id='word_1_309' title='bbox 1582 2349 1766 2404; x_wconf 86' lang='lat' dir='ltr'><strong>repro-</strong></span> 
     </span>
    </p>
   </div>
   <div class='ocr_carea' id='block_1_40' title="bbox 172 2426 1765 2498">
    <p class='ocr_par' dir='ltr' id='par_1_40' title="bbox 172 2426 1765 2498">
     <span class='ocr_line' id='line_1_40' title="bbox 172 2426 1765 2498; baseline -0.003 -12"><span class='ocrx_word' id='word_1_310' title='bbox 172 2434 486 2488; x_wconf 88' lang='lat' dir='ltr'><strong>missionem</strong></span> <span class='ocrx_word' id='word_1_311' title='bbox 547 2431 786 2486; x_wconf 91' lang='lat' dir='ltr'><strong>divinam</strong></span> <span class='ocrx_word' id='word_1_312' title='bbox 847 2445 864 2483; x_wconf 89' lang='lat'><strong>:</strong></span> <span class='ocrx_word' id='word_1_313' title='bbox 932 2428 1178 2483; x_wconf 89' lang='lat' dir='ltr'><strong>libertate</strong></span> <span class='ocrx_word' id='word_1_314' title='bbox 1234 2426 1475 2498; x_wconf 86' lang='lat' dir='ltr'><strong>gaudens</strong></span> <span class='ocrx_word' id='word_1_315' title='bbox 1530 2426 1765 2481; x_wconf 87' lang='lat' dir='ltr'><strong>dimittat</strong></span> 
     </span>
    </p>
   </div>
   <div class='ocr_carea' id='block_1_41' title="bbox 174 2521 1765 2596">
    <p class='ocr_par' dir='ltr' id='par_1_41' title="bbox 174 2521 1765 2596">
     <span class='ocr_line' id='line_1_41' title="bbox 174 2521 1765 2596; baseline -0.002 -17"><span class='ocrx_word' id='word_1_316' title='bbox 174 2525 487 2596; x_wconf 65' lang='lat' dir='ltr'><strong>Egyptum.</strong></span> <span class='ocrx_word' id='word_1_317' title='bbox 534 2525 615 2578; x_wconf 80' lang='lat' dir='ltr'><strong>Ad</strong></span> <span class='ocrx_word' id='word_1_318' title='bbox 658 2522 816 2578; x_wconf 87' lang='lat' dir='ltr'><strong>ﬁdem</strong></span> <span class='ocrx_word' id='word_1_319' title='bbox 845 2531 1047 2577; x_wconf 87' lang='lat' dir='ltr'><strong>rectam</strong></span> <span class='ocrx_word' id='word_1_320' title='bbox 1093 2521 1232 2576; x_wconf 90' lang='lat' dir='ltr'><strong>felici</strong></span> <span class='ocrx_word' id='word_1_321' title='bbox 1265 2522 1560 2575; x_wconf 88' lang='lat' dir='ltr'><strong>mutatione</strong></span> <span class='ocrx_word' id='word_1_322' title='bbox 1591 2530 1765 2576; x_wconf 55' lang='lat' dir='ltr'><strong>trans-</strong></span> 
     </span>
    </p>
   </div>
   <div class='ocr_carea' id='block_1_42' title="bbox 170 2613 1761 2689">
    <p class='ocr_par' dir='ltr' id='par_1_42' title="bbox 170 2613 1761 2689">
     <span class='ocr_line' id='line_1_42' title="bbox 170 2613 1761 2689; baseline -0.001 -17"><span class='ocrx_word' id='word_1_323' title='bbox 170 2621 435 2689; x_wconf 75' lang='lat' dir='ltr'><strong>migrans,</strong></span> <span class='ocrx_word' id='word_1_324' title='bbox 486 2617 705 2686; x_wconf 89' lang='lat' dir='ltr'><strong>reliquit</strong></span> <span class='ocrx_word' id='word_1_325' title='bbox 744 2616 922 2685; x_wconf 90' lang='lat' dir='ltr'><strong>potius</strong></span> <span class='ocrx_word' id='word_1_326' title='bbox 971 2616 1235 2669; x_wconf 89' lang='lat' dir='ltr'><strong>maculam</strong></span> <span class='ocrx_word' id='word_1_327' title='bbox 1275 2629 1433 2684; x_wconf 90' lang='lat' dir='ltr'><strong>quam</strong></span> <span class='ocrx_word' id='word_1_328' title='bbox 1480 2613 1761 2671; x_wconf 89' lang='lat' dir='ltr'><strong>attrahat:</strong></span> 
     </span>
    </p>
   </div>
   <div class='ocr_carea' id='block_1_43' title="bbox 172 2706 1763 2777">
    <p class='ocr_par' dir='ltr' id='par_1_43' title="bbox 172 2706 1763 2777">
     <span class='ocr_line' id='line_1_43' title="bbox 172 2706 1763 2777; baseline -0.002 -14"><span class='ocrx_word' id='word_1_329' title='bbox 172 2725 282 2763; x_wconf 82' lang='lat' dir='ltr'><strong>cum</strong></span> <span class='ocrx_word' id='word_1_330' title='bbox 313 2707 525 2777; x_wconf 88' lang='lat' dir='ltr'><strong>aliquid</strong></span> <span class='ocrx_word' id='word_1_331' title='bbox 567 2723 672 2762; x_wconf 89' lang='lat' dir='ltr'><strong>non</strong></span> <span class='ocrx_word' id='word_1_332' title='bbox 699 2707 996 2777; x_wconf 84' lang='lat' dir='ltr'><strong>legitimum</strong></span> <span class='ocrx_word' id='word_1_333' title='bbox 1038 2706 1379 2776; x_wconf 87' lang='lat' dir='ltr'><strong>impurgabili</strong></span> <span class='ocrx_word' id='word_1_334' title='bbox 1410 2706 1603 2774; x_wconf 89' lang='lat' dir='ltr'><strong>errori,</strong></span> <span class='ocrx_word' id='word_1_335' title='bbox 1638 2721 1763 2777; x_wconf 81' lang='lat' dir='ltr'><strong>gra-</strong></span> 
     </span>
    </p>
   </div>
   <div class='ocr_carea' id='block_1_44' title="bbox 172 2796 1766 2870">
    <p class='ocr_par' dir='ltr' id='par_1_44' title="bbox 172 2796 1766 2870">
     <span class='ocr_line' id='line_1_44' title="bbox 172 2796 1766 2870; baseline -0.002 -17"><span class='ocrx_word' id='word_1_336' title='bbox 172 2811 293 2855; x_wconf 85' lang='lat' dir='ltr'><strong>vant</strong></span> <span class='ocrx_word' id='word_1_337' title='bbox 339 2802 517 2870; x_wconf 74' lang='lat' dir='ltr'><strong>magis</strong></span> <span class='ocrx_word' id='word_1_338' title='bbox 554 2798 753 2869; x_wconf 88' lang='lat' dir='ltr'><strong>polluta</strong></span> <span class='ocrx_word' id='word_1_339' title='bbox 792 2807 1099 2853; x_wconf 88' lang='lat' dir='ltr'><strong>contactum</strong></span> <span class='ocrx_word' id='word_1_340' title='bbox 1127 2813 1284 2867; x_wconf 88' lang='lat' dir='ltr'><strong>quam</strong></span> <span class='ocrx_word' id='word_1_341' title='bbox 1333 2796 1548 2865; x_wconf 90' lang='lat' dir='ltr'><strong>capiant</strong></span> <span class='ocrx_word' id='word_1_342' title='bbox 1587 2812 1619 2851; x_wconf 89' lang='lat' dir='ltr'><strong>a</strong></span> <span class='ocrx_word' id='word_1_343' title='bbox 1650 2805 1766 2850; x_wconf 85' lang='lat' dir='ltr'><strong>tan-</strong></span> 
     </span>
    </p>
   </div>
   <div class='ocr_carea' id='block_1_45' title="bbox 170 2887 1765 2961">
    <p class='ocr_par' dir='ltr' id='par_1_45' title="bbox 170 2887 1765 2961">
     <span class='ocr_line' id='line_1_45' title="bbox 170 2887 1765 2961; baseline -0.004 -14"><span class='ocrx_word' id='word_1_344' title='bbox 170 2903 322 2961; x_wconf 86' lang='lat' dir='ltr'><strong>gente</strong></span> <span class='ocrx_word' id='word_1_345' title='bbox 349 2890 675 2946; x_wconf 88' lang='lat' dir='ltr'><strong>remedium.</strong></span> <span class='ocrx_word' id='word_1_346' title='bbox 708 2888 863 2946; x_wconf 88' lang='lat' dir='ltr'><strong>Unde</strong></span> <span class='ocrx_word' id='word_1_347' title='bbox 892 2900 946 2944; x_wconf 90' lang='lat' dir='ltr'><strong>et</strong></span> <span class='ocrx_word' id='word_1_348' title='bbox 978 2891 1029 2943; x_wconf 88' lang='lat' dir='ltr'><strong>itt</strong></span> <span class='ocrx_word' id='word_1_349' title='bbox 1072 2892 1270 2959; x_wconf 67' lang='lat' dir='ltr'><strong>Aggaeo</strong></span> <span class='ocrx_word' id='word_1_350' title='bbox 1297 2888 1557 2957; x_wconf 86' lang='lat' dir='ltr'><strong>propheta</strong></span> <span class='ocrx_word' id='word_1_351' title='bbox 1590 2904 1604 2940; x_wconf 90' lang='lat'>:</span> <span class='ocrx_word' id='word_1_352' title='bbox 1637 2887 1765 2941; x_wconf 71' lang='lat' dir='ltr'><strong>Hazc</strong></span> 
     </span>
    </p>
   </div>
   <div class='ocr_carea' id='block_1_46' title="bbox 170 2980 1765 3052">
    <p class='ocr_par' dir='ltr' id='par_1_46' title="bbox 170 2980 1765 3052">
     <span class='ocr_line' id='line_1_46' title="bbox 170 2980 1765 3052; baseline -0.001 -17"><span class='ocrx_word' id='word_1_353' title='bbox 170 2984 286 3037; x_wconf 83' lang='lat' dir='ltr'><strong>dicit</strong></span> <span class='ocrx_word' id='word_1_354' title='bbox 313 2982 576 3037; x_wconf 81' lang='lat' dir='ltr'><strong>Dominus</strong></span> <span class='ocrx_word' id='word_1_355' title='bbox 620 2983 948 3047; x_wconf 69' lang='lat' dir='ltr'><strong>exercituum,</strong></span> <span class='ocrx_word' id='word_1_356' title='bbox 996 2982 1257 3052; x_wconf 85' lang='lat' dir='ltr'><strong>interroga</strong></span> <span class='ocrx_word' id='word_1_357' title='bbox 1305 2982 1593 3034; x_wconf 79' lang='lat' dir='ltr'><strong>sacerdotes</strong></span> <span class='ocrx_word' id='word_1_358' title='bbox 1639 2980 1765 3050; x_wconf 79' lang='lat' dir='ltr'><strong>legis</strong></span> 
     </span>
    </p>
   </div>
   <div class='ocr_carea' id='block_1_47' title="bbox 173 3072 1762 3139">
    <p class='ocr_par' dir='ltr' id='par_1_47' title="bbox 173 3072 1762 3139">
     <span class='ocr_line' id='line_1_47' title="bbox 173 3072 1762 3139; baseline -0.004 -10"><span class='ocrx_word' id='word_1_359' title='bbox 173 3077 335 3130; x_wconf 84' lang='lat' dir='ltr'><strong>dicens</strong></span> <span class='ocrx_word' id='word_1_360' title='bbox 360 3091 381 3129; x_wconf 89' lang='lat'><strong><em>:</em></strong></span> <span class='ocrx_word' id='word_1_361' title='bbox 430 3075 494 3130; x_wconf 87' lang='lat' dir='ltr'><strong>Si</strong></span> <span class='ocrx_word' id='word_1_362' title='bbox 532 3074 794 3128; x_wconf 75' lang='lat' dir='ltr'><strong>sustulerit</strong></span> <span class='ocrx_word' id='word_1_363' title='bbox 841 3074 991 3126; x_wconf 86' lang='lat' dir='ltr'><strong>homo</strong></span> <span class='ocrx_word' id='word_1_364' title='bbox 1033 3087 1236 3127; x_wconf 84' lang='lat' dir='ltr'><strong>carnem</strong></span> <span class='ocrx_word' id='word_1_365' title='bbox 1270 3072 1662 3139; x_wconf 76' lang='lat' dir='ltr'><strong>sanctificatum,</strong></span> <span class='ocrx_word' id='word_1_366' title='bbox 1715 3079 1762 3124; x_wconf 90' lang='lat' dir='ltr'><strong>et</strong></span> 
     </span>
    </p>
   </div>
   <div class='ocr_carea' id='block_1_48' title="bbox 1867 1877 3462 1949">
    <p class='ocr_par' dir='ltr' id='par_1_48' title="bbox 1867 1877 3462 1949">
     <span class='ocr_line' id='line_1_48' title="bbox 1867 1877 3462 1949; baseline 0.002 -16"><span class='ocrx_word' id='word_1_367' title='bbox 1867 1878 2019 1933; x_wconf 85' lang='lat' dir='ltr'><strong>derat</strong></span> <span class='ocrx_word' id='word_1_368' title='bbox 2046 1877 2241 1948; x_wconf 80' lang='lat' dir='ltr'><strong>(Marc.</strong></span> <span class='ocrx_word' id='word_1_369' title='bbox 2284 1894 2358 1944; x_wconf 76' lang='lat' dir='ltr'><strong>xu,</strong></span> <span class='ocrx_word' id='word_1_370' title='bbox 2390 1878 2446 1949; x_wconf 73' lang='lat'><strong>2)</strong></span> <span class='ocrx_word' id='word_1_371' title='bbox 2483 1896 2495 1932; x_wconf 94' lang='lat'>:</span> <span class='ocrx_word' id='word_1_372' title='bbox 2526 1895 2684 1949; x_wconf 91' lang='lat' dir='ltr'><strong>quem</strong></span> <span class='ocrx_word' id='word_1_373' title='bbox 2716 1881 2881 1935; x_wconf 88' lang='lat' dir='ltr'><strong>totius</strong></span> <span class='ocrx_word' id='word_1_374' title='bbox 2909 1883 3183 1935; x_wconf 56' lang='lat' dir='ltr'><strong>surcularis</strong></span> <span class='ocrx_word' id='word_1_375' title='bbox 3215 1898 3343 1936; x_wconf 89' lang='lat' dir='ltr'><strong>usus</strong></span> <span class='ocrx_word' id='word_1_376' title='bbox 3368 1898 3462 1936; x_wconf 83' lang='lat' dir='ltr'><strong>ex-</strong></span> 
     </span>
    </p>
   </div>
   <div class='ocr_carea' id='block_1_49' title="bbox 1868 1971 3462 2042">
    <p class='ocr_par' dir='ltr' id='par_1_49' title="bbox 1868 1971 3462 2042">
     <span class='ocr_line' id='line_1_49' title="bbox 1868 1971 3462 2042; baseline 0.001 -18"><span class='ocrx_word' id='word_1_377' title='bbox 1868 1981 2095 2041; x_wconf 89' lang='lat' dir='ltr'><strong>pertem,</strong></span> <span class='ocrx_word' id='word_1_378' title='bbox 2129 1971 2355 2025; x_wconf 88' lang='lat' dir='ltr'><strong>feliciter</strong></span> <span class='ocrx_word' id='word_1_379' title='bbox 2378 1971 2665 2025; x_wconf 90' lang='lat' dir='ltr'><strong>redderent</strong></span> <span class='ocrx_word' id='word_1_380' title='bbox 2691 1986 2795 2025; x_wconf 94' lang='lat' dir='ltr'><strong>non</strong></span> <span class='ocrx_word' id='word_1_381' title='bbox 2824 1973 3070 2041; x_wconf 89' lang='lat' dir='ltr'><strong>imposita</strong></span> <span class='ocrx_word' id='word_1_382' title='bbox 3102 1972 3310 2042; x_wconf 83' lang='lat' dir='ltr'><strong>ﬂagella</strong></span> <span class='ocrx_word' id='word_1_383' title='bbox 3338 1973 3462 2027; x_wconf 68' lang='lat' dir='ltr'><strong>snh~</strong></span> 
     </span>
    </p>
   </div>
   <div class='ocr_carea' id='block_1_50' title="bbox 1867 2060 3457 2130">
    <p class='ocr_par' dir='ltr' id='par_1_50' title="bbox 1867 2060 3457 2130">
     <span class='ocr_line' id='line_1_50' title="bbox 1867 2060 3457 2130; baseline 0.001 -15"><span class='ocrx_word' id='word_1_384' title='bbox 1867 2063 2061 2128; x_wconf 69' lang='lat' dir='ltr'><strong>litum,</strong></span> <span class='ocrx_word' id='word_1_385' title='bbox 2095 2061 2189 2115; x_wconf 88' lang='lat' dir='ltr'><strong>sed</strong></span> <span class='ocrx_word' id='word_1_386' title='bbox 2239 2060 2458 2115; x_wconf 82' lang='lat' dir='ltr'><strong>exordia</strong></span> <span class='ocrx_word' id='word_1_387' title='bbox 2490 2071 2671 2115; x_wconf 80' lang='lat' dir='ltr'><strong>sancta</strong></span> <span class='ocrx_word' id='word_1_388' title='bbox 2716 2073 2963 2118; x_wconf 86' lang='lat' dir='ltr'><strong>mansuet</strong></span> <span class='ocrx_word' id='word_1_389' title='bbox 2989 2079 3075 2116; x_wconf 71' lang='lat' dir='ltr'><strong>.m.</strong></span> <span class='ocrx_word' id='word_1_390' title='bbox 3110 2062 3177 2115; x_wconf 84' lang='lat' dir='ltr'><strong>Et</strong></span> <span class='ocrx_word' id='word_1_391' title='bbox 3205 2072 3259 2117; x_wconf 91' lang='lat' dir='ltr'><strong>ut</strong></span> <span class='ocrx_word' id='word_1_392' title='bbox 3283 2065 3457 2130; x_wconf 88' lang='lat' dir='ltr'><strong>ipsmn</strong></span> 
     </span>
    </p>
   </div>
   <div class='ocr_carea' id='block_1_51' title="bbox 1865 2153 3456 2225">
    <p class='ocr_par' dir='ltr' id='par_1_51' title="bbox 1865 2153 3456 2225">
     <span class='ocr_line' id='line_1_51' title="bbox 1865 2153 3456 2225; baseline 0.003 -19"><span class='ocrx_word' id='word_1_393' title='bbox 1865 2169 2079 2224; x_wconf 84' lang='lat' dir='ltr'><strong>quoque</strong></span> <span class='ocrx_word' id='word_1_394' title='bbox 2105 2153 2389 2209; x_wconf 75' lang='lat' dir='ltr'><strong>dominica:</strong></span> <span class='ocrx_word' id='word_1_395' title='bbox 2414 2155 2605 2209; x_wconf 86' lang='lat' dir='ltr'><strong>mortis</strong></span> <span class='ocrx_word' id='word_1_396' title='bbox 2633 2157 2946 2225; x_wconf 88' lang='lat' dir='ltr'><strong>mysterium</strong></span> <span class='ocrx_word' id='word_1_397' title='bbox 2978 2157 3225 2211; x_wconf 88' lang='lat' dir='ltr'><strong>novitatis</strong></span> <span class='ocrx_word' id='word_1_398' title='bbox 3250 2158 3456 2211; x_wconf 84' lang='lat' dir='ltr'><strong>honore</strong></span> 
     </span>
    </p>
   </div>
   <div class='ocr_carea' id='block_1_52' title="bbox 1867 2246 3458 2318">
    <p class='ocr_par' dir='ltr' id='par_1_52' title="bbox 1867 2246 3458 2318">
     <span class='ocr_line' id='line_1_52' title="bbox 1867 2246 3458 2318; baseline 0.001 -19"><span class='ocrx_word' id='word_1_399' title='bbox 1867 2262 1973 2299; x_wconf 92' lang='lat' dir='ltr'><strong>non</strong></span> <span class='ocrx_word' id='word_1_400' title='bbox 2004 2253 2205 2311; x_wconf 89' lang='lat' dir='ltr'><strong>careat,</strong></span> <span class='ocrx_word' id='word_1_401' title='bbox 2239 2246 2292 2299; x_wconf 91' lang='lat' dir='ltr'><strong>in</strong></span> <span class='ocrx_word' id='word_1_402' title='bbox 2325 2257 2670 2300; x_wconf 90' lang='lat' dir='ltr'><strong>monumento</strong></span> <span class='ocrx_word' id='word_1_403' title='bbox 2700 2262 2839 2301; x_wconf 90' lang='lat' dir='ltr'><strong>novo</strong></span> <span class='ocrx_word' id='word_1_404' title='bbox 2876 2248 3016 2316; x_wconf 91' lang='lat' dir='ltr'><strong>quod</strong></span> <span class='ocrx_word' id='word_1_405' title='bbox 3052 2249 3106 2303; x_wconf 92' lang='lat' dir='ltr'><strong>in</strong></span> <span class='ocrx_word' id='word_1_406' title='bbox 3135 2258 3282 2318; x_wconf 91' lang='lat' dir='ltr'><strong>petra</strong></span> <span class='ocrx_word' id='word_1_407' title='bbox 3306 2253 3458 2306; x_wconf 82' lang='lat' dir='ltr'><strong>exci-</strong></span> 
     </span>
    </p>
   </div>
   <div class='ocr_carea' id='block_1_53' title="bbox 1865 2335 3456 2405">
    <p class='ocr_par' dir='ltr' id='par_1_53' title="bbox 1865 2335 3456 2405">
     <span class='ocr_line' id='line_1_53' title="bbox 1865 2335 3456 2405; baseline 0.003 -16"><span class='ocrx_word' id='word_1_408' title='bbox 1865 2351 1983 2390; x_wconf 85' lang='lat' dir='ltr'><strong>sum</strong></span> <span class='ocrx_word' id='word_1_409' title='bbox 2007 2344 2091 2390; x_wconf 91' lang='lat' dir='ltr'><strong>est</strong></span> <span class='ocrx_word' id='word_1_410' title='bbox 2113 2377 2129 2402; x_wconf 91' lang='lat'><strong>,</strong></span> <span class='ocrx_word' id='word_1_411' title='bbox 2171 2335 2583 2405; x_wconf 89' lang='lat' dir='ltr'><strong>redemptricem</strong></span> <span class='ocrx_word' id='word_1_412' title='bbox 2616 2346 2852 2391; x_wconf 89' lang='lat' dir='ltr'><strong>nostram</strong></span> <span class='ocrx_word' id='word_1_413' title='bbox 2884 2338 3207 2393; x_wconf 88' lang='lat' dir='ltr'><strong>dominicam</strong></span> <span class='ocrx_word' id='word_1_414' title='bbox 3238 2355 3456 2395; x_wconf 91' lang='lat' dir='ltr'><strong>carnem</strong></span> 
     </span>
    </p>
   </div>
   <div class='ocr_carea' id='block_1_54' title="bbox 1867 2425 3450 2500">
    <p class='ocr_par' dir='ltr' id='par_1_54' title="bbox 1867 2425 3450 2500">
     <span class='ocr_line' id='line_1_54' title="bbox 1867 2425 3450 2500; baseline 0.001 -19"><span class='ocrx_word' id='word_1_415' title='bbox 1867 2427 2092 2497; x_wconf 81' lang='lat' dir='ltr'><strong>legimus</strong></span> <span class='ocrx_word' id='word_1_416' title='bbox 2122 2428 2390 2496; x_wconf 86' lang='lat' dir='ltr'><strong>quievisse</strong></span> <span class='ocrx_word' id='word_1_417' title='bbox 2416 2426 2645 2499; x_wconf 78' lang='lat' dir='ltr'><strong>(Matth.</strong></span> <span class='ocrx_word' id='word_1_418' title='bbox 2666 2443 2837 2494; x_wconf 85' lang='lat' dir='ltr'><strong>xxvn,</strong></span> <span class='ocrx_word' id='word_1_419' title='bbox 2859 2425 2969 2493; x_wconf 85' lang='lat'><strong>60).</strong></span> <span class='ocrx_word' id='word_1_420' title='bbox 2988 2429 3115 2495; x_wconf 86' lang='lat' dir='ltr'><strong>Quis</strong></span> <span class='ocrx_word' id='word_1_421' title='bbox 3152 2445 3279 2500; x_wconf 91' lang='lat' dir='ltr'><strong>ergo</strong></span> <span class='ocrx_word' id='word_1_422' title='bbox 3318 2432 3450 2485; x_wconf 90' lang='lat' dir='ltr'><strong>mihi</strong></span> 
     </span>
    </p>
   </div>
   <div class='ocr_carea' id='block_1_55' title="bbox 1867 2518 3456 2589">
    <p class='ocr_par' dir='ltr' id='par_1_55' title="bbox 1867 2518 3456 2589">
     <span class='ocr_line' id='line_1_55' title="bbox 1867 2518 3456 2589; baseline 0 -15"><span class='ocrx_word' id='word_1_423' title='bbox 1867 2518 2195 2588; x_wconf 85' lang='lat' dir='ltr'><strong>persuadere</strong></span> <span class='ocrx_word' id='word_1_424' title='bbox 2225 2528 2468 2583; x_wconf 90' lang='lat' dir='ltr'><strong>conetur,</strong></span> <span class='ocrx_word' id='word_1_425' title='bbox 2501 2529 2619 2588; x_wconf 89' lang='lat' dir='ltr'><strong>post</strong></span> <span class='ocrx_word' id='word_1_426' title='bbox 2643 2534 2858 2574; x_wconf 90' lang='lat' dir='ltr'><strong>errores</strong></span> <span class='ocrx_word' id='word_1_427' title='bbox 2877 2519 3119 2574; x_wconf 88' lang='lat' dir='ltr'><strong>funerum</strong></span> <span class='ocrx_word' id='word_1_428' title='bbox 3150 2518 3456 2589; x_wconf 87' lang='lat' dir='ltr'><strong>sepulcrum</strong></span> 
     </span>
    </p>
   </div>
   <div class='ocr_carea' id='block_1_56' title="bbox 1866 2609 3453 2681">
    <p class='ocr_par' dir='ltr' id='par_1_56' title="bbox 1866 2609 3453 2681">
     <span class='ocr_line' id='line_1_56' title="bbox 1866 2609 3453 2681; baseline 0 -16"><span class='ocrx_word' id='word_1_429' title='bbox 1866 2624 2025 2681; x_wconf 89' lang='lat' dir='ltr'><strong>posse</strong></span> <span class='ocrx_word' id='word_1_430' title='bbox 2054 2610 2337 2665; x_wconf 79' lang='lat' dir='ltr'><strong>mundari?</strong></span> <span class='ocrx_word' id='word_1_431' title='bbox 2362 2610 2615 2677; x_wconf 86' lang='lat' dir='ltr'><strong>Quamvis</strong></span> <span class='ocrx_word' id='word_1_432' title='bbox 2651 2610 2948 2679; x_wconf 90' lang='lat' dir='ltr'><strong>putredinis</strong></span> <span class='ocrx_word' id='word_1_433' title='bbox 2975 2609 3201 2665; x_wconf 90' lang='lat' dir='ltr'><strong>humore</strong></span> <span class='ocrx_word' id='word_1_434' title='bbox 3231 2611 3371 2666; x_wconf 90' lang='lat' dir='ltr'><strong>sicca</strong></span> <span class='ocrx_word' id='word_1_435' title='bbox 3400 2626 3453 2679; x_wconf 86' lang='grc' dir='ltr'><strong>ο,</strong></span> 
     </span>
    </p>
   </div>
   <div class='ocr_carea' id='block_1_57' title="bbox 1866 2700 3456 2771">
    <p class='ocr_par' dir='ltr' id='par_1_57' title="bbox 1866 2700 3456 2771">
     <span class='ocr_line' id='line_1_57' title="bbox 1866 2700 3456 2771; baseline 0.001 -17"><span class='ocrx_word' id='word_1_436' title='bbox 1866 2702 2202 2771; x_wconf 88' lang='lat' dir='ltr'><strong>consumptis</strong></span> <span class='ocrx_word' id='word_1_437' title='bbox 2229 2702 2338 2771; x_wconf 90' lang='lat' dir='ltr'><strong>jam</strong></span> <span class='ocrx_word' id='word_1_438' title='bbox 2371 2702 2624 2757; x_wconf 88' lang='lat' dir='ltr'><strong>carnibus</strong></span> <span class='ocrx_word' id='word_1_439' title='bbox 2648 2741 2662 2767; x_wconf 93' lang='lat'><strong>,</strong></span> <span class='ocrx_word' id='word_1_440' title='bbox 2696 2702 2831 2755; x_wconf 88' lang='lat' dir='ltr'><strong>albis</strong></span> <span class='ocrx_word' id='word_1_441' title='bbox 2859 2700 3076 2755; x_wconf 91' lang='lat' dir='ltr'><strong>tumulis</strong></span> <span class='ocrx_word' id='word_1_442' title='bbox 3101 2702 3415 2756; x_wconf 86' lang='lat' dir='ltr'><strong>attollantur</strong></span> <span class='ocrx_word' id='word_1_443' title='bbox 3438 2744 3456 2769; x_wconf 95' lang='lat'><strong>,</strong></span> 
     </span>
    </p>
   </div>
   <div class='ocr_carea' id='block_1_58' title="bbox 1868 2793 3458 2859">
    <p class='ocr_par' dir='ltr' id='par_1_58' title="bbox 1868 2793 3458 2859">
     <span class='ocr_line' id='line_1_58' title="bbox 1868 2793 3458 2859; baseline 0 -10"><span class='ocrx_word' id='word_1_444' title='bbox 1868 2805 2110 2850; x_wconf 89' lang='lat' dir='ltr'><strong>remanet</strong></span> <span class='ocrx_word' id='word_1_445' title='bbox 2158 2794 2492 2848; x_wconf 89' lang='lat' dir='ltr'><strong>immunditia</strong></span> <span class='ocrx_word' id='word_1_446' title='bbox 2544 2793 2948 2859; x_wconf 86' lang='lat' dir='ltr'><strong>recordatione,</strong></span> <span class='ocrx_word' id='word_1_447' title='bbox 2986 2794 3199 2848; x_wconf 88' lang='lat' dir='ltr'><strong>etiamsi</strong></span> <span class='ocrx_word' id='word_1_448' title='bbox 3265 2794 3458 2849; x_wconf 85' lang='lat' dir='ltr'><strong>abesse</strong></span> 
     </span>
    </p>
   </div>
   <div class='ocr_carea' id='block_1_59' title="bbox 1867 2883 3460 2957">
    <p class='ocr_par' dir='ltr' id='par_1_59' title="bbox 1867 2883 3460 2957">
     <span class='ocr_line' id='line_1_59' title="bbox 1867 2883 3460 2957; baseline -0.005 -17"><span class='ocrx_word' id='word_1_449' title='bbox 1867 2896 2082 2957; x_wconf 89' lang='lat' dir='ltr'><strong>putetur</strong></span> <span class='ocrx_word' id='word_1_450' title='bbox 2126 2894 2366 2954; x_wconf 79' lang='lat' dir='ltr'><strong>aSpectu.</strong></span> <span class='ocrx_word' id='word_1_451' title='bbox 2404 2884 2668 2954; x_wconf 80' lang='lat' dir='ltr'><strong>Expulisti</strong></span> <span class='ocrx_word' id='word_1_452' title='bbox 2712 2883 2925 2953; x_wconf 92' lang='lat' dir='ltr'><strong>quidem</strong></span> <span class='ocrx_word' id='word_1_453' title='bbox 2959 2885 3296 2939; x_wconf 89' lang='lat' dir='ltr'><strong>morticinum</strong></span> <span class='ocrx_word' id='word_1_454' title='bbox 3326 2885 3460 2954; x_wconf 64' lang='lat' dir='ltr'><strong>dag-</strong></span> 
     </span>
    </p>
   </div>
   <div class='ocr_carea' id='block_1_60' title="bbox 1866 2976 3459 3046">
    <p class='ocr_par' dir='ltr' id='par_1_60' title="bbox 1866 2976 3459 3046">
     <span class='ocr_line' id='line_1_60' title="bbox 1866 2976 3459 3046; baseline -0.003 -12"><span class='ocrx_word' id='word_1_455' title='bbox 1866 2979 2024 3034; x_wconf 88' lang='lat' dir='ltr'><strong>matis</strong></span> <span class='ocrx_word' id='word_1_456' title='bbox 2050 2978 2229 3043; x_wconf 92' lang='lat' dir='ltr'><strong>alieni,</strong></span> <span class='ocrx_word' id='word_1_457' title='bbox 2247 2987 2296 3032; x_wconf 92' lang='lat' dir='ltr'><strong>et</strong></span> <span class='ocrx_word' id='word_1_458' title='bbox 2322 2976 2687 3031; x_wconf 89' lang='lat' dir='ltr'><strong>fortitudinem</strong></span> <span class='ocrx_word' id='word_1_459' title='bbox 2718 2977 2836 3046; x_wconf 88' lang='lat' dir='ltr'><strong>ejus</strong></span> <span class='ocrx_word' id='word_1_460' title='bbox 2857 2988 3157 3032; x_wconf 90' lang='lat' dir='ltr'><strong>emortuam</strong></span> <span class='ocrx_word' id='word_1_461' title='bbox 3187 2979 3255 3032; x_wconf 91' lang='lat' dir='ltr'><strong>de</strong></span> <span class='ocrx_word' id='word_1_462' title='bbox 3279 2980 3459 3046; x_wconf 88' lang='lat' dir='ltr'><strong>sepul-</strong></span> 
     </span>
    </p>
   </div>
   <div class='ocr_carea' id='block_1_61' title="bbox 1866 3072 3457 3142">
    <p class='ocr_par' dir='ltr' id='par_1_61' title="bbox 1866 3072 3457 3142">
     <span class='ocr_line' id='line_1_61' title="bbox 1866 3072 3457 3142; baseline -0.002 -13"><span class='ocrx_word' id='word_1_463' title='bbox 1866 3089 1961 3129; x_wconf 91' lang='lat' dir='ltr'><strong>cro</strong></span> <span class='ocrx_word' id='word_1_464' title='bbox 1990 3087 2090 3127; x_wconf 91' lang='lat' dir='ltr'><strong>suo</strong></span> <span class='ocrx_word' id='word_1_465' title='bbox 2128 3072 2281 3142; x_wconf 91' lang='lat' dir='ltr'><strong>quasi</strong></span> <span class='ocrx_word' id='word_1_466' title='bbox 2333 3084 2455 3125; x_wconf 91' lang='lat' dir='ltr'><strong>ossa</strong></span> <span class='ocrx_word' id='word_1_467' title='bbox 2506 3073 2709 3125; x_wconf 88' lang='lat' dir='ltr'><strong>honore</strong></span> <span class='ocrx_word' id='word_1_468' title='bbox 2750 3073 2985 3126; x_wconf 89' lang='lat' dir='ltr'><strong>carentia</strong></span> <span class='ocrx_word' id='word_1_469' title='bbox 3019 3072 3315 3141; x_wconf 69' lang='lat' dir='ltr'><strong>proiecisti.</strong></span> <span class='ocrx_word' id='word_1_470' title='bbox 3350 3072 3457 3127; x_wconf 85' lang='lat' dir='ltr'><strong>Sed</strong></span> 
     </span>
    </p>
   </div>
   <div class='ocr_carea' id='block_1_62' title="bbox 172 3137 3458 3239">
    <p class='ocr_par' dir='ltr' id='par_1_62' title="bbox 172 3137 3458 3239">
     <span class='ocr_line' id='line_1_62' title="bbox 172 3137 3458 3239; baseline -0.001 -17"><span class='ocrx_word' id='word_1_471' title='bbox 172 3170 385 3239; x_wconf 80' lang='lat' dir='ltr'><strong>tetigerit</strong></span> <span class='ocrx_word' id='word_1_472' title='bbox 406 3167 472 3220; x_wconf 84' lang='lat' dir='ltr'><strong>de</strong></span> <span class='ocrx_word' id='word_1_473' title='bbox 499 3166 787 3220; x_wconf 79' lang='lat' dir='ltr'><strong>summitate</strong></span> <span class='ocrx_word' id='word_1_474' title='bbox 812 3166 925 3234; x_wconf 84' lang='lat' dir='ltr'><strong>ejus</strong></span> <span class='ocrx_word' id='word_1_475' title='bbox 950 3179 1155 3231; x_wconf 82' lang='lat' dir='ltr'><strong>panem.</strong></span> <span class='ocrx_word' id='word_1_476' title='bbox 1188 3172 1278 3215; x_wconf 83' lang='lat' dir='ltr'><strong>aut</strong></span> <span class='ocrx_word' id='word_1_477' title='bbox 1299 3162 1642 3233; x_wconf 83' lang='lat' dir='ltr'><strong>quodcunque</strong></span> <span class='ocrx_word' id='word_1_478' title='bbox 1662 3162 1761 3213; x_wconf 76' lang='lat' dir='ltr'><strong>ali—</strong></span> <span class='ocrx_word' id='word_1_479' title='bbox 1789 3137 1833 3199; x_wconf 70' lang='grc' dir='ltr'>Ο</span> <span class='ocrx_word' id='word_1_480' title='bbox 1867 3175 1995 3235; x_wconf 92' lang='lat' dir='ltr'><strong>puto</strong></span> <span class='ocrx_word' id='word_1_481' title='bbox 2020 3165 2161 3236; x_wconf 92' lang='lat' dir='ltr'><strong>quod</strong></span> <span class='ocrx_word' id='word_1_482' title='bbox 2202 3163 2407 3233; x_wconf 83' lang='lat' dir='ltr'><strong>imponi</strong></span> <span class='ocrx_word' id='word_1_483' title='bbox 2454 3162 2507 3217; x_wconf 91' lang='lat' dir='ltr'><strong>in</strong></span> <span class='ocrx_word' id='word_1_484' title='bbox 2551 3163 2749 3218; x_wconf 90' lang='lat' dir='ltr'><strong>fetores</strong></span> <span class='ocrx_word' id='word_1_485' title='bbox 2778 3164 2916 3218; x_wconf 90' lang='lat' dir='ltr'><strong>sacri</strong></span> <span class='ocrx_word' id='word_1_486' title='bbox 2942 3164 3186 3232; x_wconf 89' lang='lat' dir='ltr'><strong>corporis</strong></span> <span class='ocrx_word' id='word_1_487' title='bbox 3217 3165 3458 3219; x_wconf 91' lang='lat' dir='ltr'><strong>membra</strong></span> 
     </span>
    </p>
   </div>
   <div class='ocr_carea' id='block_1_63' title="bbox 172 3253 1762 3328">
    <p class='ocr_par' dir='ltr' id='par_1_63' title="bbox 172 3253 1762 3328">
     <span class='ocr_line' id='line_1_63' title="bbox 172 3253 1762 3328; baseline -0.006 -15"><span class='ocrx_word' id='word_1_488' title='bbox 172 3260 289 3328; x_wconf 76' lang='lat' dir='ltr'><strong>quid</strong></span> <span class='ocrx_word' id='word_1_489' title='bbox 307 3302 325 3327; x_wconf 86' lang='lat'><strong>,</strong></span> <span class='ocrx_word' id='word_1_490' title='bbox 349 3257 589 3328; x_wconf 82' lang='lat' dir='ltr'><strong>nunquid</strong></span> <span class='ocrx_word' id='word_1_491' title='bbox 611 3255 1050 3325; x_wconf 77' lang='lat' dir='ltr'><strong>sancti/imbitur?</strong></span> <span class='ocrx_word' id='word_1_492' title='bbox 1076 3253 1453 3324; x_wconf 82' lang='lat' dir='ltr'><strong>Respondentes</strong></span> <span class='ocrx_word' id='word_1_493' title='bbox 1487 3261 1655 3306; x_wconf 86' lang='lat' dir='ltr'><strong>autem</strong></span> <span class='ocrx_word' id='word_1_494' title='bbox 1674 3268 1762 3305; x_wconf 85' lang='lat' dir='ltr'><strong>sa-</strong></span> 
     </span>
    </p>
   </div>
   <div class='ocr_carea' id='block_1_64' title="bbox 174 3343 1761 3416">
    <p class='ocr_par' dir='ltr' id='par_1_64' title="bbox 174 3343 1761 3416">
     <span class='ocr_line' id='line_1_64' title="bbox 174 3343 1761 3416; baseline -0.005 -13"><span class='ocrx_word' id='word_1_495' title='bbox 174 3354 397 3405; x_wconf 85' lang='lat' dir='ltr'><strong>cerdotes</strong></span> <span class='ocrx_word' id='word_1_496' title='bbox 423 3350 700 3416; x_wconf 72' lang='lat' dir='ltr'><strong>dixerunt,</strong></span> <span class='ocrx_word' id='word_1_497' title='bbox 746 3346 892 3401; x_wconf 88' lang='lat' dir='ltr'><strong>Non.</strong></span> <span class='ocrx_word' id='word_1_498' title='bbox 927 3345 990 3399; x_wconf 84' lang='lat' dir='ltr'><strong>Et</strong></span> <span class='ocrx_word' id='word_1_499' title='bbox 1013 3346 1142 3399; x_wconf 77' lang='lat' dir='ltr'><strong>dixit</strong></span> <span class='ocrx_word' id='word_1_500' title='bbox 1168 3344 1386 3416; x_wconf 80' lang='lat' dir='ltr'><strong>Aggtcus</strong></span> <span class='ocrx_word' id='word_1_501' title='bbox 1410 3359 1429 3398; x_wconf 91' lang='lat'><strong><em>:</em></strong></span> <span class='ocrx_word' id='word_1_502' title='bbox 1462 3344 1524 3399; x_wconf 89' lang='lat' dir='ltr'><strong>Si</strong></span> <span class='ocrx_word' id='word_1_503' title='bbox 1544 3343 1761 3413; x_wconf 74' lang='lat' dir='ltr'><strong>tetigerit</strong></span> 
     </span>
    </p>
   </div>
   <div class='ocr_carea' id='block_1_65' title="bbox 179 3435 1763 3512">
    <p class='ocr_par' dir='ltr' id='par_1_65' title="bbox 179 3435 1763 3512">
     <span class='ocr_line' id='line_1_65' title="bbox 179 3435 1763 3512; baseline -0.004 -16"><span class='ocrx_word' id='word_1_504' title='bbox 179 3444 405 3512; x_wconf 75' lang='lat' dir='ltr'><strong>pollutus</strong></span> <span class='ocrx_word' id='word_1_505' title='bbox 461 3456 525 3494; x_wconf 76' lang='lat' dir='ltr'><strong>ea:</strong></span> <span class='ocrx_word' id='word_1_506' title='bbox 578 3439 809 3493; x_wconf 80' lang='lat' dir='ltr'><strong>omnibus</strong></span> <span class='ocrx_word' id='word_1_507' title='bbox 848 3437 970 3502; x_wconf 94' lang='lat' dir='ltr'><strong>his,</strong></span> <span class='ocrx_word' id='word_1_508' title='bbox 1024 3437 1254 3507; x_wconf 84' lang='lat' dir='ltr'><strong>nunquid</strong></span> <span class='ocrx_word' id='word_1_509' title='bbox 1299 3435 1763 3490; x_wconf 86' lang='lat' dir='ltr'><strong>contaminabitur?</strong></span> 
     </span>
    </p>
   </div>
   <div class='ocr_carea' id='block_1_66' title="bbox 174 3523 1757 3601">
    <p class='ocr_par' dir='ltr' id='par_1_66' title="bbox 174 3523 1757 3601">
     <span class='ocr_line' id='line_1_66' title="bbox 174 3523 1757 3601; baseline -0.008 -13"><span class='ocrx_word' id='word_1_510' title='bbox 174 3535 223 3588; x_wconf 89' lang='lat' dir='ltr'><strong>id</strong></span> <span class='ocrx_word' id='word_1_511' title='bbox 250 3544 354 3600; x_wconf 89' lang='lat' dir='ltr'><strong>est,</strong></span> <span class='ocrx_word' id='word_1_512' title='bbox 385 3533 479 3588; x_wconf 91' lang='lat' dir='ltr'><strong>ille</strong></span> <span class='ocrx_word' id='word_1_513' title='bbox 510 3532 661 3601; x_wconf 88' lang='lat' dir='ltr'><strong>panis</strong></span> <span class='ocrx_word' id='word_1_514' title='bbox 690 3530 778 3600; x_wconf 90' lang='lat' dir='ltr'><strong>qui</strong></span> <span class='ocrx_word' id='word_1_515' title='bbox 820 3529 1020 3583; x_wconf 90' lang='lat' dir='ltr'><strong>dudum</strong></span> <span class='ocrx_word' id='word_1_516' title='bbox 1067 3536 1283 3582; x_wconf 90' lang='lat' dir='ltr'><strong>sanctus</strong></span> <span class='ocrx_word' id='word_1_517' title='bbox 1331 3529 1651 3581; x_wconf 81' lang='lat' dir='ltr'><strong>exstiterat:</strong></span> <span class='ocrx_word' id='word_1_518' title='bbox 1692 3523 1757 3577; x_wconf 85' lang='lat' dir='ltr'><strong>Et</strong></span> 
     </span>
    </p>
   </div>
   <div class='ocr_carea' id='block_1_67' title="bbox 175 3616 1760 3690">
    <p class='ocr_par' dir='ltr' id='par_1_67' title="bbox 175 3616 1760 3690">
     <span class='ocr_line' id='line_1_67' title="bbox 175 3616 1760 3690; baseline -0.006 -12"><span class='ocrx_word' id='word_1_519' title='bbox 175 3627 413 3679; x_wconf 70' lang='lat' dir='ltr'><strong>dixerunt</strong></span> <span class='ocrx_word' id='word_1_520' title='bbox 464 3624 769 3689; x_wconf 78' lang='lat' dir='ltr'><strong>sacerdotes,</strong></span> <span class='ocrx_word' id='word_1_521' title='bbox 818 3620 1259 3675; x_wconf 84' lang='lat' dir='ltr'><strong>Contaminabitur</strong></span> <span class='ocrx_word' id='word_1_522' title='bbox 1303 3621 1456 3690; x_wconf 81' lang='lat' dir='ltr'><strong>(Agg.</strong></span> <span class='ocrx_word' id='word_1_523' title='bbox 1512 3634 1589 3683; x_wconf 89' lang='lat' dir='ltr'><strong>tt,</strong></span> <span class='ocrx_word' id='word_1_524' title='bbox 1646 3616 1760 3687; x_wconf 71' lang='grc'><strong>12).</strong></span> 
     </span>
    </p>
   </div>
   <div class='ocr_carea' id='block_1_68' title="bbox 174 3709 1761 3785">
    <p class='ocr_par' dir='ltr' id='par_1_68' title="bbox 174 3709 1761 3785">
     <span class='ocr_line' id='line_1_68' title="bbox 174 3709 1761 3785; baseline -0.004 -16"><span class='ocrx_word' id='word_1_525' title='bbox 174 3716 510 3785; x_wconf 82' lang='lat' dir='ltr'><strong>Quapropter</strong></span> <span class='ocrx_word' id='word_1_526' title='bbox 542 3712 941 3783; x_wconf 86' lang='lat' dir='ltr'><strong>conjiciendum</strong></span> <span class='ocrx_word' id='word_1_527' title='bbox 967 3720 1069 3774; x_wconf 86' lang='lat' dir='ltr'><strong>est,</strong></span> <span class='ocrx_word' id='word_1_528' title='bbox 1101 3712 1144 3764; x_wconf 91' lang='lat' dir='ltr'><strong>si</strong></span> <span class='ocrx_word' id='word_1_529' title='bbox 1178 3718 1353 3778; x_wconf 90' lang='lat' dir='ltr'><strong>potest</strong></span> <span class='ocrx_word' id='word_1_530' title='bbox 1384 3712 1472 3765; x_wconf 91' lang='lat' dir='ltr'><strong>ille</strong></span> <span class='ocrx_word' id='word_1_531' title='bbox 1506 3709 1657 3779; x_wconf 89' lang='lat' dir='ltr'><strong>panis</strong></span> <span class='ocrx_word' id='word_1_532' title='bbox 1706 3709 1761 3763; x_wconf 90' lang='lat' dir='ltr'><strong>in</strong></span> 
     </span>
    </p>
   </div>
   <div class='ocr_carea' id='block_1_69' title="bbox 174 3800 1763 3873">
    <p class='ocr_par' dir='ltr' id='par_1_69' title="bbox 174 3800 1763 3873">
     <span class='ocr_line' id='line_1_69' title="bbox 174 3800 1763 3873; baseline -0.004 -11"><span class='ocrx_word' id='word_1_533' title='bbox 174 3809 253 3863; x_wconf 89' lang='lat' dir='ltr'><strong>his</strong></span> <span class='ocrx_word' id='word_1_534' title='bbox 290 3808 559 3863; x_wconf 86' lang='lat' dir='ltr'><strong>altaribus</strong></span> <span class='ocrx_word' id='word_1_535' title='bbox 598 3804 944 3869; x_wconf 87' lang='lat' dir='ltr'><strong>consecrari,</strong></span> <span class='ocrx_word' id='word_1_536' title='bbox 977 3818 1135 3873; x_wconf 92' lang='lat' dir='ltr'><strong>quem</strong></span> <span class='ocrx_word' id='word_1_537' title='bbox 1163 3804 1208 3858; x_wconf 92' lang='lat' dir='ltr'><strong>si</strong></span> <span class='ocrx_word' id='word_1_538' title='bbox 1239 3812 1583 3858; x_wconf 80' lang='lat' dir='ltr'><strong>consecratus</strong></span> <span class='ocrx_word' id='word_1_539' title='bbox 1610 3800 1763 3869; x_wconf 89' lang='lat' dir='ltr'><strong>panis</strong></span> 
     </span>
    </p>
   </div>
   <div class='ocr_carea' id='block_1_70' title="bbox 174 3896 1763 3972">
    <p class='ocr_par' dir='ltr' id='par_1_70' title="bbox 174 3896 1763 3972">
     <span class='ocr_line' id='line_1_70' title="bbox 174 3896 1763 3972; baseline -0.003 -19"><span class='ocrx_word' id='word_1_540' title='bbox 174 3902 434 3972; x_wconf 78' lang='lat' dir='ltr'><strong>tetigerit,</strong></span> <span class='ocrx_word' id='word_1_541' title='bbox 468 3899 710 3955; x_wconf 90' lang='lat' dir='ltr'><strong>redditur</strong></span> <span class='ocrx_word' id='word_1_542' title='bbox 740 3896 1071 3968; x_wconf 89' lang='lat' dir='ltr'><strong>inquinatus.</strong></span> <span class='ocrx_word' id='word_1_543' title='bbox 1098 3896 1388 3951; x_wconf 83' lang='lat' dir='ltr'><strong>Malacbias</strong></span> <span class='ocrx_word' id='word_1_544' title='bbox 1412 3909 1623 3964; x_wconf 91' lang='lat' dir='ltr'><strong>quoque</strong></span> <span class='ocrx_word' id='word_1_545' title='bbox 1648 3908 1763 3963; x_wconf 90' lang='lat' dir='ltr'><strong>pro-</strong></span> 
     </span>
    </p>
   </div>
   <div class='ocr_carea' id='block_1_71' title="bbox 173 3987 1761 4063">
    <p class='ocr_par' dir='ltr' id='par_1_71' title="bbox 173 3987 1761 4063">
     <span class='ocr_line' id='line_1_71' title="bbox 173 3987 1761 4063; baseline -0.004 -18"><span class='ocrx_word' id='word_1_546' title='bbox 173 3994 329 4063; x_wconf 83' lang='lat' dir='ltr'><strong>pheta</strong></span> <span class='ocrx_word' id='word_1_547' title='bbox 360 3993 441 4046; x_wconf 88' lang='lat' dir='ltr'><strong>sic</strong></span> <span class='ocrx_word' id='word_1_548' title='bbox 466 3991 599 4045; x_wconf 89' lang='lat' dir='ltr'><strong>dicit</strong></span> <span class='ocrx_word' id='word_1_549' title='bbox 624 4007 636 4042; x_wconf 93' lang='lat'><strong>:</strong></span> <span class='ocrx_word' id='word_1_550' title='bbox 667 3990 728 4046; x_wconf 90' lang='lat' dir='ltr'><strong>Si</strong></span> <span class='ocrx_word' id='word_1_551' title='bbox 758 3989 985 4057; x_wconf 72' lang='lat' dir='ltr'><strong>offeratis</strong></span> <span class='ocrx_word' id='word_1_552' title='bbox 1014 4000 1215 4043; x_wconf 75' lang='lat' dir='ltr'><strong>‘ctecum</strong></span> <span class='ocrx_word' id='word_1_553' title='bbox 1254 3987 1321 4042; x_wconf 91' lang='lat' dir='ltr'><strong>ad</strong></span> <span class='ocrx_word' id='word_1_554' title='bbox 1365 3988 1761 4054; x_wconf 85' lang='lat' dir='ltr'><strong>immolandum,</strong></span> 
     </span>
    </p>
   </div>
   <div class='ocr_carea' id='block_1_72' title="bbox 174 4082 1765 4150">
    <p class='ocr_par' dir='ltr' id='par_1_72' title="bbox 174 4082 1765 4150">
     <span class='ocr_line' id='line_1_72' title="bbox 174 4082 1765 4150; baseline -0.002 -13"><span class='ocrx_word' id='word_1_555' title='bbox 174 4102 342 4139; x_wconf 82' lang='lat' dir='ltr'><strong>nonne</strong></span> <span class='ocrx_word' id='word_1_556' title='bbox 370 4085 569 4138; x_wconf 87' lang='lat' dir='ltr'><strong>malum</strong></span> <span class='ocrx_word' id='word_1_557' title='bbox 596 4086 705 4138; x_wconf 88' lang='lat' dir='ltr'><strong>est?</strong></span> <span class='ocrx_word' id='word_1_558' title='bbox 731 4094 777 4137; x_wconf 86' lang='lat' dir='ltr'><strong>et</strong></span> <span class='ocrx_word' id='word_1_559' title='bbox 810 4085 854 4137; x_wconf 91' lang='lat' dir='ltr'><strong>si</strong></span> <span class='ocrx_word' id='word_1_560' title='bbox 890 4082 1115 4150; x_wconf 68' lang='lat' dir='ltr'><strong>offeratis</strong></span> <span class='ocrx_word' id='word_1_561' title='bbox 1152 4082 1395 4137; x_wconf 88' lang='lat' dir='ltr'><strong>claudum</strong></span> <span class='ocrx_word' id='word_1_562' title='bbox 1417 4123 1432 4149; x_wconf 96' lang='lat'><strong>,</strong></span> <span class='ocrx_word' id='word_1_563' title='bbox 1460 4097 1629 4135; x_wconf 89' lang='lat' dir='ltr'><strong>nonne</strong></span> <span class='ocrx_word' id='word_1_564' title='bbox 1654 4098 1765 4135; x_wconf 86' lang='lat' dir='ltr'><strong>ma-</strong></span> 
     </span>
    </p>
   </div>
   <div class='ocr_carea' id='block_1_73' title="bbox 174 4171 1761 4245">
    <p class='ocr_par' dir='ltr' id='par_1_73' title="bbox 174 4171 1761 4245">
     <span class='ocr_line' id='line_1_73' title="bbox 174 4171 1761 4245; baseline -0.003 -16"><span class='ocrx_word' id='word_1_565' title='bbox 174 4177 279 4229; x_wconf 84' lang='lat' dir='ltr'><strong>lum</strong></span> <span class='ocrx_word' id='word_1_566' title='bbox 307 4185 381 4230; x_wconf 88' lang='lat' dir='ltr'><strong>est</strong></span> <span class='ocrx_word' id='word_1_567' title='bbox 411 4174 669 4245; x_wconf 78' lang='lat' dir='ltr'><strong>(Malach.</strong></span> <span class='ocrx_word' id='word_1_568' title='bbox 718 4190 757 4239; x_wconf 82' lang='grc' dir='ltr'><strong>ι,</strong></span> <span class='ocrx_word' id='word_1_569' title='bbox 809 4173 906 4245; x_wconf 72' lang='lat'><strong>8)?</strong></span> <span class='ocrx_word' id='word_1_570' title='bbox 938 4174 1007 4227; x_wconf 86' lang='lat' dir='ltr'><strong>Et</strong></span> <span class='ocrx_word' id='word_1_571' title='bbox 1035 4173 1194 4243; x_wconf 90' lang='lat' dir='ltr'><strong>paulo</strong></span> <span class='ocrx_word' id='word_1_572' title='bbox 1243 4184 1400 4243; x_wconf 84' lang='lat' dir='ltr'><strong>post:</strong></span> <span class='ocrx_word' id='word_1_573' title='bbox 1434 4171 1761 4237; x_wconf 79' lang='lat' dir='ltr'><strong>Maledictus,</strong></span> 
     </span>
    </p>
   </div>
   <div class='ocr_carea' id='block_1_74' title="bbox 175 4264 1763 4339">
    <p class='ocr_par' dir='ltr' id='par_1_74' title="bbox 175 4264 1763 4339">
     <span class='ocr_line' id='line_1_74' title="bbox 175 4264 1763 4339; baseline -0.004 -17"><span class='ocrx_word' id='word_1_574' title='bbox 175 4271 366 4339; x_wconf 87' lang='lat' dir='ltr'><strong>inquit.</strong></span> <span class='ocrx_word' id='word_1_575' title='bbox 400 4269 611 4321; x_wconf 77' lang='lat' dir='ltr'><strong>dolosas</strong></span> <span class='ocrx_word' id='word_1_576' title='bbox 631 4307 646 4333; x_wconf 93' lang='lat'><strong>,</strong></span> <span class='ocrx_word' id='word_1_577' title='bbox 691 4268 779 4337; x_wconf 87' lang='lat' dir='ltr'><strong>qui</strong></span> <span class='ocrx_word' id='word_1_578' title='bbox 819 4265 969 4319; x_wconf 86' lang='lat' dir='ltr'><strong>habet</strong></span> <span class='ocrx_word' id='word_1_579' title='bbox 999 4267 1050 4319; x_wconf 88' lang='lat' dir='ltr'><strong>in</strong></span> <span class='ocrx_word' id='word_1_580' title='bbox 1075 4281 1226 4337; x_wconf 84' lang='lat' dir='ltr'><strong>grege</strong></span> <span class='ocrx_word' id='word_1_581' title='bbox 1251 4281 1345 4319; x_wconf 86' lang='lat' dir='ltr'><strong>suo</strong></span> <span class='ocrx_word' id='word_1_582' title='bbox 1375 4264 1662 4319; x_wconf 83' lang='lat' dir='ltr'><strong>masculum</strong></span> <span class='ocrx_word' id='word_1_583' title='bbox 1680 4307 1693 4329; x_wconf 94' lang='lat'><strong>,</strong></span> <span class='ocrx_word' id='word_1_584' title='bbox 1716 4272 1763 4317; x_wconf 85' lang='lat' dir='ltr'><strong>et</strong></span> 
     </span>
    </p>
   </div>
   <div class='ocr_carea' id='block_1_75' title="bbox 176 4353 1763 4430">
    <p class='ocr_par' dir='ltr' id='par_1_75' title="bbox 176 4353 1763 4430">
     <span class='ocr_line' id='line_1_75' title="bbox 176 4353 1763 4430; baseline -0.001 -19"><span class='ocrx_word' id='word_1_585' title='bbox 176 4370 349 4412; x_wconf 79' lang='lat' dir='ltr'><strong>uotum</strong></span> <span class='ocrx_word' id='word_1_586' title='bbox 374 4359 568 4430; x_wconf 79' lang='lat' dir='ltr'><strong>faciens</strong></span> <span class='ocrx_word' id='word_1_587' title='bbox 589 4358 816 4411; x_wconf 85' lang='lat' dir='ltr'><strong>immolat</strong></span> <span class='ocrx_word' id='word_1_588' title='bbox 841 4356 1005 4411; x_wconf 85' lang='lat' dir='ltr'><strong>debile</strong></span> <span class='ocrx_word' id='word_1_589' title='bbox 1028 4355 1247 4410; x_wconf 88' lang='lat' dir='ltr'><strong>Domino</strong></span> <span class='ocrx_word' id='word_1_590' title='bbox 1273 4355 1325 4428; x_wconf 88' lang='grc'><strong>(1</strong></span> <span class='ocrx_word' id='word_1_591' title='bbox 1331 4356 1463 4425; x_wconf 88' lang='lat' dir='ltr'><strong>bid.,</strong></span> <span class='ocrx_word' id='word_1_592' title='bbox 1490 4354 1601 4426; x_wconf 72' lang='grc'><strong>14).</strong></span> <span class='ocrx_word' id='word_1_593' title='bbox 1625 4353 1763 4423; x_wconf 88' lang='lat' dir='ltr'><strong>Quid</strong></span> 
     </span>
    </p>
   </div>
   <div class='ocr_carea' id='block_1_76' title="bbox 1865 3253 3459 3325">
    <p class='ocr_par' dir='ltr' id='par_1_76' title="bbox 1865 3253 3459 3325">
     <span class='ocr_line' id='line_1_76' title="bbox 1865 3253 3459 3325; baseline -0.001 -13"><span class='ocrx_word' id='word_1_594' title='bbox 1865 3272 1973 3312; x_wconf 92' lang='lat' dir='ltr'><strong>non</strong></span> <span class='ocrx_word' id='word_1_595' title='bbox 1999 3256 2252 3312; x_wconf 86' lang='lat' dir='ltr'><strong>debeant.</strong></span> <span class='ocrx_word' id='word_1_596' title='bbox 2290 3254 2357 3310; x_wconf 84' lang='lat' dir='ltr'><strong>Et</strong></span> <span class='ocrx_word' id='word_1_597' title='bbox 2395 3254 2542 3310; x_wconf 88' lang='lat' dir='ltr'><strong>dices</strong></span> <span class='ocrx_word' id='word_1_598' title='bbox 2585 3253 2807 3309; x_wconf 89' lang='lat' dir='ltr'><strong>forsitan</strong></span> <span class='ocrx_word' id='word_1_599' title='bbox 2848 3255 3161 3323; x_wconf 70' lang='lat' dir='ltr'><strong>haereticos,</strong></span> <span class='ocrx_word' id='word_1_600' title='bbox 3191 3255 3237 3309; x_wconf 89' lang='lat' dir='ltr'><strong>si</strong></span> <span class='ocrx_word' id='word_1_601' title='bbox 3263 3256 3339 3310; x_wconf 91' lang='lat' dir='ltr'><strong>eis</strong></span> <span class='ocrx_word' id='word_1_602' title='bbox 3363 3270 3459 3325; x_wconf 82' lang='lat' dir='ltr'><strong>po-</strong></span> 
     </span>
    </p>
   </div>
   <div class='ocr_carea' id='block_1_77' title="bbox 1868 3346 3458 3413">
    <p class='ocr_par' dir='ltr' id='par_1_77' title="bbox 1868 3346 3458 3413">
     <span class='ocr_line' id='line_1_77' title="bbox 1868 3346 3458 3413; baseline 0.001 -10"><span class='ocrx_word' id='word_1_603' title='bbox 1868 3358 2031 3403; x_wconf 89' lang='lat' dir='ltr'><strong>testas</strong></span> <span class='ocrx_word' id='word_1_604' title='bbox 2052 3347 2229 3413; x_wconf 91' lang='lat' dir='ltr'><strong>detur,</strong></span> <span class='ocrx_word' id='word_1_605' title='bbox 2253 3346 2442 3401; x_wconf 88' lang='lat' dir='ltr'><strong>altaria</strong></span> <span class='ocrx_word' id='word_1_606' title='bbox 2475 3356 2657 3401; x_wconf 82' lang='lat' dir='ltr'><strong>nostra</strong></span> <span class='ocrx_word' id='word_1_607' title='bbox 2686 3356 2969 3401; x_wconf 88' lang='lat' dir='ltr'><strong>temerare.</strong></span> <span class='ocrx_word' id='word_1_608' title='bbox 3004 3347 3203 3402; x_wconf 84' lang='lat' dir='ltr'><strong>Verum</strong></span> <span class='ocrx_word' id='word_1_609' title='bbox 3228 3358 3332 3413; x_wconf 82' lang='lat' dir='ltr'><strong>est,</strong></span> <span class='ocrx_word' id='word_1_610' title='bbox 3357 3364 3458 3404; x_wconf 87' lang='lat' dir='ltr'><strong>nec</strong></span> 
     </span>
    </p>
   </div>
   <div class='ocr_carea' id='block_1_78' title="bbox 1864 3440 3459 3512">
    <p class='ocr_par' dir='ltr' id='par_1_78' title="bbox 1864 3440 3459 3512">
     <span class='ocr_line' id='line_1_78' title="bbox 1864 3440 3459 3512; baseline 0 -16"><span class='ocrx_word' id='word_1_611' title='bbox 1864 3441 2077 3498; x_wconf 85' lang='lat' dir='ltr'><strong>refello.</strong></span> <span class='ocrx_word' id='word_1_612' title='bbox 2104 3441 2343 3495; x_wconf 69' lang='lat' dir='ltr'><strong>Scesiunt</strong></span> <span class='ocrx_word' id='word_1_613' title='bbox 2377 3440 2592 3511; x_wconf 90' lang='lat' dir='ltr'><strong>quidem</strong></span> <span class='ocrx_word' id='word_1_614' title='bbox 2617 3455 2735 3495; x_wconf 91' lang='lat' dir='ltr'><strong>cum</strong></span> <span class='ocrx_word' id='word_1_615' title='bbox 2766 3449 2987 3510; x_wconf 91' lang='lat' dir='ltr'><strong>possunt</strong></span> <span class='ocrx_word' id='word_1_616' title='bbox 3009 3440 3166 3496; x_wconf 71' lang='lat' dir='ltr'><strong>foedis</strong></span> <span class='ocrx_word' id='word_1_617' title='bbox 3197 3442 3459 3512; x_wconf 85' lang='lat' dir='ltr'><strong>unguibus</strong></span> 
     </span>
    </p>
   </div>
   <div class='ocr_carea' id='block_1_79' title="bbox 1865 3530 3457 3601">
    <p class='ocr_par' dir='ltr' id='par_1_79' title="bbox 1865 3530 3457 3601">
     <span class='ocr_line' id='line_1_79' title="bbox 1865 3530 3457 3601; baseline -0.001 -13"><span class='ocrx_word' id='word_1_618' title='bbox 1865 3532 2161 3588; x_wconf 91' lang='lat' dir='ltr'><strong>alienarum</strong></span> <span class='ocrx_word' id='word_1_619' title='bbox 2212 3532 2406 3587; x_wconf 69' lang='lat' dir='ltr'><strong>aedium</strong></span> <span class='ocrx_word' id='word_1_620' title='bbox 2460 3545 2798 3601; x_wconf 81' lang='lat' dir='ltr'><strong>pervasorcs.</strong></span> <span class='ocrx_word' id='word_1_621' title='bbox 2845 3530 2952 3586; x_wconf 85' lang='lat' dir='ltr'><strong>Sed</strong></span> <span class='ocrx_word' id='word_1_622' title='bbox 2997 3531 3104 3585; x_wconf 93' lang='lat' dir='ltr'><strong>vim</strong></span> <span class='ocrx_word' id='word_1_623' title='bbox 3152 3532 3457 3593; x_wconf 86' lang='lat' dir='ltr'><strong>intendere,</strong></span> 
     </span>
    </p>
   </div>
   <div class='ocr_carea' id='block_1_80' title="bbox 1866 3622 3458 3694">
    <p class='ocr_par' dir='ltr' id='par_1_80' title="bbox 1866 3622 3458 3694">
     <span class='ocr_line' id='line_1_80' title="bbox 1866 3622 3458 3694; baseline -0.001 -15"><span class='ocrx_word' id='word_1_624' title='bbox 1866 3625 1980 3679; x_wconf 92' lang='lat' dir='ltr'><strong>loca</strong></span> <span class='ocrx_word' id='word_1_625' title='bbox 2012 3623 2306 3694; x_wconf 89' lang='lat' dir='ltr'><strong>pervadere</strong></span> <span class='ocrx_word' id='word_1_626' title='bbox 2330 3666 2344 3691; x_wconf 96' lang='lat'><strong>,</strong></span> <span class='ocrx_word' id='word_1_627' title='bbox 2378 3622 2564 3677; x_wconf 89' lang='lat' dir='ltr'><strong>altaria</strong></span> <span class='ocrx_word' id='word_1_628' title='bbox 2599 3631 2963 3687; x_wconf 87' lang='lat' dir='ltr'><strong>commutare,</strong></span> <span class='ocrx_word' id='word_1_629' title='bbox 2995 3639 3099 3678; x_wconf 91' lang='lat' dir='ltr'><strong>non</strong></span> <span class='ocrx_word' id='word_1_630' title='bbox 3133 3627 3367 3693; x_wconf 89' lang='lat' dir='ltr'><strong>pertinet</strong></span> <span class='ocrx_word' id='word_1_631' title='bbox 3391 3622 3458 3677; x_wconf 88' lang='lat' dir='ltr'><strong>ad</strong></span> 
     </span>
    </p>
   </div>
   <div class='ocr_carea' id='block_1_81' title="bbox 1865 3715 3458 3786">
    <p class='ocr_par' dir='ltr' id='par_1_81' title="bbox 1865 3715 3458 3786">
     <span class='ocr_line' id='line_1_81' title="bbox 1865 3715 3458 3786; baseline -0.001 -14"><span class='ocrx_word' id='word_1_632' title='bbox 1865 3717 2191 3772; x_wconf 89' lang='lat' dir='ltr'><strong>columbam.</strong></span> <span class='ocrx_word' id='word_1_633' title='bbox 2223 3715 2523 3785; x_wconf 83' lang='lat' dir='ltr'><strong>Specialius</strong></span> <span class='ocrx_word' id='word_1_634' title='bbox 2561 3730 2692 3785; x_wconf 86' lang='lat' dir='ltr'><strong>ergo</strong></span> <span class='ocrx_word' id='word_1_635' title='bbox 2737 3715 3046 3785; x_wconf 86' lang='lat' dir='ltr'><strong>fugiendum</strong></span> <span class='ocrx_word' id='word_1_636' title='bbox 3070 3759 3085 3783; x_wconf 95' lang='lat'><strong>,</strong></span> <span class='ocrx_word' id='word_1_637' title='bbox 3116 3716 3260 3786; x_wconf 90' lang='lat' dir='ltr'><strong>quod</strong></span> <span class='ocrx_word' id='word_1_638' title='bbox 3297 3717 3458 3771; x_wconf 85' lang='lat' dir='ltr'><strong>licere</strong></span> 
     </span>
    </p>
   </div>
   <div class='ocr_carea' id='block_1_82' title="bbox 1864 3805 3459 3878">
    <p class='ocr_par' dir='ltr' id='par_1_82' title="bbox 1864 3805 3459 3878">
     <span class='ocr_line' id='line_1_82' title="bbox 1864 3805 3459 3878; baseline -0.003 -13"><span class='ocrx_word' id='word_1_639' title='bbox 1864 3809 1967 3865; x_wconf 86' lang='lat' dir='ltr'><strong>sibi</strong></span> <span class='ocrx_word' id='word_1_640' title='bbox 2001 3808 2288 3865; x_wconf 71' lang='lat' dir='ltr'><strong>htcreticus</strong></span> <span class='ocrx_word' id='word_1_641' title='bbox 2320 3814 2487 3878; x_wconf 89' lang='lat' dir='ltr'><strong>putat.</strong></span> <span class='ocrx_word' id='word_1_642' title='bbox 2521 3805 2605 3860; x_wconf 84' lang='lat' dir='ltr'><strong>Ab</strong></span> <span class='ocrx_word' id='word_1_643' title='bbox 2642 3806 2895 3876; x_wconf 82' lang='lat' dir='ltr'><strong>exemplo</strong></span> <span class='ocrx_word' id='word_1_644' title='bbox 2941 3808 3107 3877; x_wconf 90' lang='lat' dir='ltr'><strong>magis</strong></span> <span class='ocrx_word' id='word_1_645' title='bbox 3136 3806 3307 3862; x_wconf 86' lang='lat' dir='ltr'><strong>vitare</strong></span> <span class='ocrx_word' id='word_1_646' title='bbox 3332 3823 3459 3861; x_wconf 86' lang='lat' dir='ltr'><strong>con-</strong></span> 
     </span>
    </p>
   </div>
   <div class='ocr_carea' id='block_1_83' title="bbox 1864 3898 3459 3972">
    <p class='ocr_par' dir='ltr' id='par_1_83' title="bbox 1864 3898 3459 3972">
     <span class='ocr_line' id='line_1_83' title="bbox 1864 3898 3459 3972; baseline -0.002 -16"><span class='ocrx_word' id='word_1_647' title='bbox 1864 3902 2010 3957; x_wconf 91' lang='lat' dir='ltr'><strong>venit</strong></span> <span class='ocrx_word' id='word_1_648' title='bbox 2040 3901 2184 3972; x_wconf 92' lang='lat' dir='ltr'><strong>quod</strong></span> <span class='ocrx_word' id='word_1_649' title='bbox 2215 3901 2386 3955; x_wconf 91' lang='lat' dir='ltr'><strong>hostis</strong></span> <span class='ocrx_word' id='word_1_650' title='bbox 2417 3899 2777 3968; x_wconf 89' lang='lat' dir='ltr'><strong>amplectitur.</strong></span> <span class='ocrx_word' id='word_1_651' title='bbox 2813 3898 2922 3953; x_wconf 91' lang='lat' dir='ltr'><strong>Nec</strong></span> <span class='ocrx_word' id='word_1_652' title='bbox 2949 3900 3142 3954; x_wconf 90' lang='lat' dir='ltr'><strong>mirum</strong></span> <span class='ocrx_word' id='word_1_653' title='bbox 3174 3908 3258 3954; x_wconf 90' lang='lat' dir='ltr'><strong>est</strong></span> <span class='ocrx_word' id='word_1_654' title='bbox 3293 3901 3337 3954; x_wconf 91' lang='lat' dir='ltr'><strong>si</strong></span> <span class='ocrx_word' id='word_1_655' title='bbox 3367 3899 3459 3953; x_wconf 85' lang='lat' dir='ltr'><strong>de-</strong></span> 
     </span>
    </p>
   </div>
   <div class='ocr_carea' id='block_1_84' title="bbox 1864 3990 3459 4061">
    <p class='ocr_par' dir='ltr' id='par_1_84' title="bbox 1864 3990 3459 4061">
     <span class='ocr_line' id='line_1_84' title="bbox 1864 3990 3459 4061; baseline -0.003 -13"><span class='ocrx_word' id='word_1_656' title='bbox 1864 3993 2162 4048; x_wconf 88' lang='lat' dir='ltr'><strong>dicationes</strong></span> <span class='ocrx_word' id='word_1_657' title='bbox 2191 3993 2469 4061; x_wconf 87' lang='lat' dir='ltr'><strong>geminare</strong></span> <span class='ocrx_word' id='word_1_658' title='bbox 2492 3990 2747 4055; x_wconf 87' lang='lat' dir='ltr'><strong>audeant,</strong></span> <span class='ocrx_word' id='word_1_659' title='bbox 2779 3991 2867 4059; x_wconf 91' lang='lat' dir='ltr'><strong>qui</strong></span> <span class='ocrx_word' id='word_1_660' title='bbox 2897 3990 3220 4058; x_wconf 88' lang='lat' dir='ltr'><strong>baptismata</strong></span> <span class='ocrx_word' id='word_1_661' title='bbox 3251 3991 3459 4045; x_wconf 89' lang='lat' dir='ltr'><strong>confre-</strong></span> 
     </span>
    </p>
   </div>
   <div class='ocr_carea' id='block_1_85' title="bbox 1864 4080 3456 4154">
    <p class='ocr_par' dir='ltr' id='par_1_85' title="bbox 1864 4080 3456 4154">
     <span class='ocr_line' id='line_1_85' title="bbox 1864 4080 3456 4154; baseline 0 -21"><span class='ocrx_word' id='word_1_662' title='bbox 1864 4090 2138 4154; x_wconf 86' lang='lat' dir='ltr'><strong>quentant.</strong></span> <span class='ocrx_word' id='word_1_663' title='bbox 2192 4081 2345 4148; x_wconf 91' lang='lat' dir='ltr'><strong>Quod</strong></span> <span class='ocrx_word' id='word_1_664' title='bbox 2392 4082 2533 4137; x_wconf 86' lang='lat' dir='ltr'><strong>circa</strong></span> <span class='ocrx_word' id='word_1_665' title='bbox 2587 4095 2691 4134; x_wconf 89' lang='lat' dir='ltr'><strong>non</strong></span> <span class='ocrx_word' id='word_1_666' title='bbox 2741 4080 2871 4149; x_wconf 91' lang='lat' dir='ltr'><strong>quid</strong></span> <span class='ocrx_word' id='word_1_667' title='bbox 2898 4088 3165 4143; x_wconf 88' lang='lat' dir='ltr'><strong>statuam,</strong></span> <span class='ocrx_word' id='word_1_668' title='bbox 3195 4080 3291 4135; x_wconf 89' lang='lat' dir='ltr'><strong>sed</strong></span> <span class='ocrx_word' id='word_1_669' title='bbox 3332 4081 3456 4149; x_wconf 91' lang='lat' dir='ltr'><strong>quid</strong></span> 
     </span>
    </p>
   </div>
   <div class='ocr_carea' id='block_1_86' title="bbox 1866 4171 3454 4243">
    <p class='ocr_par' dir='ltr' id='par_1_86' title="bbox 1866 4171 3454 4243">
     <span class='ocr_line' id='line_1_86' title="bbox 1866 4171 3454 4243; baseline -0.002 -14"><span class='ocrx_word' id='word_1_670' title='bbox 1866 4183 2043 4243; x_wconf 91' lang='lat' dir='ltr'><strong>optem</strong></span> <span class='ocrx_word' id='word_1_671' title='bbox 2068 4174 2303 4227; x_wconf 86' lang='lat' dir='ltr'><strong>breviter</strong></span> <span class='ocrx_word' id='word_1_672' title='bbox 2334 4172 2582 4227; x_wconf 84' lang='lat' dir='ltr'><strong>iudicavi.</strong></span> <span class='ocrx_word' id='word_1_673' title='bbox 2616 4172 2865 4226; x_wconf 74' lang='lat' dir='ltr'><strong>llzcretici</strong></span> <span class='ocrx_word' id='word_1_674' title='bbox 2896 4171 3074 4226; x_wconf 88' lang='lat' dir='ltr'><strong>cultus</strong></span> <span class='ocrx_word' id='word_1_675' title='bbox 3097 4171 3212 4225; x_wconf 92' lang='lat' dir='ltr'><strong>loca</strong></span> <span class='ocrx_word' id='word_1_676' title='bbox 3238 4172 3454 4240; x_wconf 86' lang='lat' dir='ltr'><strong>pervadi</strong></span> 
     </span>
    </p>
   </div>
   <div class='ocr_carea' id='block_1_87' title="bbox 1866 4263 3432 4333">
    <p class='ocr_par' dir='ltr' id='par_1_87' title="bbox 1866 4263 3432 4333">
     <span class='ocr_line' id='line_1_87' title="bbox 1866 4263 3432 4333; baseline -0.001 -14"><span class='ocrx_word' id='word_1_677' title='bbox 1866 4264 2087 4330; x_wconf 80' lang='lat' dir='ltr'><strong>nollem,</strong></span> <span class='ocrx_word' id='word_1_678' title='bbox 2113 4277 2362 4333; x_wconf 90' lang='lat' dir='ltr'><strong>cuperem</strong></span> <span class='ocrx_word' id='word_1_679' title='bbox 2388 4263 2719 4333; x_wconf 77' lang='lat' dir='ltr'><strong>praetermitti</strong></span> <span class='ocrx_word' id='word_1_680' title='bbox 2737 4263 2787 4316; x_wconf 89' lang='lat' dir='ltr'><strong>in</strong></span> <span class='ocrx_word' id='word_1_681' title='bbox 2812 4276 3019 4316; x_wconf 89' lang='lat' dir='ltr'><strong>morem</strong></span> <span class='ocrx_word' id='word_1_682' title='bbox 3040 4264 3432 4333; x_wconf 78' lang='lat' dir='ltr'><strong>ergastulorum</strong></span> 
     </span>
    </p>
   </div>
   <div class='ocr_carea' id='block_1_88' title="bbox 1865 4356 3457 4427">
    <p class='ocr_par' dir='ltr' id='par_1_88' title="bbox 1865 4356 3457 4427">
     <span class='ocr_line' id='line_1_88' title="bbox 1865 4356 3457 4427; baseline -0.001 -14"><span class='ocrx_word' id='word_1_683' title='bbox 1865 4356 2089 4427; x_wconf 89' lang='lat' dir='ltr'><strong>Semper</strong></span> <span class='ocrx_word' id='word_1_684' title='bbox 2116 4357 2409 4426; x_wconf 89' lang='lat' dir='ltr'><strong>optandum</strong></span> <span class='ocrx_word' id='word_1_685' title='bbox 2434 4363 2557 4423; x_wconf 91' lang='lat' dir='ltr'><strong>est,</strong></span> <span class='ocrx_word' id='word_1_686' title='bbox 2587 4370 2693 4410; x_wconf 90' lang='lat' dir='ltr'><strong>non</strong></span> <span class='ocrx_word' id='word_1_687' title='bbox 2724 4364 2783 4409; x_wconf 92' lang='lat' dir='ltr'><strong>ut</strong></span> <span class='ocrx_word' id='word_1_688' title='bbox 2810 4364 3011 4410; x_wconf 89' lang='lat' dir='ltr'><strong>mutata</strong></span> <span class='ocrx_word' id='word_1_689' title='bbox 3044 4365 3337 4423; x_wconf 89' lang='lat' dir='ltr'><strong>transeant,</strong></span> <span class='ocrx_word' id='word_1_690' title='bbox 3362 4356 3457 4412; x_wconf 85' lang='lat' dir='ltr'><strong>sed</strong></span> 
     </span>
    </p>
   </div>
   <div class='ocr_carea' id='block_1_89' title="bbox 178 4445 3457 4518">
    <p class='ocr_par' dir='ltr' id='par_1_89' title="bbox 178 4445 3457 4518">
     <span class='ocr_line' id='line_1_89' title="bbox 178 4445 3457 4518; baseline -0.001 -15"><span class='ocrx_word' id='word_1_691' title='bbox 178 4449 280 4504; x_wconf 77' lang='lat' dir='ltr'><strong>hoc</strong></span> <span class='ocrx_word' id='word_1_692' title='bbox 322 4450 527 4518; x_wconf 88' lang='lat' dir='ltr'><strong>judicio</strong></span> <span class='ocrx_word' id='word_1_693' title='bbox 559 4448 861 4504; x_wconf 82' lang='lat' dir='ltr'><strong>sincerius?</strong></span> <span class='ocrx_word' id='word_1_694' title='bbox 889 4448 1017 4517; x_wconf 92' lang='lat' dir='ltr'><strong>quid</strong></span> <span class='ocrx_word' id='word_1_695' title='bbox 1068 4449 1158 4502; x_wconf 90' lang='lat' dir='ltr'><strong>tali</strong></span> <span class='ocrx_word' id='word_1_696' title='bbox 1189 4448 1507 4503; x_wconf 89' lang='lat' dir='ltr'><strong>auctoritate</strong></span> <span class='ocrx_word' id='word_1_697' title='bbox 1536 4447 1764 4503; x_wconf 84' lang='lat' dir='ltr'><strong>manife-</strong></span> <span class='ocrx_word' id='word_1_698' title='bbox 1794 4512 1832 4518; x_wconf 87' lang='lat'><em>_</em></span> <span class='ocrx_word' id='word_1_699' title='bbox 1869 4446 2262 4518; x_wconf 85' lang='lat' dir='ltr'><strong>infrequentata</strong></span> <span class='ocrx_word' id='word_1_700' title='bbox 2288 4455 2617 4516; x_wconf 88' lang='lat' dir='ltr'><strong>torpescant.</strong></span> <span class='ocrx_word' id='word_1_701' title='bbox 2648 4445 2862 4501; x_wconf 88' lang='lat' dir='ltr'><strong>Salubri</strong></span> <span class='ocrx_word' id='word_1_702' title='bbox 2908 4447 3225 4517; x_wconf 90' lang='lat' dir='ltr'><strong>populorum</strong></span> <span class='ocrx_word' id='word_1_703' title='bbox 3268 4463 3457 4502; x_wconf 83' lang='lat' dir='ltr'><strong>corre-</strong></span> 
     </span>
    </p>
   </div>
   <div class='ocr_carea' id='block_1_90' title="bbox 175 4512 3455 4609">
    <p class='ocr_par' dir='ltr' id='par_1_90' title="bbox 175 4512 3455 4609">
     <span class='ocr_line' id='line_1_90' title="bbox 175 4512 3455 4609; baseline -0.001 -15"><span class='ocrx_word' id='word_1_704' title='bbox 175 4512 344 4595; x_wconf 56' lang='lat' dir='ltr'><strong>stiusi</strong></span> <span class='ocrx_word' id='word_1_705' title='bbox 375 4540 597 4595; x_wconf 82' lang='lat' dir='ltr'><strong>Fabrica</strong></span> <span class='ocrx_word' id='word_1_706' title='bbox 628 4554 788 4609; x_wconf 89' lang='lat' dir='ltr'><strong>quam</strong></span> <span class='ocrx_word' id='word_1_707' title='bbox 812 4512 1000 4594; x_wconf 78' lang='lat' dir='ltr'><strong>iterata</strong></span> <span class='ocrx_word' id='word_1_708' title='bbox 1015 4540 1168 4607; x_wconf 91' lang='lat' dir='ltr'><strong>cupis</strong></span> <span class='ocrx_word' id='word_1_709' title='bbox 1191 4539 1536 4594; x_wconf 89' lang='lat' dir='ltr'><strong>innovatione</strong></span> <span class='ocrx_word' id='word_1_710' title='bbox 1563 4553 1765 4608; x_wconf 83' lang='lat' dir='ltr'><strong>praesu-</strong></span> <span class='ocrx_word' id='word_1_711' title='bbox 1793 4512 1851 4573; x_wconf 16' lang='lat' dir='ltr'><strong>Di</strong></span> <span class='ocrx_word' id='word_1_712' title='bbox 1871 4512 2050 4594; x_wconf 78' lang='lat' dir='ltr'><strong>ctione</strong></span> <span class='ocrx_word' id='word_1_713' title='bbox 2077 4539 2295 4594; x_wconf 90' lang='lat' dir='ltr'><strong>defertis</strong></span> <span class='ocrx_word' id='word_1_714' title='bbox 2326 4512 2538 4593; x_wconf 81' lang='lat' dir='ltr'><strong>maneat</strong></span> <span class='ocrx_word' id='word_1_715' title='bbox 2564 4547 2764 4593; x_wconf 69' lang='lat' dir='ltr'><strong>(eterna</strong></span> <span class='ocrx_word' id='word_1_716' title='bbox 2795 4512 3029 4593; x_wconf 79' lang='lat' dir='ltr'><strong>viduitas</strong></span> <span class='ocrx_word' id='word_1_717' title='bbox 3054 4555 3067 4591; x_wconf 91' lang='lat'><strong>:</strong></span> <span class='ocrx_word' id='word_1_718' title='bbox 3098 4552 3197 4593; x_wconf 88' lang='lat' dir='ltr'><strong>nec</strong></span> <span class='ocrx_word' id='word_1_719' title='bbox 3218 4554 3455 4608; x_wconf 89' lang='lat' dir='ltr'><strong>unquam</strong></span> 
     </span>
    </p>
   </div>
   <div class='ocr_carea' id='block_1_91' title="bbox 178 4628 1763 4701">
    <p class='ocr_par' dir='ltr' id='par_1_91' title="bbox 178 4628 1763 4701">
     <span class='ocr_line' id='line_1_91' title="bbox 178 4628 1763 4701; baseline 0.002 -18"><span class='ocrx_word' id='word_1_720' title='bbox 178 4645 348 4695; x_wconf 86' lang='lat' dir='ltr'><strong>mere,</strong></span> <span class='ocrx_word' id='word_1_721' title='bbox 370 4631 414 4684; x_wconf 92' lang='lat' dir='ltr'><strong>si</strong></span> <span class='ocrx_word' id='word_1_722' title='bbox 459 4645 586 4685; x_wconf 88' lang='lat' dir='ltr'><strong>sana</strong></span> <span class='ocrx_word' id='word_1_723' title='bbox 614 4640 717 4696; x_wconf 89' lang='lat' dir='ltr'><strong>est,</strong></span> <span class='ocrx_word' id='word_1_724' title='bbox 743 4630 868 4701; x_wconf 91' lang='lat' dir='ltr'><strong>quid</strong></span> <span class='ocrx_word' id='word_1_725' title='bbox 893 4628 1137 4685; x_wconf 87' lang='lat' dir='ltr'><strong>benedici</strong></span> <span class='ocrx_word' id='word_1_726' title='bbox 1165 4629 1264 4683; x_wconf 80' lang='lat' dir='ltr'><strong>ur?</strong></span> <span class='ocrx_word' id='word_1_727' title='bbox 1289 4631 1334 4685; x_wconf 88' lang='lat' dir='ltr'><strong>si</strong></span> <span class='ocrx_word' id='word_1_728' title='bbox 1364 4630 1636 4701; x_wconf 86' lang='lat' dir='ltr'><strong>languida,</strong></span> <span class='ocrx_word' id='word_1_729' title='bbox 1666 4646 1763 4686; x_wconf 94' lang='lat' dir='ltr'><strong>cur</strong></span> 
     </span>
    </p>
   </div>
   <div class='ocr_carea' id='block_1_92' title="bbox 177 4722 1760 4792">
    <p class='ocr_par' dir='ltr' id='par_1_92' title="bbox 177 4722 1760 4792">
     <span class='ocr_line' id='line_1_92' title="bbox 177 4722 1760 4792; baseline 0.003 -17"><span class='ocrx_word' id='word_1_730' title='bbox 177 4722 441 4779; x_wconf 80' lang='lat' dir='ltr'><strong>olfertur?</strong></span> <span class='ocrx_word' id='word_1_731' title='bbox 482 4723 965 4792; x_wconf 86' lang='lat' dir='ltr'><strong>Quantumcunque</strong></span> <span class='ocrx_word' id='word_1_732' title='bbox 1001 4737 1223 4777; x_wconf 86' lang='lat' dir='ltr'><strong>munera</strong></span> <span class='ocrx_word' id='word_1_733' title='bbox 1253 4738 1284 4776; x_wconf 89' lang='lat' dir='ltr'><strong>a</strong></span> <span class='ocrx_word' id='word_1_734' title='bbox 1318 4724 1475 4779; x_wconf 89' lang='lat' dir='ltr'><strong>malis</strong></span> <span class='ocrx_word' id='word_1_735' title='bbox 1499 4724 1673 4779; x_wconf 90' lang='lat' dir='ltr'><strong>oblata</strong></span> <span class='ocrx_word' id='word_1_736' title='bbox 1706 4723 1760 4780; x_wconf 91' lang='lat' dir='ltr'><strong>in</strong></span> 
     </span>
    </p>
   </div>
   <div class='ocr_carea' id='block_1_93' title="bbox 176 4815 1760 4886">
    <p class='ocr_par' dir='ltr' id='par_1_93' title="bbox 176 4815 1760 4886">
     <span class='ocr_line' id='line_1_93' title="bbox 176 4815 1760 4886; baseline 0.001 -17"><span class='ocrx_word' id='word_1_737' title='bbox 176 4816 372 4869; x_wconf 82' lang='lat' dir='ltr'><strong>bonum</strong></span> <span class='ocrx_word' id='word_1_738' title='bbox 401 4815 618 4871; x_wconf 86' lang='lat' dir='ltr'><strong>trahere</strong></span> <span class='ocrx_word' id='word_1_739' title='bbox 646 4817 996 4883; x_wconf 89' lang='lat' dir='ltr'><strong>concupiscas</strong></span> <span class='ocrx_word' id='word_1_740' title='bbox 1015 4858 1031 4882; x_wconf 94' lang='lat'><strong>,</strong></span> <span class='ocrx_word' id='word_1_741' title='bbox 1077 4817 1227 4886; x_wconf 90' lang='lat' dir='ltr'><strong>sequi</strong></span> <span class='ocrx_word' id='word_1_742' title='bbox 1251 4824 1303 4871; x_wconf 89' lang='lat' dir='ltr'><strong>te</strong></span> <span class='ocrx_word' id='word_1_743' title='bbox 1329 4816 1395 4870; x_wconf 85' lang='lat' dir='ltr'><strong>ad</strong></span> <span class='ocrx_word' id='word_1_744' title='bbox 1424 4818 1760 4871; x_wconf 87' lang='lat' dir='ltr'><strong>sanctitatem</strong></span> 
     </span>
    </p>
   </div>
   <div class='ocr_carea' id='block_1_94' title="bbox 174 4907 1762 4978">
    <p class='ocr_par' dir='ltr' id='par_1_94' title="bbox 174 4907 1762 4978">
     <span class='ocr_line' id='line_1_94' title="bbox 174 4907 1762 4978; baseline 0.002 -18"><span class='ocrx_word' id='word_1_745' title='bbox 174 4908 362 4960; x_wconf 88' lang='lat' dir='ltr'><strong>clauda</strong></span> <span class='ocrx_word' id='word_1_746' title='bbox 391 4921 498 4961; x_wconf 89' lang='lat' dir='ltr'><strong>non</strong></span> <span class='ocrx_word' id='word_1_747' title='bbox 527 4915 800 4977; x_wconf 88' lang='lat' dir='ltr'><strong>poterunt.</strong></span> <span class='ocrx_word' id='word_1_748' title='bbox 827 4907 963 4963; x_wconf 89' lang='lat' dir='ltr'><strong>Dicit</strong></span> <span class='ocrx_word' id='word_1_749' title='bbox 988 4909 1296 4977; x_wconf 89' lang='lat' dir='ltr'><strong>Apostolus,</strong></span> <span class='ocrx_word' id='word_1_750' title='bbox 1332 4910 1633 4978; x_wconf 88' lang='lat' dir='ltr'><strong>suscepisse</strong></span> <span class='ocrx_word' id='word_1_751' title='bbox 1657 4909 1762 4963; x_wconf 88' lang='lat' dir='ltr'><strong>viro</strong></span> 
     </span>
    </p>
   </div>
   <div class='ocr_carea' id='block_1_95' title="bbox 172 4998 1763 5071">
    <p class='ocr_par' dir='ltr' id='par_1_95' title="bbox 172 4998 1763 5071">
     <span class='ocr_line' id='line_1_95' title="bbox 172 4998 1763 5071; baseline 0.002 -20"><span class='ocrx_word' id='word_1_752' title='bbox 172 5000 419 5069; x_wconf 59' lang='lat' dir='ltr'><strong>uirginem</strong></span> <span class='ocrx_word' id='word_1_753' title='bbox 458 5011 648 5052; x_wconf 84' lang='lat' dir='ltr'><strong>castam</strong></span> <span class='ocrx_word' id='word_1_754' title='bbox 688 4999 923 5053; x_wconf 75' lang='lat' dir='ltr'><strong>exhibere</strong></span> <span class='ocrx_word' id='word_1_755' title='bbox 968 4999 1169 5053; x_wconf 83' lang='lat' dir='ltr'><strong>Christo</strong></span> <span class='ocrx_word' id='word_1_756' title='bbox 1215 4998 1296 5070; x_wconf 84' lang='lat' dir='ltr'><strong>(Il</strong></span> <span class='ocrx_word' id='word_1_757' title='bbox 1344 4998 1463 5054; x_wconf 90' lang='lat' dir='ltr'><strong>Cor.</strong></span> <span class='ocrx_word' id='word_1_758' title='bbox 1497 5016 1571 5065; x_wconf 72' lang='lat' dir='ltr'><strong>st,</strong></span> <span class='ocrx_word' id='word_1_759' title='bbox 1597 4999 1677 5071; x_wconf 72' lang='grc' dir='ltr'><strong>Ξ),</strong></span> <span class='ocrx_word' id='word_1_760' title='bbox 1710 5000 1763 5054; x_wconf 89' lang='lat' dir='ltr'><strong>id</strong></span> 
     </span>
    </p>
   </div>
   <div class='ocr_carea' id='block_1_96' title="bbox 170 5092 1761 5163">
    <p class='ocr_par' dir='ltr' id='par_1_96' title="bbox 170 5092 1761 5163">
     <span class='ocr_line' id='line_1_96' title="bbox 170 5092 1761 5163; baseline 0.001 -17"><span class='ocrx_word' id='word_1_761' title='bbox 170 5102 258 5146; x_wconf 90' lang='lat' dir='ltr'><strong>est</strong></span> <span class='ocrx_word' id='word_1_762' title='bbox 289 5092 610 5147; x_wconf 84' lang='lat' dir='ltr'><strong>Ecclesiam.</strong></span> <span class='ocrx_word' id='word_1_763' title='bbox 637 5092 874 5147; x_wconf 85' lang='lat' dir='ltr'><strong>Ecclesia</strong></span> <span class='ocrx_word' id='word_1_764' title='bbox 907 5108 1065 5163; x_wconf 89' lang='lat' dir='ltr'><strong>porro</strong></span> <span class='ocrx_word' id='word_1_765' title='bbox 1086 5110 1204 5163; x_wconf 76' lang='lat' dir='ltr'><strong>qua:</strong></span> <span class='ocrx_word' id='word_1_766' title='bbox 1230 5094 1611 5148; x_wconf 64' lang='lat' dir='ltr'><strong>haereticorum</strong></span> <span class='ocrx_word' id='word_1_767' title='bbox 1643 5094 1761 5159; x_wconf 86' lang='lat' dir='ltr'><strong>luit,</strong></span> 
     </span>
    </p>
   </div>
   <div class='ocr_carea' id='block_1_97' title="bbox 168 5184 1765 5257">
    <p class='ocr_par' dir='ltr' id='par_1_97' title="bbox 168 5184 1765 5257">
     <span class='ocr_line' id='line_1_97' title="bbox 168 5184 1765 5257; baseline 0.003 -20"><span class='ocrx_word' id='word_1_768' title='bbox 168 5184 272 5239; x_wconf 85' lang='lat' dir='ltr'><strong>etsi</strong></span> <span class='ocrx_word' id='word_1_769' title='bbox 304 5184 432 5239; x_wconf 89' lang='lat' dir='ltr'><strong>licet</strong></span> <span class='ocrx_word' id='word_1_770' title='bbox 483 5185 698 5241; x_wconf 87' lang='lat' dir='ltr'><strong>meliori</strong></span> <span class='ocrx_word' id='word_1_771' title='bbox 744 5186 982 5250; x_wconf 90' lang='lat' dir='ltr'><strong>nubere,</strong></span> <span class='ocrx_word' id='word_1_772' title='bbox 1017 5202 1122 5240; x_wconf 92' lang='lat' dir='ltr'><strong>non</strong></span> <span class='ocrx_word' id='word_1_773' title='bbox 1154 5194 1272 5241; x_wconf 89' lang='lat' dir='ltr'><strong>erat</strong></span> <span class='ocrx_word' id='word_1_774' title='bbox 1307 5186 1474 5256; x_wconf 84' lang='lat' dir='ltr'><strong>virgo.</strong></span> <span class='ocrx_word' id='word_1_775' title='bbox 1500 5184 1607 5241; x_wconf 90' lang='lat' dir='ltr'><strong>Cnr</strong></span> <span class='ocrx_word' id='word_1_776' title='bbox 1636 5202 1765 5257; x_wconf 86' lang='lat' dir='ltr'><strong>ergo</strong></span> 
     </span>
    </p>
   </div>
   <div class='ocr_carea' id='block_1_98' title="bbox 167 5277 1766 5348">
    <p class='ocr_par' dir='ltr' id='par_1_98' title="bbox 167 5277 1766 5348">
     <span class='ocr_line' id='line_1_98' title="bbox 167 5277 1766 5348; baseline 0.004 -22"><span class='ocrx_word' id='word_1_777' title='bbox 167 5286 393 5344; x_wconf 80' lang='lat' dir='ltr'><strong>appetat</strong></span> <span class='ocrx_word' id='word_1_778' title='bbox 412 5277 669 5333; x_wconf 83' lang='lat' dir='ltr'><strong>sacerdos</strong></span> <span class='ocrx_word' id='word_1_779' title='bbox 701 5277 960 5340; x_wconf 75' lang='lat' dir='ltr'><strong>illicitum,</strong></span> <span class='ocrx_word' id='word_1_780' title='bbox 980 5278 1069 5348; x_wconf 91' lang='lat' dir='ltr'><strong>qui</strong></span> <span class='ocrx_word' id='word_1_781' title='bbox 1090 5293 1309 5347; x_wconf 88' lang='lat' dir='ltr'><strong>prorsus</strong></span> <span class='ocrx_word' id='word_1_782' title='bbox 1337 5293 1365 5332; x_wconf 90' lang='lat' dir='ltr'><strong>a</strong></span> <span class='ocrx_word' id='word_1_783' title='bbox 1396 5285 1645 5333; x_wconf 86' lang='lat' dir='ltr'><strong>contactu</strong></span> <span class='ocrx_word' id='word_1_784' title='bbox 1675 5293 1766 5332; x_wconf 87' lang='lat' dir='ltr'><strong>re-</strong></span> 
     </span>
    </p>
   </div>
   <div class='ocr_carea' id='block_1_99' title="bbox 167 5368 1761 5439">
    <p class='ocr_par' dir='ltr' id='par_1_99' title="bbox 167 5368 1761 5439">
     <span class='ocr_line' id='line_1_99' title="bbox 167 5368 1761 5439; baseline 0.001 -18"><span class='ocrx_word' id='word_1_785' title='bbox 167 5368 409 5437; x_wconf 64' lang='lat' dir='ltr'><strong>pudiata:</strong></span> <span class='ocrx_word' id='word_1_786' title='bbox 454 5383 517 5423; x_wconf 90' lang='lat' dir='ltr'><strong>ac</strong></span> <span class='ocrx_word' id='word_1_787' title='bbox 563 5369 733 5424; x_wconf 62' lang='lat' dir='ltr'><strong>viduae</strong></span> <span class='ocrx_word' id='word_1_788' title='bbox 762 5370 1112 5439; x_wconf 85' lang='lat' dir='ltr'><strong>prohibetur?</strong></span> <span class='ocrx_word' id='word_1_789' title='bbox 1164 5369 1290 5424; x_wconf 82' lang='lat' dir='ltr'><strong>Post</strong></span> <span class='ocrx_word' id='word_1_790' title='bbox 1329 5370 1519 5424; x_wconf 89' lang='lat' dir='ltr'><strong>incesti</strong></span> <span class='ocrx_word' id='word_1_791' title='bbox 1567 5383 1761 5425; x_wconf 91' lang='lat' dir='ltr'><strong>nexum</strong></span> 
     </span>
    </p>
   </div>
   <div class='ocr_carea' id='block_1_100' title="bbox 166 5459 1761 5529">
    <p class='ocr_par' dir='ltr' id='par_1_100' title="bbox 166 5459 1761 5529">
     <span class='ocr_line' id='line_1_100' title="bbox 166 5459 1761 5529; baseline -0.001 -16"><span class='ocrx_word' id='word_1_792' title='bbox 166 5471 293 5513; x_wconf 80' lang='lat' dir='ltr'><strong>sera</strong></span> <span class='ocrx_word' id='word_1_793' title='bbox 322 5459 631 5529; x_wconf 88' lang='lat' dir='ltr'><strong>conjunctio</strong></span> <span class='ocrx_word' id='word_1_794' title='bbox 659 5471 763 5517; x_wconf 70' lang='grc' dir='ltr'><strong>εει.</strong></span> <span class='ocrx_word' id='word_1_795' title='bbox 799 5460 899 5525; x_wconf 84' lang='lat' dir='ltr'><strong>Qui</strong></span> <span class='ocrx_word' id='word_1_796' title='bbox 938 5461 1184 5523; x_wconf 86' lang='lat' dir='ltr'><strong>sociatur,</strong></span> <span class='ocrx_word' id='word_1_797' title='bbox 1224 5459 1428 5529; x_wconf 91' lang='lat' dir='ltr'><strong>inquit,</strong></span> <span class='ocrx_word' id='word_1_798' title='bbox 1470 5460 1761 5525; x_wconf 85' lang='lat' dir='ltr'><strong>meretrici,</strong></span> 
     </span>
    </p>
   </div>
   <div class='ocr_carea' id='block_1_101' title="bbox 165 5550 1765 5619">
    <p class='ocr_par' dir='ltr' id='par_1_101' title="bbox 165 5550 1765 5619">
     <span class='ocr_line' id='line_1_101' title="bbox 165 5550 1765 5619; baseline 0.003 -20"><span class='ocrx_word' id='word_1_799' title='bbox 165 5564 336 5600; x_wconf 83' lang='lat' dir='ltr'><strong>unum</strong></span> <span class='ocrx_word' id='word_1_800' title='bbox 365 5564 555 5618; x_wconf 84' lang='lat' dir='ltr'><strong>corpus</strong></span> <span class='ocrx_word' id='word_1_801' title='bbox 581 5550 792 5619; x_wconf 73' lang='lat' dir='ltr'><strong>eﬂicitur</strong></span> <span class='ocrx_word' id='word_1_802' title='bbox 823 5565 841 5604; x_wconf 85' lang='lat'><strong>.&#39;</strong></span> <span class='ocrx_word' id='word_1_803' title='bbox 870 5566 961 5603; x_wconf 88' lang='lat' dir='ltr'><strong>nec</strong></span> <span class='ocrx_word' id='word_1_804' title='bbox 1000 5550 1178 5603; x_wconf 89' lang='lat' dir='ltr'><strong>tollam</strong></span> <span class='ocrx_word' id='word_1_805' title='bbox 1205 5551 1427 5604; x_wconf 87' lang='lat' dir='ltr'><strong>membra</strong></span> <span class='ocrx_word' id='word_1_806' title='bbox 1458 5551 1650 5605; x_wconf 82' lang='lat' dir='ltr'><strong>Christi</strong></span> <span class='ocrx_word' id='word_1_807' title='bbox 1673 5592 1688 5617; x_wconf 95' lang='lat'><strong>,</strong></span> <span class='ocrx_word' id='word_1_808' title='bbox 1719 5560 1765 5604; x_wconf 86' lang='lat' dir='ltr'><strong>et</strong></span> 
     </span>
    </p>
   </div>
   <div class='ocr_carea' id='block_1_102' title="bbox 164 5638 1764 5713">
    <p class='ocr_par' dir='ltr' id='par_1_102' title="bbox 164 5638 1764 5713">
     <span class='ocr_line' id='line_1_102' title="bbox 164 5638 1764 5713; baseline 0.005 -24"><span class='ocrx_word' id='word_1_809' title='bbox 164 5638 367 5707; x_wconf 71' lang='lat' dir='ltr'><strong>faciam</strong></span> <span class='ocrx_word' id='word_1_810' title='bbox 394 5640 617 5693; x_wconf 87' lang='lat' dir='ltr'><strong>membra</strong></span> <span class='ocrx_word' id='word_1_811' title='bbox 640 5641 915 5695; x_wconf 85' lang='lat' dir='ltr'><strong>meretricis</strong></span> <span class='ocrx_word' id='word_1_812' title='bbox 941 5641 989 5713; x_wconf 90' lang='grc'><strong>(1</strong></span> <span class='ocrx_word' id='word_1_813' title='bbox 1018 5642 1139 5698; x_wconf 83' lang='lat' dir='ltr'><strong>Cor.</strong></span> <span class='ocrx_word' id='word_1_814' title='bbox 1165 5658 1235 5708; x_wconf 77' lang='lat' dir='ltr'><strong>VI,</strong></span> <span class='ocrx_word' id='word_1_815' title='bbox 1267 5641 1380 5713; x_wconf 72' lang='lat' dir='ltr'><strong>iii).</strong></span> <span class='ocrx_word' id='word_1_816' title='bbox 1412 5643 1543 5699; x_wconf 85' lang='lat' dir='ltr'><strong>Vide</strong></span> <span class='ocrx_word' id='word_1_817' title='bbox 1572 5642 1617 5697; x_wconf 87' lang='lat' dir='ltr'><strong>si</strong></span> <span class='ocrx_word' id='word_1_818' title='bbox 1644 5659 1764 5711; x_wconf 82' lang='lat' dir='ltr'><strong>pos-</strong></span> 
     </span>
    </p>
   </div>
   <div class='ocr_carea' id='block_1_103' title="bbox 164 5726 1761 5804">
    <p class='ocr_par' dir='ltr' id='par_1_103' title="bbox 164 5726 1761 5804">
     <span class='ocr_line' id='line_1_103' title="bbox 164 5726 1761 5804; baseline -0.006 -8"><span class='ocrx_word' id='word_1_819' title='bbox 164 5726 236 5782; x_wconf 63' lang='grc' dir='ltr'><strong>ιῖῑ</strong></span> <span class='ocrx_word' id='word_1_820' title='bbox 252 5729 461 5795; x_wconf 75' lang='lat' dir='ltr'><strong>iunctis</strong></span> <span class='ocrx_word' id='word_1_821' title='bbox 482 5729 585 5787; x_wconf 83' lang='lat' dir='ltr'><strong>sibi</strong></span> <span class='ocrx_word' id='word_1_822' title='bbox 608 5728 806 5788; x_wconf 87' lang='lat' dir='ltr'><strong>Christi</strong></span> <span class='ocrx_word' id='word_1_823' title='bbox 834 5732 1089 5791; x_wconf 84' lang='lat' dir='ltr'><strong>membris</strong></span> <span class='ocrx_word' id='word_1_824' title='bbox 1104 5735 1359 5792; x_wconf 82' lang='lat' dir='ltr'><strong>meretrix</strong></span> <span class='ocrx_word' id='word_1_825' title='bbox 1386 5733 1761 5804; x_wconf 83' lang='lat' dir='ltr'><strong>redintegrari,</strong></span> 
     </span>
    </p>
   </div>
   <div class='ocr_carea' id='block_1_104' title="bbox 1869 4630 3455 4701">
    <p class='ocr_par' dir='ltr' id='par_1_104' title="bbox 1869 4630 3455 4701">
     <span class='ocr_line' id='line_1_104' title="bbox 1869 4630 3455 4701; baseline -0.001 -15"><span class='ocrx_word' id='word_1_826' title='bbox 1869 4633 2159 4701; x_wconf 88' lang='lat' dir='ltr'><strong>recipiatur</strong></span> <span class='ocrx_word' id='word_1_827' title='bbox 2185 4646 2212 4684; x_wconf 89' lang='lat' dir='ltr'><strong>a</strong></span> <span class='ocrx_word' id='word_1_828' title='bbox 2246 4631 2464 4698; x_wconf 90' lang='lat' dir='ltr'><strong>nostris,</strong></span> <span class='ocrx_word' id='word_1_829' title='bbox 2517 4630 2659 4700; x_wconf 90' lang='lat' dir='ltr'><strong>quod</strong></span> <span class='ocrx_word' id='word_1_830' title='bbox 2688 4630 3058 4686; x_wconf 91' lang='lat' dir='ltr'><strong>conversionis</strong></span> <span class='ocrx_word' id='word_1_831' title='bbox 3087 4631 3267 4685; x_wconf 89' lang='lat' dir='ltr'><strong>studio</strong></span> <span class='ocrx_word' id='word_1_832' title='bbox 3294 4646 3455 4700; x_wconf 87' lang='lat' dir='ltr'><strong>repu-</strong></span> 
     </span>
    </p>
   </div>
   <div class='ocr_carea' id='block_1_105' title="bbox 1869 4724 3457 4796">
    <p class='ocr_par' dir='ltr' id='par_1_105' title="bbox 1869 4724 3457 4796">
     <span class='ocr_line' id='line_1_105' title="bbox 1869 4724 3457 4796; baseline 0.001 -17"><span class='ocrx_word' id='word_1_833' title='bbox 1869 4725 2045 4780; x_wconf 90' lang='lat' dir='ltr'><strong>diatur</strong></span> <span class='ocrx_word' id='word_1_834' title='bbox 2073 4742 2100 4779; x_wconf 94' lang='lat' dir='ltr'><strong>a</strong></span> <span class='ocrx_word' id='word_1_835' title='bbox 2141 4725 2396 4795; x_wconf 82' lang='lat' dir='ltr'><strong>propriis.</strong></span> <span class='ocrx_word' id='word_1_836' title='bbox 2444 4724 2520 4779; x_wconf 90' lang='lat' dir='ltr'><strong>De</strong></span> <span class='ocrx_word' id='word_1_837' title='bbox 2566 4724 2880 4780; x_wconf 86' lang='lat' dir='ltr'><strong>ministeriis</strong></span> <span class='ocrx_word' id='word_1_838' title='bbox 2925 4725 3297 4781; x_wconf 78' lang='lat' dir='ltr'><strong>haereticorum</strong></span> <span class='ocrx_word' id='word_1_839' title='bbox 3337 4741 3457 4796; x_wconf 72' lang='lat' dir='ltr'><strong>qua:</strong></span> 
     </span>
    </p>
   </div>
   <div class='ocr_carea' id='block_1_106' title="bbox 1871 4814 3457 4887">
    <p class='ocr_par' dir='ltr' id='par_1_106' title="bbox 1871 4814 3457 4887">
     <span class='ocr_line' id='line_1_106' title="bbox 1871 4814 3457 4887; baseline 0.001 -16"><span class='ocrx_word' id='word_1_840' title='bbox 1871 4816 1979 4871; x_wconf 90' lang='lat' dir='ltr'><strong>illis</strong></span> <span class='ocrx_word' id='word_1_841' title='bbox 2001 4831 2173 4879; x_wconf 91' lang='lat' dir='ltr'><strong>sacra,</strong></span> <span class='ocrx_word' id='word_1_842' title='bbox 2201 4816 2355 4871; x_wconf 87' lang='lat' dir='ltr'><strong>nobis</strong></span> <span class='ocrx_word' id='word_1_843' title='bbox 2377 4815 2727 4871; x_wconf 84' lang='lat' dir='ltr'><strong>exsccrabilia</strong></span> <span class='ocrx_word' id='word_1_844' title='bbox 2756 4814 3083 4884; x_wconf 70' lang='lat' dir='ltr'><strong>judicantur,</strong></span> <span class='ocrx_word' id='word_1_845' title='bbox 3114 4817 3164 4870; x_wconf 90' lang='lat' dir='ltr'><strong>id</strong></span> <span class='ocrx_word' id='word_1_846' title='bbox 3194 4825 3275 4872; x_wconf 90' lang='lat' dir='ltr'><strong>est</strong></span> <span class='ocrx_word' id='word_1_847' title='bbox 3301 4828 3457 4887; x_wconf 82' lang='lat' dir='ltr'><strong>pate-</strong></span> 
     </span>
    </p>
   </div>
   <div class='ocr_carea' id='block_1_107' title="bbox 1871 4908 3458 4979">
    <p class='ocr_par' dir='ltr' id='par_1_107' title="bbox 1871 4908 3458 4979">
     <span class='ocr_line' id='line_1_107' title="bbox 1871 4908 3458 4979; baseline 0.001 -17"><span class='ocrx_word' id='word_1_848' title='bbox 1871 4909 1954 4963; x_wconf 89' lang='lat' dir='ltr'><strong>nis</strong></span> <span class='ocrx_word' id='word_1_849' title='bbox 1982 4911 2283 4979; x_wconf 88' lang='lat' dir='ltr'><strong>paterisque</strong></span> <span class='ocrx_word' id='word_1_850' title='bbox 2300 4949 2315 4974; x_wconf 97' lang='lat'><strong>,</strong></span> <span class='ocrx_word' id='word_1_851' title='bbox 2344 4911 2464 4978; x_wconf 82' lang='lat' dir='ltr'><strong>quia</strong></span> <span class='ocrx_word' id='word_1_852' title='bbox 2487 4908 2611 4978; x_wconf 90' lang='lat' dir='ltr'><strong>quid</strong></span> <span class='ocrx_word' id='word_1_853' title='bbox 2642 4923 2892 4964; x_wconf 90' lang='lat' dir='ltr'><strong>censeam</strong></span> <span class='ocrx_word' id='word_1_854' title='bbox 2918 4909 3137 4976; x_wconf 89' lang='lat' dir='ltr'><strong>perinde</strong></span> <span class='ocrx_word' id='word_1_855' title='bbox 3162 4910 3458 4964; x_wconf 85' lang='lat' dir='ltr'><strong>rescribere</strong></span> 
     </span>
    </p>
   </div>
   <div class='ocr_carea' id='block_1_108' title="bbox 1871 4999 3454 5070">
    <p class='ocr_par' dir='ltr' id='par_1_108' title="bbox 1871 4999 3454 5070">
     <span class='ocr_line' id='line_1_108' title="bbox 1871 4999 3454 5070; baseline -0.003 -15"><span class='ocrx_word' id='word_1_856' title='bbox 1871 5016 1955 5056; x_wconf 91' lang='lat' dir='ltr'><strong>me</strong></span> <span class='ocrx_word' id='word_1_857' title='bbox 1980 5002 2185 5070; x_wconf 86' lang='lat' dir='ltr'><strong>jussisti</strong></span> <span class='ocrx_word' id='word_1_858' title='bbox 2207 5040 2223 5067; x_wconf 97' lang='lat'><strong>,</strong></span> <span class='ocrx_word' id='word_1_859' title='bbox 2256 4999 2448 5053; x_wconf 70' lang='lat' dir='ltr'><strong>valida:</strong></span> <span class='ocrx_word' id='word_1_860' title='bbox 2478 4999 2694 5068; x_wconf 90' lang='lat' dir='ltr'><strong>quidem</strong></span> <span class='ocrx_word' id='word_1_861' title='bbox 2725 4999 3119 5053; x_wconf 78' lang='lat' dir='ltr'><strong>observationis</strong></span> <span class='ocrx_word' id='word_1_862' title='bbox 3147 5000 3454 5067; x_wconf 85' lang='lat' dir='ltr'><strong>exemplum</strong></span> 
     </span>
    </p>
   </div>
   <div class='ocr_carea' id='block_1_109' title="bbox 1868 5088 3459 5162">
    <p class='ocr_par' dir='ltr' id='par_1_109' title="bbox 1868 5088 3459 5162">
     <span class='ocr_line' id='line_1_109' title="bbox 1868 5088 3459 5162; baseline -0.008 -15"><span class='ocrx_word' id='word_1_863' title='bbox 1868 5101 1969 5159; x_wconf 85' lang='lat' dir='ltr'><strong>est,</strong></span> <span class='ocrx_word' id='word_1_864' title='bbox 1996 5093 2134 5162; x_wconf 92' lang='lat' dir='ltr'><strong>quod</strong></span> <span class='ocrx_word' id='word_1_865' title='bbox 2152 5092 2346 5161; x_wconf 56' lang='lat' dir='ltr'><strong>legitur</strong></span> <span class='ocrx_word' id='word_1_866' title='bbox 2370 5091 2421 5144; x_wconf 95' lang='lat' dir='ltr'><strong>in</strong></span> <span class='ocrx_word' id='word_1_867' title='bbox 2448 5088 2999 5159; x_wconf 57' lang='lat' dir='ltr'><strong>lleptatychotNum.</strong></span> <span class='ocrx_word' id='word_1_868' title='bbox 3034 5088 3167 5160; x_wconf 82' lang='lat' dir='ltr'><strong>xvr),</strong></span> <span class='ocrx_word' id='word_1_869' title='bbox 3191 5090 3258 5143; x_wconf 92' lang='lat' dir='ltr'><strong>de</strong></span> <span class='ocrx_word' id='word_1_870' title='bbox 3279 5089 3459 5145; x_wconf 67' lang='lat' dir='ltr'><strong>thuri—</strong></span> 
     </span>
    </p>
   </div>
   <div class='ocr_carea' id='block_1_110' title="bbox 1870 5180 3456 5253">
    <p class='ocr_par' dir='ltr' id='par_1_110' title="bbox 1870 5180 3456 5253">
     <span class='ocr_line' id='line_1_110' title="bbox 1870 5180 3456 5253; baseline -0.003 -15"><span class='ocrx_word' id='word_1_871' title='bbox 1870 5184 2006 5238; x_wconf 88' lang='lat' dir='ltr'><strong>bulis</strong></span> <span class='ocrx_word' id='word_1_872' title='bbox 2032 5193 2373 5253; x_wconf 70' lang='lat' dir='ltr'><strong>peceatorum</strong></span> <span class='ocrx_word' id='word_1_873' title='bbox 2402 5226 2417 5250; x_wconf 90' lang='lat'><strong>,</strong></span> <span class='ocrx_word' id='word_1_874' title='bbox 2448 5180 2537 5251; x_wconf 90' lang='lat' dir='ltr'><strong>qui</strong></span> <span class='ocrx_word' id='word_1_875' title='bbox 2568 5183 2742 5250; x_wconf 80' lang='lat' dir='ltr'><strong>ignem</strong></span> <span class='ocrx_word' id='word_1_876' title='bbox 2774 5181 3017 5235; x_wconf 88' lang='lat' dir='ltr'><strong>illicitum</strong></span> <span class='ocrx_word' id='word_1_877' title='bbox 3051 5190 3456 5248; x_wconf 72' lang='lat' dir='ltr'><strong>praesumentes,</strong></span> 
     </span>
    </p>
   </div>
   <div class='ocr_carea' id='block_1_111' title="bbox 1870 5273 3457 5344">
    <p class='ocr_par' dir='ltr' id='par_1_111' title="bbox 1870 5273 3457 5344">
     <span class='ocr_line' id='line_1_111' title="bbox 1870 5273 3457 5344; baseline -0.005 -13"><span class='ocrx_word' id='word_1_878' title='bbox 1870 5276 2119 5331; x_wconf 91' lang='lat' dir='ltr'><strong>incendio</strong></span> <span class='ocrx_word' id='word_1_879' title='bbox 2142 5274 2451 5344; x_wconf 86' lang='lat' dir='ltr'><strong>temporalis</strong></span> <span class='ocrx_word' id='word_1_880' title='bbox 2480 5274 2742 5343; x_wconf 81' lang='lat' dir='ltr'><strong>gehennae</strong></span> <span class='ocrx_word' id='word_1_881' title='bbox 2768 5282 3025 5328; x_wconf 81' lang='lat' dir='ltr'><strong>aeternam</strong></span> <span class='ocrx_word' id='word_1_882' title='bbox 3052 5273 3298 5339; x_wconf 85' lang='lat' dir='ltr'><strong>signante</strong></span> <span class='ocrx_word' id='word_1_883' title='bbox 3321 5285 3457 5325; x_wconf 91' lang='lat' dir='ltr'><strong>con-</strong></span> 
     </span>
    </p>
   </div>
   <div class='ocr_carea' id='block_1_112' title="bbox 1869 5363 3457 5436">
    <p class='ocr_par' dir='ltr' id='par_1_112' title="bbox 1869 5363 3457 5436">
     <span class='ocr_line' id='line_1_112' title="bbox 1869 5363 3457 5436; baseline -0.003 -18"><span class='ocrx_word' id='word_1_884' title='bbox 1869 5369 2063 5436; x_wconf 87' lang='lat' dir='ltr'><strong>sumpti</strong></span> <span class='ocrx_word' id='word_1_885' title='bbox 2088 5377 2233 5421; x_wconf 87' lang='lat' dir='ltr'><strong>snnt.</strong></span> <span class='ocrx_word' id='word_1_886' title='bbox 2267 5365 2527 5421; x_wconf 84' lang='lat' dir='ltr'><strong>lacebant</strong></span> <span class='ocrx_word' id='word_1_887' title='bbox 2558 5378 2787 5433; x_wconf 90' lang='lat' dir='ltr'><strong>namque</strong></span> <span class='ocrx_word' id='word_1_888' title='bbox 2817 5363 2985 5417; x_wconf 89' lang='lat' dir='ltr'><strong>cineri</strong></span> <span class='ocrx_word' id='word_1_889' title='bbox 3019 5364 3311 5431; x_wconf 88' lang='lat' dir='ltr'><strong>prunisque</strong></span> <span class='ocrx_word' id='word_1_890' title='bbox 3337 5376 3457 5428; x_wconf 90' lang='lat' dir='ltr'><strong>pcr-</strong></span> 
     </span>
    </p>
   </div>
   <div class='ocr_carea' id='block_1_113' title="bbox 1873 5450 3457 5527">
    <p class='ocr_par' dir='ltr' id='par_1_113' title="bbox 1873 5450 3457 5527">
     <span class='ocr_line' id='line_1_113' title="bbox 1873 5450 3457 5527; baseline -0.006 -13"><span class='ocrx_word' id='word_1_891' title='bbox 1873 5462 2039 5515; x_wconf 87' lang='lat' dir='ltr'><strong>mixta</strong></span> <span class='ocrx_word' id='word_1_892' title='bbox 2060 5502 2075 5527; x_wconf 95' lang='lat'><strong>,</strong></span> <span class='ocrx_word' id='word_1_893' title='bbox 2104 5459 2170 5513; x_wconf 89' lang='lat' dir='ltr'><strong>ad</strong></span> <span class='ocrx_word' id='word_1_894' title='bbox 2214 5466 2547 5513; x_wconf 92' lang='lat' dir='ltr'><strong>mortuorum</strong></span> <span class='ocrx_word' id='word_1_895' title='bbox 2578 5455 2836 5526; x_wconf 90' lang='lat' dir='ltr'><strong>judicium</strong></span> <span class='ocrx_word' id='word_1_896' title='bbox 2879 5463 3247 5524; x_wconf 86' lang='lat' dir='ltr'><strong>terroremque</strong></span> <span class='ocrx_word' id='word_1_897' title='bbox 3276 5450 3457 5505; x_wconf 62' lang='lat' dir='ltr'><strong>Viti.)-</strong></span> 
     </span>
    </p>
   </div>
   <div class='ocr_carea' id='block_1_114' title="bbox 1873 5546 3457 5618">
    <p class='ocr_par' dir='ltr' id='par_1_114' title="bbox 1873 5546 3457 5618">
     <span class='ocr_line' id='line_1_114' title="bbox 1873 5546 3457 5618; baseline -0.008 -12"><span class='ocrx_word' id='word_1_898' title='bbox 1873 5553 2027 5615; x_wconf 91' lang='lat' dir='ltr'><strong>tium,</strong></span> <span class='ocrx_word' id='word_1_899' title='bbox 2055 5566 2178 5605; x_wconf 86' lang='lat' dir='ltr'><strong>vasa</strong></span> <span class='ocrx_word' id='word_1_900' title='bbox 2206 5566 2324 5618; x_wconf 69' lang='lat' dir='ltr'><strong>qua:</strong></span> <span class='ocrx_word' id='word_1_901' title='bbox 2350 5549 2603 5611; x_wconf 75' lang='lat' dir='ltr'><strong>diximus,</strong></span> <span class='ocrx_word' id='word_1_902' title='bbox 2637 5557 2693 5602; x_wconf 90' lang='lat' dir='ltr'><strong>et</strong></span> <span class='ocrx_word' id='word_1_903' title='bbox 2730 5547 2985 5602; x_wconf 90' lang='lat' dir='ltr'><strong>odoribus</strong></span> <span class='ocrx_word' id='word_1_904' title='bbox 3016 5546 3190 5601; x_wconf 89' lang='lat' dir='ltr'><strong>thuris</strong></span> <span class='ocrx_word' id='word_1_905' title='bbox 3218 5551 3457 5607; x_wconf 85' lang='lat' dir='ltr'><strong>assueta,</strong></span> 
     </span>
    </p>
   </div>
   <div class='ocr_carea' id='block_1_115' title="bbox 1873 5632 3462 5708">
    <p class='ocr_par' dir='ltr' id='par_1_115' title="bbox 1873 5632 3462 5708">
     <span class='ocr_line' id='line_1_115' title="bbox 1873 5632 3462 5708; baseline -0.006 -11"><span class='ocrx_word' id='word_1_906' title='bbox 1873 5642 2289 5697; x_wconf 86' lang='lat' dir='ltr'><strong>abominabilem</strong></span> <span class='ocrx_word' id='word_1_907' title='bbox 2347 5639 2744 5696; x_wconf 90' lang='lat' dir='ltr'><strong>immunditiam</strong></span> <span class='ocrx_word' id='word_1_908' title='bbox 2803 5638 3044 5708; x_wconf 90' lang='lat' dir='ltr'><strong>perversi</strong></span> <span class='ocrx_word' id='word_1_909' title='bbox 3107 5648 3235 5689; x_wconf 87' lang='lat' dir='ltr'><strong>usus</strong></span> <span class='ocrx_word' id='word_1_910' title='bbox 3288 5632 3462 5687; x_wconf 77' lang='lat' dir='ltr'><strong>fetore</strong></span> 
     </span>
    </p>
   </div>
   <div class='ocr_carea' id='block_1_116' title="bbox 1878 5727 3463 5803">
    <p class='ocr_par' dir='ltr' id='par_1_116' title="bbox 1878 5727 3463 5803">
     <span class='ocr_line' id='line_1_116' title="bbox 1878 5727 3463 5803; baseline -0.008 -14"><span class='ocrx_word' id='word_1_911' title='bbox 1878 5742 2277 5791; x_wconf 78' lang='lat' dir='ltr'><strong>contraxerant.</strong></span> <span class='ocrx_word' id='word_1_912' title='bbox 2311 5732 2461 5789; x_wconf 86' lang='lat' dir='ltr'><strong>&#39;l‘unc</strong></span> <span class='ocrx_word' id='word_1_913' title='bbox 2490 5732 2611 5788; x_wconf 91' lang='lat' dir='ltr'><strong>duci</strong></span> <span class='ocrx_word' id='word_1_914' title='bbox 2649 5732 2868 5803; x_wconf 82' lang='lat' dir='ltr'><strong>legifero</strong></span> <span class='ocrx_word' id='word_1_915' title='bbox 2893 5727 3191 5783; x_wconf 80' lang='lat' dir='ltr'><strong>cmsuleuti</strong></span> <span class='ocrx_word' id='word_1_916' title='bbox 3221 5738 3463 5794; x_wconf 72' lang='lat' dir='ltr'><strong>prmcep-</strong></span> 
     </span>
    </p>
   </div>
  </div>
