4024 6172
583 280 687 331 2Ξ7

1839 269 1895 322 S.
1938 266 2116 322 AV’ITI
2161 264 2554 321 VlENNENSlS

3759 263 3865 315 228

587 404 696 446 tum
723 396 804 442 est
823 400 1070 441 sermone
1099 384 1302 454 divino,
1324 395 1385 440 ut
1410 385 1525 439 haac
1557 383 1727 439 infusa
1758 381 2085 444 fornacibus,
2110 389 2164 434 et
2193 384 2240 442 Α
2271 381 2471 435 aditum
2529 378 2812 449 dupliciter
2862 388 3043 433 Sancta
3096 379 3498 448 opportunitate
3552 380 3864 448 prospexit.

583 482 814 534 distenta
859 492 956 545 per
996 477 1254 539 laminas,
1295 491 1450 532 sacro
1492 474 1647 529 altari
1689 475 1950 543 altigeret.
1997 472 2159 527 Vides

582 584 740 639 ergo,
774 566 913 637 quod
960 568 1066 622 illic
1094 569 1293 638 pariter
1321 567 1627 629 erudimur,
1661 580 1813 618 usum
1856 562 2161 618 exsecrabi-

585 667 688 721 lem
732 664 1064 719 metallorum
1090 703 1104 727 ,
1128 663 1192 715 ad
1223 662 1418 717 bonum
1439 701 1455 726 ,
1487 660 1530 715 si
1574 660 1785 729 ignibus
1808 665 2023 722 careat,
2055 670 2157 709 non

586 770 744 825 posse
772 753 1065 809 transferri.
1093 754 1241 807 Adeo
1269 752 1333 807 ad
1364 752 1681 807 catholicam
1709 749 2159 817 comparationem

585 848 686 900 hoc
709 853 930 915 praestat
957 843 1182 899 metallis
1207 843 1366 913 ignis,
1390 842 1530 911 quod
1555 842 1802 897 sensibus
1828 840 1978 895 fides.
2006 839 2156 895 Unde

585 948 641 991 et
676 938 728 990 in
781 935 987 1005 psalmo
1033 935 1293 1002 Propheta
1331 933 1408 989 sic
1437 942 1555 988 orat
1584 950 1596 985 :
1641 933 1743 986 Ure
1780 948 1922 985 renes
1950 948 2082 985 meos
2111 942 2159 985 et

581 1044 668 1082 cor
694 1043 860 1081 meum
892 1025 1066 1097 (Psal.
1095 1041 1233 1089 xxv,
1279 1023 1357 1095 5).
1398 1023 1774 1093 Reprehendat
1822 1031 1970 1078 certe
2007 1023 2159 1092 quis-

582 1120 745 1188 piam,
772 1133 868 1187 pro
895 1131 1086 1171 sensus
1110 1115 1188 1170 sui
1214 1113 1715 1183 discretione.quod
1745 1115 1938 1169 sentio.
1966 1111 2161 1167 Fateor

582 1210 894 1267 ministeriis
937 1207 1044 1263 illis
1090 1209 1311 1263 minime
1358 1206 1641 1270 delectari,
1698 1219 1816 1273 quas
1872 1203 2162 1273 superioris

584 1301 768 1357 Gallia:
802 1301 1038 1371 partibus
1065 1300 1132 1354 ad
1162 1299 1419 1354 ecclesias
1446 1298 1577 1367 legis
1616 1305 1814 1352 nostra:
1839 1296 2044 1365 captiva
2065 1308 2161 1350 ve-

583 1403 775 1449 nerunt
801 1412 814 1447 :
847 1408 1072 1463 quaeque
1100 1393 1176 1447 nil
1222 1391 1579 1446 voluntarium
1599 1430 1615 1457 ,
1644 1390 1721 1444 nil
1751 1391 2009 1443 innocens
2036 1402 2165 1457 pra:-

584 1484 804 1539 fcrentia
826 1525 840 1550 ,
874 1485 916 1537 si
949 1482 1254 1536 dolentibus
1278 1481 1548 1550 rapiantur
1572 1521 1586 1545 ,
1616 1479 1970 1536 ollerentibus
1998 1478 2159 1548 prod-

584 1590 703 1630 esse
734 1591 837 1629 non
867 1583 1137 1644 poterunt.
1165 1573 1272 1628 Cur
1296 1574 1423 1627 mihi
1451 1573 1593 1627 dicat
1620 1573 1795 1628 victor
1814 1614 1828 1638 ,
1856 1572 1997 1641 quod
2027 1572 2162 1627 alta-

584 1665 734 1719 ribus
766 1665 868 1720 tuis
896 1665 1147 1732 exhibeo,
1191 1664 1536 1733 quoquolibet
1572 1663 1763 1719 ordine
1789 1678 1909 1718 meo
1936 1663 2158 1729 factum,

2263 471 2394 525 Cum
2422 471 2589 536 enim,
2616 478 2673 523 ut
2694 469 3018 539 pra'cipuum
3041 470 3397 534 sacerdotem,
3421 470 3569 539 justo
3594 484 3698 525 vos
3728 470 3861 525 desi-

2262 562 2413 616 derio
2442 563 2739 626 sitiremus,
2764 560 2963 629 adjecit
2983 560 3063 613 vir
3088 559 3314 613 illustris
3338 559 3661 614 Laurentius
3695 560 3864 615 hono-

2261 668 2375 708 rem
2394 654 2556 709 vestri
2574 652 2766 707 animis
2786 652 3005 717 nostris,
3024 651 3265 706 indicans
3285 651 3525 719 apicibus
3544 654 3662 706 suis
3693 666 3867 706 omne

2264 748 2502 802 nubilum
2533 746 2673 813 quod
2714 747 2947 815 quietem
2989 745 3338 799 Orientalium
3385 746 3714 814 populorum
3751 762 3865 798 am-

2263 838 2423 907 biguo
2450 838 2713 906 calig-inte
2739 837 3039 891 luscaverat
3063 876 3079 898 ,
3106 836 3483 905 redintegrata:
3511 838 3660 905 pacis
3705 852 3865 892 scre—

2263 928 2429 983 nitate
2474 927 2748 982 detersum
2780 944 2794 979 :
2822 936 2876 981 et
2904 941 3022 980 eam
3053 941 3172 980 cum
3206 925 3448 981 Romano
3483 927 3736 983 antistite
3768 944 3863 983 vos

2264 1018 2465 1074 habere
2487 1018 3027 1086 concordiam,‘quam
3049 1017 3197 1071 velut
3213 1018 3457 1086 geminos
3475 1020 3860 1087 apostolorum

2265 1108 2529 1178 principes
2554 1109 2754 1164 mundo
2775 1108 3049 1177 assignare
3074 1111 3375 1164 conveniat.
3394 1112 3524 1177 Quis
3554 1113 3703 1167 enim
3728 1155 3746 1178 ,
3770 1115 3860 1183 qui

2263 1202 2344 1255 vel
2395 1203 2692 1257 catholicus
2735 1201 2838 1255 dici
2880 1210 3075 1270 potest,
3128 1200 3195 1256 de
3244 1213 3513 1258 tantarum
3567 1220 3635 1261 ac
3668 1207 3861 1260 talium

2268 1293 2631 1346 Ecclesiarum
2666 1307 2794 1363 pace
2823 1308 2929 1346 nun
2977 1291 3248 1361 gaudeat,
3280 1307 3413 1361 quas
3449 1294 3597 1349 velut
3621 1297 3679 1349 in
3716 1298 3861 1353 coelo

2266 1384 2494 1451 positum
2523 1382 2797 1452 religionis
2827 1381 3034 1451 signum
3059 1397 3154 1451 pro
3180 1384 3395 1452 gemino
3421 1384 3601 1442 sidere
3622 1390 3859 1444 mundus

2264 1473 2574 1540 exspectat?
2608 1473 2738 1540 Quis
2760 1486 2864 1526 non
2909 1472 3103 1527 merito
3130 1472 3427 1529 delectetur
3458 1476 3856 1533 infirmantium

2265 1564 2460 1627 reditu,
2481 1563 2821 1617 incolumium
2854 1571 3017 1629 statu,
3036 1578 3157 1618 cum
3183 1564 3302 1618 aliis
3327 1565 3516 1620 ovibus
3542 1568 3685 1621 intra
3710 1569 3861 1622 clau-

2264 1664 2373 1709 stra
2399 1654 2648 1720 salvatis,
2685 1655 2770 1708 illa
2802 1666 2935 1724 quze‘
2972 1656 3096 1709 vitio
3135 1658 3366 1709 errantis
3411 1656 3621 1711 arbitrii
3678 1660 3860 1714 fuerat

585 1755 631 1810 si
672 1755 922 1823 jubetur:
953 1754 1170 1808 Honora
1201 1755 1473 1807 Dominum
1509 1754 1573 1807 de
1602 1755 1700 1808 tuis
1722 1755 1882 1825 justis
1907 1753 2161 1808 laboribus

2275 1756 2485 1816 engata
2512 1791 2526 1813 ,
2555 1747 2863 1803 ccelestibus
2903 1747 3074 1803 caulis
3105 1749 3287 1803 lzetitia
3316 1748 3593 1817 plaudente
3624 1765 3860 1807 revoca-

587 1844 767 1916 (Pror.
797 1858 878 1908 ut,
897 1840 978 1913 9)?
1006 1844 1196 1899 Parum
1238 1854 1322 1900 est
1357 1845 1424 1900 de
1454 1844 1727 1900 laboribus
1751 1886 1766 1911 ,
1800 1845 1900 1898 nisi
1929 1843 1995 1898 de
2026 1844 2163 1910 tuis;

592 1951 776 2006 parum
816 1950 898 1991 est
938 1937 1005 1991 de
1052 1938 1154 1990 tuis
1178 1976 1192 1999 ,
1224 1937 1327 1990 nisi
1369 1936 1436 1990 de
1470 1936 1652 2004 justis.
1684 1936 1960 2001 Nunquam
1989 1937 2163 1991 oblata

587 2027 950 2095 pronuntiem,
976 2042 1094 2095 quae
1121 2036 1405 2095 antequam
1436 2025 1782 2091 offerrentur,
1814 2026 1990 2079 ablata
2019 2033 2162 2079 sunt.

588 2117 693 2175 Sed
741 2118 861 2172 talia
899 2131 1111 2186 semper
1140 2132 1359 2171 munera
1390 2116 1629 2186 gratulor
1680 2117 1880 2172 sanctis
1908 2115 2166 2171 altaribus

587 2208 898 2278 superponi,
925 2208 1155 2278 qualiter
1185 2207 1435 2276 religiose
1474 2209 1517 2261 si
1560 2222 1667 2261 non
1708 2207 1881 2261 solum
1927 2205 2162 2276 proprie,

588 2298 710 2366 quia
733 2297 811 2351 eis
839 2310 935 2349 sua
976 2294 1186 2351 videtur
1217 2294 1521 2364 ubicunque
1546 2295 1809 2350 catholica
1836 2302 1937 2349 est.
1967 2294 2076 2349 Cur
2100 2295 2167 2349 de

588 2386 852 2441 thesauris
899 2386 1012 2440 suis
1060 2385 1343 2441 lictissima
1376 2400 1603 2456 quisque
1649 2386 1976 2454 producens,
2026 2387 2168 2443 haud

591 2477 734 2531 omni
770 2476 1041 2545 impendio
1079 2484 1266 2542 curat,
1292 2486 1352 2530 ut
1382 2476 1436 2529 in
1458 2476 1538 2531 his
1565 2492 1684 2544 quas
1704 2475 1771 2531 ad
1799 2486 2037 2532 sanctum
2070 2479 2170 2533 mi-

591 2568 868 2622 nisterium
900 2566 1276 2635 pertinebunt,
1311 2582 1415 2621 non
1460 2568 1628 2638 magis
1670 2568 1979 2638 pretiositas
2004 2570 2170 2637 possit

592 2659 805 2727 placere
833 2674 991 2728 quam
1033 2658 1274 2712 novitas?
1299 2659 1463 2714 Orate
1504 2659 1646 2727 quod
1686 2668 1892 2727 restat,
1924 2667 1982 2715 ut
2010 2662 2169 2731 longo

593 2758 830 2817 tempore
853 2756 974 2818 post
1007 2755 1254 2803 votorum
1294 2763 1423 2816 opes
1446 2749 1549 2803 sibi
1580 2766 1610 2804 a
1642 2750 1750 2805 Deo
1771 2750 2027 2816 cieditas,
2060 2767 2166 2807 non

594 2840 647 2893 in
673 2840 895 2894 secreis
925 2839 1184 2905 molibus,
1221 2839 1314 2894 sed
1354 2842 1406 2895 in
1438 2842 1667 2911 publicis
1708 2844 2018 2898 muneribus
2048 2860 2172 2913 pos-

594 2944 855 2994 sessuras,
888 2944 1008 2984 cum
1064 2930 1260 2999 popqu
1300 2932 1400 2987 sibi
1448 2932 1665 2989 subdito
1708 2933 1947 3003 gaudens
1985 2936 2172 2991 usibus

594 3022 763 3076 sacris
791 3036 1006 3092 semper
1032 3020 1224 3077 habeat
1249 3022 1389 3092 quod
1416 3022 1661 3078 donabit.

1144 3131 1473 3187 EPISTOLA
1514 3132 1626 3188 Vli.

597 3236 787 3276 ιιίτυε
823 3236 1127 3277 νιειικειιειε
1157 3231 1185 3260 ⁸
1229 3237 1506 3279 ενιεεορυε
1543 3240 1693 3281 ΡΔΡΕ
1734 3240 2177 3285 CONSTANTINOPO‘

1284 3309 1492 3348 LITANO.

674 3382 806 3436 Dum
831 3383 1057 3438 domnus
1085 3398 1254 3449 meus,
1287 3384 1426 3440 ﬁlius
1451 3396 1647 3453 vester,
1682 3388 1933 3456 patricius
1963 3388 1991 3426 δ
2019 3389 2180 3459 Sigis-

606 3473 836 3525 mundus
875 3473 1317 3541 gloriosissimum
1359 3475 1648 3543 principem
1686 3477 1862 3531 ofﬁcio
1898 3478 2179 3547 legationis

598 3566 865 3639 expetiit,
895 3564 1049 3619 nobis
1099 3580 1311 3634 quoque
1337 3565 1614 3621 deferendi
1656 3568 1723 3621 ad
1751 3582 1846 3621 vos
1890 3568 2177 3625 famulatus

673 3729 701 3759 ³
736 3719 925 3775 Joanni
956 3717 1256 3788 Cappadoci
1307 3718 1625 3786 patriarcha:
1650 3761 1666 3786 ,
1697 3721 1785 3788 qui
1818 3721 1988 3775 relato
2013 3722 2064 3777 in
2095 3725 2175 3778 di-

600 3792 798 3862 ptycha
844 3787 1072 3862 concilio
1117 3787 1570 3862 Glialcedoneusi,
1599 3787 1969 3862 expunctome
1996 3809 2063 3846 ex
2093 3794 2179 3849 iis-

602 3858 727 3917 dc'm
759 3863 974 3914 nomine
1000 3858 1179 3914 Acacii
1200 3902 1215 3925 ,
1246 3859 1460 3927 longum
1491 3860 1771 3929 dissidium
1814 3862 1953 3929 quod
1986 3864 2177 3917 Orien-

603 3934 742 3987 tales
768 3932 835 3984 ab
868 3930 1106 4001 Ecclesia
1156 3932 1392 4001 ltomana
1437 3928 1779 4001 sejunxerat,
1814 3928 2174 4001 redintegrata

610 4017 737 4072 pace
767 4011 820 4054 et
846 4000 1129 4072 concordia
1174 4000 1496 4072 terminavit.
1538 3999 1724 4072 Exstat
1759 4000 1981 4055 Joannis
2012 3999 2177 4072 ipsius

608 4070 673 4125 ad
712 4070 1045 4125 llormisdam
1084 4083 1273 4142 papam
1323 4070 1567 4142 epistola.
1623 4070 1700 4124 rei
1752 4080 1917 4142 gesta!
1964 4070 2177 4142 tefnpus

606 4141 1002 4209 subscriptione
1035 4155 1129 4193 sua
1173 4140 1433 4194 denotans
1453 4180 1469 4205 ,
1500 4141 1620 4191 data
1650 4140 1814 4195 mense
1848 4141 2062 4209 Martia,
2084 4140 2179 4198 'die

606 4226 792 4278 xxvnt,
832 4212 1014 4283 indirt.
1043 4226 1136 4283 xu,
1167 4209 1459 4283 consulibus
1480 4210 1665 4263 domno
1692 4209 1897 4265 Justino
1927 4214 2048 4283 imp.
2074 4217 2181 4268 Au-

607 4290 754 4350 gusto
802 4290 847 4333 et
882 4280 1170 4350 rlt‘utliarico
1220 4277 1283 4332 V.
1337 4277 1394 4333 C.
1453 4296 1555 4331 trra
1605 4297 1762 4342 nLvu.
1815 4283 1862 4335 id
1909 4297 1939 4335 e
1972 4277 2005 4335 ι’
2040 4298 2181 4338 anno

605 4349 806 4403 Christi
834 4349 955 4404 519.
986 4349 1262 4403 Cetlrenus
1284 4364 1425 4401 anno
1443 4350 1843 4415 primoJustini,
1865 4354 2181 4409 Ἐπισκὸπων

608 4420 662 4474 δέ
687 4422 787 4474 ἀπὸ
808 4418 998 4492 Ῥώμης
1024 4421 1256 4492 amem»
1278 4417 1341 4492 δι’
1358 4418 1638 4492 Ὀρμίσδου
1663 4422 1944 4476 ἐπισκόπου
1968 4427 2179 4492 Ῥώμης,

605 4499 670 4561 τῇ
695 4488 990 4561 ⁸Βυταλιοιιιοῦ
1038 4488 1260 4561 ᾳπουδῇ,
1299 4488 1378 4543 ε’τι
1414 4488 1595 4552 ζῶντος
1638 4494 1863 4561 Ἰωάννου
1914 4499 1998 4546 τοῦ
2048 4488 2186 4547 Καπ-

608 4549 832 4635 πάδὸκνιυ
880 4559 1156 4614 ἐπισκόπου
1198 4549 1762 4635 [ἰαινσῖαντινουπὸλεως
1783 4604 1797 4628 ,
1840 4566 1929 4620 τήν
1958 4562 2103 4635 ἁγίαν
2134 4566 2181 4617 ἐν

609 4628 877 4706 Χαλιξρδὸνι
925 4630 1170 4706 veropr-ny
1219 4627 1424 4706 σᾶνοὲοιι
1485 4631 1620 4706 πρὸξ
1666 4640 1779 4689 ταῖς
1830 4627 2010 4706 alia“.
2044 4636 2182 4706 τρισὶ

612 4696 847 4756 συνόδοις
871 4705 979 4756 τοῖς
1006 4696 1281 4766 διπτύχοις
1299 4696 1555 4760 συνέταξέ.
1581 4698 1802 4765 Cumque
1829 4701 1988 4753 Roma
2012 4696 2180 4755 venis-

610 4778 720 4819 sent
743 4767 964 4836 episwpi
1000 4768 1061 4818 ab
1090 4765 1366 4819 Hormisda
1396 4768 1623 4820 Romano
1653 4770 1886 4836 episcopo
1920 4772 2058 4823 missi
2087 4770 2181 4824 Vi-

612 4836 791 4907 taliam’
832 4836 1023 4907 studio.
1070 4851 1184 4907 eum
1220 4836 1384 4907 adhuc
1431 4837 1609 4889 viveret
1643 4837 1866 4891 Joannes
1901 4838 2183 4907 Cappadox

610 4906 878 4977 episcopus
905 4904 1387 4977 Constantinopolis,
1416 4917 1648 4977 quartam
1686 4923 1883 4959 sacrant
1928 4904 2180 4977 synodum

613 4973 1067 5047 Gltalcedoncnsem
1107 4975 1173 5027 ad
1215 4983 1314 5027 tres
1359 4973 1486 5047 alias
1521 4975 1573 5027 in
1601 4978 1855 5047 diptychis
1885 4973 2176 5047 adscripsit.

614 5044 974 5117 Liquct_ergo,
998 5059 1283 5117 quemnam
1307 5045 1598 5113 principem
1629 5044 1729 5101 hoc
1759 5047 1875 5100 loco
1900 5044 2175 5117 intelligat,

613 5130 771 5187 quem
802 5114 958 5187 Rom.
989 5115 1278 5168 antistitem
1302 5155 1316 5182 ,
1349 5130 1508 5183 quem
1552 5117 1781 5185 denique
1822 5132 2012 5187 papam
2042 5114 2181 5173 Con-

613 5185 1167 5252 stantinopnlitanttm.

687 5254 712 5291 δ
732 5254 840 5308 Rex
856 5254 1286 5323 Burgundionum
1300 5254 1386 5323 qui
1402 5252 1731 5310 Gundobabo
1748 5257 1881 5325 patri
1896 5269 2083 5325 quarto
2097 5260 2185 5313 ab-

616 5324 742 5379 hinc
766 5341 907 5379 anno
937 5336 1288 5380 successerat.
1333 5326 1584 5381 Solehmt
1610 5325 1694 5380 bis
1722 5324 1929 5380 sa-culis
1954 5332 2184 5396 impera-

621 5406 762 5465 tores
791 5395 1145 5449 Romanarum
1169 5396 1482 5465 dignitatum
1519 5398 1696 5450 titulos
1723 5395 2183 5463 exterarum'gen-

621 5464 751 5519 tium
783 5468 994 5535 regibus
1022 5464 1245 5520 honoris
1260 5480 1414 5520 causa
1435 5466 1716 5535 impertiri.
1752 5468 1901 5521 Unde
1930 5479 1982 5521 et
2009 5470 2184 5522 Theo-

616 5537 853 5590 dericum
894 5550 1071 5604 regem
1119 5535 1413 5590 Gothorum
1445 5547 1498 5590 et
1532 5538 1698 5600 alios,
1731 5538 2013 5603 magistros
2045 5539 2182 5592 mili-

616 5616 725 5659 tum
769 5621 910 5673 sazpe
952 5604 1543 5677 appellatosglegimus;
1588 5619 1775 5677 atque,
1810 5616 1873 5661 ut
1919 5609 2019 5664 hoc
2065 5612 2183 5662 loco

616 5677 946 5742 patriciatum
974 5675 1311 5747 Sigismundo
1338 5680 1573 5733 delatum
1605 5675 1980 5749 intelligimus,
2015 5691 2067 5735 et
2092 5696 2182 5751 pa-

2270 1840 2389 1893 tur?
2419 1837 2697 1893 Cusmdite
2744 1838 2938 1908 igitur,
2973 1841 3123 1908 quasi
3157 1848 3336 1907 patres
3358 1880 3374 1907 ,
3410 1840 3659 1896 traditam
3704 1844 3860 1899 vobis

2264 1931 2423 1987 etiam
2468 1944 2629 1998 super
2677 1945 2775 1984 nos
2825 1930 3085 1985 Ecclesiae
3131 1930 3490 2000 disciplinam.
3536 1930 3859 1988 Concordia:

2266 2030 2458 2078 vestras
2516 2030 2718 2076 tantum
2768 2036 2903 2092 opus
2947 2030 3031 2078 est
3080 2023 3389 2092 magisterio
3420 2064 3437 2090 ,
3488 2034 3752 2093 quantum
3808 2035 3862 2080 et

2264 2114 2530 2181 exeuiplo.
2581 2112 2749 2180 Quam
2799 2113 3079 2167 caritatem
3132 2112 3345 2181 populis
3395 2114 3786 2179 suadebimus,
3815 2117 3860 2171 si

2267 2204 2403 2260 hanc
2446 2204 2500 2259 in
2533 2205 2729 2259 nostris
2765 2203 3065 2260 rectoribus
3106 2204 3446 2259 nesciamus?
3486 2205 3610 2273 quid
3641 2206 3693 2259 in
3739 2222 3863 2262 cir-

2267 2310 2395 2365 porc
2434 2294 2644 2349 ﬁrmum
2687 2293 2857 2348 videri
2909 2295 3121 2360 poterit,
3182 2293 3311 2363 quid
3352 2304 3503 2348 nutat
3550 2295 3603 2349 in
3654 2297 3861 2350 vertice

2266 2385 2551 2442 mancum?
2580 2386 2721 2455 Ergo
2752 2387 2890 2451 piam
2927 2384 3274 2440 redeuntibus
3303 2385 3428 2441 date
3458 2427 3473 2453 ,
3510 2401 3577 2440 ne
3622 2387 3748 2455 quis
3780 2388 3863 2441 ins

2271 2480 2510 2534 tentione
2534 2486 2738 2547 pereat,
2772 2476 3227 2544 praedicationem.
3253 2476 3551 2545 Prospicite
3566 2492 3635 2531 ne
3664 2493 3862 2547 specu-

2269 2569 2377 2624 lata
2420 2568 2571 2639 signa
2620 2578 2727 2622 tam
2760 2566 2871 2623 fera
2923 2568 3091 2623 bestia
3122 2567 3431 2636 populetur,
3458 2568 3505 2622 si
3532 2569 3600 2622 ab
3650 2572 3861 2624 unitate

2268 2678 2458 2719 sensus
2486 2662 2650 2717 vestri
2682 2661 2851 2716 Roma
2899 2660 3166 2716 dissultat.
3212 2660 3474 2715 Memores
3505 2675 3637 2715 vero
3667 2663 3862 2728 nosui,

2270 2754 2395 2825 quia
2424 2755 2468 2809 si
2496 2769 2656 2823 super
2684 2754 3076 2810 dissensionem
3110 2762 3341 2808 vestram
3374 2754 3455 2808 sol
3477 2754 3691 2808 occidat
3713 2795 3730 2821 ,
3762 2754 3854 2808 da-

2278 2862 2463 2900 mnum
2491 2847 2712 2902 orientis
2737 2853 2822 2901 est
2844 2888 2858 2913 ,
2885 2845 3306 2915 prosperrimum
3348 2860 3505 2914 quem
3551 2859 3715 2915 supra
3751 2847 3863 2900 dixi

2272 2937 2515 2991 nuntium
2567 2951 2663 3006 per
2712 2935 3076 2990 ﬁdelissimum
3119 2934 3297 2991 virum
3348 2934 3414 2989 ad
3466 2936 3711 2990 notitiam
3769 2952 3865 2991 uo-

2279 3038 2446 3081 stram
2490 3026 2699 3081 firmate
2734 3026 2995 3095 rescripto
3030 3043 3043 3079 :
3076 3035 3133 3081 ut
3162 3037 3477 3095 exSpectans
3514 3027 3867 3082 occidentalis

2205 3123 2252 3186 (ζ
2282 3116 2517 3170 Ecclesia
2550 3117 2602 3170 in
2643 3114 2982 3169 sermonibus
3003 3114 3198 3170 vestris
3239 3114 3437 3169 donum
3467 3113 3567 3169 coal
3603 3115 3704 3169 stis
3744 3130 3868 3169 ora-

2279 3210 2409 3275 culi,
2438 3209 2579 3279 quod
2608 3223 2666 3264 se
2695 3209 2903 3263 laetatur
2942 3207 3214 3273 accepisse
3256 3221 3353 3276 per
3397 3206 3862 3277 condiscipulum,

2278 3301 2617 3371 multiplicari
2645 3299 2746 3355 sibi
2772 3298 3001 3370 gaudeat
3024 3313 3120 3367 per
3143 3302 3475 3367 magistrum.

2816 3390 3150 3446 EPISTULA
3194 3389 3327 3444 Vili.

2316 3497 2504 3536 AVITUS
2532 3496 2836 3536 VIENNENSIS
2866 3496 3141 3536 EPISCOPUS
3171 3491 3193 3519 θ
3228 3496 3518 3537 ευετοιιιίιο
3550 3497 3631 3534 EPI
3665 3496 3822 3536 COPO.

2352 3572 2595 3627 Adventu
2624 3571 2961 3642 praesentium
2995 3571 3309 3641 portitorum
3341 3584 3465 3625 ecce
3494 3571 3605 3640 jam
3626 3572 3870 3625 secundo

2282 3727 2493 3781 tricium
2539 3726 2928 3782 Theodericum
2978 3728 3226 3782 eumdem
3280 3742 3309 3781 a
3359 3728 3575 3783 Zenone
3621 3739 3866 3785 creatum

2282 3798 2553 3864 proditum
2582 3808 2704 3863 est,
2742 3799 2819 3851 sic
2840 3799 2904 3850 ad
2937 3796 3261 3853 Clodi-meum
3294 3813 3473 3867 regem
3507 3798 3861 3859 Francorum.

2283 3877 2404 3934 post
2433 3869 2709 3922 victoriam
2742 3868 3019 3922 Gothicam
3039 3907 3054 3932 ,
3082 3869 3357 3922 codicillos
3382 3869 3450 3923 de
3478 3870 3761 3923 consulatu
3801 3872 3869 3924 ab

2283 3937 2570 4060 Auastgsgio
2611 3939 2803 3992 missos
2850 3947 3071 3992 testatur
3116 3936 3404 4007 Gregorius
3437 3938 3638 3994 Turon.
3670 3940 3763 3995 lib.
3808 3956 3866 4007 ιι,

2288 4020 2409 4060 cau.
2531 4046 2544 4059 .

2288 4020 2409 4073 cap.
2456 4020 2544 4060 ais.

2357 4086 2381 4115 ο
2424 4075 2822 4137 Mediolanensi,
2875 4087 2929 4130 ut
2969 4076 3123 4131 docet
3154 4077 3378 4141 epistola
3429 4076 3746 4132 Theoderici
3782 4094 3871 4133 rc~

2284 4146 2387 4216 gis,
2420 4162 2539 4215 qua:
2565 4156 2646 4200 est
2668 4160 2807 4200 no:ia
2830 4145 2921 4198 lih.
2952 4162 2967 4199 ι
2998 4147 3273 4200 Variarum
3296 4147 3431 4212 apud
3455 4148 3861 4215 Cassindiirum,

2288 4227 2341 4269 et
2371 4218 2465 4271 lib.
2497 4233 2564 4277 ll.
2602 4217 2820 4282 epistola
2858 4217 2946 4272 ‘29.
2977 4217 3042 4270 ad
3076 4216 3294 4270 Adelam
3334 4218 3507 4269 comit.
3531 4234 3612 4280 m,
3649 4219 3733 4270 his
3758 4235 3872 4272 ver-

2289 4285 2372 4355 bis
2406 4304 2419 4338 :
2448 4285 2621 4339 Beatis
2650 4285 2738 4337 imi
2768 4286 2863 4338 viri
2896 4283 3157 4354 Eustorgii
3194 4287 3416 4355 episc0pi
3444 4297 3635 4340 sancite
3662 4286 3869 4340 Medio-

2290 4354 2513 4408 lanensis
2550 4355 2792 4408 Ecclesia:
2816 4357 3052 4424 petitione
3091 4357 3330 4423 permoti,
3351 4354 3691 4426 praesentibus
3723 4367 3770 4407 le
3790 4359 3873 4426 af-

2294 4426 2481 4493 fatibus
2523 4427 2887 4483 admonemus.
2934 4434 2987 4477 ut
3032 4427 3238 4493 praedis
3280 4425 3357 4479 rel
3404 4428 3678 4479 honoribus
3726 4425 3870 4480 illius

2295 4493 2535 4548 Ecclesia:
2567 4496 2699 4547 intra
2726 4494 2959 4549 Siciliam
2992 4495 3277 4548 constitutis
3324 4496 3581 4547 tuitionem
3622 4497 3869 4559 studeas,

2287 4566 2428 4617 salva
2469 4566 2737 4627 civilitate,
2765 4573 3029 4633 prazstare.
3063 4566 3136 4618 De
3158 4567 3257 4617 hoc
3292 4565 3510 4617 Ennndii
3544 4580 3757 4632 quoque
3792 4569 3872 4618 in-

2288 4635 2557 4700 terpretati
2605 4648 2788 4688 sumus
2818 4634 3142 4702 epigramma
3187 4634 3286 4686 H9
3317 4634 3385 4688 de
3404 4634 3545 4689 fonte
3573 4637 3699 4703 bapt
3721 4635 3870 4689 sterii

2284 4704 2339 4757 S.
2372 4703 2649 4771 Stephani,
2677 4716 2724 4758 et
2755 4717 2890 4772 aqua
2908 4716 3026 4772 qua:
3064 4718 3159 4771 per
3180 4706 3458 4758 columnas
3481 4704 3644 4759 venit.

2406 4876 2609 4938 Enisiae
2630 4877 2764 4938 nube
2792 4876 2909 4938 pluit
2932 4878 3022 4924 sub
3052 4877 3195 4926 tectis
3218 4876 3375 4925 imbre
3396 4889 3596 4935 sereno,

2469 4937 2528 4985 Et
2551 4937 2660 4985 ω)ιὶ
2687 4937 2835 4986 facies
2860 4951 2975 5000 pura
2997 4939 3243 4985 ministrat
3267 4952 3432 5000 aquas.

2409 4998 2600 5048 Proﬂua
2618 4998 2938 5047 marmoribus
2959 5000 3223 5047 decurrunt
3256 4998 3448 5046 ﬂumina
3471 4999 3645 5058 sacris,

2472 5060 2633 5120 Atque
2655 5063 2829 5108 iterum
2848 5073 3009 5108 rorem
3037 5061 3241 5119 parturit
3260 5072 3377 5107 ecce
3401 5059 3537 5113 lapis.

2396 5121 2558 5179 ,Arida
2579 5134 2683 5168 nam
2706 5120 2911 5181 liquidos
2937 5120 3143 5169 ell'undit
3169 5120 3373 5182 pergula
3394 5120 3572 5179 fontes,

2476 5183 2538 5230 Et
2557 5195 2721 5229 rursus
2740 5183 2864 5229 natis
2883 5183 3007 5230 unda
3024 5194 3231 5243 superna
3257 5183 3408 5243 venit.

2412 5244 2585 5293 Sancta
2609 5256 2695 5304 per
2714 5244 2960 5291 aethereos
2976 5242 3168 5290 emanat
3194 5242 3379 5304 lympha
3400 5254 3645 5303 recessus,

2475 5304 2698 5364 Eustorgi
2728 5306 2848 5353 vatis
2864 5305 3009 5352 ducta
3032 5304 3321 5353 ministerio.

2287 5473 2341 5526 ιιι
2370 5482 2471 5539 est,
2495 5474 2749 5542 episcopi.
2792 5472 3037 5530 Graecum
3082 5483 3202 5529 ortu
3242 5482 3366 5529 sunt
3396 5475 3486 5544 qui
3521 5474 3868 5544 Eustorgium

2289 5547 2483 5613 lactant
2529 5558 2593 5597 ex
2644 5546 2876 5598 nominis
2922 5546 3251 5613 conjectura.
3300 5546 3451 5611 Quod
3494 5560 3624 5599 vero
3670 5548 3875 5598 addunt

2288 5612 2507 5665 Joannis
2536 5614 2847 5667 Damasceni
2879 5614 3196 5684 discipulum
3229 5616 3415 5681 fuisse,
3452 5615 3741 5670 absurdum
3766 5626 3873 5679 est,

2292 5698 2411 5737 cum
2450 5698 2684 5754 tempora
2714 5685 3038 5755 discrepent.
