4024 6172
259 288 361 344 *ὶὲῡ

1652 282 1982 337 EPISTULA
2025 282 2090 339 X.

3430 292 3535 345 950

256 418 283 456 a
316 414 366 456 te
406 396 751 455 desiderandi
795 394 1186 464 reverendique
1244 392 1438 447 allatus
1484 395 1648 448 vestri
1700 395 1839 448 dona
1868 408 1918 468 Α
1946 396 2199 466 dignatur
2240 408 2480 452 asserere
2517 411 2677 452 causa
2706 397 2954 454 veniendi
2995 407 3105 466 est,
3140 409 3197 455 ut
3228 402 3535 469 peritiorem

257 502 552 555 venerunt;
602 503 724 559 qua:
755 498 932 542 tamen
981 489 1099 555 plus
1145 486 1336 541 fierent
1372 485 1846 555 prosperitatese-

257 585 451 650 cunda,
495 583 542 637 si
572 580 765 636 fierent
811 580 1197 634 numerositate
1238 580 1477 648 copiosa.
1512 578 1714 634 Revera
1746 579 1845 633 du-

261 679 378 749 plex
412 678 465 730 in
494 674 688 730 litteris
717 672 913 728 vestris
948 672 1169 726 materia
1198 671 1572 741 gratulationis
1594 672 1843 726 accessit.

263 772 499 824 Primum
544 764 689 835 quod
716 766 917 819 salvam
944 763 1075 817 mihi
1103 764 1350 832 gratiam,
1381 762 1459 815 sic
1491 762 1651 816 etiam
1684 762 1735 815 in
1758 777 1851 816 ve-

260 873 409 924 stro,
440 859 581 913 sicut
607 857 660 909 in
692 864 991 910 vestrorum
1017 850 1222 906 exstitit
1242 852 1422 905 animo
1454 851 1804 905 decessorum
1827 888 1846 916 ,

267 953 612 1008 haereditario
650 950 963 1005 monstratis
1005 945 1219 1000 aﬂ‘eetu.
1272 946 1473 1001 Deinde
1499 945 1642 1015 quod
1694 945 1747 997 in
1786 959 1851 997 eo

265 1060 352 1100 me
377 1042 626 1098 famulari
666 1039 879 1110 negotio
923 1037 1274 1108 przecepistis,
1318 1051 1445 1106 quo,
1466 1036 1593 1090 dum
1641 1034 1854 1090 tuendae

269 1139 352 1192 vel
393 1146 420 1173 ι
452 1133 769 1203 reparandae
806 1131 1067 1185 libertatis
1112 1144 1295 1183 curam
1330 1127 1538 1197 geritis,
1581 1126 1740 1180 etiam
1770 1139 1854 1179 ine

272 1243 375 1283 non
400 1226 680 1296 indgu'tm
733 1222 827 1277 tali
876 1221 1175 1276 ministerio
1213 1218 1523 1274 eensuistis.
1576 1218 1853 1285 lmpletum

270 1328 353 1373 est
400 1317 562 1385 igitur
606 1311 952 1367 bea'itudinis
997 1319 1188 1363 vestra:
1231 1320 1473 1363 sanetum
1525 1321 1587 1362 ac
1615 1308 1856 1376 spiritale

272 1416 625 1479 praeceptum.
666 1403 991 1458 Cumulastis
1027 1401 1270 1455 oratione
1305 1399 1604 1455 mercedem
1637 1416 1650 1450 :
1694 1398 1859 1452 inter-

274 1509 432 1556 ventu
465 1506 645 1553 vestro
674 1495 960 1566 pretiosius
998 1492 1194 1548 factum
1225 1499 1310 1547 est
1336 1491 1568 1560 pretium
1596 1490 1738 1559 quod
1770 1490 1860 1543 mi-

271 1594 437 1649 sistis.
474 1591 622 1644 Victa
641 1597 725 1643 est
756 1602 851 1657 per
870 1587 1223 1641 reverentiam
1255 1584 1417 1638 vestri
1447 1584 1502 1637 in
1525 1586 1702 1652 rigore
1739 1582 1862 1637 bar-

273 1686 457 1742 barico
479 1682 778 1736 humilitate
798 1676 1124 1743 immanitas,
1150 1675 1536 1730 intercessione
1550 1674 1860 1739 crudelitas,

1952 486 2217 542 medicum
2251 501 2569 557 quocunque
2598 490 2888 559 perquirat,
2914 491 3002 559 qni
3037 491 3389 547 imbecillitati
3415 507 3536 547 cor-

1951 592 2237 646 poreorum
2280 578 2540 632 luminum
2571 579 2939 650 cujuscunque
2981 583 3203 636 remedii
3248 594 3365 637 arte
3412 597 3532 636 sue-

1950 680 2149 723 currat.
2177 672 2486 740 Quanquam
2512 672 2777 740 reiigiosae
2806 675 3003 727 mentis
3028 676 3265 739 intuitus,
3297 686 3541 730 contem-

1955 761 2161 830 plaudis
2206 764 2376 832 magis
2424 764 2755 833 spiritalibus
2800 778 3118 834 occupatus,
3177 783 3277 822 nec
3317 768 3539 822 nimium

1952 854 2238 910 exterioris
2264 854 2497 910 hominis
2526 857 2770 911 caecitate
2804 861 3115 925 perterritus
3136 900 3151 924 ,
3176 875 3242 913 eo
3272 870 3540 929 tempera-

1955 955 2134 999 mento
2165 946 2323 1012 hanc,
2352 957 2612 1013 quantum
2661 950 2925 1016 comperi,
2955 965 3137 1003 curam
3188 951 3453 1020 requirat,
3484 962 3543 1006 ut

1955 1037 2279 1091 amatoribus
2302 1038 2475 1105 potius
2497 1038 2608 1092 suis
2644 1038 2952 1094 satisfacere
2984 1041 3033 1093 in
3067 1039 3221 1109 hujus
3245 1042 3411 1096 studii
3454 1058 3543 1096 ne-

1957 1128 2207 1183 cessitate
2236 1131 2547 1184 contendat.
2584 1131 2753 1186 Simul
2782 1142 2835 1185 ct
2870 1150 2937 1186 ne
2960 1132 3217 1199 tideatur,
3240 1149 3333 1201 per
3362 1136 3544 1203 negle-

1958 1233 2058 1272 σιω
2086 1222 2331 1274 sanitatis
2360 1222 2594 1289 culpam,
2640 1221 2864 1276 facultas
2892 1223 2943 1275 in
2969 1238 3034 1277 eo
3053 1224 3405 1278 sacerdotalis
3427 1225 3545 1277 olli-

1959 1309 2026 1363 cii
2055 1310 2548 1379 reprehensibiliter
2571 1311 2853 1365 minorata.
2893 1313 3056 1381 Spem
3082 1328 3211 1367 vero
3253 1314 3544 1382 recipiendi

1960 1401 2195 1471 obtutus,
2224 1413 2477 1472 quantum
2501 1403 2755 1468 arbitror,
2787 1413 2841 1458 et
2878 1405 2945 1457 ab
2974 1406 3220 1473 exemplo
3266 1406 3491 1475 requirit
3525 1424 3538 1459 :

1962 1493 2102 1562 quod
2123 1494 2325 1549 scilicet
2340 1494 2561 1549 Tobiam
2586 1502 2826 1548 nostrum
2849 1493 3001 1563 (Tob.
3022 1495 3544 1565 al.15-15jcaligan-

1965 1592 2069 1637 tem
2088 1584 2302 1653 quidem
2328 1586 2691 1651 terrestribus,
2716 1587 2807 1640 sed
2831 1602 2949 1656 qua:
2975 1589 3174 1641 mundo
3192 1599 3346 1643 erant
3368 1589 3547 1645 invisi-

1966 1677 2087 1733 bilia
2118 1688 2481 1745 contuentem,
2506 1691 2765 1737 attentum
2794 1692 3011 1737 teterntc
3042 1684 3169 1750 luci,
3197 1693 3249 1738 et
3272 1685 3382 1753 jam
3414 1702 3547 1754 pene

274 1776 509 1832 illatione
536 1772 821 1842 cupiditas.
851 1768 1177 1837 ConiiCimUS
1207 1767 1433 1835 qualiter
1460 1765 1568 1819 illic
1602 1764 1860 1834 praedica-
1891 1782 1940 1842 Β
1967 1769 2068 1824 diei
2095 1774 2333 1826 mortalis
2362 1773 2752 1838 immemorem,
2785 1774 2957 1829 latens
2986 1776 3038 1827 in
3063 1776 3251 1845 angelo
3282 1777 3545 1831 medicina

275 1867 511 1924 tionibus
557 1864 805 1919 duriores
848 1862 1057 1915 animos
1108 1859 1407 1925 edomatis,
1455 1873 1576 1913 cum
1633 1858 1863 1913 interve-

274 1957 453 2014 niendi
484 1956 689 2011 viribus
713 1952 951 2007 absentia
981 1950 1135 2006 vobis
1154 1950 1281 2005 saxa
1312 1949 1390 2004 sic
1429 1948 1690 2019 frangitis.
1730 1947 1862 2002 Visi-

276 2062 417 2106 tatur
446 2063 612 2119 Opere
633 2056 816 2101 vestro
846 2054 1151 2099 nostrarum
1181 2056 1421 2097 aerumna
1458 2044 1769 2112 regionum;
1809 2050 1865 2096 et

275 2158 533 2202 emanans
557 2157 623 2197 ex
652 2138 913 2209 largiendi
950 2137 1199 2191 thesauro
1226 2136 1407 2203 irrigui
1442 2134 1603 2189 fontis
1629 2134 1861 2197 ubertas,

276 2252 396 2293 cum
428 2235 632 2290 Italiam
670 2230 939 2300 rigaverit,
984 2226 1217 2297 aspergit
1244 2236 1297 2281 et
1334 2223 1578 2279 Galliam.
1628 2224 1866 2293 Quapro-

277 2336 393 2398 pter
420 2327 662 2395 depenso
690 2321 1024 2377 salutationis
1072 2318 1380 2373 lt0norillca}
1436 2318 1730 2381 famulatu,
1777 2330 1865 2371 me

279 2430 461 2474 veStro
488 2415 803 2471 intercessui
844 2412 927 2467 vel
955 2411 1127 2465 favori
1156 2410 1294 2464 votis
1327 2410 1554 2478 praefusa
1591 2410 1864 2479 supplica-

281 2511 434 2564 tione
453 2508 671 2562 insinuo
699 2523 712 2557 :
743 2512 936 2574 optans
985 2503 1112 2557 licet
1151 2502 1204 2555 in
1232 2501 1460 2566 cunctis,
1512 2502 1643 2556 milii
1688 2512 1865 2557 tamen

282 2597 602 2670 specialibus
648 2594 823 2650 causis
854 2594 1091 2656 litteras;
1138 2592 1192 2646 in
1223 2592 1414 2661 quibus
1458 2591 1535 2646 sic
1575 2592 1726 2645 vobis
1774 2606 1867 2659 per

282 2689 705 2749 misericordiam
727 2694 1014 2755 competat,
1043 2695 1103 2739 ut
1125 2688 1283 2739 etiam
1301 2699 1385 2739 me
1405 2685 1865 2754 perobedientiam

284 2793 584 2840 vestrorum
612 2794 837 2850 operum
867 2778 1072 2832 fructus
1098 2775 1345 2845 attingat.

847 2910 1179 2969 EPISTOLA
1219 2909 1309 2965 IX.

355 3044 549 3086 Ανιτυε
572 3039 881 3082 γιειιιιειιειε
912 3037 1185 3078 EPISCOPUS
1211 3021 1237 3060 δ
1264 3037 1497 3078 αιιῐειιιιιο
1528 3037 1792 3079 εριειῖορο.

1965 1861 2237 1916 reduxerit
2258 1878 2352 1931 per
2372 1864 2653 1935 collyrium
2672 1866 2808 1918 fellis
2828 1866 2893 1917 ad
2919 1865 3256 1921 dulcedinem
3282 1869 3545 1923 sanitatis.

1965 1953 2224 2018 Quocirca
2250 1953 2505 2023 suscipite
2536 1953 2752 2009 fratrem
2777 1955 3085 2011 sinceritate
3113 1958 3268 2010 solita
3298 1973 3549 2013 reveren—

1965 2046 2033 2098 tia
2062 2045 2218 2113 digna
2254 2061 2269 2099 :
2315 2056 2367 2099 et
2399 2046 2443 2100 si
2490 2045 2616 2115 quid
2646 2047 3035 2102 consolationis
3065 2057 3252 2104 sancto
3300 2050 3547 2117 debetur,

1963 2136 2273 2205 impendite.
2306 2137 2614 2207 lmplebitur
2638 2148 2815 2192 autem
2852 2153 3137 2194 commune
3186 2141 3549 2207 desiderium,

1963 2228 2009 2283 si
2038 2229 2196 2282 etiam
2230 2229 2612 2298 qualiscunque
2640 2229 2937 2283 infirmitati
2981 2230 3186 2285 medela
3220 2234 3547 2299 provenerit.

1964 2319 2115 2386 Quod
2138 2331 2283 2375 certe
2310 2320 2356 2374 si
2385 2322 2581 2385 minus,
2622 2321 2812 2375 saltem
2862 2322 3318 2390 incorruptibilem
3348 2324 3548 2377 vultum

1969 2410 2179 2479 pietatis
2205 2410 2449 2472 alternae,
2476 2411 2608 2464 nulli
2639 2412 2911 2465 obnoxius
2937 2412 3167 2465 cmcitati
3198 2413 3550 2467 sacerdotalis

1965 2501 2315 2557 conscientia:
2345 2502 2530 2557 oculus
2560 2512 2933 2571 recognoscat.

2545 2593 2874 2649 EPISTOLA
2918 2593 2985 2648 X.

2058 2699 2247 2739 unus
2278 2700 2583 2740 vrsaseusrs
2618 2700 2894 2740 srrscorus
2921 2684 2948 2722 ἀ
2980 2701 3155 2741 MAGNO
3197 2702 3459 2743 EPISCOPO.

2036 2775 2182 2830 Licet
2206 2775 2348 2829 nulla
2371 2775 2564 2844 quibus
2592 2774 2657 2828 ad
2684 2776 3115 2845 prmsumendutn
3144 2776 3245 2832 hoc
3269 2779 3439 2847 ipsum
3470 2777 3553 2831 of-

1968 2866 2147 2920 ficium
2184 2873 2518 2935 provocant,
2556 2867 2721 2919 vestri
2770 2867 3102 2935 apostolatus
3129 2866 3324 2935 scripta
3354 2882 3554 2937 promc-

1965 2972 2143 3021 ruero,
2189 2955 2384 3011 olferre
2416 2971 2501 3011 me
2532 2966 2706 3011 tamen
2750 2959 2993 3027 paginam
3027 2958 3191 3011 debiti
3240 2958 3552 3024 famulatus,

1965 3062 2087 3101 cum
2115 3047 2531 3115 compellatione
2560 3063 2663 3100 non
2682 3046 2972 3117 jusseritis,
3004 3049 3258 3117 Opinione
3284 3052 3557 3119 compelli-

353 3142 503 3198 Licet
527 3142 645 3210 ipsa
672 3153 794 3194 sese
825 3135 1116 3191 venerandi
1158 3134 1431 3204 portitoris
1469 3150 1699 3205 persona
1737 3136 1861 3191 ani-
1892 3141 1940 3205 (ζ
1971 3139 2056 3193 tis.
2091 3138 2361 3208 Siquidem
2389 3138 2455 3192 ad
2481 3138 2868 3193 occurrendum
2894 3140 3093 3193 animis
3117 3139 3333 3204 vestris,
3366 3141 3409 3195 si
3452 3157 3557 3196 non

286 3239 387 3290 mis
410 3234 663 3289 fraterna:
692 3230 931 3285 caritatis
963 3228 1214 3293 insinuet,
1243 3237 1458 3283 sanctus
1487 3239 1661 3284 tamen
1696 3229 1864 3283 Maxi-

286 3327 495 3381 mianus
553 3333 576 3362 ο
630 3329 854 3377 antistes
907 3320 1045 3375 hanc
1095 3320 1410 3391 peculiarius
1447 3321 1513 3374 ad
1568 3334 1662 3375 vos
1704 3320 1869 3376 ofﬁcii

286 3418 390 3473 mei
436 3415 688 3486 paginam
720 3412 872 3481 petiit
929 3411 1218 3476 destinari;
1265 3425 1359 3480 per
1391 3425 1548 3480 quam
1580 3426 1666 3465 me
1694 3411 1871 3481 potius

286 3512 351 3565 ab
386 3511 504 3574 illo,
538 3522 699 3577 quam
728 3506 880 3560 illum
908 3520 937 3556 a
969 3518 1055 3557 me
1082 3502 1447 3557 commendari
1476 3502 1676 3557 debere
1704 3503 1877 3557 mani-

287 3607 479 3660 festum
516 3615 621 3657 est.
647 3601 713 3654 Et
727 3599 850 3668 quia
873 3598 1059 3667 jubere
1078 3596 1324 3666 dignatus
1344 3605 1425 3649 est
1448 3605 1504 3649 ut
1533 3597 1878 3651 necessitates

289 3708 410 3750 suas
436 3707 690 3748 sermone
720 3704 841 3744 meo
865 3688 1175 3758 penderem,
1207 3686 1341 3740 nihil
1374 3686 1661 3740 dicendum
1696 3686 1764 3741 de
1791 3702 1884 3756 pe—

294 3784 676 3859 regrinationis
723 3782 907 3835 labore
953 3779 1200 3846 suscepi;
1254 3777 1376 3846 quia
1419 3777 1753 3847 quantalibet
1795 3777 1881 3832 vel

292 3890 589 3950 temporum
618 3872 970 3944 longitudine,
1000 3872 1085 3925 vel
1118 3869 1322 3925 itineris
1343 3870 1881 3939 vastitate,genitalis

293 3972 473 4043 patria:
496 3972 704 4037 linquat
729 3964 1111 4031 habitaculum,
1145 3962 1461 4032 peregrinus
1487 3961 1739 4016 sacerdos
1774 3961 1882 4016 dici

296 4078 394 4118 non
417 4068 617 4131 potest,
664 4056 754 4112 ubi
802 4054 1063 4109 catholica
1120 4053 1344 4122 reperiri
1395 4052 1630 4107 Ecclesia
1679 4060 1875 4120 potest.

297 4153 605 4221 Quanquam
630 4162 729 4201 nec
758 4146 846 4200 illa
864 4145 1014 4199 vobis
1044 4145 1275 4215 regionis
1296 4158 1405 4198 sua:
1430 4143 1709 4199 subversio
1727 4144 1879 4211 quasi

298 4241 561 4313 incognita
587 4237 900 4306 exaggerari
930 4236 1157 4298 debeat;
1182 4248 1303 4289 cum
1336 4235 1588 4303 pietatem
1619 4242 1877 4299 vestram,

300 4342 626 4405 quaerentem
670 4334 866 4404 ubique
909 4325 1294 4384 misericordia
1322 4325 1531 4390 aditus,
1583 4340 1688 4379 non
1721 4324 1884 4378 lateat

303 4428 384 4483 ubi
410 4436 496 4483 est
522 4428 756 4483 miseriae
786 4426 954 4480 locus.
984 4417 1299 4487 Principalis
1321 4426 1498 4473 tamen
1520 4418 1599 4487 ei,
1624 4425 1878 4488 quantum

1967 3246 2236 3286 meremur
2262 3230 2585 3300 aspectibus,
2628 3231 2764 3284 fama
2810 3230 3090 3297 trahimur,
3121 3233 3278 3286 etiam
3310 3232 3436 3286 dum
3467 3232 3557 3287 ah-

1969 3323 2137 3377 sentia
2164 3321 2494 3378 cohibemur.
2527 3322 2617 3377 His
2648 3322 2878 3390 additur,
2905 3322 3045 3391 quod
3073 3322 3143 3376 ita
3177 3338 3443 3376 writmnas
3474 3323 3558 3376 in-

1974 3413 2205 3468 felicium
2235 3412 2512 3468 Gallorum
2555 3412 2925 3468 consolatioue
2970 3412 3182 3466 consilii
3211 3421 3266 3466 et
3316 3413 3560 3483 largitate

1978 3506 2223 3576 palpatis,
2259 3514 2317 3559 ut
2364 3506 2463 3559 sub
2505 3504 2684 3574 Specie
2727 3505 2842 3573 ejus
2871 3519 3030 3573 quam
3062 3505 3298 3576 comperi
3353 3506 3561 3560 miseri-

1979 3595 2214 3660 cordiae,
2263 3594 2330 3648 ad
2376 3594 2770 3664 agnoscendam
2818 3608 3037 3649 suorum
3088 3594 3462 3649 necessitatem
3510 3596 3561 3649 in

1982 3688 2188 3743 Italiam
2218 3687 2553 3752 festinantes,
2605 3696 2725 3756 post
2774 3687 2984 3757 longam
3039 3689 3560 3757 peregrinationem,

1983 3793 2104 3833 cum
2148 3776 2285 3831 duce
2313 3777 2531 3831 Christo
2558 3785 2790 3831 vestram
2836 3780 3131 3831 meruerint
3172 3778 3354 3833 videre
3382 3794 3563 3847 perso-

1985 3883 2131 3934 nam,
2180 3869 2376 3923 merito
2417 3868 2689 3937 prepriam
2736 3867 2955 3922 credant
3001 3869 3198 3922 intrare
3227 3882 3286 3922 se
3316 3870 3561 3938 patriam.

1984 3958 2315 4014 Commendo
2354 3957 2497 4028 quod
2525 3966 2769 4026 superest
2795 3958 3027 4027 regionis
3060 3967 3255 4013 nostra:
3288 3960 3565 4029 presbyte-

1984 4066 2125 4117 rum,
2154 4049 2435 4119 praesentis
2454 4050 2660 4104 scilicet
2681 4049 2921 4118 obsequii
2964 4050 3296 4117 portitorem.
3316 4049 3415 4113 Qui
3444 4050 3565 4103 licet

1986 4157 2082 4212 pro
2113 4140 2421 4196 redimenda
2442 4140 2719 4209 cujusdam
2755 4139 3038 4208 propinqui
3070 4139 3151 4192 sui
3177 4138 3281 4191 lilia
3322 4139 3557 4193 laborem

1988 4232 2311 4303 fatigationis
2341 4247 2623 4303 aggressus
2648 4232 2737 4295 sit,
2768 4245 2796 4283 a
2815 4230 3042 4299 quodam
3075 4238 3248 4282 tamen
3270 4229 3432 4284 nobili
3451 4231 3573 4285 viro

1989 4324 2302 4396 provinciali
2332 4338 2453 4378 cum
2488 4337 2603 4377 mea
2655 4320 3031 4391 prosecutione
3059 4320 3297 4374 directus
3344 4328 3457 4382 est,
3512 4329 3575 4375 ut

1988 4415 2190 4487 prmfati
2228 4416 2393 4470 filium
2426 4429 2455 4467 a
2487 4424 2511 4452 ο
2540 4414 2737 4469 comite
2776 4412 3031 4479 Betanco,
3069 4412 3286 4466 nomine
3311 4411 3565 4477 Avulum,

372 4605 399 4635 ι
434 4588 735 4648 Referenda
785 4588 899 4640 hazc
939 4584 1191 4639 videntur
1223 4583 1287 4637 ad
1340 4582 1592 4651 reliquias
1639 4582 1874 4650 captivo-
1899 4580 1950 4640 Β
1985 4595 2108 4634 num
2137 4586 2460 4651 opportune,
2490 4589 2610 4651 eum
2644 4570 3197 4651 panes_deessent,_a_d
3244 4569 3405 4651 illum.
3442 4569 3573 4651 mi:

309 4681 437 4728 rum,
479 4678 620 4733 quos
650 4656 1022 4733 Gundohadus
1050 4654 1190 4709 bello
1219 4654 1485 4733 Ligustico
1510 4668 1593 4733 _ex
1629 4653 1783 4732 Italia
1818 4651 1870 4703 iu

309 4722 529 4790 Galliam
574 4731 909 4787 abduxerat,
961 4725 1023 4778 ad
1071 4740 1205 4792 quos
1250 4722 1590 4777 redimendos
1638 4722 1784 4775 missi
1844 4736 1875 4774 a

304 4804 643 4861 Theoderico
683 4812 810 4866 rege
862 4796 1187 4866 Epiphanius
1230 4794 1563 4866 Ticinensis_.
1611 4801 1666 4847 et
1685 4792 1878 4866 __Victor

310 4876 570 4930 Taurinas
619 4861 938 4937 legationem
965 4861 1253 4937 obierant;
1297 4878 1455 4934 quim
1510 4862 1784 4916 Enuodius
1824 4861 1877 4914 in

313 4942 591 5015 Epiphanii
613 4936 743 5015 Vita
759 4936 1034 5015 describit.
1106 5005 1122 5015 _
1439 5004 1473 5015 η
1653 5010 1663 5015 Δ
1740 5000 1752 5013 ⁹

380 5004 776 5081 δἈῙειθιθιιεὶ,
810 5008 877 5060 de
904 5020 1018 5081 quo
1056 5005 1123 5059 ad
1153 5018 1234 5081 ea
1262 5020 1380 5075 qun
1406 5004 1537 5081 alias
1575 5004 1878 5081 notavimus

312 5088 374 5141 ad
403 5070 727 5139 Ennodium.
758 5070 1073 5147 praclarum
1117 5073 1236 5147 addi
1270 5070 1443 5145 potest
1480 5074 1709 5147 elogium
1755 5070 1879 5124 Flo-

312 5156 441 5209 riani
464 5150 714 5208 monachi
743 5143 794 5201 in
819 5146 1039 5212 epistola
1070 5144 1135 5198 ad
1178 5143 1437 5199 Nicetium
1479 5143 1876 5197 Trevir-ensem.

317 5225 417 5281 Sed
437 5232 483 5278 et
516 5234 718 5275 coronae
753 5227 931 5270 vestra!
963 5215 1183 5279 socium,
1219 5216 1419 5286 inquit,
1453 5214 1606 5266 beatae
1635 5213 1886 5286 memoriae

316 5296 577 5348 dominum
603 5288 884 5344 Caesarium
911 5286 1250 5356 Arelatensem
1282 5283 1593 5356 episeOpum,
1632 5284 1719 5351 qui
1757 5283 1879 5356 virit

314 5366 438 5419 inter
475 5363 721 5416 barbaros
764 5358 875 5425 pius
895 5401 909 5421 ,
939 5358 1067 5408 inter
1093 5355 1224 5408 bella
1251 5352 1480 5424 pacatus,
1527 5362 1669 5425 pater
1699 5352 1889 5425 orpha:

318 5451 516 5496 norum,
550 5442 724 5500 pastor
753 5422 1135 5500 egentium,_qui
1159 5422 1288 5500 lenti
1323 5422 1769 5500 censure/[usionis
1812 5422 1885 5474 ηει

321 5492 571 5573 perdidit,
596 5492 864 5573 catholica;
896 5492 1125 5573 regulam
1165 5496 1445 5573 disciplina
1466 5495 1611 5573 dictis
1643 5492 1887 5573 factisque

322 5564 689 5626 demonstrans.
737 5571 808 5622 De
852 5564 1010 5634 hujus
1040 5580 1246 5633 quoque
1274 5566 1324 5618 in
1350 5564 1630 5631 pascendis
1665 5564 1887 5629 captivis

325 5644 593 5696 alacritate
623 5654 683 5693 ac
710 5637 900 5691 fiducia
923 5637 975 5689 in
1005 5637 1186 5699 Deum,
1217 5636 1539 5704 navibusque
1572 5634 1745 5687 tritico
1778 5634 1887 5701 ple-

328 5715 406 5768 nis
426 5729 454 5767 a
484 5709 815 5767 Gundobado
840 5716 894 5762 et
921 5704 1260 5775 Sigismundo
1304 5705 1515 5775 regibus
1557 5704 1889 5773 Burgundio-

1980 4653 2085 4713 sis,
2134 4641 2315 4702 narrat
2354 4648 2651 4702 Messianus
2686 4643 2965 4714 presbyter
3010 4644 3064 4695 in
3117 4642 3253 4695 libro
3279 4656 3313 4694 ιι
3351 4642 3479 4694 Vita:
3509 4641 3566 4695 S.

1985 4720 2227 4774 Ctesarii.

2056 4800 2078 4828 α
2119 4788 2281 4857 Cujus
2331 4786 2470 4840 sedis
2519 4784 2818 4857 episcopus
2860 4781 3018 4857 fuerit
3066 4795 3186 4857 non_
3220 4780 3406 4857 liquet.
3448 4779 3564 4834 Fuit

1982 4851 2210 4929 quidem
2224 4873 2316 4927 per
2344 4858 2459 4911 haec
2494 4851 2733 4929 tempora
2769 4852 3121 4929 Maximianus
3138 4851 3445 4929 Perusinus
3475 4866 3579 4904 an-

1986 4920 2154 4993 tistes,
2179 4920 2330 4997 cujus
2358 4942 2552 4997 nomen
2580 4920 2777 4997 legitur
2803 4922 2855 4976 in
2887 4921 3105 4991 synodis
3138 4920 3394 4997 Romanis
3410 4923 3583 4997 Sym-

1987 4992 2159 5053 maelii
2192 4992 2360 5067 parite.
2414 4996 2608 5050 Verum
2642 4992 2727 5067 ian
2764 4992 2816 5045 in
2863 5007 2984 5067 eum
3032 4993 3318 5067 convenire
3368 4994 3574 5058 possint

1985 5085 2106 5138 quxe
2135 5064 2203 5123 de
2244 5065 2859 5138 Maximianoepiscepo,
2889 5064 3335 5138 ejusque-patria,
3369 5071 3421 5114 et
3442 5076 3568 5114 ocu-

1990 5131 2162 5195 lorum
2196 5136 2537 5191 incommodo
2570 5136 2655 5188 hic
2688 5134 2969 5192 dicuntur,
3002 5131 3304 5199 ambiguum
3331 5138 3432 5182 est.

2058 5207 2087 5247 ἀ
2129 5207 2540 5271 Mediolanensi,
2588 5203 2885 5270 Eustorgii,
2943 5201 3010 5255 de
3056 5216 3167 5271 quo
3213 5200 3452 5268 proxime
3497 5199 3575 5271 (Ιίτ

1988 5289 2162 5343 ctum,
2208 5268 2554 5341 successori,
2615 5268 2860 5339 Datiique
2898 5268 3194 5343 decessori.
3250 5271 3383 5343 i‘lain
3438 5268 3583 5337 quod

1990 5340 2199 5405 Datium
2245 5340 2679 5411 nonnulli,dum
2714 5342 3147 5397 Mediolanenses
3177 5340 3458 5408 episcopos
3492 5353 3575 5391 re-

1990 5428 2232 5480 censent,
2275 5418 2465 5485 Magno
2502 5422 2842 5485 prmponunt,
2892 5412 3026 5485 ordo
3053 5419 3135 5465 est
3179 5417 3583 5480 prmpmterus,

1987 5493 2075 5562 qui
2105 5506 2175 5562 e_x_
2202 5490 2299 5562 hac
2328 5483 2439 5562 ipsa
2476 5483 2700 5562 epistola
2732 5483 3049 5562 r_evincitu_r.
3307 5546 3339 5562 γ’

2062 5570 2084 5597 ε’
2116 5559 2232 5613 'fhe
2254 5548 2435 5610 iderici
2468 5548 2608 5627 regis
2632 5554 2834 5627 italiae.
2870 5553 3256 5627 A_vulo_s_vero,
3282 5548 3583 5627 “sivetu?

1988 5630 2090 5694 los,
2124 5638 2319 5697 praeter
2351 5616 2747 5697 hunr,nobilis_,
2784 5624 2970 5697 ut‘ait,
3001 5620 3097 5697 viri
3149 5616 3485 5697 provincialis
3516 5618 3582 5670 fi-

1990 5688 2141 5768 lium,
2170 5699 2304 5755 alios
2333 5688 2522 5754 eodem
2555 5695 2754 5750 saeculo
2781 5692 2963 5748 habuit
2985 5688 3168 5744 eadem
3198 5688 3497 5756 provincia,
3525 5698 3591 5742 ut-
