4046 6170
469 251 566 305 23f

1723 242 1781 299 S.
1825 242 2005 299 AVlTl
2046 240 2455 299 VIENNENSIS

3642 237 3749 296 952

468 373 595 421 ante
623 362 721 418 bos
749 362 964 418 circiter
988 368 1217 433 quatuor
1243 372 1412 414 annos
1438 372 1535 427 pro
1573 358 1795 428 pignore
1822 357 2043 414 obsida-
2075 362 2128 420 Α
2152 357 2349 413 velatio
2382 374 2396 410 :
2428 364 2482 412 et
2510 355 2617 412 tale
2665 362 2937 425 repertum
2991 363 3075 411 est
3112 355 3168 410 in
3196 353 3500 410 dormiente
3547 352 3750 422 suppli-

472 467 555 511 tus
588 462 941 523 assumptum,
972 453 1072 507 sub
1096 450 1294 505 auxilio
1316 457 1507 504 vestra:
1536 447 1937 504 intercessionis
1961 463 2053 502 re-

468 552 644 620 quirat
677 564 740 604 ae
774 556 1008 602 revocet.
1035 544 1187 612 Quod
1221 551 1467 611 superest
1495 541 1744 607 obsecro,
1775 548 1835 594 ut
1860 538 2050 609 digna-

466 642 560 696 hili
612 635 955 695 beatitudinis
996 645 1190 690 vestra:
1243 631 1531 701 rescripto,
1586 641 1642 687 et
1693 630 1810 685 illic
1859 628 2051 684 exsul-

469 730 700 785 tantibus
757 725 1096 797 ingenuitatis
1157 732 1353 779 statum
1408 719 1805 792 reparabilem,
1859 728 1915 775 et
1965 718 2052 774 hic

466 819 894 877 desiderantibus
930 815 1199 871 scribendi
1236 814 1439 869 aditum
1485 811 1726 868 doceatis
1755 825 1875 868 esse
1902 825 2053 867 com-

468 926 708 967 munem.

1018 976 1355 1033 EPISTULA
1392 975 1491 1030 XI.

468 1083 806 1127 APOLLINARIS
851 1077 878 1105 ⁸
923 1052 1193 1123 εριεεορὺε
1252 1081 1412 1122 AVITO
1466 1078 1741 1121 \‘lENNENSI
1802 1077 2048 1120 EPISCOPO

1132 1153 1399 1194 GERIANO.

535 1256 675 1311 Satis
722 1254 847 1309 licet
869 1252 979 1322 jam
1011 1265 1289 1321 poenarum
1320 1247 1528 1302 dederit
1566 1260 1686 1301 sera
1733 1243 2009 1314 pcenitudo
2032 1283 2048 1309 ,

468 1360 646 1403 tamen
672 1348 736 1401 ad
759 1346 902 1400 diem
935 1342 1126 1398 festum
1157 1352 1282 1396 ante
1307 1340 1441 1395 alios
1470 1337 1625 1393 nobis
1652 1337 1959 1401 colendum,
1987 1352 2054 1390 ne

469 1439 667 1495 vicario
702 1435 915 1505 quidem
948 1433 1203 1488 famulatu
1232 1431 1425 1487 adesse
1453 1430 1648 1485 merui.
1682 1429 1783 1497 Qui
1811 1429 2055 1483 devotio-

378 1574 379 1577 η
468 1547 590 1586 nem
625 1545 731 1583 non
761 1526 996 1591 ostendi,
1029 1526 1115 1582 vel
1162 1523 1580 1580 satisfactionem
1610 1522 1822 1578 deferre
1849 1521 2050 1579 curavi.

468 1622 549 1681 Ad
579 1620 718 1687 quod
742 1633 864 1672 vere
892 1626 947 1671 ut
973 1615 1185 1671 confido
1207 1616 1323 1685 ipso
1347 1630 1464 1670 sum
1490 1654 1505 1681 ,
1538 1613 1693 1669 beate
1717 1621 1772 1669 et
1793 1627 2050 1669 reveren-

2154 451 2317 516 cium,
2349 451 2504 520 quale
2530 449 2708 504 fuerat
2752 450 2803 503 in
2831 449 3083 518 vigilante
3106 456 3406 517 peccatum.
3445 445 3587 500 Ecce
3609 446 3752 500 veri-

2155 550 2321 597 tatem
2349 542 2472 597 dico
2498 542 2553 597 in
2579 542 2819 607 Christo,
2851 556 2958 597 non
3004 539 3261 603 mentior,
3294 552 3416 592 cum
3446 538 3753 606 parturien-

2157 636 2300 691 tibus
2331 637 2596 706 lacrymas
2619 635 2790 690 oculis
2835 634 3083 704 legissem
3131 632 3401 687 somnium
3434 630 3582 699 quod
3611 630 3752 685 vidi-

2157 731 2293 795 stis,
2345 731 2524 785 omnis
2579 736 2815 784 mentem
2874 741 3052 781 meam
3098 725 3263 779 subiit
3334 722 3752 779 necessitudinis

2155 818 2456 875 recordatio
2506 817 2948 888 praemissarum,
2999 814 3194 884 quibus
3241 828 3339 882 per
3391 813 3751 869 visitationem

2155 918 2389 964 vestram
2416 908 2671 962 honorem
2697 906 3002 975 dependere
3024 918 3123 959 nos
3147 902 3451 958 admonitos
3475 903 3739 958 intellexi.

2157 1001 2325 1055 Porro
2352 1009 2530 1055 autem
2561 998 2631 1055 de
2682 998 2799 1069 ipsa
2835 998 3165 1054 revelatione
3186 996 3314 1066 quid
3358 997 3643 1061 senserim,
3694 997 3751 1051 in

2155 1095 2498 1164 simplicitate
2526 1094 2808 1163 deprome.
2839 1093 2930 1148 Sic
2954 1106 3083 1161 ergo
3114 1090 3293 1160 inquis
3327 1107 3341 1143 :
3372 1089 3502 1144 Nam
3530 1092 3583 1144 in
3631 1090 3749 1159 ipsa

2158 1197 2317 1244 nocte
2363 1196 2549 1241 sancta
2590 1187 2644 1241 in
2667 1200 2772 1257 qua
2801 1185 3005 1241 scilicet
3030 1198 3302 1255 germana:
3328 1184 3630 1239 communis
3657 1183 3752 1239 de~

2156 1281 2353 1352 positio
2374 1278 2768 1345 celebrabatur,
2799 1276 2982 1333 nescio
3010 1275 3137 1347 quid
3160 1275 3406 1330 manibus
3424 1278 3558 1329 meis
3576 1274 3753 1329 haese-

2156 1381 2259 1438 rat,
2308 1371 2452 1441 quod
2508 1369 2808 1425 cousedens
2856 1369 3013 1438 juxta
3059 1382 3146 1422 me
3192 1366 3607 1437 fulgentissima,
3655 1366 3751 1423 sed

2158 1464 2413 1518 inusitato
2442 1463 2628 1518 colore
2674 1461 2839 1517 rubea
2889 1460 3136 1516 columba
3164 1459 3416 1516 vellebat.
3466 1460 3536 1514 At
3583 1475 3751 1528 vero,

2155 1570 2280 1610 cum
2303 1554 2454 1624 juxta
2494 1562 2548 1608 te
2588 1554 2762 1623 pictas
2792 1561 2902 1619 tua,
2977 1567 3077 1607 nec
3118 1552 3275 1621 longe
3303 1551 3553 1616 avolans,
3586 1552 3753 1607 celeri

2158 1643 2528 1699 recordatione
2555 1642 2825 1709 consedit,
2855 1641 3093 1697 debitum
3122 1640 3264 1711 quod
3289 1641 3630 1697 sanctissime
3661 1652 3743 1708 tu,

469 1712 673 1767 tissime
702 1710 939 1773 domine,
971 1706 1165 1778 spiritu
1198 1707 1451 1806 visitante
1491 1704 1872 1761 commonitus.
1917 1702 2050 1757 Nam
2086 1729 2132 1787 Β
2161 1736 2396 1806 piissime
2426 1702 2867 1805 propinquorm'n,
2910 1740 2989 1799 tu,
3023 1702 3261 1801 inqu'am’
3290 1731 3483 1786 [nemo
3514 1731 3631 1786 hac
3655 1702 3752 1786 eo;

469 1809 523 1862 in
552 1808 663 1874 ipsa
699 1814 882 1858 sancta
913 1812 1092 1868 nocte,
1126 1802 1178 1856 in
1209 1799 1413 1856 visione
1436 1799 1619 1856 nescio
1644 1799 1772 1870 quid
1806 1798 2058 1853 manibus

469 1901 605 1957 meis
630 1900 880 1966 hazserat,
926 1897 1069 1968 quod
1112 1896 1416 1952 cousedens
1444 1896 1594 1964 juxta
1633 1910 1719 1949 me
1768 1893 2055 1964 fulgentis-

469 1993 624 2059 sima,
655 1991 751 2046 sed
792 1989 1045 2045 inusitato
1084 1989 1268 2042 colore
1308 1986 1475 2041 rubea
1507 1984 1752 2041 columba
1804 1984 2055 2039 vellebat.

469 2082 705 2151 Cumque
718 2078 1150 2149 expergefactus,
1166 2076 1536 2147 quotidianum
1554 2075 1772 2147 quidem
1799 2089 2055 2129 manuum

470 2188 709 2229 mearum
753 2172 1031 2227 horrorem
1065 2183 1513 2238 recognoscerem
1533 2210 1548 2235 ,
1595 2166 1693 2224 sed
1726 2167 1939 2236 purgari
1971 2180 2059 2221 me

471 2261 740 2317 immerito
790 2259 1135 2314 nihilominus
1164 2258 1553 2323 meminissem,
1581 2256 1707 2312 dum
1738 2256 1908 2326 ipsum
1943 2269 2060 2309 am-

472 2353 686 2423 biguum
720 2360 940 2406 maestus
966 2363 1174 2403 mecum
1204 2354 1364 2417 atque
1404 2348 1597 2401 anxius
1628 2347 1803 2414 volvo,
1835 2354 2058 2415 repente

473 2444 625 2513 quasi
650 2442 868 2498 stimulo
889 2453 1205 2511 percussus,
1251 2439 1396 2493 illico
1427 2454 1545 2493 sum
1578 2439 1827 2509 reliquati
1857 2438 2060 2493 fenoris

473 2534 804 2611 recordatus.
840 2532 956 2586 Jam
978 2544 1096 2600 qua:
1127 2546 1212 2585 me
1242 2530 1365 2585 hinc
1391 2529 1660 2595 confusio,
1687 2545 1876 2599 quaeve
1906 2545 2060 2599 pres-

475 2627 608 2679 serit
626 2623 946 2685 amaritudo,
969 2623 1137 2691 pietas
1168 2630 1352 2675 sancta
1372 2619 1677 2690 perpendit.
1708 2620 2062 2688 Aliquatenus

477 2726 655 2770 tamen
688 2715 785 2769 hac
812 2727 908 2782 spe
936 2712 1140 2766 solatus
1156 2726 1297 2778 sum,
1324 2710 1467 2781 quod
1501 2711 1744 2781 ignoscat
1767 2726 1886 2780 quae
1915 2726 2062 2766 com-

478 2821 698 2861 monere
719 2804 933 2875 dignata
963 2813 1064 2868 est,
1094 2810 1152 2857 ut
1179 2802 1399 2858 miserto
1429 2802 1563 2857 mihi
1605 2817 1711 2857 non
1736 2802 1912 2857 omnis
1933 2816 2062 2856 san-

477 2897 551 2953 cti
582 2896 825 2965 obsequii
863 2894 1234 2965 opportunitas
1262 2892 1620 2948 fraudaretur.
1646 2893 1823 2948 Unum
1854 2902 2059 2949 tantum

480 2989 647 3044 mixta
677 2987 872 3043 debitis
900 2984 1425 3041 commemorationis
1461 2985 1578 3054 ejus
1614 2984 1809 3039 officiis
1854 2986 2063 3055 suppli-

479 3082 620 3136 catio
640 3080 912 3150 deposcit,
944 3087 1001 3132 ut
1029 3077 1166 3132 hanc
1194 3090 1408 3147 quoque
1437 3076 1782 3147 indulgentiae
1812 3091 1923 3131 suae
1944 3092 2064 3146 par-

482 3183 588 3228 tem
618 3171 867 3227 sensibus
899 3178 1114 3235 vestrte,
1142 3184 1263 3238 qua:
1303 3168 1357 3221 in
1388 3183 1473 3222 me
1500 3169 1617 3237 plus
1642 3168 1752 3237 jam
1774 3166 1915 3238 justa
1946 3177 2029 3223 est
2049 3207 2065 3235 ,

487 3264 852 3335 imputationis
883 3261 1125 3331 inspiret.

1027 3350 1358 3407 EPISTOLA
1396 3350 1511 3406 ΧΗ.

526 3461 720 3503 Αγιτυε
762 3458 1070 3498 VIENNEDSIS
1118 3457 1392 3497 EPISCOPUS
1425 3456 1732 3499 APOLLINARI
1764 3455 2029 3496 EPISCOPO.

556 3559 794 3628 Apparet
819 3556 1019 3625 liquido
1048 3568 1245 3624 quanta
1277 3550 1344 3606 sit
1381 3550 1434 3607 in
1463 3562 1641 3607 vestro
1681 3561 1873 3607 merito
1898 3549 2067 3621 gratia

488 3650 616 3714 Dei,
658 3657 748 3701 aut
786 3657 1019 3717 quantus
1058 3643 1251 3713 conjici
1281 3642 1475 3698 debeat
1503 3642 1758 3696 virtutum
1785 3641 2065 3707 cumulus,

485 3739 575 3794 ubi
599 3753 751 3793 error
779 3737 891 3806 ipse
922 3743 1027 3789 tam
1066 3744 1286 3789 sanctus
1325 3742 1427 3787 est.
1459 3731 1589 3786 Nam
1614 3731 1741 3785 dum
1778 3732 1954 3801 justus
1979 3746 2069 3787 ac-

484 3840 702 3887 cusator
727 3831 808 3884 sui
834 3837 1057 3884 conatur
1086 3828 1138 3883 in
1182 3842 1242 3882 se
1285 3827 1610 3881 convincere
1654 3825 1796 3894 quod
1841 3838 2069 3894 peccare

486 3940 591 3979 non
623 3922 810 3994 potuit,
840 3921 1144 3977 confitentis
1174 3919 1447 3974 humilitas
1466 3919 1664 3973 crescit
1691 3918 1758 3972 ad
1789 3918 2065 3985 meritum,

488 4033 595 4071 non
624 4015 975 4071 confessionis
995 4012 1196 4068 veritas
1215 4012 1280 4066 ad
1309 4020 1540 4067 reatum.
1570 4010 1769 4065 Excess
1783 4009 1869 4064 isti
1895 4010 2069 4065 fateor

485 4108 961 4165 consuetudinem:
991 4106 1086 4161 sed
1132 4104 1346 4174 pietatis
1388 4112 1676 4173 augmento
1724 4116 1938 4173 semper
1963 4101 2068 4158 diei

485 4199 647 4269 hujus
702 4198 1005 4253 meminisse
1058 4195 1376 4265 dignamini.
1424 4194 1663 4249 Dulcisa
1716 4194 1869 4250 vobis
1922 4193 2070 4248 venit

485 4289 822 4354 sollicitudo;
845 4286 941 4343 sed
964 4302 1070 4340 non
1110 4284 1607 4354 incomparabiliter
1639 4284 1899 4352 przevenit
1926 4281 2066 4337 obli-

487 4382 593 4437 vin.
621 4380 799 4436 Minus
822 4380 965 4434 enim
994 4377 1176 4448 procul
1206 4376 1368 4431 dubio
1388 4375 1535 4429 salva
1565 4374 1945 4428 observatione
1974 4387 2068 4439 ap-

490 4483 643 4544 paret
687 4472 911 4529 offectus
946 4487 959 4524 :
999 4468 1094 4523 sed
1140 4466 1451 4521 ostendistis
1493 4472 1689 4534 quanta
1730 4463 2069 4533 spiritalitate
2100 4462 2150 4522 Ι)

488 4582 583 4621 vos
616 4579 876 4622 exercere
919 4561 1168 4621 delectet,
1223 4556 1365 4628 quod
1399 4554 1704 4624 praeterisse
1741 4555 1820 4608 sic
1871 4554 2064 4609 doluit.

489 4660 628 4715 Vere
661 4670 850 4714 secura
875 4662 956 4710 est
992 4651 1300 4721 dignitatem
1331 4647 1510 4704 delicti
1559 4648 1723 4701 vestri
1746 4720 1747 4723 η
1768 4659 1952 4703 sancta
1979 4664 2071 4706 re-

489 4814 718 4873 Avulum
770 4806 1261 4879 Segestericensem
1312 4803 1622 4879 episcopum
1655 4840 1673 4868 ,
1732 4802 2071 4879 et_Avolum

458 4938 459 4943 η
488 4872 769 4955 Ᾱιιυιιιιιιιι
794 4872 1115 4955 Se'stiarum,
1155 4872 1388 4955 quorum
1427 4872 1530 4955 ille
1576 4873 1628 4925 in
1658 4873 1862 4943 synodo
1889 4890 1937 4929 tv
1963 4879 2073 4931 Au-

490 4942 772 5012 rciiaiiensi
802 4948 1116 5012 subscribit,
1155 4942 1242 4999 hic
1272 4945 1326 4998 in
1353 4942 1554 5012 quinta.

560 5036 586 5063 ιι
629 5022 922 5077 Valentinae
974 5019 1118 5071 sedis
1187 5021 1444 5081 antistes,
1516 5014 1671 5067 Avito
1726 5013 1891 5070 fratre
1938 5025 2063 5070 natu

490 5094 683 5162 major,
716 5094 782 5147 de
811 5086 1253 5162 quogAgoharduhs
1281 5085 1346 5139 ad
1377 5083 1699 5162 Ludovicum
1726 5086 1948 5162 i_mp._dc
1976 5087 2063 5139 Ju-

489 5154 655 5219 daicis
672 5154 1136 5230 superstitionibus
1163 5174 1175 5209 ι
1202 5155 1423 5230 Sauct_us
1452 5154 1763 5230 Apollinaris
1787 5157 2056 5230 episcopus

490 5225 1071 5294 Ecclesiw'Valentinat,
1101 5234 1318 5296 quantus
1344 5225 1493 5293 fuerit
1532 5235 1578 5276 et
1616 5225 1711 5296 sit,
1750 5241 1852 5277 non
1889 5226 2059 5278 solum

490 5318 627 5380 gestu
655 5305 716 5357 dc
736 5300 1021 5380 conscripto
1042 5338 1057 5361 ,
1086 5295 1173 5351 sed
1201 5307 1248 5350 et
1274 5296 1456 5380 crebra.
1477 5297 1589 5380 ejus
1631 5295 1878 5376 miracula
1903 5312 2058 5380 usque

490 5366 643 5430 hodie
687 5366 969 5427 sublimiter
1000 5376 1270 5421 testantur.
1317 5366 1566 5433 Epistula:
1614 5366 1888 5432 utriusque
1917 5368 2053 5418 idem

491 5458 571 5502 est
591 5450 979 5513 argumentum.
1015 5438 1291 5492 Somnium
1323 5450 1523 5513 nempe
1542 5436 1887 5513 Apollinaris,
1916 5434 2058 5503 quod

491 5533 552 5571 ea
593 5506 679 5570 illi
700 5522 858 5569 nocte
883 5511 1115 5563 oblatum
1151 5517 1255 5573 est,
1286 5522 1387 5575 qua
1429 5506 1692 5560 defunctae
1719 5508 1920 5558 sororis
1965 5522 2060 5558 an-

493 5589 843 5642 niversarium
880 5580 1094 5634 Vienna:
1123 5579 1237 5647 ipso
1262 5581 1481 5631 absente
1506 5576 1897 5647 celebrabatur.

562 5665 589 5695 ³
626 5657 878 5713 liciorum
906 5651 962 5709 in
1006 5644 1278 5721 provincia
1305 5662 1343 5703 ιι
1358 5685 1376 5715 ,
1419 5654 1477 5704 ιιι
1507 5646 1700 5703 docent
1724 5644 2061 5717 subscriptio-

2165 1827 2344 1882 lumha
2373 1827 2628 1891 sentires,
2674 1824 3091 1894 fulgentissima,
3120 1837 3242 1878 eum
3290 1821 3631 1891 simplicitate
3671 1823 3753 1877 sic

2164 1918 2368 1983 luceas,
2400 1918 2655 1973 inusitato
2675 1916 2859 1972 colore
2880 1915 3117 1981 rubrata,
3145 1929 3268 1970 cum
3300 1914 3560 1970 innocens
3580 1913 3755 1983 singu-

2161 2012 2348 2068 lariter
2371 2009 2524 2080 quasi
2554 2008 2787 2079 propriis
2812 2015 3135 2078 compuncta
3174 2006 3409 2062 stimulis
3438 2004 3753 2061 erubescas.

2161 2103 2477 2174 Ampliastis
2504 2117 2635 2173 ergo
2660 2101 2876 2172 quidem
2895 2143 2910 2166 ,
2953 2109 3011 2155 ut
3039 2113 3199 2169 supra
3227 2099 3427 2154 dictum
3460 2106 3564 2165 est,
3591 2096 3756 2150 fenus

2161 2204 2477 2251 assuetum:
2512 2208 2612 2250 nec
2641 2192 2771 2247 illud
2804 2201 2981 2247 tamen
3008 2190 3385 2247 consuetudini
3412 2188 3584 2244 defuit
3608 2185 3759 2257 quod

2164 2288 2411 2357 putastis.
2444 2285 2575 2340 Nam
2606 2285 2749 2341 nocti
2773 2284 2875 2353 ipsi
2905 2298 3066 2353 quam
3105 2296 3203 2338 vos
3241 2282 3512 2337 excitante
3538 2279 3761 2333 Christo

2163 2391 2270 2432 non
2298 2375 2447 2431 licuit
2475 2374 2756 2440 oblivisci,
2796 2373 2973 2429 adhuc
3009 2373 3077 2428 de
3106 2372 3428 2427 abundantia
3454 2368 3764 2439 superioris

2163 2468 2290 2524 anni
2318 2476 2497 2525 vestra
2545 2467 2897 2522 nihilominus
2927 2465 3062 2521 luxit
3106 2465 3330 2519 oblatio.
3380 2462 3471 2519 Sic
3517 2476 3584 2517 ex
3613 2476 3765 2530 quo-

2163 2562 2287 2617 dam
2318 2574 2565 2631 supernaa
2592 2557 2994 2615 benedictionis
3018 2556 3238 2625 irriguo,
3271 2553 3415 2624 quod
3447 2550 3763 2623 impenditis

2165 2653 2323 2708 annis
2350 2650 2608 2720 singulis,
2654 2648 2855 2705 sufficit
2898 2647 3103 2702 multis.
3151 2647 3314 2702 Deum
3345 2659 3530 2715 quaeso
3558 2651 3617 2699 ut
3654 2642 3764 2698 hoc

2170 2746 2331 2802 etiam
2360 2742 2491 2799 mihi
2523 2743 2693 2812 pietas
2722 2747 2900 2794 vestra
2923 2737 3247 2809 quandoque
3282 2734 3576 2807 dependat.

2701 2848 3034 2921 EPISTULA
3077 2848 3214 2903 xm.

2171 2960 2361 3001 Ανιτοε
2426 2955 2732 2999 VIENNENSIS
2782 2955 3059 2996 EPISCOPL‘S
3103 2938 3131 2977 δ
3185 2952 3585 2994 (εοκτυιιειιοεο
3648 2953 3761 2993 ΕΡΙ*

2887 3025 3069 3065 SCOPO.

2093 3098 2139 3161 C
2250 3104 2539 3170 Quantum,
2563 3101 2719 3156 vobis
2746 3099 2886 3170 apud
2932 3099 3100 3155 Deum
3148 3098 3595 3169 suifragantibus,
3628 3112 3762 3166 qua-

2171 3197 2448 3265 liscunque
2487 3193 2602 3248 voti
2634 3193 2740 3248 mei
2770 3192 2888 3247 dies
2917 3191 3362 3261 prepinquantur,
3402 3198 3604 3244 tantum
3638 3190 3761 3244 ani-

2170 3288 2243 3343 mi
2272 3288 2379 3342 mei
2408 3284 2736 3340 desiderium
2769 3284 3045 3353 pudorque
3084 3282 3381 3338 decertant.
3415 3282 3761 3339 Benedictio-

2169 3394 2292 3433 nem
2318 3378 2515 3447 quippe
2544 3375 2726 3445 flagito
2747 3376 2897 3444 operi
2920 3373 3257 3443 imperfecto.
3290 3374 3446 3427 Esset
3467 3373 3761 3442 quantula-

2168 3483 2381 3539 cunque
2406 3468 2707 3533 excusatio,
2737 3468 2782 3521 si
2814 3467 2866 3520 in
2897 3480 2964 3521 eo
2991 3467 3197 3521 inertiae
3226 3480 3359 3520 meae
3386 3479 3578 3519 noxam
3608 3465 3761 3518 vela-

2170 3570 2255 3617 ret
2274 3576 2337 3616 ac
2367 3569 2572 3629 tegeret
2600 3557 2933 3627 magnitudo.
2989 3557 3139 3611 Nunc
3170 3570 3299 3610 vero
3329 3555 3522 3625 exiguo
3552 3554 3762 3624 pariter

2169 3662 2327 3723 atque
2371 3652 2613 3721 impolito
2656 3651 2782 3721 quid
2828 3658 3005 3719 potest
3041 3663 3164 3705 esse
3205 3647 3538 3702 deformius?
3580 3645 3758 3701 Unum

2178 3745 2341 3813 igitur
2368 3752 2473 3809 est,
2504 3741 2643 3812 quod
2673 3741 3025 3810 trepidantem
3058 3740 3294 3794 animum
3323 3738 3511 3793 audaci
3543 3738 3755 3791 solatur

2180 3835 2391 3887 hortatu
2414 3872 2430 3898 ,
2463 3841 2643 3887 vestro
2671 3831 2911 3898 scilicet,
2933 3830 2977 3883 si
2995 3843 3091 3882 nos
3116 3828 3258 3883 Deus
3282 3826 3536 3881 exaudire
3562 3826 3758 3896 digna-

2171 3933 2254 3980 tur
2276 3965 2290 3990 ,
2321 3923 2554 3979 adventu
2585 3932 2771 3977 cuncta
2803 3921 2855 3975 in
2886 3919 3078 3974 melius
3107 3933 3228 3974 esse
3251 3917 3529 3972 vertenda.
3572 3916 3762 3987 Neque

2170 4015 2311 4070 enim
2349 4023 2432 4069 est
2471 4012 2613 4083 quod
2650 4028 2752 4066 non
2770 4010 2983 4080 possitis
3012 4018 3104 4062 aut
3147 4007 3353 4063 orando
3390 4021 3714 4076 componere
3740 4045 3760 4072 ,

2171 4116 2266 4160 aut
2320 4104 2622 4174 perorando
2674 4117 2952 4158 excusare.
3000 4100 3231 4155 Tantum
3297 4099 3437 4154 sicut
3493 4098 3561 4153 de
3604 4112 3763 4152 com-

2172 4206 2338 4266 perta:
2369 4195 2583 4264 pietatis
2609 4202 2735 4249 voto
2763 4193 2895 4247 certi
2931 4206 3140 4259 sumus,
3189 4192 3262 4246 ita
3306 4189 3506 4261 praevio
3532 4198 3761 4261 prasto-

2170 4286 2290 4342 lata:
2310 4285 2630 4341 visitationis
2656 4284 2844 4339 nuntio
2874 4282 3223 4353 gaudeamus.

2698 4418 3028 4476 EPISTOLA
3076 4416 3219 4473 XIV.

2385 4548 2662 4592 VICTUBIUS
2703 4544 2726 4573 ⁸
2765 4545 3042 4589 ενιεεοιιυε
3080 4545 3239 4586 AVITO
3276 4545 3543 4587 EPISCOPO.
3640 4564 3645 4567 -

2252 4653 2335 4711 Ad
2374 4651 2727 4721 separandum
2768 4664 2798 4704 a
2830 4648 3011 4704 tritico
3040 4646 3222 4702 lolium
3268 4646 3321 4701 in
3367 4661 3492 4702 area
3543 4645 3762 4704 Domini

2177 4822 2274 4863 nes
2306 4803 2506 4879 synodi
2540 4806 2868 4879 Arelatensls
2910 4819 2986 4879 tv,
3024 4796 3520 4879 Carpentoratepsis
3550 4811 3604 4857 et
3653 4802 3763 4855 Va-

2174 4872 2354 4932 sensis
2378 4894 2436 4932 ιι.
2488 4877 2739 4930 Doctrina
2771 4875 3037 4929 excultum
3069 4872 3342 4926 hominem
3393 4872 3554 4926 fuisse
3595 4887 3762 4941 argu-

2174 4959 2355 5003 mento
2385 4958 2487 5011 est,
2515 4945 2655 5014 quod
2680 4946 2862 4998 Avitus
2905 4946 3044 4999 hunc
3074 4944 3213 5014 inter
3244 4943 3498 4996 librorum
3531 4958 3755 5014 suorum

2170 5032 2423 5074 censores
2451 5027 2504 5072 et
2531 5012 2759 5084 arbitros
2802 5014 3087 5084 delegerit.
3122 5012 3295 5065 Mores
3318 5022 3496 5084 autem
3532 5012 3764 5084 illauda-

2171 5098 2253 5143 tus
2285 5088 2545 5157 probavit,
2582 5098 2688 5138 tum
2721 5083 2943 5157 Cmsarii
2966 5085 3188 5152 ejuslue
3216 5083 3428 5157 synodi,
3461 5083 3758 5157 tum__sedis

2167 5151 2475 5228 apostolica:
2501 5151 2788 5228 judicium,
2840 5154 2995 5228 cujus
3024 5154 3285 5207 sententia
3314 5151 3756 5228 Contumeliosus

2165 5219 2475 5297 episc0patu
2501 5219 2582 5281 ὀὺ
2621 5226 2874 5295 flagitium
2901 5219 3163 5297 dejectus,
3203 5219 3439 5288 atquein
3480 5232 3763 5297 monaste-

2163 5292 2300 5352 rium
2333 5292 2572 5352 r'etrnsus
2621 5292 2722 5360 est,
2755 5307 2810 5349 ut
2864 5296 2920 5348 in
2971 5296 3143 5363 primo
3198 5301 3342 5345 temo
3391 5292 3758 5346 conciliorum

2167 5368 2351 5423 Galliae
2382 5367 2564 5421 videre
2592 5375 2696 5421 est.

2241 5450 2262 5477 ο
2295 5437 2841 5503 Gratianupolitanus.
2884 5433 2992 5487 Nec
3041 5433 3184 5487 enim
3228 5430 3413 5484 dubito
3444 5432 3569 5503 quin
3604 5430 3647 5482 is
3676 5430 3757 5485 sit

2166 5510 2254 5576 qui
2285 5509 2337 5562 in
2367 5502 2594 5575 epismlu
2628 5508 2657 5558 6
2681 5505 2854 5576 dictus
2892 5514 2975 5576 est
3006 5504 3290 5576 Victorius,
3324 5502 3580 5576 atqueita
3611 5515 3758 5565 quo-

2168 5569 2269 5645 qne
2298 5569 2601 5631 nominatur
2655 5577 2706 5628 in
2748 5573 2974 5641 epistola
3017 5572 3082 5627 16
3106 5582 3171 5645 et
3206 5573 3255 5622 in
3308 5571 3447 5623 aliis.
3490 5569 3759 5645 Hic_ergo

2168 5640 2323 5703 Avito
2384 5645 2700 5716 Viennensi,
2759 5640 3007 5714 tanquam
3064 5640 3400 5709 sulfraganee
3462 5640 3759 5709 provinci-.1;
