  <div class='ocr_page' id='page_1' title='image "/cluster/home/n/w/nwhite01/storage/ocr_20150623/59/hvd.32044073505117/122.png"; bbox 0 0 4024 6172; ppageno 0'>
   <div class='ocr_carea' id='block_1_1' title="bbox 229 255 331 312">
    <p class='ocr_par' dir='ltr' id='par_1_1' title="bbox 229 255 331 312">
     <span class='ocr_line' id='line_1_1' title="bbox 229 255 331 312; baseline 0.02 -2"><span class='ocrx_word' id='word_1_1' title='bbox 229 255 331 312; x_wconf 75' lang='grc'><strong>233</strong></span> 
     </span>
    </p>
   </div>
   <div class='ocr_carea' id='block_1_2' title="bbox 1596 253 2111 315">
    <p class='ocr_par' dir='ltr' id='par_1_2' title="bbox 1596 253 2111 315">
     <span class='ocr_line' id='line_1_2' title="bbox 1596 253 2111 315; baseline -0.004 -5"><span class='ocrx_word' id='word_1_2' title='bbox 1596 253 1927 315; x_wconf 81' lang='lat' dir='ltr'><strong>EPISTOLA</strong></span> <span class='ocrx_word' id='word_1_3' title='bbox 1968 254 2111 309; x_wconf 85' lang='lat' dir='ltr'><strong>XVI.</strong></span> 
     </span>
    </p>
   </div>
   <div class='ocr_carea' id='block_1_3' title="bbox 3392 261 3495 318">
    <p class='ocr_par' dir='ltr' id='par_1_3' title="bbox 3392 261 3495 318">
     <span class='ocr_line' id='line_1_3' title="bbox 3392 261 3495 318; baseline 0.019 -2"><span class='ocrx_word' id='word_1_4' title='bbox 3392 261 3495 318; x_wconf 66' lang='grc' dir='ltr'><strong>εει</strong></span> 
     </span>
    </p>
   </div>
   <div class='ocr_carea' id='block_1_4' title="bbox 228 342 3492 420">
    <p class='ocr_par' dir='ltr' id='par_1_4' title="bbox 228 342 3492 420">
     <span class='ocr_line' id='line_1_4' title="bbox 228 342 3492 420; baseline 0.001 -18"><span class='ocrx_word' id='word_1_5' title='bbox 228 346 589 403; x_wconf 74' lang='lat' dir='ltr'><strong>ordinationis</strong></span> <span class='ocrx_word' id='word_1_6' title='bbox 636 353 832 411; x_wconf 62' lang='lat' dir='ltr'><strong>vestrae</strong></span> <span class='ocrx_word' id='word_1_7' title='bbox 868 345 1162 404; x_wconf 90' lang='lat' dir='ltr'><strong>ventilabra</strong></span> <span class='ocrx_word' id='word_1_8' title='bbox 1203 345 1470 417; x_wconf 88' lang='lat' dir='ltr'><strong>poscenda</strong></span> <span class='ocrx_word' id='word_1_9' title='bbox 1506 354 1665 401; x_wconf 90' lang='lat' dir='ltr'><strong>sunt:</strong></span> <span class='ocrx_word' id='word_1_10' title='bbox 1694 346 1817 415; x_wconf 86' lang='lat' dir='ltr'><strong>quia</strong></span> <span class='ocrx_word' id='word_1_11' title='bbox 1847 346 1895 407; x_wconf 84' lang='grc' dir='ltr'><strong>Α</strong></span> <span class='ocrx_word' id='word_1_12' title='bbox 1925 344 2121 401; x_wconf 86' lang='lat' dir='ltr'><strong>timore</strong></span> <span class='ocrx_word' id='word_1_13' title='bbox 2167 342 2382 400; x_wconf 76' lang='lat' dir='ltr'><strong>divortii</strong></span> <span class='ocrx_word' id='word_1_14' title='bbox 2411 344 2684 412; x_wconf 76' lang='lat' dir='ltr'><strong>dubitetis,</strong></span> <span class='ocrx_word' id='word_1_15' title='bbox 2719 344 2814 400; x_wconf 84' lang='lat' dir='ltr'><strong>sed</strong></span> <span class='ocrx_word' id='word_1_16' title='bbox 2846 346 3041 401; x_wconf 90' lang='lat' dir='ltr'><strong>merito</strong></span> <span class='ocrx_word' id='word_1_17' title='bbox 3062 358 3309 404; x_wconf 83' lang='lat' dir='ltr'><strong>censetur</strong></span> <span class='ocrx_word' id='word_1_18' title='bbox 3337 364 3492 420; x_wconf 82' lang='lat' dir='ltr'><strong>sepa-</strong></span> 
     </span>
    </p>
   </div>
   <div class='ocr_carea' id='block_1_5' title="bbox 230 437 1827 508">
    <p class='ocr_par' dir='ltr' id='par_1_5' title="bbox 230 437 1827 508">
     <span class='ocr_line' id='line_1_5' title="bbox 230 437 1827 508; baseline -0.004 -14"><span class='ocrx_word' id='word_1_19' title='bbox 230 438 322 495; x_wconf 90' lang='lat' dir='ltr'><strong>ille</strong></span> <span class='ocrx_word' id='word_1_20' title='bbox 345 438 440 508; x_wconf 92' lang='lat' dir='ltr'><strong>qui</strong></span> <span class='ocrx_word' id='word_1_21' title='bbox 472 438 625 494; x_wconf 92' lang='lat' dir='ltr'><strong>vobis</strong></span> <span class='ocrx_word' id='word_1_22' title='bbox 658 439 937 495; x_wconf 73' lang='lat' dir='ltr'><strong>constituit</strong></span> <span class='ocrx_word' id='word_1_23' title='bbox 981 448 1168 495; x_wconf 90' lang='lat' dir='ltr'><strong>tenere</strong></span> <span class='ocrx_word' id='word_1_24' title='bbox 1204 438 1308 493; x_wconf 92' lang='lat' dir='ltr'><strong>loci</strong></span> <span class='ocrx_word' id='word_1_25' title='bbox 1338 437 1597 508; x_wconf 85' lang='lat' dir='ltr'><strong>principis</strong></span> <span class='ocrx_word' id='word_1_26' title='bbox 1627 437 1827 506; x_wconf 90' lang='lat' dir='ltr'><strong>princi-</strong></span> 
     </span>
    </p>
   </div>
   <div class='ocr_carea' id='block_1_6' title="bbox 229 529 1828 603">
    <p class='ocr_par' dir='ltr' id='par_1_6' title="bbox 229 529 1828 603">
     <span class='ocr_line' id='line_1_6' title="bbox 229 529 1828 603; baseline -0.002 -18"><span class='ocrx_word' id='word_1_27' title='bbox 229 539 436 603; x_wconf 82' lang='lat' dir='ltr'><strong>patum,</strong></span> <span class='ocrx_word' id='word_1_28' title='bbox 466 545 568 586; x_wconf 91' lang='lat' dir='ltr'><strong>nos</strong></span> <span class='ocrx_word' id='word_1_29' title='bbox 596 530 772 585; x_wconf 85' lang='lat' dir='ltr'><strong>voluit</strong></span> <span class='ocrx_word' id='word_1_30' title='bbox 796 530 1015 598; x_wconf 83' lang='lat' dir='ltr'><strong>exsequi</strong></span> <span class='ocrx_word' id='word_1_31' title='bbox 1040 530 1180 601; x_wconf 91' lang='lat' dir='ltr'><strong>quod</strong></span> <span class='ocrx_word' id='word_1_32' title='bbox 1210 529 1575 600; x_wconf 90' lang='lat' dir='ltr'><strong>pracceperitis</strong></span> <span class='ocrx_word' id='word_1_33' title='bbox 1601 529 1655 583; x_wconf 89' lang='lat' dir='ltr'><strong>in</strong></span> <span class='ocrx_word' id='word_1_34' title='bbox 1696 541 1828 597; x_wconf 91' lang='lat' dir='ltr'><strong>ope-</strong></span> 
     </span>
    </p>
   </div>
   <div class='ocr_carea' id='block_1_7' title="bbox 235 620 1826 693">
    <p class='ocr_par' dir='ltr' id='par_1_7' title="bbox 235 620 1826 693">
     <span class='ocr_line' id='line_1_7' title="bbox 235 620 1826 693; baseline -0.004 -15"><span class='ocrx_word' id='word_1_35' title='bbox 235 637 321 687; x_wconf 90' lang='lat' dir='ltr'><strong>re,</strong></span> <span class='ocrx_word' id='word_1_36' title='bbox 346 622 496 693; x_wconf 91' lang='lat' dir='ltr'><strong>quod</strong></span> <span class='ocrx_word' id='word_1_37' title='bbox 539 631 721 678; x_wconf 90' lang='lat' dir='ltr'><strong>autem</strong></span> <span class='ocrx_word' id='word_1_38' title='bbox 747 621 1078 691; x_wconf 91' lang='lat' dir='ltr'><strong>operandum</strong></span> <span class='ocrx_word' id='word_1_39' title='bbox 1124 629 1208 677; x_wconf 92' lang='lat' dir='ltr'><strong>est</strong></span> <span class='ocrx_word' id='word_1_40' title='bbox 1238 636 1332 677; x_wconf 90' lang='lat' dir='ltr'><strong>vos</strong></span> <span class='ocrx_word' id='word_1_41' title='bbox 1356 622 1569 692; x_wconf 78' lang='lat' dir='ltr'><strong>jubere.</strong></span> <span class='ocrx_word' id='word_1_42' title='bbox 1600 620 1826 688; x_wconf 83' lang='lat' dir='ltr'><strong>Quidam</strong></span> 
     </span>
    </p>
   </div>
   <div class='ocr_carea' id='block_1_8' title="bbox 235 711 1829 782">
    <p class='ocr_par' dir='ltr' id='par_1_8' title="bbox 235 711 1829 782">
     <span class='ocr_line' id='line_1_8' title="bbox 235 711 1829 782; baseline -0.003 -14"><span class='ocrx_word' id='word_1_43' title='bbox 235 713 375 769; x_wconf 88' lang='lat' dir='ltr'><strong>enim</strong></span> <span class='ocrx_word' id='word_1_44' title='bbox 401 712 623 779; x_wconf 79' lang='lat' dir='ltr'><strong>civium,</strong></span> <span class='ocrx_word' id='word_1_45' title='bbox 653 721 713 766; x_wconf 92' lang='lat' dir='ltr'><strong>ut</strong></span> <span class='ocrx_word' id='word_1_46' title='bbox 736 727 878 767; x_wconf 90' lang='lat' dir='ltr'><strong>nunc</strong></span> <span class='ocrx_word' id='word_1_47' title='bbox 924 712 1158 769; x_wconf 89' lang='lat' dir='ltr'><strong>delatum</strong></span> <span class='ocrx_word' id='word_1_48' title='bbox 1189 724 1291 777; x_wconf 91' lang='lat' dir='ltr'><strong>est,</strong></span> <span class='ocrx_word' id='word_1_49' title='bbox 1322 722 1447 769; x_wconf 91' lang='lat' dir='ltr'><strong>ante</strong></span> <span class='ocrx_word' id='word_1_50' title='bbox 1480 711 1829 782; x_wconf 86' lang='lat' dir='ltr'><strong>quamplures</strong></span> 
     </span>
    </p>
   </div>
   <div class='ocr_carea' id='block_1_9' title="bbox 236 803 1827 875">
    <p class='ocr_par' dir='ltr' id='par_1_9' title="bbox 236 803 1827 875">
     <span class='ocr_line' id='line_1_9' title="bbox 236 803 1827 875; baseline -0.003 -14"><span class='ocrx_word' id='word_1_51' title='bbox 236 820 405 861; x_wconf 85' lang='lat' dir='ltr'><strong>annos</strong></span> <span class='ocrx_word' id='word_1_52' title='bbox 432 806 605 861; x_wconf 81' lang='lat' dir='ltr'><strong>sorori</strong></span> <span class='ocrx_word' id='word_1_53' title='bbox 637 818 698 859; x_wconf 88' lang='lat' dir='ltr'><strong>se</strong></span> <span class='ocrx_word' id='word_1_54' title='bbox 727 803 992 859; x_wconf 66' lang='lat' dir='ltr'><strong>defunctae</strong></span> <span class='ocrx_word' id='word_1_55' title='bbox 1018 803 1269 875; x_wconf 79' lang='lat' dir='ltr'><strong>conjugis</strong></span> <span class='ocrx_word' id='word_1_56' title='bbox 1296 804 1350 859; x_wconf 92' lang='lat' dir='ltr'><strong>in</strong></span> <span class='ocrx_word' id='word_1_57' title='bbox 1390 803 1738 859; x_wconf 89' lang='lat' dir='ltr'><strong>matrimonio</strong></span> <span class='ocrx_word' id='word_1_58' title='bbox 1768 816 1827 856; x_wconf 88' lang='lat' dir='ltr'><strong>se</strong></span> 
     </span>
    </p>
   </div>
   <div class='ocr_carea' id='block_1_10' title="bbox 237 899 1826 969">
    <p class='ocr_par' dir='ltr' id='par_1_10' title="bbox 237 899 1826 969">
     <span class='ocr_line' id='line_1_10' title="bbox 237 899 1826 969; baseline -0.001 -13"><span class='ocrx_word' id='word_1_59' title='bbox 237 899 505 965; x_wconf 81' lang='lat' dir='ltr'><strong>sociavit,</strong></span> <span class='ocrx_word' id='word_1_60' title='bbox 538 899 683 968; x_wconf 89' lang='lat' dir='ltr'><strong>quod</strong></span> <span class='ocrx_word' id='word_1_61' title='bbox 732 915 832 969; x_wconf 90' lang='lat' dir='ltr'><strong>ego</strong></span> <span class='ocrx_word' id='word_1_62' title='bbox 880 914 1024 954; x_wconf 91' lang='lat' dir='ltr'><strong>nunc</strong></span> <span class='ocrx_word' id='word_1_63' title='bbox 1073 899 1171 954; x_wconf 89' lang='lat' dir='ltr'><strong>sub</strong></span> <span class='ocrx_word' id='word_1_64' title='bbox 1200 899 1490 955; x_wconf 88' lang='lat' dir='ltr'><strong>multorum</strong></span> <span class='ocrx_word' id='word_1_65' title='bbox 1540 899 1826 969; x_wconf 69' lang='lat' dir='ltr'><strong>praesentia</strong></span> 
     </span>
    </p>
   </div>
   <div class='ocr_carea' id='block_1_11' title="bbox 239 991 1827 1057">
    <p class='ocr_par' dir='ltr' id='par_1_11' title="bbox 239 991 1827 1057">
     <span class='ocr_line' id='line_1_11' title="bbox 239 991 1827 1057; baseline -0.002 -10"><span class='ocrx_word' id='word_1_66' title='bbox 239 992 413 1048; x_wconf 86' lang='lat' dir='ltr'><strong>aditus</strong></span> <span class='ocrx_word' id='word_1_67' title='bbox 459 991 670 1046; x_wconf 77' lang='lat' dir='ltr'><strong>audivi.</strong></span> <span class='ocrx_word' id='word_1_68' title='bbox 719 994 1015 1048; x_wconf 83' lang='lat' dir='ltr'><strong>Accusator</strong></span> <span class='ocrx_word' id='word_1_69' title='bbox 1035 991 1166 1046; x_wconf 90' lang='lat' dir='ltr'><strong>tanti</strong></span> <span class='ocrx_word' id='word_1_70' title='bbox 1194 991 1457 1057; x_wconf 86' lang='lat' dir='ltr'><strong>criminis,</strong></span> <span class='ocrx_word' id='word_1_71' title='bbox 1482 1006 1590 1045; x_wconf 89' lang='lat' dir='ltr'><strong>non</strong></span> <span class='ocrx_word' id='word_1_72' title='bbox 1620 991 1827 1047; x_wconf 88' lang='lat' dir='ltr'><strong>occulta</strong></span> 
     </span>
    </p>
   </div>
   <div class='ocr_carea' id='block_1_12' title="bbox 238 1080 1824 1152">
    <p class='ocr_par' dir='ltr' id='par_1_12' title="bbox 238 1080 1824 1152">
     <span class='ocr_line' id='line_1_12' title="bbox 238 1080 1824 1152; baseline -0.003 -12"><span class='ocrx_word' id='word_1_73' title='bbox 238 1083 618 1140; x_wconf 87' lang='lat' dir='ltr'><strong>susurratione</strong></span> <span class='ocrx_word' id='word_1_74' title='bbox 655 1082 855 1137; x_wconf 83' lang='lat' dir='ltr'><strong>atrocis</strong></span> <span class='ocrx_word' id='word_1_75' title='bbox 897 1080 1020 1137; x_wconf 89' lang='lat' dir='ltr'><strong>facti</strong></span> <span class='ocrx_word' id='word_1_76' title='bbox 1066 1082 1321 1137; x_wconf 88' lang='lat' dir='ltr'><strong>disseruit</strong></span> <span class='ocrx_word' id='word_1_77' title='bbox 1361 1081 1695 1152; x_wconf 83' lang='lat' dir='ltr'><strong>qualitatem,</strong></span> <span class='ocrx_word' id='word_1_78' title='bbox 1730 1082 1824 1136; x_wconf 86' lang='lat' dir='ltr'><strong>sed</strong></span> 
     </span>
    </p>
   </div>
   <div class='ocr_carea' id='block_1_13' title="bbox 241 1173 1825 1245">
    <p class='ocr_par' dir='ltr' id='par_1_13' title="bbox 241 1173 1825 1245">
     <span class='ocr_line' id='line_1_13' title="bbox 241 1173 1825 1245; baseline -0.004 -12"><span class='ocrx_word' id='word_1_79' title='bbox 241 1177 359 1244; x_wconf 87' lang='lat' dir='ltr'><strong>ipso</strong></span> <span class='ocrx_word' id='word_1_80' title='bbox 383 1190 570 1231; x_wconf 90' lang='lat' dir='ltr'><strong>coram</strong></span> <span class='ocrx_word' id='word_1_81' title='bbox 597 1175 686 1245; x_wconf 89' lang='lat' dir='ltr'><strong>qui</strong></span> <span class='ocrx_word' id='word_1_82' title='bbox 713 1175 880 1245; x_wconf 91' lang='lat' dir='ltr'><strong>gessit</strong></span> <span class='ocrx_word' id='word_1_83' title='bbox 924 1174 1029 1229; x_wconf 86' lang='lat' dir='ltr'><strong>ista</strong></span> <span class='ocrx_word' id='word_1_84' title='bbox 1069 1175 1367 1245; x_wconf 92' lang='lat' dir='ltr'><strong>proposuit.</strong></span> <span class='ocrx_word' id='word_1_85' title='bbox 1395 1173 1602 1244; x_wconf 84' lang='lat' dir='ltr'><strong>Quique</strong></span> <span class='ocrx_word' id='word_1_86' title='bbox 1633 1173 1825 1229; x_wconf 89' lang='lat' dir='ltr'><strong>eodem</strong></span> 
     </span>
    </p>
   </div>
   <div class='ocr_carea' id='block_1_14' title="bbox 243 1263 1823 1336">
    <p class='ocr_par' dir='ltr' id='par_1_14' title="bbox 243 1263 1823 1336">
     <span class='ocr_line' id='line_1_14' title="bbox 243 1263 1823 1336; baseline -0.003 -15"><span class='ocrx_word' id='word_1_87' title='bbox 243 1282 349 1336; x_wconf 92' lang='lat' dir='ltr'><strong>quo</strong></span> <span class='ocrx_word' id='word_1_88' title='bbox 380 1265 569 1320; x_wconf 87' lang='lat' dir='ltr'><strong>illicita</strong></span> <span class='ocrx_word' id='word_1_89' title='bbox 589 1264 930 1336; x_wconf 63' lang='lat' dir='ltr'><strong>prasumpsit</strong></span> <span class='ocrx_word' id='word_1_90' title='bbox 967 1279 1122 1332; x_wconf 89' lang='lat' dir='ltr'><strong>ausu,</strong></span> <span class='ocrx_word' id='word_1_91' title='bbox 1153 1264 1245 1335; x_wconf 91' lang='lat' dir='ltr'><strong>qui</strong></span> <span class='ocrx_word' id='word_1_92' title='bbox 1275 1265 1451 1319; x_wconf 89' lang='lat' dir='ltr'><strong>studio</strong></span> <span class='ocrx_word' id='word_1_93' title='bbox 1481 1280 1508 1316; x_wconf 91' lang='lat' dir='ltr'><strong>a</strong></span> <span class='ocrx_word' id='word_1_94' title='bbox 1536 1263 1687 1319; x_wconf 86' lang='lat' dir='ltr'><strong>vobis</strong></span> <span class='ocrx_word' id='word_1_95' title='bbox 1716 1263 1823 1317; x_wconf 90' lang='lat' dir='ltr'><strong>dis-</strong></span> 
     </span>
    </p>
   </div>
   <div class='ocr_carea' id='block_1_15' title="bbox 243 1352 1820 1426">
    <p class='ocr_par' dir='ltr' id='par_1_15' title="bbox 243 1352 1820 1426">
     <span class='ocr_line' id='line_1_15' title="bbox 243 1352 1820 1426; baseline -0.001 -17"><span class='ocrx_word' id='word_1_96' title='bbox 243 1354 600 1426; x_wconf 85' lang='lat' dir='ltr'><strong>pensantibus</strong></span> <span class='ocrx_word' id='word_1_97' title='bbox 647 1352 971 1409; x_wconf 86' lang='lat' dir='ltr'><strong>miserabilis</strong></span> <span class='ocrx_word' id='word_1_98' title='bbox 1016 1353 1399 1424; x_wconf 87' lang='lat' dir='ltr'><strong>propemodum</strong></span> <span class='ocrx_word' id='word_1_99' title='bbox 1443 1368 1551 1408; x_wconf 93' lang='lat' dir='ltr'><strong>non</strong></span> <span class='ocrx_word' id='word_1_100' title='bbox 1592 1354 1820 1423; x_wconf 81' lang='lat' dir='ltr'><strong>negavit.</strong></span> 
     </span>
    </p>
   </div>
   <div class='ocr_carea' id='block_1_16' title="bbox 248 1443 1822 1514">
    <p class='ocr_par' dir='ltr' id='par_1_16' title="bbox 248 1443 1822 1514">
     <span class='ocr_line' id='line_1_16' title="bbox 248 1443 1822 1514; baseline -0.004 -12"><span class='ocrx_word' id='word_1_101' title='bbox 248 1445 484 1503; x_wconf 85' lang='lat' dir='ltr'><strong>Proinde</strong></span> <span class='ocrx_word' id='word_1_102' title='bbox 510 1460 612 1514; x_wconf 93' lang='lat' dir='ltr'><strong>qua</strong></span> <span class='ocrx_word' id='word_1_103' title='bbox 654 1444 726 1497; x_wconf 90' lang='lat' dir='ltr'><strong>sit</strong></span> <span class='ocrx_word' id='word_1_104' title='bbox 765 1443 1114 1498; x_wconf 85' lang='lat' dir='ltr'><strong>abstinendus</strong></span> <span class='ocrx_word' id='word_1_105' title='bbox 1158 1443 1468 1498; x_wconf 91' lang='lat' dir='ltr'><strong>conditione</strong></span> <span class='ocrx_word' id='word_1_106' title='bbox 1511 1443 1822 1513; x_wconf 75' lang='lat' dir='ltr'><strong>praccipite:</strong></span> 
     </span>
    </p>
   </div>
   <div class='ocr_carea' id='block_1_17' title="bbox 244 1533 1824 1605">
    <p class='ocr_par' dir='ltr' id='par_1_17' title="bbox 244 1533 1824 1605">
     <span class='ocr_line' id='line_1_17' title="bbox 244 1533 1824 1605; baseline -0.003 -13"><span class='ocrx_word' id='word_1_107' title='bbox 244 1537 356 1592; x_wconf 86' lang='lat' dir='ltr'><strong>sive</strong></span> <span class='ocrx_word' id='word_1_108' title='bbox 387 1545 448 1591; x_wconf 92' lang='lat' dir='ltr'><strong>ut</strong></span> <span class='ocrx_word' id='word_1_109' title='bbox 498 1536 698 1605; x_wconf 90' lang='lat' dir='ltr'><strong>pariter</strong></span> <span class='ocrx_word' id='word_1_110' title='bbox 726 1535 970 1603; x_wconf 76' lang='lat' dir='ltr'><strong>lugeant,</strong></span> <span class='ocrx_word' id='word_1_111' title='bbox 1007 1534 1090 1588; x_wconf 90' lang='lat' dir='ltr'><strong>vel</strong></span> <span class='ocrx_word' id='word_1_112' title='bbox 1122 1533 1169 1590; x_wconf 89' lang='lat' dir='ltr'><strong>si</strong></span> <span class='ocrx_word' id='word_1_113' title='bbox 1209 1542 1292 1589; x_wconf 92' lang='lat' dir='ltr'><strong>est</strong></span> <span class='ocrx_word' id='word_1_114' title='bbox 1316 1533 1598 1589; x_wconf 88' lang='lat' dir='ltr'><strong>indicenda</strong></span> <span class='ocrx_word' id='word_1_115' title='bbox 1636 1549 1824 1603; x_wconf 89' lang='lat' dir='ltr'><strong>seque-</strong></span> 
     </span>
    </p>
   </div>
   <div class='ocr_carea' id='block_1_18' title="bbox 248 1623 1819 1695">
    <p class='ocr_par' dir='ltr' id='par_1_18' title="bbox 248 1623 1819 1695">
     <span class='ocr_line' id='line_1_18' title="bbox 248 1623 1819 1695; baseline -0.004 -12"><span class='ocrx_word' id='word_1_116' title='bbox 248 1628 460 1692; x_wconf 89' lang='lat' dir='ltr'><strong>stratio,</strong></span> <span class='ocrx_word' id='word_1_117' title='bbox 484 1627 569 1681; x_wconf 88' lang='lat' dir='ltr'><strong>vel</strong></span> <span class='ocrx_word' id='word_1_118' title='bbox 592 1626 680 1695; x_wconf 91' lang='lat' dir='ltr'><strong>qui</strong></span> <span class='ocrx_word' id='word_1_119' title='bbox 707 1624 897 1681; x_wconf 90' lang='lat' dir='ltr'><strong>modus</strong></span> <span class='ocrx_word' id='word_1_120' title='bbox 918 1624 1262 1695; x_wconf 67' lang='lat' dir='ltr'><strong>pmnitentize,</strong></span> <span class='ocrx_word' id='word_1_121' title='bbox 1286 1623 1526 1679; x_wconf 89' lang='lat' dir='ltr'><strong>edocete.</strong></span> <span class='ocrx_word' id='word_1_122' title='bbox 1560 1623 1690 1679; x_wconf 87' lang='lat' dir='ltr'><strong>Nam</strong></span> <span class='ocrx_word' id='word_1_123' title='bbox 1713 1640 1819 1677; x_wconf 86' lang='lat' dir='ltr'><strong>non</strong></span> 
     </span>
    </p>
   </div>
   <div class='ocr_carea' id='block_1_19' title="bbox 1934 435 3499 508">
    <p class='ocr_par' dir='ltr' id='par_1_19' title="bbox 1934 435 3499 508">
     <span class='ocr_line' id='line_1_19' title="bbox 1934 435 3499 508; baseline 0.005 -17"><span class='ocrx_word' id='word_1_124' title='bbox 1934 436 2070 491; x_wconf 87' lang='lat' dir='ltr'><strong>ratio</strong></span> <span class='ocrx_word' id='word_1_125' title='bbox 2118 436 2388 506; x_wconf 87' lang='lat' dir='ltr'><strong>legitima,</strong></span> <span class='ocrx_word' id='word_1_126' title='bbox 2437 435 2531 491; x_wconf 93' lang='lat' dir='ltr'><strong>ubi</strong></span> <span class='ocrx_word' id='word_1_127' title='bbox 2584 436 2794 492; x_wconf 84' lang='lat' dir='ltr'><strong>exstitit</strong></span> <span class='ocrx_word' id='word_1_128' title='bbox 2839 437 3147 508; x_wconf 89' lang='lat' dir='ltr'><strong>conjunctio</strong></span> <span class='ocrx_word' id='word_1_129' title='bbox 3192 441 3499 499; x_wconf 57' lang='lat' dir='ltr'><strong>criminosa.</strong></span> 
     </span>
    </p>
   </div>
   <div class='ocr_carea' id='block_1_20' title="bbox 1936 526 3503 598">
    <p class='ocr_par' dir='ltr' id='par_1_20' title="bbox 1936 526 3503 598">
     <span class='ocr_line' id='line_1_20' title="bbox 1936 526 3503 598; baseline 0.003 -15"><span class='ocrx_word' id='word_1_130' title='bbox 1936 526 2158 597; x_wconf 86' lang='lat' dir='ltr'><strong>Utrique</strong></span> <span class='ocrx_word' id='word_1_131' title='bbox 2172 527 2224 590; x_wconf 78' lang='lat' dir='ltr'><strong>si</strong></span> <span class='ocrx_word' id='word_1_132' title='bbox 2252 527 2461 582; x_wconf 83' lang='lat' dir='ltr'><strong>videtur</strong></span> <span class='ocrx_word' id='word_1_133' title='bbox 2486 543 2635 598; x_wconf 87' lang='lat' dir='ltr'><strong>ergo,</strong></span> <span class='ocrx_word' id='word_1_134' title='bbox 2661 528 2787 582; x_wconf 90' lang='lat' dir='ltr'><strong>dum</strong></span> <span class='ocrx_word' id='word_1_135' title='bbox 2815 529 2865 583; x_wconf 89' lang='lat' dir='ltr'><strong>in</strong></span> <span class='ocrx_word' id='word_1_136' title='bbox 2899 536 3005 583; x_wconf 90' lang='lat' dir='ltr'><strong>tam</strong></span> <span class='ocrx_word' id='word_1_137' title='bbox 3041 530 3235 586; x_wconf 81' lang='lat' dir='ltr'><strong>infelici</strong></span> <span class='ocrx_word' id='word_1_138' title='bbox 3267 533 3503 588; x_wconf 86' lang='lat' dir='ltr'><strong>obstina-</strong></span> 
     </span>
    </p>
   </div>
   <div class='ocr_carea' id='block_1_21' title="bbox 1932 616 3503 688">
    <p class='ocr_par' dir='ltr' id='par_1_21' title="bbox 1932 616 3503 688">
     <span class='ocr_line' id='line_1_21' title="bbox 1932 616 3503 688; baseline 0.005 -17"><span class='ocrx_word' id='word_1_139' title='bbox 1932 618 2077 672; x_wconf 89' lang='lat' dir='ltr'><strong>tione</strong></span> <span class='ocrx_word' id='word_1_140' title='bbox 2105 616 2422 687; x_wconf 87' lang='lat' dir='ltr'><strong>persistunt,</strong></span> <span class='ocrx_word' id='word_1_141' title='bbox 2456 627 2634 672; x_wconf 88' lang='lat' dir='ltr'><strong>notam</strong></span> <span class='ocrx_word' id='word_1_142' title='bbox 2658 620 3226 676; x_wconf 84' lang='lat' dir='ltr'><strong>excommunicationis</strong></span> <span class='ocrx_word' id='word_1_143' title='bbox 3265 623 3503 688; x_wconf 90' lang='lat' dir='ltr'><strong>indicite,</strong></span> 
     </span>
    </p>
   </div>
   <div class='ocr_carea' id='block_1_22' title="bbox 1928 708 3509 786">
    <p class='ocr_par' dir='ltr' id='par_1_22' title="bbox 1928 708 3509 786">
     <span class='ocr_line' id='line_1_22' title="bbox 1928 708 3509 786; baseline 0.007 -23"><span class='ocrx_word' id='word_1_144' title='bbox 1928 708 2105 765; x_wconf 88' lang='lat' dir='ltr'><strong>donec</strong></span> <span class='ocrx_word' id='word_1_145' title='bbox 2125 723 2155 763; x_wconf 92' lang='lat' dir='ltr'><strong>a</strong></span> <span class='ocrx_word' id='word_1_146' title='bbox 2184 709 2457 765; x_wconf 89' lang='lat' dir='ltr'><strong>consortio</strong></span> <span class='ocrx_word' id='word_1_147' title='bbox 2497 710 2759 765; x_wconf 89' lang='lat' dir='ltr'><strong>criminali</strong></span> <span class='ocrx_word' id='word_1_148' title='bbox 2793 712 3001 782; x_wconf 90' lang='lat' dir='ltr'><strong>publica</strong></span> <span class='ocrx_word' id='word_1_149' title='bbox 3033 715 3357 783; x_wconf 68' lang='lat' dir='ltr'><strong>pmnitentire</strong></span> <span class='ocrx_word' id='word_1_150' title='bbox 3380 732 3509 786; x_wconf 69' lang='lat' dir='ltr'><strong>pro-</strong></span> 
     </span>
    </p>
   </div>
   <div class='ocr_carea' id='block_1_23' title="bbox 1929 802 3505 874">
    <p class='ocr_par' dir='ltr' id='par_1_23' title="bbox 1929 802 3505 874">
     <span class='ocr_line' id='line_1_23' title="bbox 1929 802 3505 874; baseline 0.006 -17"><span class='ocrx_word' id='word_1_151' title='bbox 1929 802 2165 859; x_wconf 79' lang='lat' dir='ltr'><strong>fessione</strong></span> <span class='ocrx_word' id='word_1_152' title='bbox 2208 802 2579 858; x_wconf 88' lang='lat' dir='ltr'><strong>dissuescant:</strong></span> <span class='ocrx_word' id='word_1_153' title='bbox 2610 814 2665 859; x_wconf 93' lang='lat' dir='ltr'><strong>et</strong></span> <span class='ocrx_word' id='word_1_154' title='bbox 2694 813 2839 872; x_wconf 89' lang='lat' dir='ltr'><strong>tum,</strong></span> <span class='ocrx_word' id='word_1_155' title='bbox 2885 806 3268 863; x_wconf 85' lang='lat' dir='ltr'><strong>miserantibus</strong></span> <span class='ocrx_word' id='word_1_156' title='bbox 3314 810 3464 866; x_wconf 85' lang='lat' dir='ltr'><strong>vobis</strong></span> <span class='ocrx_word' id='word_1_157' title='bbox 3490 852 3505 874; x_wconf 91' lang='lat'><strong>.</strong></span> 
     </span>
    </p>
   </div>
   <div class='ocr_carea' id='block_1_24' title="bbox 1928 895 3507 969">
    <p class='ocr_par' dir='ltr' id='par_1_24' title="bbox 1928 895 3507 969">
     <span class='ocr_line' id='line_1_24' title="bbox 1928 895 3507 969; baseline 0.005 -20"><span class='ocrx_word' id='word_1_158' title='bbox 1928 895 1994 949; x_wconf 84' lang='lat' dir='ltr'><strong>ad</strong></span> <span class='ocrx_word' id='word_1_159' title='bbox 2026 896 2234 951; x_wconf 84' lang='lat' dir='ltr'><strong>timoris</strong></span> <span class='ocrx_word' id='word_1_160' title='bbox 2255 904 2311 952; x_wconf 91' lang='lat' dir='ltr'><strong>et</strong></span> <span class='ocrx_word' id='word_1_161' title='bbox 2337 897 2688 952; x_wconf 82' lang='lat' dir='ltr'><strong>correctionis</strong></span> <span class='ocrx_word' id='word_1_162' title='bbox 2709 898 3035 966; x_wconf 82' lang='lat' dir='ltr'><strong>exemplum,</strong></span> <span class='ocrx_word' id='word_1_163' title='bbox 3057 901 3283 969; x_wconf 80' lang='lat' dir='ltr'><strong>gratiam</strong></span> <span class='ocrx_word' id='word_1_164' title='bbox 3317 917 3507 957; x_wconf 88' lang='lat' dir='ltr'><strong>recon-</strong></span> 
     </span>
    </p>
   </div>
   <div class='ocr_carea' id='block_1_25' title="bbox 1928 988 3504 1062">
    <p class='ocr_par' dir='ltr' id='par_1_25' title="bbox 1928 988 3504 1062">
     <span class='ocr_line' id='line_1_25' title="bbox 1928 988 3504 1062; baseline 0.003 -21"><span class='ocrx_word' id='word_1_165' title='bbox 1928 988 2210 1042; x_wconf 86' lang='lat' dir='ltr'><strong>ciliationis</strong></span> <span class='ocrx_word' id='word_1_166' title='bbox 2230 988 2512 1057; x_wconf 85' lang='lat' dir='ltr'><strong>accipiant.</strong></span> <span class='ocrx_word' id='word_1_167' title='bbox 2528 989 2655 1058; x_wconf 81' lang='lat' dir='ltr'><strong>Ego</strong></span> <span class='ocrx_word' id='word_1_168' title='bbox 2673 1000 2821 1044; x_wconf 91' lang='lat' dir='ltr'><strong>certe</strong></span> <span class='ocrx_word' id='word_1_169' title='bbox 2841 990 3129 1046; x_wconf 84' lang='lat' dir='ltr'><strong>sinceritati</strong></span> <span class='ocrx_word' id='word_1_170' title='bbox 3154 1003 3343 1048; x_wconf 72' lang='lat' dir='ltr'><strong>vestrae</strong></span> <span class='ocrx_word' id='word_1_171' title='bbox 3363 993 3504 1062; x_wconf 89' lang='lat' dir='ltr'><strong>quod</strong></span> 
     </span>
    </p>
   </div>
   <div class='ocr_carea' id='block_1_26' title="bbox 1929 1078 3505 1152">
    <p class='ocr_par' dir='ltr' id='par_1_26' title="bbox 1929 1078 3505 1152">
     <span class='ocr_line' id='line_1_26' title="bbox 1929 1078 3505 1152; baseline 0.004 -20"><span class='ocrx_word' id='word_1_172' title='bbox 1929 1078 2250 1134; x_wconf 86' lang='lat' dir='ltr'><strong>rationabile</strong></span> <span class='ocrx_word' id='word_1_173' title='bbox 2279 1078 2505 1143; x_wconf 86' lang='lat' dir='ltr'><strong>credidi,</strong></span> <span class='ocrx_word' id='word_1_174' title='bbox 2543 1080 2667 1147; x_wconf 86' lang='lat' dir='ltr'><strong>quia</strong></span> <span class='ocrx_word' id='word_1_175' title='bbox 2704 1080 2833 1134; x_wconf 90' lang='lat' dir='ltr'><strong>tanti</strong></span> <span class='ocrx_word' id='word_1_176' title='bbox 2863 1079 3120 1137; x_wconf 88' lang='lat' dir='ltr'><strong>habuistis</strong></span> <span class='ocrx_word' id='word_1_177' title='bbox 3142 1082 3353 1152; x_wconf 89' lang='lat' dir='ltr'><strong>jubere,</strong></span> <span class='ocrx_word' id='word_1_178' title='bbox 3377 1097 3505 1152; x_wconf 85' lang='lat' dir='ltr'><strong>sug-</strong></span> 
     </span>
    </p>
   </div>
   <div class='ocr_carea' id='block_1_27' title="bbox 1929 1167 3504 1243">
    <p class='ocr_par' dir='ltr' id='par_1_27' title="bbox 1929 1167 3504 1243">
     <span class='ocr_line' id='line_1_27' title="bbox 1929 1167 3504 1243; baseline 0.004 -21"><span class='ocrx_word' id='word_1_179' title='bbox 1929 1169 2090 1239; x_wconf 88' lang='lat' dir='ltr'><strong>gcssi.</strong></span> <span class='ocrx_word' id='word_1_180' title='bbox 2124 1167 2153 1207; x_wconf 74' lang='grc' dir='ltr'>δ</span> <span class='ocrx_word' id='word_1_181' title='bbox 2177 1168 2527 1223; x_wconf 87' lang='lat' dir='ltr'><strong>Auctoritatis</strong></span> <span class='ocrx_word' id='word_1_182' title='bbox 2567 1180 2758 1224; x_wconf 63' lang='lat' dir='ltr'><strong>vestra:</strong></span> <span class='ocrx_word' id='word_1_183' title='bbox 2786 1180 2889 1237; x_wconf 87' lang='lat' dir='ltr'><strong>est,</strong></span> <span class='ocrx_word' id='word_1_184' title='bbox 2922 1174 3213 1227; x_wconf 89' lang='lat' dir='ltr'><strong>errantium</strong></span> <span class='ocrx_word' id='word_1_185' title='bbox 3241 1188 3504 1243; x_wconf 83' lang='lat' dir='ltr'><strong>compun-</strong></span> 
     </span>
    </p>
   </div>
   <div class='ocr_carea' id='block_1_28' title="bbox 1927 1259 3503 1332">
    <p class='ocr_par' dir='ltr' id='par_1_28' title="bbox 1927 1259 3503 1332">
     <span class='ocr_line' id='line_1_28' title="bbox 1927 1259 3503 1332; baseline 0.004 -18"><span class='ocrx_word' id='word_1_186' title='bbox 1927 1259 2107 1314; x_wconf 91' lang='lat' dir='ltr'><strong>ctione</strong></span> <span class='ocrx_word' id='word_1_187' title='bbox 2158 1267 2481 1329; x_wconf 89' lang='lat' dir='ltr'><strong>perspecta,</strong></span> <span class='ocrx_word' id='word_1_188' title='bbox 2529 1262 2831 1317; x_wconf 83' lang='lat' dir='ltr'><strong>severitatis</strong></span> <span class='ocrx_word' id='word_1_189' title='bbox 2885 1263 3125 1318; x_wconf 88' lang='lat' dir='ltr'><strong>ordinem</strong></span> <span class='ocrx_word' id='word_1_190' title='bbox 3184 1272 3503 1332; x_wconf 63' lang='lat' dir='ltr'><strong>temperare.</strong></span> 
     </span>
    </p>
   </div>
   <div class='ocr_carea' id='block_1_29' title="bbox 1927 1352 3495 1424">
    <p class='ocr_par' dir='ltr' id='par_1_29' title="bbox 1927 1352 3495 1424">
     <span class='ocr_line' id='line_1_29' title="bbox 1927 1352 3495 1424; baseline 0.006 -20"><span class='ocrx_word' id='word_1_191' title='bbox 1927 1352 2072 1416; x_wconf 86' lang='lat' dir='ltr'><strong>Quos</strong></span> <span class='ocrx_word' id='word_1_192' title='bbox 2118 1361 2297 1404; x_wconf 90' lang='lat' dir='ltr'><strong>tamen</strong></span> <span class='ocrx_word' id='word_1_193' title='bbox 2350 1352 2580 1420; x_wconf 69' lang='lat' dir='ltr'><strong>aestimo,</strong></span> <span class='ocrx_word' id='word_1_194' title='bbox 2629 1354 2672 1407; x_wconf 88' lang='lat' dir='ltr'><strong>si</strong></span> <span class='ocrx_word' id='word_1_195' title='bbox 2720 1354 2982 1409; x_wconf 86' lang='lat' dir='ltr'><strong>veraciter</strong></span> <span class='ocrx_word' id='word_1_196' title='bbox 3026 1369 3495 1424; x_wconf 78' lang='lat' dir='ltr'><strong>compunguntur,</strong></span> 
     </span>
    </p>
   </div>
   <div class='ocr_carea' id='block_1_30' title="bbox 1926 1443 3073 1514">
    <p class='ocr_par' dir='ltr' id='par_1_30' title="bbox 1926 1443 3073 1514">
     <span class='ocr_line' id='line_1_30' title="bbox 1926 1443 3073 1514; baseline 0.003 -17"><span class='ocrx_word' id='word_1_197' title='bbox 1926 1456 2084 1512; x_wconf 85' lang='lat' dir='ltr'><strong>supra</strong></span> <span class='ocrx_word' id='word_1_198' title='bbox 2116 1443 2330 1513; x_wconf 86' lang='lat' dir='ltr'><strong>scriptis</strong></span> <span class='ocrx_word' id='word_1_199' title='bbox 2359 1444 2760 1500; x_wconf 88' lang='lat' dir='ltr'><strong>conditionibus</strong></span> <span class='ocrx_word' id='word_1_200' title='bbox 2787 1445 3073 1514; x_wconf 85' lang='lat' dir='ltr'><strong>parituros.</strong></span> 
     </span>
    </p>
   </div>
   <div class='ocr_carea' id='block_1_31' title="bbox 2465 1535 2975 1592">
    <p class='ocr_par' dir='ltr' id='par_1_31' title="bbox 2465 1535 2975 1592">
     <span class='ocr_line' id='line_1_31' title="bbox 2465 1535 2975 1592; baseline 0.004 -3"><span class='ocrx_word' id='word_1_201' title='bbox 2465 1535 2798 1591; x_wconf 81' lang='lat' dir='ltr'><strong>EPISTULA</strong></span> <span class='ocrx_word' id='word_1_202' title='bbox 2840 1537 2975 1592; x_wconf 76' lang='lat' dir='ltr'><strong>XVI.</strong></span> 
     </span>
    </p>
   </div>
   <div class='ocr_carea' id='block_1_32' title="bbox 1996 1640 3427 1686">
    <p class='ocr_par' dir='ltr' id='par_1_32' title="bbox 1996 1640 3427 1686">
     <span class='ocr_line' id='line_1_32' title="bbox 1996 1640 3427 1686; baseline 0.002 -6"><span class='ocrx_word' id='word_1_203' title='bbox 1996 1640 2189 1680; x_wconf 74' lang='lat' dir='ltr'><strong>AVITUS</strong></span> <span class='ocrx_word' id='word_1_204' title='bbox 2230 1640 2535 1682; x_wconf 77' lang='lat' dir='ltr'><strong>VIENNENSIS</strong></span> <span class='ocrx_word' id='word_1_205' title='bbox 2572 1641 2847 1682; x_wconf 80' lang='lat' dir='ltr'><strong>EPISCOPUS</strong></span> <span class='ocrx_word' id='word_1_206' title='bbox 2886 1644 3129 1685; x_wconf 74' lang='lat' dir='ltr'><strong>VICTORIO</strong></span> <span class='ocrx_word' id='word_1_207' title='bbox 3160 1644 3427 1686; x_wconf 80' lang='lat' dir='ltr'><strong>EPISCOPO.</strong></span> 
     </span>
    </p>
   </div>
   <div class='ocr_carea' id='block_1_33' title="bbox 253 1702 3511 1791">
    <p class='ocr_par' dir='ltr' id='par_1_33' title="bbox 253 1702 3511 1791">
     <span class='ocr_line' id='line_1_33' title="bbox 253 1702 3511 1791; baseline 0.001 -16"><span class='ocrx_word' id='word_1_208' title='bbox 253 1728 351 1781; x_wconf 86' lang='lat' dir='ltr'><strong>est,</strong></span> <span class='ocrx_word' id='word_1_209' title='bbox 379 1728 440 1771; x_wconf 92' lang='lat' dir='ltr'><strong>ut</strong></span> <span class='ocrx_word' id='word_1_210' title='bbox 471 1725 622 1787; x_wconf 92' lang='lat' dir='ltr'><strong>puto,</strong></span> <span class='ocrx_word' id='word_1_211' title='bbox 656 1716 833 1771; x_wconf 88' lang='lat' dir='ltr'><strong>minus</strong></span> <span class='ocrx_word' id='word_1_212' title='bbox 870 1715 923 1770; x_wconf 91' lang='lat' dir='ltr'><strong>in</strong></span> <span class='ocrx_word' id='word_1_213' title='bbox 953 1714 1200 1785; x_wconf 77' lang='lat' dir='ltr'><strong>coniugio</strong></span> <span class='ocrx_word' id='word_1_214' title='bbox 1226 1729 1532 1786; x_wconf 72' lang='lat' dir='ltr'><strong>germanam</strong></span> <span class='ocrx_word' id='word_1_215' title='bbox 1563 1715 1823 1786; x_wconf 75' lang='lat' dir='ltr'><strong>conjugis,</strong></span> <span class='ocrx_word' id='word_1_216' title='bbox 1858 1702 1906 1762; x_wconf 81' lang='grc' dir='ltr'><strong>Β</strong></span> <span class='ocrx_word' id='word_1_217' title='bbox 2003 1717 2237 1773; x_wconf 71' lang='lat' dir='ltr'><strong>Cautelae</strong></span> <span class='ocrx_word' id='word_1_218' title='bbox 2264 1726 2316 1772; x_wconf 90' lang='lat' dir='ltr'><strong>et</strong></span> <span class='ocrx_word' id='word_1_219' title='bbox 2344 1718 2554 1772; x_wconf 88' lang='lat' dir='ltr'><strong>caritati</strong></span> <span class='ocrx_word' id='word_1_220' title='bbox 2583 1717 2910 1785; x_wconf 85' lang='lat' dir='ltr'><strong>satisfacitis,</strong></span> <span class='ocrx_word' id='word_1_221' title='bbox 2939 1720 3063 1775; x_wconf 93' lang='lat' dir='ltr'><strong>dum</strong></span> <span class='ocrx_word' id='word_1_222' title='bbox 3089 1736 3173 1777; x_wconf 90' lang='lat' dir='ltr'><strong>tne</strong></span> <span class='ocrx_word' id='word_1_223' title='bbox 3199 1722 3395 1791; x_wconf 87' lang='lat' dir='ltr'><strong>aliquid</strong></span> <span class='ocrx_word' id='word_1_224' title='bbox 3427 1723 3511 1777; x_wconf 87' lang='lat' dir='ltr'><strong>in-</strong></span> 
     </span>
    </p>
   </div>
   <div class='ocr_carea' id='block_1_34' title="bbox 252 1807 1827 1881">
    <p class='ocr_par' dir='ltr' id='par_1_34' title="bbox 252 1807 1827 1881">
     <span class='ocr_line' id='line_1_34' title="bbox 252 1807 1827 1881; baseline -0.001 -17"><span class='ocrx_word' id='word_1_225' title='bbox 252 1826 410 1881; x_wconf 84' lang='lat' dir='ltr'><strong>quam</strong></span> <span class='ocrx_word' id='word_1_226' title='bbox 442 1824 669 1863; x_wconf 76' lang='lat' dir='ltr'><strong>uxorem</strong></span> <span class='ocrx_word' id='word_1_227' title='bbox 698 1807 880 1863; x_wconf 84' lang='lat' dir='ltr'><strong>lratris</strong></span> <span class='ocrx_word' id='word_1_228' title='bbox 907 1808 1088 1863; x_wconf 82' lang='lat' dir='ltr'><strong>asciri.</strong></span> <span class='ocrx_word' id='word_1_229' title='bbox 1114 1807 1223 1863; x_wconf 89' lang='lat' dir='ltr'><strong>Vos</strong></span> <span class='ocrx_word' id='word_1_230' title='bbox 1248 1815 1446 1872; x_wconf 90' lang='lat' dir='ltr'><strong>tamen,</strong></span> <span class='ocrx_word' id='word_1_231' title='bbox 1480 1818 1537 1863; x_wconf 88' lang='lat' dir='ltr'><strong>ut</strong></span> <span class='ocrx_word' id='word_1_232' title='bbox 1565 1809 1827 1878; x_wconf 84' lang='lat' dir='ltr'><strong>suggessi,</strong></span> 
     </span>
    </p>
   </div>
   <div class='ocr_carea' id='block_1_35' title="bbox 255 1900 1832 1971">
    <p class='ocr_par' dir='ltr' id='par_1_35' title="bbox 255 1900 1832 1971">
     <span class='ocr_line' id='line_1_35' title="bbox 255 1900 1832 1971; baseline -0.001 -15"><span class='ocrx_word' id='word_1_233' title='bbox 255 1902 473 1957; x_wconf 82' lang='lat' dir='ltr'><strong>statuite</strong></span> <span class='ocrx_word' id='word_1_234' title='bbox 503 1900 645 1971; x_wconf 88' lang='lat' dir='ltr'><strong>quod</strong></span> <span class='ocrx_word' id='word_1_235' title='bbox 668 1900 917 1955; x_wconf 87' lang='lat' dir='ltr'><strong>videtur:</strong></span> <span class='ocrx_word' id='word_1_236' title='bbox 951 1900 1075 1971; x_wconf 89' lang='lat' dir='ltr'><strong>quia</strong></span> <span class='ocrx_word' id='word_1_237' title='bbox 1106 1910 1298 1971; x_wconf 80' lang='lat' dir='ltr'><strong>praeter</strong></span> <span class='ocrx_word' id='word_1_238' title='bbox 1323 1901 1710 1956; x_wconf 89' lang='lat' dir='ltr'><strong>ordinationem</strong></span> <span class='ocrx_word' id='word_1_239' title='bbox 1741 1916 1832 1955; x_wconf 89' lang='lat' dir='ltr'><strong>ve-</strong></span> 
     </span>
    </p>
   </div>
   <div class='ocr_carea' id='block_1_36' title="bbox 254 1991 1830 2062">
    <p class='ocr_par' dir='ltr' id='par_1_36' title="bbox 254 1991 1830 2062">
     <span class='ocr_line' id='line_1_36' title="bbox 254 1991 1830 2062; baseline -0.002 -14"><span class='ocrx_word' id='word_1_240' title='bbox 254 2004 435 2055; x_wconf 85' lang='lat' dir='ltr'><strong>stram,</strong></span> <span class='ocrx_word' id='word_1_241' title='bbox 469 1993 536 2048; x_wconf 90' lang='lat' dir='ltr'><strong>de</strong></span> <span class='ocrx_word' id='word_1_242' title='bbox 567 1993 659 2047; x_wconf 83' lang='lat' dir='ltr'><strong>tali</strong></span> <span class='ocrx_word' id='word_1_243' title='bbox 701 2006 860 2048; x_wconf 84' lang='lat' dir='ltr'><strong>causa</strong></span> <span class='ocrx_word' id='word_1_244' title='bbox 884 1992 1011 2062; x_wconf 89' lang='lat' dir='ltr'><strong>quid</strong></span> <span class='ocrx_word' id='word_1_245' title='bbox 1056 1991 1396 2062; x_wconf 90' lang='lat' dir='ltr'><strong>pronuntiari</strong></span> <span class='ocrx_word' id='word_1_246' title='bbox 1424 1992 1714 2047; x_wconf 89' lang='lat' dir='ltr'><strong>conveniat</strong></span> <span class='ocrx_word' id='word_1_247' title='bbox 1744 1992 1830 2045; x_wconf 77' lang='lat' dir='ltr'><strong>vis</strong></span> 
     </span>
    </p>
   </div>
   <div class='ocr_carea' id='block_1_37' title="bbox 256 2083 1829 2154">
    <p class='ocr_par' dir='ltr' id='par_1_37' title="bbox 256 2083 1829 2154">
     <span class='ocr_line' id='line_1_37' title="bbox 256 2083 1829 2154; baseline -0.001 -14"><span class='ocrx_word' id='word_1_248' title='bbox 256 2086 507 2140; x_wconf 88' lang='lat' dir='ltr'><strong>decerno.</strong></span> <span class='ocrx_word' id='word_1_249' title='bbox 541 2083 918 2139; x_wconf 88' lang='lat' dir='ltr'><strong>Communioni</strong></span> <span class='ocrx_word' id='word_1_250' title='bbox 938 2098 1130 2153; x_wconf 86' lang='lat' dir='ltr'><strong>nempe</strong></span> <span class='ocrx_word' id='word_1_251' title='bbox 1159 2098 1281 2140; x_wconf 90' lang='lat' dir='ltr'><strong>eum</strong></span> <span class='ocrx_word' id='word_1_252' title='bbox 1323 2085 1528 2154; x_wconf 85' lang='lat' dir='ltr'><strong>trepide</strong></span> <span class='ocrx_word' id='word_1_253' title='bbox 1549 2084 1829 2149; x_wconf 82' lang='lat' dir='ltr'><strong>subtraho,</strong></span> 
     </span>
    </p>
   </div>
   <div class='ocr_carea' id='block_1_38' title="bbox 258 2174 1834 2246">
    <p class='ocr_par' dir='ltr' id='par_1_38' title="bbox 258 2174 1834 2246">
     <span class='ocr_line' id='line_1_38' title="bbox 258 2174 1834 2246; baseline 0 -17"><span class='ocrx_word' id='word_1_254' title='bbox 258 2178 335 2231; x_wconf 84' lang='lat' dir='ltr'><strong>vel</strong></span> <span class='ocrx_word' id='word_1_255' title='bbox 362 2175 642 2246; x_wconf 89' lang='lat' dir='ltr'><strong>permitto,</strong></span> <span class='ocrx_word' id='word_1_256' title='bbox 676 2174 778 2231; x_wconf 87' lang='lat' dir='ltr'><strong>nisi</strong></span> <span class='ocrx_word' id='word_1_257' title='bbox 800 2174 1118 2232; x_wconf 85' lang='lat' dir='ltr'><strong>auctoritate</strong></span> <span class='ocrx_word' id='word_1_258' title='bbox 1156 2184 1333 2231; x_wconf 76' lang='lat' dir='ltr'><strong>veStra</strong></span> <span class='ocrx_word' id='word_1_259' title='bbox 1358 2175 1639 2233; x_wconf 84' lang='lat' dir='ltr'><strong>roboratus</strong></span> <span class='ocrx_word' id='word_1_260' title='bbox 1666 2177 1834 2232; x_wconf 79' lang='lat' dir='ltr'><strong>exsti-</strong></span> 
     </span>
    </p>
   </div>
   <div class='ocr_carea' id='block_1_39' title="bbox 263 2276 393 2322">
    <p class='ocr_par' dir='ltr' id='par_1_39' title="bbox 263 2276 393 2322">
     <span class='ocr_line' id='line_1_39' title="bbox 263 2276 393 2322; baseline -0.008 0"><span class='ocrx_word' id='word_1_261' title='bbox 263 2276 393 2322; x_wconf 78' lang='lat' dir='ltr'><strong>tero.</strong></span> 
     </span>
    </p>
   </div>
   <div class='ocr_carea' id='block_1_40' title="bbox 798 2355 1283 2413">
    <p class='ocr_par' dir='ltr' id='par_1_40' title="bbox 798 2355 1283 2413">
     <span class='ocr_line' id='line_1_40' title="bbox 798 2355 1283 2413; baseline -0.004 0"><span class='ocrx_word' id='word_1_262' title='bbox 798 2355 1127 2413; x_wconf 81' lang='lat' dir='ltr'><strong>EPISTOLA</strong></span> <span class='ocrx_word' id='word_1_263' title='bbox 1171 2356 1283 2412; x_wconf 80' lang='lat' dir='ltr'><strong>XV.</strong></span> 
     </span>
    </p>
   </div>
   <div class='ocr_carea' id='block_1_41' title="bbox 327 2462 1761 2507">
    <p class='ocr_par' dir='ltr' id='par_1_41' title="bbox 327 2462 1761 2507">
     <span class='ocr_line' id='line_1_41' title="bbox 327 2462 1761 2507; baseline -0.001 -2"><span class='ocrx_word' id='word_1_264' title='bbox 327 2464 515 2505; x_wconf 75' lang='lat' dir='ltr'><strong>AVITUS</strong></span> <span class='ocrx_word' id='word_1_265' title='bbox 553 2462 860 2504; x_wconf 65' lang='lat' dir='ltr'><strong>VIENNENSIS</strong></span> <span class='ocrx_word' id='word_1_266' title='bbox 896 2463 1172 2505; x_wconf 75' lang='lat' dir='ltr'><strong>EPISCOPUS</strong></span> <span class='ocrx_word' id='word_1_267' title='bbox 1209 2464 1462 2506; x_wconf 77' lang='lat' dir='ltr'><strong>VICTURIO</strong></span> <span class='ocrx_word' id='word_1_268' title='bbox 1499 2465 1761 2507; x_wconf 80' lang='lat' dir='ltr'><strong>EPISCOPO.</strong></span> 
     </span>
    </p>
   </div>
   <div class='ocr_carea' id='block_1_42' title="bbox 329 2541 1836 2612">
    <p class='ocr_par' dir='ltr' id='par_1_42' title="bbox 329 2541 1836 2612">
     <span class='ocr_line' id='line_1_42' title="bbox 329 2541 1836 2612; baseline 0 -15"><span class='ocrx_word' id='word_1_269' title='bbox 329 2542 581 2597; x_wconf 76' lang='lat' dir='ltr'><strong>Probata:</strong></span> <span class='ocrx_word' id='word_1_270' title='bbox 609 2556 941 2611; x_wconf 63' lang='lat' dir='ltr'><strong>summasque</strong></span> <span class='ocrx_word' id='word_1_271' title='bbox 984 2541 1200 2612; x_wconf 87' lang='lat' dir='ltr'><strong>pietatis</strong></span> <span class='ocrx_word' id='word_1_272' title='bbox 1244 2550 1347 2607; x_wconf 89' lang='lat' dir='ltr'><strong>est,</strong></span> <span class='ocrx_word' id='word_1_273' title='bbox 1378 2549 1438 2596; x_wconf 91' lang='lat' dir='ltr'><strong>ut</strong></span> <span class='ocrx_word' id='word_1_274' title='bbox 1465 2544 1531 2597; x_wconf 90' lang='lat' dir='ltr'><strong>de</strong></span> <span class='ocrx_word' id='word_1_275' title='bbox 1556 2543 1731 2597; x_wconf 87' lang='lat' dir='ltr'><strong>causis</strong></span> <span class='ocrx_word' id='word_1_276' title='bbox 1771 2542 1836 2597; x_wconf 89' lang='lat' dir='ltr'><strong>ad</strong></span> 
     </span>
    </p>
   </div>
   <div class='ocr_carea' id='block_1_43' title="bbox 265 2631 1839 2703">
    <p class='ocr_par' dir='ltr' id='par_1_43' title="bbox 265 2631 1839 2703">
     <span class='ocr_line' id='line_1_43' title="bbox 265 2631 1839 2703; baseline -0.001 -15"><span class='ocrx_word' id='word_1_277' title='bbox 265 2633 593 2703; x_wconf 82' lang='lat' dir='ltr'><strong>pontiﬁcium</strong></span> <span class='ocrx_word' id='word_1_278' title='bbox 652 2640 894 2687; x_wconf 89' lang='lat' dir='ltr'><strong>vestrum</strong></span> <span class='ocrx_word' id='word_1_279' title='bbox 952 2631 1345 2701; x_wconf 87' lang='lat' dir='ltr'><strong>pertinentibus</strong></span> <span class='ocrx_word' id='word_1_280' title='bbox 1401 2647 1577 2686; x_wconf 90' lang='lat' dir='ltr'><strong>meum</strong></span> <span class='ocrx_word' id='word_1_281' title='bbox 1626 2646 1839 2703; x_wconf 91' lang='lat' dir='ltr'><strong>quoque</strong></span> 
     </span>
    </p>
   </div>
   <div class='ocr_carea' id='block_1_44' title="bbox 263 2720 1840 2791">
    <p class='ocr_par' dir='ltr' id='par_1_44' title="bbox 263 2720 1840 2791">
     <span class='ocr_line' id='line_1_44' title="bbox 263 2720 1840 2791; baseline -0.002 -12"><span class='ocrx_word' id='word_1_282' title='bbox 263 2723 543 2779; x_wconf 85' lang='lat' dir='ltr'><strong>consilium</strong></span> <span class='ocrx_word' id='word_1_283' title='bbox 566 2721 951 2778; x_wconf 89' lang='lat' dir='ltr'><strong>consulendum</strong></span> <span class='ocrx_word' id='word_1_284' title='bbox 978 2736 1096 2777; x_wconf 90' lang='lat' dir='ltr'><strong>esse</strong></span> <span class='ocrx_word' id='word_1_285' title='bbox 1118 2722 1344 2779; x_wconf 90' lang='lat' dir='ltr'><strong>ducatis.</strong></span> <span class='ocrx_word' id='word_1_286' title='bbox 1367 2720 1519 2791; x_wconf 85' lang='lat' dir='ltr'><strong>Quod</strong></span> <span class='ocrx_word' id='word_1_287' title='bbox 1545 2723 1723 2779; x_wconf 87' lang='lat' dir='ltr'><strong>facere</strong></span> <span class='ocrx_word' id='word_1_288' title='bbox 1742 2737 1840 2777; x_wconf 89' lang='lat' dir='ltr'><strong>vos</strong></span> 
     </span>
    </p>
   </div>
   <div class='ocr_carea' id='block_1_45' title="bbox 264 2812 1841 2883">
    <p class='ocr_par' dir='ltr' id='par_1_45' title="bbox 264 2812 1841 2883">
     <span class='ocr_line' id='line_1_45' title="bbox 264 2812 1841 2883; baseline 0.002 -15"><span class='ocrx_word' id='word_1_289' title='bbox 264 2828 387 2878; x_wconf 89' lang='lat' dir='ltr'><strong>non,</strong></span> <span class='ocrx_word' id='word_1_290' title='bbox 418 2825 475 2867; x_wconf 90' lang='lat' dir='ltr'><strong>ut</strong></span> <span class='ocrx_word' id='word_1_291' title='bbox 505 2813 740 2877; x_wconf 80' lang='lat' dir='ltr'><strong>dixistis,</strong></span> <span class='ocrx_word' id='word_1_292' title='bbox 769 2812 1131 2882; x_wconf 75' lang='lat' dir='ltr'><strong>ambiguitatis</strong></span> <span class='ocrx_word' id='word_1_293' title='bbox 1161 2815 1362 2883; x_wconf 91' lang='lat' dir='ltr'><strong>animo,</strong></span> <span class='ocrx_word' id='word_1_294' title='bbox 1395 2814 1491 2872; x_wconf 89' lang='lat' dir='ltr'><strong>sed</strong></span> <span class='ocrx_word' id='word_1_295' title='bbox 1538 2815 1841 2872; x_wconf 87' lang='lat' dir='ltr'><strong>dilectionis</strong></span> 
     </span>
    </p>
   </div>
   <div class='ocr_carea' id='block_1_46' title="bbox 265 2901 1842 2975">
    <p class='ocr_par' dir='ltr' id='par_1_46' title="bbox 265 2901 1842 2975">
     <span class='ocr_line' id='line_1_46' title="bbox 265 2901 1842 2975; baseline 0.001 -16"><span class='ocrx_word' id='word_1_296' title='bbox 265 2903 565 2959; x_wconf 87' lang='lat' dir='ltr'><strong>ostenditis.</strong></span> <span class='ocrx_word' id='word_1_297' title='bbox 597 2901 935 2972; x_wconf 86' lang='lat' dir='ltr'><strong>Quapropter</strong></span> <span class='ocrx_word' id='word_1_298' title='bbox 973 2912 1159 2958; x_wconf 83' lang='lat' dir='ltr'><strong>contra</strong></span> <span class='ocrx_word' id='word_1_299' title='bbox 1209 2903 1419 2973; x_wconf 90' lang='lat' dir='ltr'><strong>culpam</strong></span> <span class='ocrx_word' id='word_1_300' title='bbox 1460 2920 1618 2975; x_wconf 90' lang='lat' dir='ltr'><strong>quam</strong></span> <span class='ocrx_word' id='word_1_301' title='bbox 1648 2905 1842 2962; x_wconf 89' lang='lat' dir='ltr'><strong>litteris</strong></span> 
     </span>
    </p>
   </div>
   <div class='ocr_carea' id='block_1_47' title="bbox 266 2995 1838 3068">
    <p class='ocr_par' dir='ltr' id='par_1_47' title="bbox 266 2995 1838 3068">
     <span class='ocr_line' id='line_1_47' title="bbox 266 2995 1838 3068; baseline 0.001 -18"><span class='ocrx_word' id='word_1_302' title='bbox 266 2995 565 3063; x_wconf 84' lang='lat' dir='ltr'><strong>iudicastis,</strong></span> <span class='ocrx_word' id='word_1_303' title='bbox 591 2995 823 3050; x_wconf 84' lang='lat' dir='ltr'><strong>arbitror</strong></span> <span class='ocrx_word' id='word_1_304' title='bbox 868 2996 1061 3051; x_wconf 91' lang='lat' dir='ltr'><strong>merito</strong></span> <span class='ocrx_word' id='word_1_305' title='bbox 1109 3010 1204 3051; x_wconf 84' lang='lat' dir='ltr'><strong>vos</strong></span> <span class='ocrx_word' id='word_1_306' title='bbox 1248 2997 1470 3052; x_wconf 88' lang='lat' dir='ltr'><strong>moveri.</strong></span> <span class='ocrx_word' id='word_1_307' title='bbox 1521 2996 1651 3068; x_wconf 88' lang='lat' dir='ltr'><strong>Quis</strong></span> <span class='ocrx_word' id='word_1_308' title='bbox 1696 2999 1838 3054; x_wconf 88' lang='lat' dir='ltr'><strong>enim</strong></span> 
     </span>
    </p>
   </div>
   <div class='ocr_carea' id='block_1_48' title="bbox 1936 1807 3513 1880">
    <p class='ocr_par' dir='ltr' id='par_1_48' title="bbox 1936 1807 3513 1880">
     <span class='ocr_line' id='line_1_48' title="bbox 1936 1807 3513 1880; baseline 0.004 -18"><span class='ocrx_word' id='word_1_309' title='bbox 1936 1807 2261 1875; x_wconf 85' lang='lat' dir='ltr'><strong>terrogando</strong></span> <span class='ocrx_word' id='word_1_310' title='bbox 2281 1848 2296 1872; x_wconf 94' lang='lat'><strong>,</strong></span> <span class='ocrx_word' id='word_1_311' title='bbox 2327 1822 2434 1863; x_wconf 91' lang='lat' dir='ltr'><strong>non</strong></span> <span class='ocrx_word' id='word_1_312' title='bbox 2475 1809 2653 1863; x_wconf 90' lang='lat' dir='ltr'><strong>minus</strong></span> <span class='ocrx_word' id='word_1_313' title='bbox 2680 1823 2909 1866; x_wconf 85' lang='lat' dir='ltr'><strong>onerare</strong></span> <span class='ocrx_word' id='word_1_314' title='bbox 2939 1825 3099 1880; x_wconf 80' lang='lat' dir='ltr'><strong>quam</strong></span> <span class='ocrx_word' id='word_1_315' title='bbox 3142 1811 3406 1868; x_wconf 85' lang='lat' dir='ltr'><strong>honorare</strong></span> <span class='ocrx_word' id='word_1_316' title='bbox 3432 1812 3513 1868; x_wconf 92' lang='lat' dir='ltr'><strong>di-</strong></span> 
     </span>
    </p>
   </div>
   <div class='ocr_carea' id='block_1_49' title="bbox 1933 1899 3515 1972">
    <p class='ocr_par' dir='ltr' id='par_1_49' title="bbox 1933 1899 3515 1972">
     <span class='ocr_line' id='line_1_49' title="bbox 1933 1899 3515 1972; baseline 0.004 -18"><span class='ocrx_word' id='word_1_317' title='bbox 1933 1900 2193 1970; x_wconf 90' lang='lat' dir='ltr'><strong>gnamini.</strong></span> <span class='ocrx_word' id='word_1_318' title='bbox 2250 1899 2357 1956; x_wconf 91' lang='lat' dir='ltr'><strong>Sed</strong></span> <span class='ocrx_word' id='word_1_319' title='bbox 2402 1915 2521 1955; x_wconf 91' lang='lat' dir='ltr'><strong>cum</strong></span> <span class='ocrx_word' id='word_1_320' title='bbox 2568 1904 2839 1956; x_wconf 90' lang='lat' dir='ltr'><strong>noveretis</strong></span> <span class='ocrx_word' id='word_1_321' title='bbox 2870 1912 3015 1959; x_wconf 81' lang='lat' dir='ltr'><strong>recte</strong></span> <span class='ocrx_word' id='word_1_322' title='bbox 3046 1919 3174 1972; x_wconf 88' lang='lat' dir='ltr'><strong>vos,</strong></span> <span class='ocrx_word' id='word_1_323' title='bbox 3203 1907 3247 1960; x_wconf 93' lang='lat' dir='ltr'><strong>si</strong></span> <span class='ocrx_word' id='word_1_324' title='bbox 3297 1921 3401 1961; x_wconf 92' lang='lat' dir='ltr'><strong>non</strong></span> <span class='ocrx_word' id='word_1_325' title='bbox 3447 1907 3515 1961; x_wconf 88' lang='lat' dir='ltr'><strong>de</strong></span> 
     </span>
    </p>
   </div>
   <div class='ocr_carea' id='block_1_50' title="bbox 1937 1990 3513 2060">
    <p class='ocr_par' dir='ltr' id='par_1_50' title="bbox 1937 1990 3513 2060">
     <span class='ocr_line' id='line_1_50' title="bbox 1937 1990 3513 2060; baseline 0.005 -16"><span class='ocrx_word' id='word_1_326' title='bbox 1937 1990 2128 2060; x_wconf 89' lang='lat' dir='ltr'><strong>peritia</strong></span> <span class='ocrx_word' id='word_1_327' title='bbox 2160 2005 2298 2058; x_wconf 91' lang='lat' dir='ltr'><strong>mea,</strong></span> <span class='ocrx_word' id='word_1_328' title='bbox 2322 1991 2515 2045; x_wconf 88' lang='lat' dir='ltr'><strong>saltem</strong></span> <span class='ocrx_word' id='word_1_329' title='bbox 2543 1992 2610 2046; x_wconf 86' lang='lat' dir='ltr'><strong>de</strong></span> <span class='ocrx_word' id='word_1_330' title='bbox 2635 1992 2864 2047; x_wconf 89' lang='lat' dir='ltr'><strong>amicitia</strong></span> <span class='ocrx_word' id='word_1_331' title='bbox 2889 1995 3157 2060; x_wconf 88' lang='lat' dir='ltr'><strong>judicare:</strong></span> <span class='ocrx_word' id='word_1_332' title='bbox 3186 2011 3284 2052; x_wconf 92' lang='lat' dir='ltr'><strong>nec</strong></span> <span class='ocrx_word' id='word_1_333' title='bbox 3312 1998 3513 2060; x_wconf 62' lang='lat' dir='ltr'><strong>aliquid</strong></span> 
     </span>
    </p>
   </div>
   <div class='ocr_carea' id='block_1_51' title="bbox 1934 2082 3514 2157">
    <p class='ocr_par' dir='ltr' id='par_1_51' title="bbox 1934 2082 3514 2157">
     <span class='ocr_line' id='line_1_51' title="bbox 1934 2082 3514 2157; baseline 0.005 -21"><span class='ocrx_word' id='word_1_334' title='bbox 1934 2082 2084 2137; x_wconf 85' lang='lat' dir='ltr'><strong>vobis</strong></span> <span class='ocrx_word' id='word_1_335' title='bbox 2114 2097 2345 2151; x_wconf 90' lang='lat' dir='ltr'><strong>unquam</strong></span> <span class='ocrx_word' id='word_1_336' title='bbox 2388 2083 2740 2151; x_wconf 84' lang='lat' dir='ltr'><strong>responsione</strong></span> <span class='ocrx_word' id='word_1_337' title='bbox 2770 2099 2886 2138; x_wconf 91' lang='lat' dir='ltr'><strong>mea</strong></span> <span class='ocrx_word' id='word_1_338' title='bbox 2938 2085 3173 2155; x_wconf 82' lang='lat' dir='ltr'><strong>sttggeri,</strong></span> <span class='ocrx_word' id='word_1_339' title='bbox 3227 2087 3327 2142; x_wconf 91' lang='lat' dir='ltr'><strong>nisi</strong></span> <span class='ocrx_word' id='word_1_340' title='bbox 3371 2089 3514 2157; x_wconf 89' lang='lat' dir='ltr'><strong>quod</strong></span> 
     </span>
    </p>
   </div>
   <div class='ocr_carea' id='block_1_52' title="bbox 1934 2172 3510 2247">
    <p class='ocr_par' dir='ltr' id='par_1_52' title="bbox 1934 2172 3510 2247">
     <span class='ocr_line' id='line_1_52' title="bbox 1934 2172 3510 2247; baseline 0.002 -19"><span class='ocrx_word' id='word_1_341' title='bbox 1934 2173 2060 2229; x_wconf 89' lang='lat' dir='ltr'><strong>volo</strong></span> <span class='ocrx_word' id='word_1_342' title='bbox 2082 2187 2112 2227; x_wconf 89' lang='lat' dir='ltr'><strong>a</strong></span> <span class='ocrx_word' id='word_1_343' title='bbox 2127 2172 2419 2229; x_wconf 74' lang='lat' dir='ltr'><strong>Viennensi</strong></span> <span class='ocrx_word' id='word_1_344' title='bbox 2447 2172 2682 2228; x_wconf 87' lang='lat' dir='ltr'><strong>Ecclesia</strong></span> <span class='ocrx_word' id='word_1_345' title='bbox 2704 2172 2979 2228; x_wconf 85' lang='lat' dir='ltr'><strong>custodiri.</strong></span> <span class='ocrx_word' id='word_1_346' title='bbox 3004 2174 3229 2230; x_wconf 90' lang='lat' dir='ltr'><strong>Secutus</strong></span> <span class='ocrx_word' id='word_1_347' title='bbox 3256 2187 3337 2231; x_wconf 90' lang='lat' dir='ltr'><strong>est</strong></span> <span class='ocrx_word' id='word_1_348' title='bbox 3360 2193 3510 2247; x_wconf 90' lang='lat' dir='ltr'><strong>ergo,</strong></span> 
     </span>
    </p>
   </div>
   <div class='ocr_carea' id='block_1_53' title="bbox 1938 2264 3509 2332">
    <p class='ocr_par' dir='ltr' id='par_1_53' title="bbox 1938 2264 3509 2332">
     <span class='ocr_line' id='line_1_53' title="bbox 1938 2264 3509 2332; baseline -0.001 -11"><span class='ocrx_word' id='word_1_349' title='bbox 1938 2275 1997 2321; x_wconf 93' lang='lat' dir='ltr'><strong>ut</strong></span> <span class='ocrx_word' id='word_1_350' title='bbox 2026 2264 2326 2332; x_wconf 89' lang='lat' dir='ltr'><strong>indicastis,</strong></span> <span class='ocrx_word' id='word_1_351' title='bbox 2356 2264 2521 2320; x_wconf 86' lang='lat' dir='ltr'><strong>ﬁlium</strong></span> <span class='ocrx_word' id='word_1_352' title='bbox 2548 2273 2788 2320; x_wconf 89' lang='lat' dir='ltr'><strong>nostrum</strong></span> <span class='ocrx_word' id='word_1_353' title='bbox 2820 2265 3102 2321; x_wconf 89' lang='lat' dir='ltr'><strong>diaconum</strong></span> <span class='ocrx_word' id='word_1_354' title='bbox 3132 2266 3509 2324; x_wconf 84' lang='lat' dir='ltr'><strong>Vincomalus:</strong></span> 
     </span>
    </p>
   </div>
   <div class='ocr_carea' id='block_1_54' title="bbox 1938 2357 3516 2428">
    <p class='ocr_par' dir='ltr' id='par_1_54' title="bbox 1938 2357 3516 2428">
     <span class='ocr_line' id='line_1_54' title="bbox 1938 2357 3516 2428; baseline 0.004 -18"><span class='ocrx_word' id='word_1_355' title='bbox 1938 2372 2097 2428; x_wconf 87' lang='lat' dir='ltr'><strong>quem</strong></span> <span class='ocrx_word' id='word_1_356' title='bbox 2133 2357 2275 2413; x_wconf 92' lang='lat' dir='ltr'><strong>Deus</strong></span> <span class='ocrx_word' id='word_1_357' title='bbox 2305 2358 2505 2412; x_wconf 88' lang='lat' dir='ltr'><strong>tribuat</strong></span> <span class='ocrx_word' id='word_1_358' title='bbox 2527 2366 2584 2411; x_wconf 92' lang='lat' dir='ltr'><strong>ut</strong></span> <span class='ocrx_word' id='word_1_359' title='bbox 2627 2357 2681 2412; x_wconf 91' lang='lat' dir='ltr'><strong>in</strong></span> <span class='ocrx_word' id='word_1_360' title='bbox 2711 2357 2855 2413; x_wconf 89' lang='lat' dir='ltr'><strong>bono</strong></span> <span class='ocrx_word' id='word_1_361' title='bbox 2893 2357 3113 2412; x_wconf 85' lang='lat' dir='ltr'><strong>vincatis</strong></span> <span class='ocrx_word' id='word_1_362' title='bbox 3142 2360 3358 2414; x_wconf 93' lang='lat' dir='ltr'><strong>malum.</strong></span> <span class='ocrx_word' id='word_1_363' title='bbox 3397 2359 3516 2416; x_wconf 88' lang='lat' dir='ltr'><strong>Vidi</strong></span> 
     </span>
    </p>
   </div>
   <div class='ocr_carea' id='block_1_55' title="bbox 1942 2450 3515 2520">
    <p class='ocr_par' dir='ltr' id='par_1_55' title="bbox 1942 2450 3515 2520">
     <span class='ocr_line' id='line_1_55' title="bbox 1942 2450 3515 2520; baseline 0 -13"><span class='ocrx_word' id='word_1_364' title='bbox 1942 2453 2211 2508; x_wconf 88' lang='lat' dir='ltr'><strong>hominem</strong></span> <span class='ocrx_word' id='word_1_365' title='bbox 2258 2452 2420 2507; x_wconf 91' lang='lat' dir='ltr'><strong>nimie</strong></span> <span class='ocrx_word' id='word_1_366' title='bbox 2447 2450 2673 2507; x_wconf 90' lang='lat' dir='ltr'><strong>crudum</strong></span> <span class='ocrx_word' id='word_1_367' title='bbox 2703 2450 2856 2520; x_wconf 92' lang='lat' dir='ltr'><strong>cujus</strong></span> <span class='ocrx_word' id='word_1_368' title='bbox 2894 2450 3128 2506; x_wconf 89' lang='lat' dir='ltr'><strong>miseriis</strong></span> <span class='ocrx_word' id='word_1_369' title='bbox 3174 2461 3387 2507; x_wconf 90' lang='lat' dir='ltr'><strong>constat</strong></span> <span class='ocrx_word' id='word_1_370' title='bbox 3428 2453 3515 2507; x_wconf 75' lang='lat' dir='ltr'><strong>vix</strong></span> 
     </span>
    </p>
   </div>
   <div class='ocr_carea' id='block_1_56' title="bbox 1940 2542 3515 2617">
    <p class='ocr_par' dir='ltr' id='par_1_56' title="bbox 1940 2542 3515 2617">
     <span class='ocr_line' id='line_1_56' title="bbox 1940 2542 3515 2617; baseline -0.001 -16"><span class='ocrx_word' id='word_1_371' title='bbox 1940 2560 2261 2617; x_wconf 88' lang='lat' dir='ltr'><strong>quemquam</strong></span> <span class='ocrx_word' id='word_1_372' title='bbox 2289 2558 2447 2615; x_wconf 90' lang='lat' dir='ltr'><strong>posse</strong></span> <span class='ocrx_word' id='word_1_373' title='bbox 2469 2543 2732 2599; x_wconf 89' lang='lat' dir='ltr'><strong>misereri.</strong></span> <span class='ocrx_word' id='word_1_374' title='bbox 2760 2542 2983 2599; x_wconf 86' lang='lat' dir='ltr'><strong>Juvenis</strong></span> <span class='ocrx_word' id='word_1_375' title='bbox 3016 2544 3228 2608; x_wconf 91' lang='lat' dir='ltr'><strong>virtute,</strong></span> <span class='ocrx_word' id='word_1_376' title='bbox 3259 2559 3423 2599; x_wconf 82' lang='lat' dir='ltr'><strong>senex</strong></span> <span class='ocrx_word' id='word_1_377' title='bbox 3454 2546 3515 2599; x_wconf 89' lang='lat' dir='ltr'><strong>fi-</strong></span> 
     </span>
    </p>
   </div>
   <div class='ocr_carea' id='block_1_57' title="bbox 1943 2635 3518 2707">
    <p class='ocr_par' dir='ltr' id='par_1_57' title="bbox 1943 2635 3518 2707">
     <span class='ocr_line' id='line_1_57' title="bbox 1943 2635 3518 2707; baseline -0.002 -14"><span class='ocrx_word' id='word_1_378' title='bbox 1943 2639 2031 2706; x_wconf 93' lang='lat' dir='ltr'><strong>de,</strong></span> <span class='ocrx_word' id='word_1_379' title='bbox 2062 2654 2177 2694; x_wconf 71' lang='lat' dir='ltr'><strong>(evo</strong></span> <span class='ocrx_word' id='word_1_380' title='bbox 2206 2637 2385 2707; x_wconf 81' lang='lat' dir='ltr'><strong>friget,</strong></span> <span class='ocrx_word' id='word_1_381' title='bbox 2428 2635 2690 2691; x_wconf 87' lang='lat' dir='ltr'><strong>adulterio</strong></span> <span class='ocrx_word' id='word_1_382' title='bbox 2718 2636 2876 2691; x_wconf 88' lang='lat' dir='ltr'><strong>calet.</strong></span> <span class='ocrx_word' id='word_1_383' title='bbox 2915 2636 3051 2702; x_wconf 90' lang='lat' dir='ltr'><strong>Quid</strong></span> <span class='ocrx_word' id='word_1_384' title='bbox 3083 2636 3303 2690; x_wconf 80' lang='lat' dir='ltr'><strong>multis?</strong></span> <span class='ocrx_word' id='word_1_385' title='bbox 3332 2649 3518 2705; x_wconf 85' lang='lat' dir='ltr'><strong>optan-</strong></span> 
     </span>
    </p>
   </div>
   <div class='ocr_carea' id='block_1_58' title="bbox 1943 2726 3519 2799">
    <p class='ocr_par' dir='ltr' id='par_1_58' title="bbox 1943 2726 3519 2799">
     <span class='ocr_line' id='line_1_58' title="bbox 1943 2726 3519 2799; baseline -0.002 -14"><span class='ocrx_word' id='word_1_386' title='bbox 1943 2730 2068 2785; x_wconf 89' lang='lat' dir='ltr'><strong>dttm</strong></span> <span class='ocrx_word' id='word_1_387' title='bbox 2097 2741 2177 2784; x_wconf 91' lang='lat' dir='ltr'><strong>est</strong></span> <span class='ocrx_word' id='word_1_388' title='bbox 2209 2737 2267 2783; x_wconf 92' lang='lat' dir='ltr'><strong>ut</strong></span> <span class='ocrx_word' id='word_1_389' title='bbox 2297 2743 2393 2799; x_wconf 87' lang='lat' dir='ltr'><strong>per</strong></span> <span class='ocrx_word' id='word_1_390' title='bbox 2420 2728 2745 2783; x_wconf 88' lang='lat' dir='ltr'><strong>voluntatem</strong></span> <span class='ocrx_word' id='word_1_391' title='bbox 2794 2726 3191 2796; x_wconf 89' lang='lat' dir='ltr'><strong>disparabilem,</strong></span> <span class='ocrx_word' id='word_1_392' title='bbox 3226 2742 3331 2780; x_wconf 91' lang='lat' dir='ltr'><strong>non</strong></span> <span class='ocrx_word' id='word_1_393' title='bbox 3361 2742 3519 2797; x_wconf 81' lang='lat' dir='ltr'><strong>quam</strong></span> 
     </span>
    </p>
   </div>
   <div class='ocr_carea' id='block_1_59' title="bbox 1945 2817 3520 2889">
    <p class='ocr_par' dir='ltr' id='par_1_59' title="bbox 1945 2817 3520 2889">
     <span class='ocr_line' id='line_1_59' title="bbox 1945 2817 3520 2889; baseline -0.001 -14"><span class='ocrx_word' id='word_1_394' title='bbox 1945 2820 2073 2875; x_wconf 93' lang='lat' dir='ltr'><strong>libet</strong></span> <span class='ocrx_word' id='word_1_395' title='bbox 2100 2818 2293 2889; x_wconf 89' lang='lat' dir='ltr'><strong>perire,</strong></span> <span class='ocrx_word' id='word_1_396' title='bbox 2329 2829 2434 2874; x_wconf 86' lang='lat' dir='ltr'><strong>tam</strong></span> <span class='ocrx_word' id='word_1_397' title='bbox 2458 2818 2638 2873; x_wconf 88' lang='lat' dir='ltr'><strong>liceat.</strong></span> <span class='ocrx_word' id='word_1_398' title='bbox 2668 2817 2800 2872; x_wconf 88' lang='lat' dir='ltr'><strong>Nam</strong></span> <span class='ocrx_word' id='word_1_399' title='bbox 2830 2832 2951 2873; x_wconf 91' lang='lat' dir='ltr'><strong>cum</strong></span> <span class='ocrx_word' id='word_1_400' title='bbox 2988 2818 3353 2873; x_wconf 82' lang='lat' dir='ltr'><strong>adhortatorie</strong></span> <span class='ocrx_word' id='word_1_401' title='bbox 3400 2819 3520 2888; x_wconf 90' lang='lat' dir='ltr'><strong>plus</strong></span> 
     </span>
    </p>
   </div>
   <div class='ocr_carea' id='block_1_60' title="bbox 1945 2906 3519 2977">
    <p class='ocr_par' dir='ltr' id='par_1_60' title="bbox 1945 2906 3519 2977">
     <span class='ocr_line' id='line_1_60' title="bbox 1945 2906 3519 2977; baseline 0.001 -15"><span class='ocrx_word' id='word_1_402' title='bbox 1945 2924 2101 2977; x_wconf 89' lang='lat' dir='ltr'><strong>quam</strong></span> <span class='ocrx_word' id='word_1_403' title='bbox 2132 2921 2345 2976; x_wconf 85' lang='lat' dir='ltr'><strong>aspere,</strong></span> <span class='ocrx_word' id='word_1_404' title='bbox 2371 2922 2469 2976; x_wconf 91' lang='lat' dir='ltr'><strong>pro</strong></span> <span class='ocrx_word' id='word_1_405' title='bbox 2514 2906 2702 2962; x_wconf 91' lang='lat' dir='ltr'><strong>incesti</strong></span> <span class='ocrx_word' id='word_1_406' title='bbox 2731 2907 2971 2963; x_wconf 84' lang='lat' dir='ltr'><strong>facinore</strong></span> <span class='ocrx_word' id='word_1_407' title='bbox 3001 2908 3325 2975; x_wconf 88' lang='lat' dir='ltr'><strong>culparetur,</strong></span> <span class='ocrx_word' id='word_1_408' title='bbox 3371 2922 3519 2963; x_wconf 75' lang='lat' dir='ltr'><strong>seve~</strong></span> 
     </span>
    </p>
   </div>
   <div class='ocr_carea' id='block_1_61' title="bbox 1946 2998 3519 3069">
    <p class='ocr_par' dir='ltr' id='par_1_61' title="bbox 1946 2998 3519 3069">
     <span class='ocr_line' id='line_1_61' title="bbox 1946 2998 3519 3069; baseline 0 -14"><span class='ocrx_word' id='word_1_409' title='bbox 1946 3001 2159 3055; x_wconf 88' lang='lat' dir='ltr'><strong>ritatetn</strong></span> <span class='ocrx_word' id='word_1_410' title='bbox 2192 3007 2427 3054; x_wconf 78' lang='lat' dir='ltr'><strong>nostram</strong></span> <span class='ocrx_word' id='word_1_411' title='bbox 2474 2998 2585 3053; x_wconf 89' lang='lat' dir='ltr'><strong>sola</strong></span> <span class='ocrx_word' id='word_1_412' title='bbox 2617 2999 3021 3069; x_wconf 64' lang='lat' dir='ltr'><strong>praescriptione</strong></span> <span class='ocrx_word' id='word_1_413' title='bbox 3063 2999 3326 3054; x_wconf 86' lang='lat' dir='ltr'><strong>tarditatis</strong></span> <span class='ocrx_word' id='word_1_414' title='bbox 3357 3013 3519 3056; x_wconf 89' lang='lat' dir='ltr'><strong>accu-</strong></span> 
     </span>
    </p>
   </div>
   <div class='ocr_carea' id='block_1_62' title="bbox 264 3074 3520 3159">
    <p class='ocr_par' dir='ltr' id='par_1_62' title="bbox 264 3074 3520 3159">
     <span class='ocr_line' id='line_1_62' title="bbox 264 3074 3520 3159; baseline 0.002 -18"><span class='ocrx_word' id='word_1_415' title='bbox 264 3088 346 3144; x_wconf 85' lang='lat' dir='ltr'><strong>vel</strong></span> <span class='ocrx_word' id='word_1_416' title='bbox 376 3088 548 3142; x_wconf 84' lang='lat' dir='ltr'><strong>laicus</strong></span> <span class='ocrx_word' id='word_1_417' title='bbox 575 3100 680 3140; x_wconf 90' lang='lat' dir='ltr'><strong>non</strong></span> <span class='ocrx_word' id='word_1_418' title='bbox 706 3084 971 3151; x_wconf 87' lang='lat' dir='ltr'><strong>advertat,</strong></span> <span class='ocrx_word' id='word_1_419' title='bbox 1002 3099 1108 3140; x_wconf 92' lang='lat' dir='ltr'><strong>non</strong></span> <span class='ocrx_word' id='word_1_420' title='bbox 1139 3086 1254 3142; x_wconf 81' lang='lat' dir='ltr'><strong>sine</strong></span> <span class='ocrx_word' id='word_1_421' title='bbox 1280 3088 1469 3157; x_wconf 84' lang='lat' dir='ltr'><strong>grandi</strong></span> <span class='ocrx_word' id='word_1_422' title='bbox 1492 3090 1698 3144; x_wconf 89' lang='lat' dir='ltr'><strong>macula</strong></span> <span class='ocrx_word' id='word_1_423' title='bbox 1730 3089 1841 3144; x_wconf 81' lang='lat' dir='ltr'><strong>fieri</strong></span> <span class='ocrx_word' id='word_1_424' title='bbox 1872 3074 1918 3135; x_wconf 67' lang='grc' dir='ltr'><strong>(ἶ</strong></span> <span class='ocrx_word' id='word_1_425' title='bbox 1949 3106 2096 3159; x_wconf 91' lang='lat' dir='ltr'><strong>sans,</strong></span> <span class='ocrx_word' id='word_1_426' title='bbox 2130 3105 2251 3145; x_wconf 91' lang='lat' dir='ltr'><strong>sero</strong></span> <span class='ocrx_word' id='word_1_427' title='bbox 2274 3105 2373 3144; x_wconf 92' lang='lat' dir='ltr'><strong>nos</strong></span> <span class='ocrx_word' id='word_1_428' title='bbox 2403 3088 2605 3144; x_wconf 67' lang='lat' dir='ltr'><strong>illicitas</strong></span> <span class='ocrx_word' id='word_1_429' title='bbox 2628 3090 2948 3159; x_wconf 89' lang='lat' dir='ltr'><strong>jurgationis</strong></span> <span class='ocrx_word' id='word_1_430' title='bbox 2978 3091 3272 3146; x_wconf 88' lang='lat' dir='ltr'><strong>tricennale</strong></span> <span class='ocrx_word' id='word_1_431' title='bbox 3300 3106 3520 3147; x_wconf 79' lang='lat' dir='ltr'><strong>Consor-</strong></span> 
     </span>
    </p>
   </div>
   <div class='ocr_carea' id='block_1_63' title="bbox 264 3178 1847 3250">
    <p class='ocr_par' dir='ltr' id='par_1_63' title="bbox 264 3178 1847 3250">
     <span class='ocr_line' id='line_1_63' title="bbox 264 3178 1847 3250; baseline -0.001 -13"><span class='ocrx_word' id='word_1_432' title='bbox 264 3181 328 3237; x_wconf 88' lang='lat' dir='ltr'><strong>de</strong></span> <span class='ocrx_word' id='word_1_433' title='bbox 377 3179 655 3235; x_wconf 80' lang='lat' dir='ltr'><strong>affinitatis</strong></span> <span class='ocrx_word' id='word_1_434' title='bbox 706 3178 1100 3249; x_wconf 87' lang='lat' dir='ltr'><strong>propinquitate</strong></span> <span class='ocrx_word' id='word_1_435' title='bbox 1144 3180 1447 3250; x_wconf 85' lang='lat' dir='ltr'><strong>conjugium</strong></span> <span class='ocrx_word' id='word_1_436' title='bbox 1473 3180 1496 3232; x_wconf 79' lang='lat' dir='ltr'><strong>‘l</strong></span> <span class='ocrx_word' id='word_1_437' title='bbox 1524 3179 1674 3235; x_wconf 88' lang='lat' dir='ltr'><strong>Unde</strong></span> <span class='ocrx_word' id='word_1_438' title='bbox 1721 3180 1847 3235; x_wconf 87' lang='lat' dir='ltr'><strong>licet</strong></span> 
     </span>
    </p>
   </div>
   <div class='ocr_carea' id='block_1_64' title="bbox 265 3268 1847 3339">
    <p class='ocr_par' dir='ltr' id='par_1_64' title="bbox 265 3268 1847 3339">
     <span class='ocr_line' id='line_1_64' title="bbox 265 3268 1847 3339; baseline -0.001 -12"><span class='ocrx_word' id='word_1_439' title='bbox 265 3271 617 3327; x_wconf 87' lang='lat' dir='ltr'><strong>sollicitudini</strong></span> <span class='ocrx_word' id='word_1_440' title='bbox 664 3281 860 3326; x_wconf 71' lang='lat' dir='ltr'><strong>vestra:</strong></span> <span class='ocrx_word' id='word_1_441' title='bbox 898 3270 1224 3339; x_wconf 90' lang='lat' dir='ltr'><strong>justissimus</strong></span> <span class='ocrx_word' id='word_1_442' title='bbox 1246 3270 1401 3325; x_wconf 89' lang='lat' dir='ltr'><strong>dolor</strong></span> <span class='ocrx_word' id='word_1_443' title='bbox 1425 3268 1494 3326; x_wconf 88' lang='lat' dir='ltr'><strong>de</strong></span> <span class='ocrx_word' id='word_1_444' title='bbox 1527 3271 1847 3326; x_wconf 84' lang='lat' dir='ltr'><strong>necessitate</strong></span> 
     </span>
    </p>
   </div>
   <div class='ocr_carea' id='block_1_65' title="bbox 266 3360 1845 3434">
    <p class='ocr_par' dir='ltr' id='par_1_65' title="bbox 266 3360 1845 3434">
     <span class='ocr_line' id='line_1_65' title="bbox 266 3360 1845 3434; baseline -0.001 -16"><span class='ocrx_word' id='word_1_445' title='bbox 266 3362 436 3434; x_wconf 88' lang='lat' dir='ltr'><strong>ipsius</strong></span> <span class='ocrx_word' id='word_1_446' title='bbox 479 3360 832 3416; x_wconf 88' lang='lat' dir='ltr'><strong>districtionis</strong></span> <span class='ocrx_word' id='word_1_447' title='bbox 858 3360 1149 3428; x_wconf 86' lang='lat' dir='ltr'><strong>incumbat,</strong></span> <span class='ocrx_word' id='word_1_448' title='bbox 1192 3361 1478 3416; x_wconf 89' lang='lat' dir='ltr'><strong>salubriter</strong></span> <span class='ocrx_word' id='word_1_449' title='bbox 1509 3370 1687 3416; x_wconf 91' lang='lat' dir='ltr'><strong>tamen</strong></span> <span class='ocrx_word' id='word_1_450' title='bbox 1713 3379 1845 3416; x_wconf 81' lang='lat' dir='ltr'><strong>exa-</strong></span> 
     </span>
    </p>
   </div>
   <div class='ocr_carea' id='block_1_66' title="bbox 266 3452 1844 3524">
    <p class='ocr_par' dir='ltr' id='par_1_66' title="bbox 266 3452 1844 3524">
     <span class='ocr_line' id='line_1_66' title="bbox 266 3452 1844 3524; baseline 0.002 -17"><span class='ocrx_word' id='word_1_451' title='bbox 266 3462 513 3522; x_wconf 80' lang='lat' dir='ltr'><strong>speratur</strong></span> <span class='ocrx_word' id='word_1_452' title='bbox 544 3452 597 3505; x_wconf 91' lang='lat' dir='ltr'><strong>in</strong></span> <span class='ocrx_word' id='word_1_453' title='bbox 626 3453 1021 3521; x_wconf 87' lang='lat' dir='ltr'><strong>temporaneis,</strong></span> <span class='ocrx_word' id='word_1_454' title='bbox 1061 3467 1221 3523; x_wconf 90' lang='lat' dir='ltr'><strong>quem</strong></span> <span class='ocrx_word' id='word_1_455' title='bbox 1268 3453 1463 3509; x_wconf 88' lang='lat' dir='ltr'><strong>salvari</strong></span> <span class='ocrx_word' id='word_1_456' title='bbox 1509 3454 1751 3524; x_wconf 84' lang='lat' dir='ltr'><strong>cupimus</strong></span> <span class='ocrx_word' id='word_1_457' title='bbox 1793 3457 1844 3510; x_wconf 91' lang='lat' dir='ltr'><strong>in</strong></span> 
     </span>
    </p>
   </div>
   <div class='ocr_carea' id='block_1_67' title="bbox 270 3543 1842 3614">
    <p class='ocr_par' dir='ltr' id='par_1_67' title="bbox 270 3543 1842 3614">
     <span class='ocr_line' id='line_1_67' title="bbox 270 3543 1842 3614; baseline 0 -14"><span class='ocrx_word' id='word_1_458' title='bbox 270 3545 507 3600; x_wconf 71' lang='lat' dir='ltr'><strong>aeternis.</strong></span> <span class='ocrx_word' id='word_1_459' title='bbox 532 3552 558 3580; x_wconf 73' lang='grc' dir='ltr'>α</span> <span class='ocrx_word' id='word_1_460' title='bbox 584 3543 807 3614; x_wconf 89' lang='lat' dir='ltr'><strong>Oportet</strong></span> <span class='ocrx_word' id='word_1_461' title='bbox 851 3557 979 3614; x_wconf 91' lang='lat' dir='ltr'><strong>ergo</strong></span> <span class='ocrx_word' id='word_1_462' title='bbox 1018 3543 1288 3598; x_wconf 89' lang='lat' dir='ltr'><strong>hominem</strong></span> <span class='ocrx_word' id='word_1_463' title='bbox 1340 3543 1588 3599; x_wconf 89' lang='lat' dir='ltr'><strong>maritum</strong></span> <span class='ocrx_word' id='word_1_464' title='bbox 1619 3546 1842 3601; x_wconf 85' lang='lat' dir='ltr'><strong>duarum</strong></span> 
     </span>
    </p>
   </div>
   <div class='ocr_carea' id='block_1_68' title="bbox 268 3637 1846 3707">
    <p class='ocr_par' dir='ltr' id='par_1_68' title="bbox 268 3637 1846 3707">
     <span class='ocr_line' id='line_1_68' title="bbox 268 3637 1846 3707; baseline 0.003 -16"><span class='ocrx_word' id='word_1_465' title='bbox 268 3637 478 3692; x_wconf 84' lang='lat' dir='ltr'><strong>scilicet</strong></span> <span class='ocrx_word' id='word_1_466' title='bbox 528 3651 935 3707; x_wconf 87' lang='lat' dir='ltr'><strong>germanarum,</strong></span> <span class='ocrx_word' id='word_1_467' title='bbox 962 3651 1069 3691; x_wconf 91' lang='lat' dir='ltr'><strong>non</strong></span> <span class='ocrx_word' id='word_1_468' title='bbox 1120 3637 1456 3693; x_wconf 88' lang='lat' dir='ltr'><strong>irrevocabili</strong></span> <span class='ocrx_word' id='word_1_469' title='bbox 1507 3639 1846 3695; x_wconf 88' lang='lat' dir='ltr'><strong>anathemate</strong></span> 
     </span>
    </p>
   </div>
   <div class='ocr_carea' id='block_1_69' title="bbox 268 3725 1845 3797">
    <p class='ocr_par' dir='ltr' id='par_1_69' title="bbox 268 3725 1845 3797">
     <span class='ocr_line' id='line_1_69' title="bbox 268 3725 1845 3797; baseline 0.001 -16"><span class='ocrx_word' id='word_1_470' title='bbox 268 3727 511 3797; x_wconf 87' lang='lat' dir='ltr'><strong>percuti,</strong></span> <span class='ocrx_word' id='word_1_471' title='bbox 540 3726 635 3782; x_wconf 89' lang='lat' dir='ltr'><strong>sed</strong></span> <span class='ocrx_word' id='word_1_472' title='bbox 668 3726 953 3797; x_wconf 86' lang='lat' dir='ltr'><strong>propositis</strong></span> <span class='ocrx_word' id='word_1_473' title='bbox 1001 3725 1469 3783; x_wconf 83' lang='lat' dir='ltr'><strong>observationibus</strong></span> <span class='ocrx_word' id='word_1_474' title='bbox 1488 3768 1503 3795; x_wconf 97' lang='lat'><strong>,</strong></span> <span class='ocrx_word' id='word_1_475' title='bbox 1535 3727 1748 3784; x_wconf 88' lang='lat' dir='ltr'><strong>interim</strong></span> <span class='ocrx_word' id='word_1_476' title='bbox 1777 3729 1845 3783; x_wconf 89' lang='lat' dir='ltr'><strong>ab</strong></span> 
     </span>
    </p>
   </div>
   <div class='ocr_carea' id='block_1_70' title="bbox 268 3817 1846 3889">
    <p class='ocr_par' dir='ltr' id='par_1_70' title="bbox 268 3817 1846 3889">
     <span class='ocr_line' id='line_1_70' title="bbox 268 3817 1846 3889; baseline 0.001 -13"><span class='ocrx_word' id='word_1_477' title='bbox 268 3820 510 3876; x_wconf 80' lang='lat' dir='ltr'><strong>Ecclesia</strong></span> <span class='ocrx_word' id='word_1_478' title='bbox 539 3817 887 3889; x_wconf 84' lang='lat' dir='ltr'><strong>sequestrari.</strong></span> <span class='ocrx_word' id='word_1_479' title='bbox 937 3818 1006 3873; x_wconf 82' lang='lat' dir='ltr'><strong>Et</strong></span> <span class='ocrx_word' id='word_1_480' title='bbox 1045 3819 1167 3888; x_wconf 88' lang='lat' dir='ltr'><strong>quia</strong></span> <span class='ocrx_word' id='word_1_481' title='bbox 1197 3819 1476 3888; x_wconf 91' lang='lat' dir='ltr'><strong>indicatis,</strong></span> <span class='ocrx_word' id='word_1_482' title='bbox 1519 3819 1846 3877; x_wconf 89' lang='lat' dir='ltr'><strong>laboriosum</strong></span> 
     </span>
    </p>
   </div>
   <div class='ocr_carea' id='block_1_71' title="bbox 272 3912 1849 3984">
    <p class='ocr_par' dir='ltr' id='par_1_71' title="bbox 272 3912 1849 3984">
     <span class='ocr_line' id='line_1_71' title="bbox 272 3912 1849 3984; baseline 0.001 -17"><span class='ocrx_word' id='word_1_483' title='bbox 272 3914 449 3984; x_wconf 86' lang='lat' dir='ltr'><strong>ipsum</strong></span> <span class='ocrx_word' id='word_1_484' title='bbox 480 3924 608 3967; x_wconf 90' lang='lat' dir='ltr'><strong>ante</strong></span> <span class='ocrx_word' id='word_1_485' title='bbox 639 3912 831 3968; x_wconf 91' lang='lat' dir='ltr'><strong>multos</strong></span> <span class='ocrx_word' id='word_1_486' title='bbox 854 3912 964 3982; x_wconf 88' lang='lat' dir='ltr'><strong>jam</strong></span> <span class='ocrx_word' id='word_1_487' title='bbox 986 3926 1155 3968; x_wconf 91' lang='lat' dir='ltr'><strong>annos</strong></span> <span class='ocrx_word' id='word_1_488' title='bbox 1176 3912 1416 3967; x_wconf 91' lang='lat' dir='ltr'><strong>illicitam</strong></span> <span class='ocrx_word' id='word_1_489' title='bbox 1446 3912 1697 3968; x_wconf 61' lang='lat' dir='ltr'><strong>secundae</strong></span> <span class='ocrx_word' id='word_1_490' title='bbox 1719 3928 1849 3968; x_wconf 81' lang='lat' dir='ltr'><strong>uxo-</strong></span> 
     </span>
    </p>
   </div>
   <div class='ocr_carea' id='block_1_72' title="bbox 267 4001 1848 4074">
    <p class='ocr_par' dir='ltr' id='par_1_72' title="bbox 267 4001 1848 4074">
     <span class='ocr_line' id='line_1_72' title="bbox 267 4001 1848 4074; baseline -0.002 -15"><span class='ocrx_word' id='word_1_491' title='bbox 267 4005 342 4060; x_wconf 87' lang='lat' dir='ltr'><strong>ris</strong></span> <span class='ocrx_word' id='word_1_492' title='bbox 362 4003 617 4074; x_wconf 88' lang='lat' dir='ltr'><strong>copulam</strong></span> <span class='ocrx_word' id='word_1_493' title='bbox 641 4002 807 4059; x_wconf 84' lang='lat' dir='ltr'><strong>fuisse</strong></span> <span class='ocrx_word' id='word_1_494' title='bbox 834 4001 1102 4066; x_wconf 88' lang='lat' dir='ltr'><strong>sortitum,</strong></span> <span class='ocrx_word' id='word_1_495' title='bbox 1125 4001 1357 4056; x_wconf 88' lang='lat' dir='ltr'><strong>sufficiat</strong></span> <span class='ocrx_word' id='word_1_496' title='bbox 1380 4001 1595 4071; x_wconf 90' lang='lat' dir='ltr'><strong>impune</strong></span> <span class='ocrx_word' id='word_1_497' title='bbox 1623 4002 1848 4057; x_wconf 88' lang='lat' dir='ltr'><strong>baccha-</strong></span> 
     </span>
    </p>
   </div>
   <div class='ocr_carea' id='block_1_73' title="bbox 268 4092 1849 4165">
    <p class='ocr_par' dir='ltr' id='par_1_73' title="bbox 268 4092 1849 4165">
     <span class='ocr_line' id='line_1_73' title="bbox 268 4092 1849 4165; baseline 0.001 -14"><span class='ocrx_word' id='word_1_498' title='bbox 268 4105 379 4151; x_wconf 78' lang='lat' dir='ltr'><strong>tutu</strong></span> <span class='ocrx_word' id='word_1_499' title='bbox 425 4097 589 4164; x_wconf 86' lang='lat' dir='ltr'><strong>longo</strong></span> <span class='ocrx_word' id='word_1_500' title='bbox 632 4104 872 4163; x_wconf 89' lang='lat' dir='ltr'><strong>tempore</strong></span> <span class='ocrx_word' id='word_1_501' title='bbox 925 4094 1129 4150; x_wconf 89' lang='lat' dir='ltr'><strong>crimen</strong></span> <span class='ocrx_word' id='word_1_502' title='bbox 1155 4093 1368 4149; x_wconf 91' lang='lat' dir='ltr'><strong>incesti.</strong></span> <span class='ocrx_word' id='word_1_503' title='bbox 1408 4092 1551 4149; x_wconf 80' lang='lat' dir='ltr'><strong>Nihil</strong></span> <span class='ocrx_word' id='word_1_504' title='bbox 1589 4094 1675 4151; x_wconf 86' lang='lat' dir='ltr'><strong>hic</strong></span> <span class='ocrx_word' id='word_1_505' title='bbox 1700 4096 1849 4165; x_wconf 88' lang='lat' dir='ltr'><strong>quasi</strong></span> 
     </span>
    </p>
   </div>
   <div class='ocr_carea' id='block_1_74' title="bbox 270 4264 1846 4336">
    <p class='ocr_par' dir='ltr' id='par_1_74' title="bbox 270 4264 1846 4336">
     <span class='ocr_line' id='line_1_74' title="bbox 270 4264 1846 4336; baseline -0.003 -11"><span class='ocrx_word' id='word_1_506' title='bbox 270 4285 383 4325; x_wconf 70' lang='lat' dir='ltr'><strong>sua:</strong></span> <span class='ocrx_word' id='word_1_507' title='bbox 412 4267 637 4322; x_wconf 87' lang='lat' dir='ltr'><strong>antistiti</strong></span> <span class='ocrx_word' id='word_1_508' title='bbox 682 4265 990 4336; x_wconf 86' lang='lat' dir='ltr'><strong>respondet,</strong></span> <span class='ocrx_word' id='word_1_509' title='bbox 1020 4264 1145 4335; x_wconf 91' lang='lat' dir='ltr'><strong>quid</strong></span> <span class='ocrx_word' id='word_1_510' title='bbox 1177 4264 1244 4320; x_wconf 88' lang='lat' dir='ltr'><strong>de</strong></span> <span class='ocrx_word' id='word_1_511' title='bbox 1274 4264 1367 4320; x_wconf 92' lang='lat' dir='ltr'><strong>illo</strong></span> <span class='ocrx_word' id='word_1_512' title='bbox 1389 4266 1728 4321; x_wconf 91' lang='lat' dir='ltr'><strong>statuendum</strong></span> <span class='ocrx_word' id='word_1_513' title='bbox 1759 4268 1846 4333; x_wconf 89' lang='lat' dir='ltr'><strong>qui</strong></span> 
     </span>
    </p>
   </div>
   <div class='ocr_carea' id='block_1_75' title="bbox 270 4336 1844 4395">
    <p class='ocr_par' dir='ltr' id='par_1_75' title="bbox 270 4336 1844 4395">
     <span class='ocr_line' id='line_1_75' title="bbox 270 4336 1844 4395; baseline -0.002 -2"><span class='ocrx_word' id='word_1_514' title='bbox 270 4340 536 4395; x_wconf 74' lang='lat' dir='ltr'><strong>defuncta:</strong></span> <span class='ocrx_word' id='word_1_515' title='bbox 559 4339 743 4390; x_wconf 78' lang='lat' dir='ltr'><strong>uxoris</strong></span> <span class='ocrx_word' id='word_1_516' title='bbox 768 4351 1007 4391; x_wconf 90' lang='lat' dir='ltr'><strong>sororem</strong></span> <span class='ocrx_word' id='word_1_517' title='bbox 1036 4336 1135 4390; x_wconf 90' lang='lat' dir='ltr'><strong>sibi</strong></span> <span class='ocrx_word' id='word_1_518' title='bbox 1161 4337 1212 4389; x_wconf 92' lang='lat' dir='ltr'><strong>in</strong></span> <span class='ocrx_word' id='word_1_519' title='bbox 1234 4336 1576 4391; x_wconf 89' lang='lat' dir='ltr'><strong>matrimonio</strong></span> <span class='ocrx_word' id='word_1_520' title='bbox 1596 4337 1844 4391; x_wconf 86' lang='lat' dir='ltr'><strong>sociarat.</strong></span> 
     </span>
    </p>
   </div>
   <div class='ocr_carea' id='block_1_76' title="bbox 271 4405 1847 4476">
    <p class='ocr_par' dir='ltr' id='par_1_76' title="bbox 271 4405 1847 4476">
     <span class='ocr_line' id='line_1_76' title="bbox 271 4405 1847 4476; baseline -0.001 -13"><span class='ocrx_word' id='word_1_521' title='bbox 271 4411 417 4463; x_wconf 88' lang='lat' dir='ltr'><strong>Civis</strong></span> <span class='ocrx_word' id='word_1_522' title='bbox 445 4409 530 4463; x_wconf 73' lang='lat' dir='ltr'><strong>hic</strong></span> <span class='ocrx_word' id='word_1_523' title='bbox 581 4419 697 4461; x_wconf 89' lang='lat' dir='ltr'><strong>erat</strong></span> <span class='ocrx_word' id='word_1_524' title='bbox 737 4405 1292 4475; x_wconf 83' lang='lat' dir='ltr'><strong>Gratianopolitauus,</strong></span> <span class='ocrx_word' id='word_1_525' title='bbox 1334 4415 1390 4459; x_wconf 93' lang='lat' dir='ltr'><strong>ut</strong></span> <span class='ocrx_word' id='word_1_526' title='bbox 1418 4417 1561 4474; x_wconf 89' lang='lat' dir='ltr'><strong>patet</strong></span> <span class='ocrx_word' id='word_1_527' title='bbox 1589 4422 1655 4461; x_wconf 83' lang='lat' dir='ltr'><strong>ex</strong></span> <span class='ocrx_word' id='word_1_528' title='bbox 1688 4410 1847 4476; x_wconf 91' lang='lat' dir='ltr'><strong>epist.</strong></span> 
     </span>
    </p>
   </div>
   <div class='ocr_carea' id='block_1_77' title="bbox 271 4476 1846 4545">
    <p class='ocr_par' dir='ltr' id='par_1_77' title="bbox 271 4476 1846 4545">
     <span class='ocr_line' id='line_1_77' title="bbox 271 4476 1846 4545; baseline 0 -13"><span class='ocrx_word' id='word_1_529' title='bbox 271 4479 365 4543; x_wconf 69' lang='grc'><strong>14,</strong></span> <span class='ocrx_word' id='word_1_530' title='bbox 392 4477 731 4532; x_wconf 85' lang='lat' dir='ltr'><strong>Vincomalus</strong></span> <span class='ocrx_word' id='word_1_531' title='bbox 759 4477 996 4540; x_wconf 85' lang='lat' dir='ltr'><strong>nomine,</strong></span> <span class='ocrx_word' id='word_1_532' title='bbox 1043 4484 1102 4529; x_wconf 92' lang='lat' dir='ltr'><strong>ut</strong></span> <span class='ocrx_word' id='word_1_533' title='bbox 1129 4486 1212 4529; x_wconf 88' lang='lat' dir='ltr'><strong>est</strong></span> <span class='ocrx_word' id='word_1_534' title='bbox 1241 4477 1291 4529; x_wconf 90' lang='lat' dir='ltr'><strong>in</strong></span> <span class='ocrx_word' id='word_1_535' title='bbox 1324 4476 1407 4530; x_wconf 78' lang='lat' dir='ltr'><strong>i6.</strong></span> <span class='ocrx_word' id='word_1_536' title='bbox 1437 4477 1537 4530; x_wconf 86' lang='lat' dir='ltr'><strong>Par</strong></span> <span class='ocrx_word' id='word_1_537' title='bbox 1568 4491 1727 4545; x_wconf 90' lang='lat' dir='ltr'><strong>porro</strong></span> <span class='ocrx_word' id='word_1_538' title='bbox 1754 4493 1846 4532; x_wconf 87' lang='lat' dir='ltr'><strong>eo-</strong></span> 
     </span>
    </p>
   </div>
   <div class='ocr_carea' id='block_1_78' title="bbox 272 4546 1852 4616">
    <p class='ocr_par' dir='ltr' id='par_1_78' title="bbox 272 4546 1852 4616">
     <span class='ocr_line' id='line_1_78' title="bbox 272 4546 1852 4616; baseline -0.002 -14"><span class='ocrx_word' id='word_1_539' title='bbox 272 4548 395 4603; x_wconf 87' lang='lat' dir='ltr'><strong>dem</strong></span> <span class='ocrx_word' id='word_1_540' title='bbox 427 4559 673 4616; x_wconf 89' lang='lat' dir='ltr'><strong>tempore</strong></span> <span class='ocrx_word' id='word_1_541' title='bbox 695 4548 989 4615; x_wconf 89' lang='lat' dir='ltr'><strong>eodemque</strong></span> <span class='ocrx_word' id='word_1_542' title='bbox 1015 4549 1253 4616; x_wconf 73' lang='lat' dir='ltr'><strong>inregtto</strong></span> <span class='ocrx_word' id='word_1_543' title='bbox 1284 4546 1736 4615; x_wconf 85' lang='lat' dir='ltr'><strong>Burgundionum,</strong></span> <span class='ocrx_word' id='word_1_544' title='bbox 1772 4549 1852 4600; x_wconf 74' lang='lat' dir='ltr'><strong>in—</strong></span> 
     </span>
    </p>
   </div>
   <div class='ocr_carea' id='block_1_79' title="bbox 270 4614 1849 4686">
    <p class='ocr_par' dir='ltr' id='par_1_79' title="bbox 270 4614 1849 4686">
     <span class='ocr_line' id='line_1_79' title="bbox 270 4614 1849 4686; baseline -0.002 -13"><span class='ocrx_word' id='word_1_545' title='bbox 270 4628 450 4673; x_wconf 62' lang='lat' dir='ltr'><strong>cestus</strong></span> <span class='ocrx_word' id='word_1_546' title='bbox 473 4614 577 4671; x_wconf 74' lang='lat' dir='ltr'><strong>fuit</strong></span> <span class='ocrx_word' id='word_1_547' title='bbox 599 4617 877 4685; x_wconf 72' lang='lat' dir='ltr'><strong>Stephani,</strong></span> <span class='ocrx_word' id='word_1_548' title='bbox 906 4614 972 4686; x_wconf 77' lang='lat' dir='ltr'><strong>ex</strong></span> <span class='ocrx_word' id='word_1_549' title='bbox 1001 4615 1178 4686; x_wconf 82' lang='lat' dir='ltr'><strong>ofﬁcio</strong></span> <span class='ocrx_word' id='word_1_550' title='bbox 1201 4614 1524 4685; x_wconf 85' lang='lat' dir='ltr'><strong>Sigisntitndi</strong></span> <span class='ocrx_word' id='word_1_551' title='bbox 1553 4618 1692 4686; x_wconf 89' lang='lat' dir='ltr'><strong>regis</strong></span> <span class='ocrx_word' id='word_1_552' title='bbox 1720 4618 1849 4671; x_wconf 84' lang='lat' dir='ltr'><strong>ﬁsco</strong></span> 
     </span>
    </p>
   </div>
   <div class='ocr_carea' id='block_1_80' title="bbox 275 4685 1852 4757">
    <p class='ocr_par' dir='ltr' id='par_1_80' title="bbox 275 4685 1852 4757">
     <span class='ocr_line' id='line_1_80' title="bbox 275 4685 1852 4757; baseline -0.001 -15"><span class='ocrx_word' id='word_1_553' title='bbox 275 4688 587 4757; x_wconf 74' lang='lat' dir='ltr'><strong>prmpositi,</strong></span> <span class='ocrx_word' id='word_1_554' title='bbox 629 4689 718 4757; x_wconf 89' lang='lat' dir='ltr'><strong>qui</strong></span> <span class='ocrx_word' id='word_1_555' title='bbox 750 4685 1040 4757; x_wconf 83' lang='lat' dir='ltr'><strong>Palladiam</strong></span> <span class='ocrx_word' id='word_1_556' title='bbox 1088 4685 1355 4757; x_wconf 57' lang='lat' dir='ltr'><strong>defunctas</strong></span> <span class='ocrx_word' id='word_1_557' title='bbox 1399 4688 1581 4757; x_wconf 86' lang='lat' dir='ltr'><strong>itidem</strong></span> <span class='ocrx_word' id='word_1_558' title='bbox 1610 4685 1852 4757; x_wconf 83' lang='lat' dir='ltr'><strong>conjugis</strong></span> 
     </span>
    </p>
   </div>
   <div class='ocr_carea' id='block_1_81' title="bbox 996 4755 1851 4824">
    <p class='ocr_par' dir='ltr' id='par_1_81' title="bbox 996 4755 1851 4824">
     <span class='ocr_line' id='line_1_81' title="bbox 996 4755 1851 4824; baseline 0.002 -16"><span class='ocrx_word' id='word_1_559' title='bbox 996 4755 1109 4823; x_wconf 90' lang='lat' dir='ltr'><strong>Qua</strong></span> <span class='ocrx_word' id='word_1_560' title='bbox 1132 4755 1198 4808; x_wconf 81' lang='lat' dir='ltr'><strong>de</strong></span> <span class='ocrx_word' id='word_1_561' title='bbox 1225 4770 1283 4809; x_wconf 89' lang='lat' dir='ltr'><strong>re</strong></span> <span class='ocrx_word' id='word_1_562' title='bbox 1305 4757 1358 4808; x_wconf 92' lang='lat' dir='ltr'><strong>in</strong></span> <span class='ocrx_word' id='word_1_563' title='bbox 1380 4756 1608 4811; x_wconf 67' lang='lat' dir='ltr'><strong>concilio</strong></span> <span class='ocrx_word' id='word_1_564' title='bbox 1641 4756 1851 4824; x_wconf 74' lang='lat' dir='ltr'><strong>L-gdu-</strong></span> 
     </span>
    </p>
   </div>
   <div class='ocr_carea' id='block_1_82' title="bbox 270 4824 1851 4895">
    <p class='ocr_par' dir='ltr' id='par_1_82' title="bbox 270 4824 1851 4895">
     <span class='ocr_line' id='line_1_82' title="bbox 270 4824 1851 4895; baseline -0.002 -12"><span class='ocrx_word' id='word_1_565' title='bbox 270 4829 425 4883; x_wconf 87' lang='lat' dir='ltr'><strong>nensi</strong></span> <span class='ocrx_word' id='word_1_566' title='bbox 456 4845 473 4881; x_wconf 85' lang='grc' dir='ltr'><strong>ι</strong></span> <span class='ocrx_word' id='word_1_567' title='bbox 500 4835 558 4881; x_wconf 92' lang='lat' dir='ltr'><strong>et</strong></span> <span class='ocrx_word' id='word_1_568' title='bbox 589 4829 641 4881; x_wconf 91' lang='lat' dir='ltr'><strong>in</strong></span> <span class='ocrx_word' id='word_1_569' title='bbox 674 4826 793 4881; x_wconf 87' lang='lat' dir='ltr'><strong>Vita</strong></span> <span class='ocrx_word' id='word_1_570' title='bbox 827 4826 997 4881; x_wconf 89' lang='lat' dir='ltr'><strong>sancti</strong></span> <span class='ocrx_word' id='word_1_571' title='bbox 1030 4825 1355 4895; x_wconf 77' lang='lat' dir='ltr'><strong>Apollinaris</strong></span> <span class='ocrx_word' id='word_1_572' title='bbox 1385 4824 1677 4881; x_wconf 68' lang='lat' dir='ltr'><strong>Valentius:</strong></span> <span class='ocrx_word' id='word_1_573' title='bbox 1707 4827 1851 4882; x_wconf 87' lang='lat' dir='ltr'><strong>sedis</strong></span> 
     </span>
    </p>
   </div>
   <div class='ocr_carea' id='block_1_83' title="bbox 272 4756 969 4825">
    <p class='ocr_par' dir='ltr' id='par_1_83' title="bbox 272 4756 969 4825">
     <span class='ocr_line' id='line_1_83' title="bbox 272 4756 969 4825; baseline -0.009 -11"><span class='ocrx_word' id='word_1_574' title='bbox 272 4756 515 4815; x_wconf 77' lang='lat' dir='ltr'><strong>sororem</strong></span> <span class='ocrx_word' id='word_1_575' title='bbox 548 4756 659 4812; x_wconf 81' lang='lat' dir='ltr'><strong>sibi</strong></span> <span class='ocrx_word' id='word_1_576' title='bbox 673 4756 969 4825; x_wconf 89' lang='lat' dir='ltr'><strong>copularat.</strong></span> 
     </span>
    </p>
   </div>
   <div class='ocr_carea' id='block_1_84' title="bbox 362 4914 531 4950">
    <p class='ocr_par' dir='ltr' id='par_1_84' title="bbox 362 4914 531 4950">
     <span class='ocr_line' id='line_1_84' title="bbox 362 4914 531 4950; baseline 0 0"><span class='ocrx_word' id='word_1_577' title='bbox 362 4914 451 4950; x_wconf 63' lang='lat' dir='ltr'><strong>SC“</strong></span> <span class='ocrx_word' id='word_1_578' title='bbox 457 4914 507 4950; x_wconf 84' lang='lat' dir='ltr'><strong>Dl</strong></span> <span class='ocrx_word' id='word_1_579' title='bbox 516 4937 531 4950; x_wconf 87' lang='lat'><strong>.</strong></span> 
     </span>
    </p>
   </div>
   <div class='ocr_carea' id='block_1_85' title="bbox 270 4913 1849 5033">
    <p class='ocr_par' dir='ltr' id='par_1_85' title="bbox 270 4913 1849 5033">
     <span class='ocr_line' id='line_1_85' title="bbox 362 4914 531 4950; baseline 0 0"><span class='ocrx_word' id='word_1_580' title='bbox 362 4916 388 4950; x_wconf 88' lang='lat' dir='ltr'><strong>S</strong></span> <span class='ocrx_word' id='word_1_581' title='bbox 421 4914 451 4949; x_wconf 81' lang='grc'><strong>0</strong></span> <span class='ocrx_word' id='word_1_582' title='bbox 516 4937 531 4950; x_wconf 91' lang='lat'><strong>.</strong></span> 
     </span>
     <span class='ocr_line' id='line_1_86' title="bbox 270 4913 1849 5033; baseline -0.001 -12"><span class='ocrx_word' id='word_1_583' title='bbox 270 4913 369 5003; x_wconf 57' lang='lat' dir='ltr'><strong>ep:</strong></span> <span class='ocrx_word' id='word_1_584' title='bbox 390 4913 715 5021; x_wconf 51' lang='grc' dir='ltr'><strong>ἷὶιρίὲεοτιιηι</strong></span> <span class='ocrx_word' id='word_1_585' title='bbox 738 4966 864 5020; x_wconf 91' lang='lat' dir='ltr'><strong>olim</strong></span> <span class='ocrx_word' id='word_1_586' title='bbox 898 4964 1313 5033; x_wconf 87' lang='lat' dir='ltr'><strong>Latinorumque</strong></span> <span class='ocrx_word' id='word_1_587' title='bbox 1341 4964 1392 5018; x_wconf 92' lang='lat' dir='ltr'><strong>in</strong></span> <span class='ocrx_word' id='word_1_588' title='bbox 1423 4965 1741 5020; x_wconf 88' lang='lat' dir='ltr'><strong>coercendis</strong></span> <span class='ocrx_word' id='word_1_589' title='bbox 1769 4965 1849 5019; x_wconf 85' lang='lat' dir='ltr'><strong>in-</strong></span> 
     </span>
    </p>
   </div>
   <div class='ocr_carea' id='block_1_86' title="bbox 267 5036 1852 5103">
    <p class='ocr_par' dir='ltr' id='par_1_86' title="bbox 267 5036 1852 5103">
     <span class='ocr_line' id='line_1_87' title="bbox 267 5036 1852 5103; baseline -0.003 -11"><span class='ocrx_word' id='word_1_590' title='bbox 267 5039 439 5092; x_wconf 85' lang='lat' dir='ltr'><strong>cestis</strong></span> <span class='ocrx_word' id='word_1_591' title='bbox 468 5052 565 5101; x_wconf 81' lang='lat' dir='ltr'><strong>par</strong></span> <span class='ocrx_word' id='word_1_592' title='bbox 586 5037 893 5103; x_wconf 83' lang='lat' dir='ltr'><strong>disciplina.</strong></span> <span class='ocrx_word' id='word_1_593' title='bbox 927 5037 1001 5090; x_wconf 89' lang='lat' dir='ltr'><strong>De</strong></span> <span class='ocrx_word' id='word_1_594' title='bbox 1031 5036 1253 5088; x_wconf 89' lang='lat' dir='ltr'><strong>duarum</strong></span> <span class='ocrx_word' id='word_1_595' title='bbox 1280 5036 1421 5089; x_wconf 88' lang='lat' dir='ltr'><strong>enim</strong></span> <span class='ocrx_word' id='word_1_596' title='bbox 1463 5051 1707 5091; x_wconf 87' lang='lat' dir='ltr'><strong>sororum</strong></span> <span class='ocrx_word' id='word_1_597' title='bbox 1746 5051 1852 5088; x_wconf 85' lang='lat' dir='ltr'><strong>tua-</strong></span> 
     </span>
    </p>
   </div>
   <div class='ocr_carea' id='block_1_87' title="bbox 265 5106 1849 5175">
    <p class='ocr_par' dir='ltr' id='par_1_87' title="bbox 265 5106 1849 5175">
     <span class='ocr_line' id='line_1_88' title="bbox 265 5106 1849 5175; baseline -0.003 -14"><span class='ocrx_word' id='word_1_598' title='bbox 265 5108 389 5161; x_wconf 84' lang='lat' dir='ltr'><strong>ritis</strong></span> <span class='ocrx_word' id='word_1_599' title='bbox 420 5106 731 5160; x_wconf 78' lang='lat' dir='ltr'><strong>Cra-corum</strong></span> <span class='ocrx_word' id='word_1_600' title='bbox 760 5121 960 5160; x_wconf 89' lang='lat' dir='ltr'><strong>morem</strong></span> <span class='ocrx_word' id='word_1_601' title='bbox 987 5107 1073 5174; x_wconf 90' lang='lat' dir='ltr'><strong>qui</strong></span> <span class='ocrx_word' id='word_1_602' title='bbox 1124 5107 1254 5175; x_wconf 86' lang='lat' dir='ltr'><strong>legis</strong></span> <span class='ocrx_word' id='word_1_603' title='bbox 1284 5106 1401 5175; x_wconf 17' lang='lat' dir='ltr'><strong>ivim</strong></span> <span class='ocrx_word' id='word_1_604' title='bbox 1430 5106 1724 5169; x_wconf 87' lang='lat' dir='ltr'><strong>obtinebat,</strong></span> <span class='ocrx_word' id='word_1_605' title='bbox 1749 5121 1849 5158; x_wconf 83' lang='lat' dir='ltr'><strong>ex-</strong></span> 
     </span>
    </p>
   </div>
   <div class='ocr_carea' id='block_1_88' title="bbox 265 5174 1847 5247">
    <p class='ocr_par' dir='ltr' id='par_1_88' title="bbox 265 5174 1847 5247">
     <span class='ocr_line' id='line_1_89' title="bbox 265 5174 1847 5247; baseline 0.003 -17"><span class='ocrx_word' id='word_1_606' title='bbox 265 5178 425 5247; x_wconf 89' lang='lat' dir='ltr'><strong>ponit</strong></span> <span class='ocrx_word' id='word_1_607' title='bbox 452 5177 511 5232; x_wconf 87' lang='lat' dir='ltr'><strong>S.</strong></span> <span class='ocrx_word' id='word_1_608' title='bbox 546 5176 777 5230; x_wconf 83' lang='lat' dir='ltr'><strong>Basilius</strong></span> <span class='ocrx_word' id='word_1_609' title='bbox 798 5176 1025 5241; x_wconf 86' lang='lat' dir='ltr'><strong>epistola</strong></span> <span class='ocrx_word' id='word_1_610' title='bbox 1058 5175 1155 5229; x_wconf 77' lang='grc'><strong>197</strong></span> <span class='ocrx_word' id='word_1_611' title='bbox 1184 5177 1249 5230; x_wconf 91' lang='lat' dir='ltr'><strong>ad</strong></span> <span class='ocrx_word' id='word_1_612' title='bbox 1279 5174 1567 5230; x_wconf 88' lang='lat' dir='ltr'><strong>Diodorum</strong></span> <span class='ocrx_word' id='word_1_613' title='bbox 1590 5216 1605 5239; x_wconf 92' lang='lat'><strong>,</strong></span> <span class='ocrx_word' id='word_1_614' title='bbox 1630 5176 1740 5247; x_wconf 65' lang='grc' dir='ltr'><strong>Ἐἁγ</strong></span> <span class='ocrx_word' id='word_1_615' title='bbox 1768 5196 1847 5234; x_wconf 78' lang='grc' dir='ltr'><strong>τις</strong></span> 
     </span>
    </p>
   </div>
   <div class='ocr_carea' id='block_1_89' title="bbox 264 5245 1846 5322">
    <p class='ocr_par' dir='ltr' id='par_1_89' title="bbox 264 5245 1846 5322">
     <span class='ocr_line' id='line_1_90' title="bbox 264 5245 1846 5322; baseline -0.001 -22"><span class='ocrx_word' id='word_1_616' title='bbox 264 5245 424 5322; x_wconf 47' lang='lat' dir='ltr'><strong>regies:</strong></span> <span class='ocrx_word' id='word_1_617' title='bbox 469 5248 787 5322; x_wconf 57' lang='grc' dir='ltr'><strong>ἀκςεραρσίας</strong></span> <span class='ocrx_word' id='word_1_618' title='bbox 832 5248 960 5322; x_wconf 45' lang='grc' dir='ltr'><strong>ποι-ὶῄ</strong></span> <span class='ocrx_word' id='word_1_619' title='bbox 1010 5250 1283 5322; x_wconf 33' lang='grc' dir='ltr'><strong>κρατηθεὶς.</strong></span> <span class='ocrx_word' id='word_1_620' title='bbox 1312 5247 1501 5322; x_wconf 55' lang='grc' dir='ltr'><strong>ἐκπέσῃ</strong></span> <span class='ocrx_word' id='word_1_621' title='bbox 1549 5247 1672 5322; x_wconf 64' lang='grc' dir='ltr'><strong>¹ιςρὸς</strong></span> <span class='ocrx_word' id='word_1_622' title='bbox 1712 5245 1846 5300; x_wconf 76' lang='grc' dir='ltr'>δυοῖν</span> 
     </span>
    </p>
   </div>
   <div class='ocr_carea' id='block_1_90' title="bbox 263 5315 1842 5389">
    <p class='ocr_par' dir='ltr' id='par_1_90' title="bbox 263 5315 1842 5389">
     <span class='ocr_line' id='line_1_91' title="bbox 263 5315 1842 5389; baseline -0.003 -17"><span class='ocrx_word' id='word_1_623' title='bbox 263 5317 501 5389; x_wconf 61' lang='grc' dir='ltr'><strong>ἀδελφρῐν</strong></span> <span class='ocrx_word' id='word_1_624' title='bbox 532 5315 752 5389; x_wconf 51' lang='lat' dir='ltr'><strong>ieceras»</strong></span> <span class='ocrx_word' id='word_1_625' title='bbox 778 5315 1196 5389; x_wconf 15' lang='lat' dir='ltr'><strong>notvwviav,iya’rs</strong></span> <span class='ocrx_word' id='word_1_626' title='bbox 1225 5318 1385 5387; x_wconf 74' lang='grc' dir='ltr'><strong>γάμον</strong></span> <span class='ocrx_word' id='word_1_627' title='bbox 1412 5315 1643 5389; x_wconf 56' lang='grc' dir='ltr'><strong>ήγὲῑσᾷᾃι</strong></span> <span class='ocrx_word' id='word_1_628' title='bbox 1670 5323 1842 5389; x_wconf 59' lang='grc' dir='ltr'><strong>τορτο,</strong></span> 
     </span>
    </p>
   </div>
   <div class='ocr_carea' id='block_1_91' title="bbox 263 5385 1843 5472">
    <p class='ocr_par' dir='ltr' id='par_1_91' title="bbox 263 5385 1843 5472">
     <span class='ocr_line' id='line_1_92' title="bbox 263 5385 1843 5472; baseline -0.003 -32"><span class='ocrx_word' id='word_1_629' title='bbox 263 5385 670 5472; x_wconf 39' lang='lat' dir='ltr'><strong>Memmii:</strong></span> <span class='ocrx_word' id='word_1_630' title='bbox 690 5385 1103 5472; x_wconf 44' lang='lat' dir='ltr'><strong>faxinqm‘a’r‘tnti?</strong></span> <span class='ocrx_word' id='word_1_631' title='bbox 1132 5385 1381 5472; x_wconf 47' lang='grc' dir='ltr'><strong>πλήξιςιιμος</strong></span> <span class='ocrx_word' id='word_1_632' title='bbox 1418 5385 1807 5472; x_wconf 50' lang='grc' dir='ltr'><strong>πὲροξδέχεσθαι</strong></span> <span class='ocrx_word' id='word_1_633' title='bbox 1827 5424 1843 5447; x_wconf 83' lang='grc'>,</span> 
     </span>
    </p>
   </div>
   <div class='ocr_carea' id='block_1_92' title="bbox 260 5456 1844 5529">
    <p class='ocr_par' dir='ltr' id='par_1_92' title="bbox 260 5456 1844 5529">
     <span class='ocr_line' id='line_1_93' title="bbox 260 5456 1844 5529; baseline -0.004 -18"><span class='ocrx_word' id='word_1_634' title='bbox 260 5456 529 5529; x_wconf 61' lang='grc' dir='ltr'><strong>λιτρότεροσδ</strong></span> <span class='ocrx_word' id='word_1_635' title='bbox 554 5456 584 5514; x_wconf 74' lang='grc' dir='ltr'><strong>ἦ</strong></span> <span class='ocrx_word' id='word_1_636' title='bbox 605 5456 843 5529; x_wconf 69' lang='grc' dir='ltr'><strong>διαλύᾳαι</strong></span> <span class='ocrx_word' id='word_1_637' title='bbox 857 5457 943 5529; x_wconf 47' lang='grc' dir='ltr'><strong>ᾆξ’</strong></span> <span class='ocrx_word' id='word_1_638' title='bbox 956 5456 1198 5529; x_wconf 43' lang='grc' dir='ltr'><strong>Δὀιλλιὸλτέιιειι.</strong></span> <span class='ocrx_word' id='word_1_639' title='bbox 1213 5456 1273 5511; x_wconf 75' lang='lat' dir='ltr'><strong>Si</strong></span> <span class='ocrx_word' id='word_1_640' title='bbox 1292 5456 1402 5523; x_wconf 73' lang='lat' dir='ltr'><strong>quis</strong></span> <span class='ocrx_word' id='word_1_641' title='bbox 1417 5456 1602 5518; x_wconf 66' lang='lat' dir='ltr'><strong>a/ﬂctu</strong></span> <span class='ocrx_word' id='word_1_642' title='bbox 1624 5456 1844 5507; x_wconf 72' lang='lat' dir='ltr'><strong>immun-</strong></span> 
     </span>
    </p>
   </div>
   <div class='ocr_carea' id='block_1_93' title="bbox 261 5524 1845 5595">
    <p class='ocr_par' dir='ltr' id='par_1_93' title="bbox 261 5524 1845 5595">
     <span class='ocr_line' id='line_1_94' title="bbox 261 5524 1845 5595; baseline -0.003 -16"><span class='ocrx_word' id='word_1_643' title='bbox 261 5524 417 5581; x_wconf 70' lang='lat' dir='ltr'><strong>ditiar</strong></span> <span class='ocrx_word' id='word_1_644' title='bbox 440 5524 725 5595; x_wconf 64' lang='lat' dir='ltr'><strong>Correptus,</strong></span> <span class='ocrx_word' id='word_1_645' title='bbox 756 5526 808 5577; x_wconf 87' lang='lat' dir='ltr'><strong>in</strong></span> <span class='ocrx_word' id='word_1_646' title='bbox 844 5524 1075 5577; x_wconf 83' lang='lat' dir='ltr'><strong>tllicitam</strong></span> <span class='ocrx_word' id='word_1_647' title='bbox 1098 5526 1313 5578; x_wconf 85' lang='lat' dir='ltr'><strong>duarum</strong></span> <span class='ocrx_word' id='word_1_648' title='bbox 1347 5540 1579 5577; x_wconf 82' lang='lat' dir='ltr'><strong>sororum</strong></span> <span class='ocrx_word' id='word_1_649' title='bbox 1618 5539 1845 5576; x_wconf 86' lang='lat' dir='ltr'><strong>commu-</strong></span> 
     </span>
    </p>
   </div>
   <div class='ocr_carea' id='block_1_94' title="bbox 262 5595 1842 5666">
    <p class='ocr_par' dir='ltr' id='par_1_94' title="bbox 262 5595 1842 5666">
     <span class='ocr_line' id='line_1_95' title="bbox 262 5595 1842 5666; baseline -0.003 -17"><span class='ocrx_word' id='word_1_650' title='bbox 262 5598 587 5666; x_wconf 76' lang='lat' dir='ltr'><strong>nicationem</strong></span> <span class='ocrx_word' id='word_1_651' title='bbox 608 5596 988 5666; x_wconf 70' lang='lat' dir='ltr'><strong>exorbitaverit,</strong></span> <span class='ocrx_word' id='word_1_652' title='bbox 1010 5595 1063 5646; x_wconf 97' lang='lat' dir='ltr'><strong>id</strong></span> <span class='ocrx_word' id='word_1_653' title='bbox 1086 5611 1242 5661; x_wconf 86' lang='lat' dir='ltr'><strong>neque</strong></span> <span class='ocrx_word' id='word_1_654' title='bbox 1272 5595 1563 5666; x_wconf 83' lang='lat' dir='ltr'><strong>conjugiunt</strong></span> <span class='ocrx_word' id='word_1_655' title='bbox 1590 5607 1695 5646; x_wconf 83' lang='lat' dir='ltr'><strong>esse</strong></span> <span class='ocrx_word' id='word_1_656' title='bbox 1716 5610 1842 5666; x_wconf 55' lang='lat' dir='ltr'><strong>rei}-</strong></span> 
     </span>
    </p>
   </div>
   <div class='ocr_carea' id='block_1_95' title="bbox 258 5663 1843 5733">
    <p class='ocr_par' dir='ltr' id='par_1_95' title="bbox 258 5663 1843 5733">
     <span class='ocr_line' id='line_1_96' title="bbox 258 5663 1843 5733; baseline -0.001 -14"><span class='ocrx_word' id='word_1_657' title='bbox 258 5664 513 5731; x_wconf 67' lang='lat' dir='ltr'><strong>tendum,</strong></span> <span class='ocrx_word' id='word_1_658' title='bbox 544 5680 703 5733; x_wconf 85' lang='lat' dir='ltr'><strong>neque</strong></span> <span class='ocrx_word' id='word_1_659' title='bbox 742 5666 895 5717; x_wconf 86' lang='lat' dir='ltr'><strong>talem</strong></span> <span class='ocrx_word' id='word_1_660' title='bbox 925 5664 990 5716; x_wconf 87' lang='lat' dir='ltr'><strong>ad</strong></span> <span class='ocrx_word' id='word_1_661' title='bbox 1014 5663 1399 5719; x_wconf 74' lang='lat' dir='ltr'><strong>ecclesiasticum</strong></span> <span class='ocrx_word' id='word_1_662' title='bbox 1431 5663 1619 5717; x_wconf 46' lang='lat' dir='ltr'><strong>&#39;cwtum</strong></span> <span class='ocrx_word' id='word_1_663' title='bbox 1655 5663 1843 5717; x_wconf 78' lang='lat' dir='ltr'><strong>admit-</strong></span> 
     </span>
    </p>
   </div>
   <div class='ocr_carea' id='block_1_96' title="bbox 520 5755 1005 5818">
    <p class='ocr_par' dir='ltr' id='par_1_96' title="bbox 520 5755 1005 5818">
     <span class='ocr_line' id='line_1_97' title="bbox 520 5755 1005 5818; baseline -0.006 0"><span class='ocrx_word' id='word_1_664' title='bbox 520 5757 795 5818; x_wconf 70' lang='lat' dir='ltr'><strong>Psrnoc.</strong></span> <span class='ocrx_word' id='word_1_665' title='bbox 839 5755 975 5815; x_wconf 85' lang='lat' dir='ltr'><strong>LIX</strong></span> <span class='ocrx_word' id='word_1_666' title='bbox 990 5799 1005 5815; x_wconf 95' lang='lat'><strong>.</strong></span> 
     </span>
    </p>
   </div>
   <div class='ocr_carea' id='block_1_97' title="bbox 1880 4375 1927 4433">
    <p class='ocr_par' dir='ltr' id='par_1_97' title="bbox 1880 4375 1927 4433">
     <span class='ocr_line' id='line_1_98' title="bbox 1880 4375 1927 4433; baseline 0 0"><span class='ocrx_word' id='word_1_667' title='bbox 1880 4375 1927 4433; x_wconf 95' lang='lat' dir='ltr'><strong>D</strong></span> 
     </span>
    </p>
   </div>
   <div class='ocr_carea' id='block_1_98' title="bbox 1953 3178 3517 3249">
    <p class='ocr_par' dir='ltr' id='par_1_98' title="bbox 1953 3178 3517 3249">
     <span class='ocr_line' id='line_1_99' title="bbox 1953 3178 3517 3249; baseline 0 -13"><span class='ocrx_word' id='word_1_668' title='bbox 1953 3183 2083 3236; x_wconf 90' lang='lat' dir='ltr'><strong>tium</strong></span> <span class='ocrx_word' id='word_1_669' title='bbox 2114 3181 2398 3235; x_wconf 88' lang='lat' dir='ltr'><strong>damnasse</strong></span> <span class='ocrx_word' id='word_1_670' title='bbox 2426 3190 2675 3235; x_wconf 86' lang='lat' dir='ltr'><strong>causatus</strong></span> <span class='ocrx_word' id='word_1_671' title='bbox 2704 3188 2806 3236; x_wconf 90' lang='lat' dir='ltr'><strong>est.</strong></span> <span class='ocrx_word' id='word_1_672' title='bbox 2834 3179 2914 3233; x_wconf 85' lang='lat' dir='ltr'><strong>Ad</strong></span> <span class='ocrx_word' id='word_1_673' title='bbox 2954 3178 3095 3234; x_wconf 89' lang='lat' dir='ltr'><strong>ltunc</strong></span> <span class='ocrx_word' id='word_1_674' title='bbox 3124 3180 3297 3235; x_wconf 91' lang='lat' dir='ltr'><strong>locum</strong></span> <span class='ocrx_word' id='word_1_675' title='bbox 3346 3185 3517 3249; x_wconf 91' lang='lat' dir='ltr'><strong>cessi,</strong></span> 
     </span>
    </p>
   </div>
   <div class='ocr_carea' id='block_1_99' title="bbox 1952 3269 3519 3341">
    <p class='ocr_par' dir='ltr' id='par_1_99' title="bbox 1952 3269 3519 3341">
     <span class='ocr_line' id='line_1_100' title="bbox 1952 3269 3519 3341; baseline -0.002 -13"><span class='ocrx_word' id='word_1_676' title='bbox 1952 3273 2141 3337; x_wconf 89' lang='lat' dir='ltr'><strong>fateor,</strong></span> <span class='ocrx_word' id='word_1_677' title='bbox 2169 3271 2500 3339; x_wconf 88' lang='lat' dir='ltr'><strong>impudenti:</strong></span> <span class='ocrx_word' id='word_1_678' title='bbox 2543 3269 2684 3341; x_wconf 91' lang='lat' dir='ltr'><strong>quod</strong></span> <span class='ocrx_word' id='word_1_679' title='bbox 2708 3270 2911 3325; x_wconf 92' lang='lat' dir='ltr'><strong>scilicet</strong></span> <span class='ocrx_word' id='word_1_680' title='bbox 2958 3271 3038 3326; x_wconf 92' lang='lat' dir='ltr'><strong>sui</strong></span> <span class='ocrx_word' id='word_1_681' title='bbox 3071 3270 3353 3327; x_wconf 86' lang='lat' dir='ltr'><strong>dilectione</strong></span> <span class='ocrx_word' id='word_1_682' title='bbox 3397 3287 3519 3326; x_wconf 88' lang='lat' dir='ltr'><strong>sen-</strong></span> 
     </span>
    </p>
   </div>
   <div class='ocr_carea' id='block_1_100' title="bbox 1954 3361 3520 3425">
    <p class='ocr_par' dir='ltr' id='par_1_100' title="bbox 1954 3361 3520 3425">
     <span class='ocr_line' id='line_1_101' title="bbox 1954 3361 3520 3425; baseline 0.001 -7"><span class='ocrx_word' id='word_1_683' title='bbox 1954 3363 2171 3418; x_wconf 87' lang='lat' dir='ltr'><strong>tentiam</strong></span> <span class='ocrx_word' id='word_1_684' title='bbox 2203 3361 2533 3425; x_wconf 86' lang='lat' dir='ltr'><strong>differentes,</strong></span> <span class='ocrx_word' id='word_1_685' title='bbox 2576 3361 2949 3417; x_wconf 90' lang='lat' dir='ltr'><strong>maluissemus</strong></span> <span class='ocrx_word' id='word_1_686' title='bbox 2993 3361 3381 3417; x_wconf 88' lang='lat' dir='ltr'><strong>correctionem</strong></span> <span class='ocrx_word' id='word_1_687' title='bbox 3423 3365 3520 3419; x_wconf 88' lang='lat' dir='ltr'><strong>viri</strong></span> 
     </span>
    </p>
   </div>
   <div class='ocr_carea' id='block_1_101' title="bbox 1950 3452 3521 3525">
    <p class='ocr_par' dir='ltr' id='par_1_101' title="bbox 1950 3452 3521 3525">
     <span class='ocr_line' id='line_1_102' title="bbox 1950 3452 3521 3525; baseline -0.002 -14"><span class='ocrx_word' id='word_1_688' title='bbox 1950 3454 2350 3525; x_wconf 91' lang='lat' dir='ltr'><strong>compunctioni</strong></span> <span class='ocrx_word' id='word_1_689' title='bbox 2396 3452 2562 3524; x_wconf 91' lang='lat' dir='ltr'><strong>ipsius</strong></span> <span class='ocrx_word' id='word_1_690' title='bbox 2592 3452 2958 3522; x_wconf 85' lang='lat' dir='ltr'><strong>voluntatique</strong></span> <span class='ocrx_word' id='word_1_691' title='bbox 3004 3468 3262 3508; x_wconf 88' lang='lat' dir='ltr'><strong>servare:</strong></span> <span class='ocrx_word' id='word_1_692' title='bbox 3293 3468 3356 3509; x_wconf 90' lang='lat' dir='ltr'><strong>ac</strong></span> <span class='ocrx_word' id='word_1_693' title='bbox 3396 3470 3521 3523; x_wconf 87' lang='lat' dir='ltr'><strong>per-</strong></span> 
     </span>
    </p>
   </div>
   <div class='ocr_carea' id='block_1_102' title="bbox 1951 3545 3522 3616">
    <p class='ocr_par' dir='ltr' id='par_1_102' title="bbox 1951 3545 3522 3616">
     <span class='ocr_line' id='line_1_103' title="bbox 1951 3545 3522 3616; baseline 0.001 -16"><span class='ocrx_word' id='word_1_694' title='bbox 1951 3545 2076 3600; x_wconf 90' lang='lat' dir='ltr'><strong>inde</strong></span> <span class='ocrx_word' id='word_1_695' title='bbox 2109 3545 2311 3616; x_wconf 88' lang='lat' dir='ltr'><strong>justum</strong></span> <span class='ocrx_word' id='word_1_696' title='bbox 2361 3558 2500 3611; x_wconf 89' lang='lat' dir='ltr'><strong>esse,</strong></span> <span class='ocrx_word' id='word_1_697' title='bbox 2540 3555 2597 3598; x_wconf 89' lang='lat' dir='ltr'><strong>ut</strong></span> <span class='ocrx_word' id='word_1_698' title='bbox 2640 3552 2760 3613; x_wconf 91' lang='lat' dir='ltr'><strong>post</strong></span> <span class='ocrx_word' id='word_1_699' title='bbox 2800 3545 2969 3613; x_wconf 90' lang='lat' dir='ltr'><strong>spatia</strong></span> <span class='ocrx_word' id='word_1_700' title='bbox 3018 3552 3099 3598; x_wconf 93' lang='lat' dir='ltr'><strong>tot</strong></span> <span class='ocrx_word' id='word_1_701' title='bbox 3130 3559 3393 3600; x_wconf 90' lang='lat' dir='ltr'><strong>annorum</strong></span> <span class='ocrx_word' id='word_1_702' title='bbox 3438 3546 3522 3601; x_wconf 91' lang='lat' dir='ltr'><strong>vel</strong></span> 
     </span>
    </p>
   </div>
   <div class='ocr_carea' id='block_1_103' title="bbox 1950 3635 3523 3707">
    <p class='ocr_par' dir='ltr' id='par_1_103' title="bbox 1950 3635 3523 3707">
     <span class='ocr_line' id='line_1_104' title="bbox 1950 3635 3523 3707; baseline 0 -15"><span class='ocrx_word' id='word_1_703' title='bbox 1950 3636 2249 3693; x_wconf 89' lang='lat' dir='ltr'><strong>criminalia</strong></span> <span class='ocrx_word' id='word_1_704' title='bbox 2293 3636 2665 3705; x_wconf 85' lang='lat' dir='ltr'><strong>restringeret,</strong></span> <span class='ocrx_word' id='word_1_705' title='bbox 2698 3635 2787 3705; x_wconf 92' lang='lat' dir='ltr'><strong>qui</strong></span> <span class='ocrx_word' id='word_1_706' title='bbox 2832 3636 3105 3692; x_wconf 88' lang='lat' dir='ltr'><strong>refrenare</strong></span> <span class='ocrx_word' id='word_1_707' title='bbox 3130 3636 3240 3707; x_wconf 86' lang='lat' dir='ltr'><strong>jam</strong></span> <span class='ocrx_word' id='word_1_708' title='bbox 3272 3636 3523 3707; x_wconf 75' lang='lat' dir='ltr'><strong>longzevi-</strong></span> 
     </span>
    </p>
   </div>
   <div class='ocr_carea' id='block_1_104' title="bbox 1952 3727 3523 3798">
    <p class='ocr_par' dir='ltr' id='par_1_104' title="bbox 1952 3727 3523 3798">
     <span class='ocr_line' id='line_1_105' title="bbox 1952 3727 3523 3798; baseline 0 -14"><span class='ocrx_word' id='word_1_709' title='bbox 1952 3728 2077 3784; x_wconf 90' lang='lat' dir='ltr'><strong>tatis</strong></span> <span class='ocrx_word' id='word_1_710' title='bbox 2119 3742 2338 3783; x_wconf 88' lang='lat' dir='ltr'><strong>accessu</strong></span> <span class='ocrx_word' id='word_1_711' title='bbox 2385 3728 2544 3782; x_wconf 91' lang='lat' dir='ltr'><strong>etiam</strong></span> <span class='ocrx_word' id='word_1_712' title='bbox 2574 3728 2804 3798; x_wconf 84' lang='lat' dir='ltr'><strong>legitima</strong></span> <span class='ocrx_word' id='word_1_713' title='bbox 2846 3727 3137 3783; x_wconf 89' lang='lat' dir='ltr'><strong>debuisset.</strong></span> <span class='ocrx_word' id='word_1_714' title='bbox 3185 3728 3264 3782; x_wconf 82' lang='lat' dir='ltr'><strong>Ad</strong></span> <span class='ocrx_word' id='word_1_715' title='bbox 3294 3728 3438 3793; x_wconf 66' lang='lat' dir='ltr'><strong>haec,</strong></span> <span class='ocrx_word' id='word_1_716' title='bbox 3466 3738 3523 3785; x_wconf 84' lang='lat' dir='ltr'><strong>ut</strong></span> 
     </span>
    </p>
   </div>
   <div class='ocr_carea' id='block_1_105' title="bbox 1951 3819 3522 3888">
    <p class='ocr_par' dir='ltr' id='par_1_105' title="bbox 1951 3819 3522 3888">
     <span class='ocr_line' id='line_1_106' title="bbox 1951 3819 3522 3888; baseline -0.003 -12"><span class='ocrx_word' id='word_1_717' title='bbox 1951 3822 2151 3877; x_wconf 88' lang='lat' dir='ltr'><strong>sentire</strong></span> <span class='ocrx_word' id='word_1_718' title='bbox 2174 3834 2262 3875; x_wconf 87' lang='lat' dir='ltr'><strong>me</strong></span> <span class='ocrx_word' id='word_1_719' title='bbox 2299 3819 2537 3887; x_wconf 78' lang='lat' dir='ltr'><strong>credidi,</strong></span> <span class='ocrx_word' id='word_1_720' title='bbox 2566 3835 2671 3873; x_wconf 90' lang='lat' dir='ltr'><strong>non</strong></span> <span class='ocrx_word' id='word_1_721' title='bbox 2719 3830 3099 3888; x_wconf 89' lang='lat' dir='ltr'><strong>compunctus,</strong></span> <span class='ocrx_word' id='word_1_722' title='bbox 3131 3820 3224 3873; x_wconf 91' lang='lat' dir='ltr'><strong>sed</strong></span> <span class='ocrx_word' id='word_1_723' title='bbox 3269 3820 3522 3874; x_wconf 82' lang='lat' dir='ltr'><strong>confusus</strong></span> 
     </span>
    </p>
   </div>
   <div class='ocr_carea' id='block_1_106' title="bbox 1950 3910 3523 3982">
    <p class='ocr_par' dir='ltr' id='par_1_106' title="bbox 1950 3910 3523 3982">
     <span class='ocr_line' id='line_1_107' title="bbox 1950 3910 3523 3982; baseline -0.001 -16"><span class='ocrx_word' id='word_1_724' title='bbox 1950 3911 2228 3982; x_wconf 77' lang='lat' dir='ltr'><strong>ingemuit,</strong></span> <span class='ocrx_word' id='word_1_725' title='bbox 2264 3912 2577 3979; x_wconf 91' lang='lat' dir='ltr'><strong>promittere</strong></span> <span class='ocrx_word' id='word_1_726' title='bbox 2625 3910 3006 3978; x_wconf 88' lang='lat' dir='ltr'><strong>aliquantisper</strong></span> <span class='ocrx_word' id='word_1_727' title='bbox 3058 3923 3363 3978; x_wconf 86' lang='lat' dir='ltr'><strong>aggressus,</strong></span> <span class='ocrx_word' id='word_1_728' title='bbox 3405 3926 3523 3964; x_wconf 81' lang='lat' dir='ltr'><strong>mu-</strong></span> 
     </span>
    </p>
   </div>
   <div class='ocr_carea' id='block_1_107' title="bbox 1953 3998 3518 4067">
    <p class='ocr_par' dir='ltr' id='par_1_107' title="bbox 1953 3998 3518 4067">
     <span class='ocr_line' id='line_1_108' title="bbox 1953 3998 3518 4067; baseline -0.003 -10"><span class='ocrx_word' id='word_1_729' title='bbox 1953 4002 2138 4057; x_wconf 90' lang='lat' dir='ltr'><strong>lierem</strong></span> <span class='ocrx_word' id='word_1_730' title='bbox 2192 3999 2604 4055; x_wconf 81' lang='lat' dir='ltr'><strong>cohabitatiunis</strong></span> <span class='ocrx_word' id='word_1_731' title='bbox 2634 3998 2860 4067; x_wconf 67' lang='lat' dir='ltr'><strong>indignte</strong></span> <span class='ocrx_word' id='word_1_732' title='bbox 2906 4000 2975 4054; x_wconf 90' lang='lat' dir='ltr'><strong>ab</strong></span> <span class='ocrx_word' id='word_1_733' title='bbox 3018 4013 3238 4053; x_wconf 89' lang='lat' dir='ltr'><strong>accessu</strong></span> <span class='ocrx_word' id='word_1_734' title='bbox 3270 4010 3518 4067; x_wconf 79' lang='lat' dir='ltr'><strong>aspec:u-</strong></span> 
     </span>
    </p>
   </div>
   <div class='ocr_carea' id='block_1_108' title="bbox 1953 4086 3522 4164">
    <p class='ocr_par' dir='ltr' id='par_1_108' title="bbox 1953 4086 3522 4164">
     <span class='ocr_line' id='line_1_109' title="bbox 1953 4086 3522 4164; baseline -0.003 -16"><span class='ocrx_word' id='word_1_735' title='bbox 1953 4108 2058 4164; x_wconf 87' lang='lat' dir='ltr'><strong>que</strong></span> <span class='ocrx_word' id='word_1_736' title='bbox 2106 4106 2204 4147; x_wconf 91' lang='lat' dir='ltr'><strong>suo</strong></span> <span class='ocrx_word' id='word_1_737' title='bbox 2235 4090 2476 4161; x_wconf 74' lang='lat' dir='ltr'><strong>protinus</strong></span> <span class='ocrx_word' id='word_1_738' title='bbox 2530 4089 2936 4144; x_wconf 86' lang='lat' dir='ltr'><strong>cooercendam.</strong></span> <span class='ocrx_word' id='word_1_739' title='bbox 2993 4086 3148 4144; x_wconf 87' lang='lat' dir='ltr'><strong>Suasi</strong></span> <span class='ocrx_word' id='word_1_740' title='bbox 3191 4091 3522 4160; x_wconf 85' lang='lat' dir='ltr'><strong>respondens</strong></span> 
     </span>
    </p>
   </div>
   <div class='ocr_carea' id='block_1_109' title="bbox 1953 4263 3522 4336">
    <p class='ocr_par' dir='ltr' id='par_1_109' title="bbox 1953 4263 3522 4336">
     <span class='ocr_line' id='line_1_110' title="bbox 1953 4263 3522 4336; baseline 0.001 -16"><span class='ocrx_word' id='word_1_741' title='bbox 1953 4266 2191 4328; x_wconf 85' lang='lat' dir='ltr'><strong>tendum,</strong></span> <span class='ocrx_word' id='word_1_742' title='bbox 2241 4266 2385 4335; x_wconf 83' lang='lat' dir='ltr'><strong>prius</strong></span> <span class='ocrx_word' id='word_1_743' title='bbox 2426 4279 2578 4333; x_wconf 81' lang='lat' dir='ltr'><strong>quam</strong></span> <span class='ocrx_word' id='word_1_744' title='bbox 2618 4263 2678 4336; x_wconf 73' lang='lat' dir='ltr'><strong>ab</strong></span> <span class='ocrx_word' id='word_1_745' title='bbox 2728 4265 2951 4336; x_wconf 10' lang='lat' dir='ltr'><strong>invicem?</strong></span> <span class='ocrx_word' id='word_1_746' title='bbox 2988 4263 3314 4319; x_wconf 78' lang='lat' dir='ltr'><strong>dirimuntur.</strong></span> <span class='ocrx_word' id='word_1_747' title='bbox 3368 4266 3522 4336; x_wconf 86' lang='lat' dir='ltr'><strong>Apud</strong></span> 
     </span>
    </p>
   </div>
   <div class='ocr_carea' id='block_1_110' title="bbox 1955 4333 3521 4405">
    <p class='ocr_par' dir='ltr' id='par_1_110' title="bbox 1955 4333 3521 4405">
     <span class='ocr_line' id='line_1_111' title="bbox 1955 4333 3521 4405; baseline -0.001 -14"><span class='ocrx_word' id='word_1_748' title='bbox 1955 4338 2170 4392; x_wconf 86' lang='lat' dir='ltr'><strong>Latinos</strong></span> <span class='ocrx_word' id='word_1_749' title='bbox 2199 4333 2328 4389; x_wconf 81' lang='lat' dir='ltr'><strong>vero</strong></span> <span class='ocrx_word' id='word_1_750' title='bbox 2356 4336 2445 4402; x_wconf 90' lang='lat' dir='ltr'><strong>qui</strong></span> <span class='ocrx_word' id='word_1_751' title='bbox 2474 4350 2588 4388; x_wconf 90' lang='lat' dir='ltr'><strong>mos</strong></span> <span class='ocrx_word' id='word_1_752' title='bbox 2633 4333 2823 4398; x_wconf 84' lang='lat' dir='ltr'><strong>fuerit,</strong></span> <span class='ocrx_word' id='word_1_753' title='bbox 2848 4335 3133 4387; x_wconf 87' lang='lat' dir='ltr'><strong>multorum</strong></span> <span class='ocrx_word' id='word_1_754' title='bbox 3180 4336 3368 4395; x_wconf 86' lang='lat' dir='ltr'><strong>instar,</strong></span> <span class='ocrx_word' id='word_1_755' title='bbox 3402 4333 3521 4405; x_wconf 71' lang='lat' dir='ltr'><strong>quia</strong></span> 
     </span>
    </p>
   </div>
   <div class='ocr_carea' id='block_1_111' title="bbox 1953 4405 3520 4473">
    <p class='ocr_par' dir='ltr' id='par_1_111' title="bbox 1953 4405 3520 4473">
     <span class='ocr_line' id='line_1_112' title="bbox 1953 4405 3520 4473; baseline -0.001 -12"><span class='ocrx_word' id='word_1_756' title='bbox 1953 4422 2141 4461; x_wconf 90' lang='lat' dir='ltr'><strong>omnes</strong></span> <span class='ocrx_word' id='word_1_757' title='bbox 2170 4406 2530 4469; x_wconf 87' lang='lat' dir='ltr'><strong>consentiunt,</strong></span> <span class='ocrx_word' id='word_1_758' title='bbox 2558 4419 2729 4458; x_wconf 87' lang='lat' dir='ltr'><strong>canon</strong></span> <span class='ocrx_word' id='word_1_759' title='bbox 2771 4412 2856 4459; x_wconf 91' lang='lat' dir='ltr'><strong>est</strong></span> <span class='ocrx_word' id='word_1_760' title='bbox 2893 4405 2961 4459; x_wconf 81' lang='grc'><strong>50</strong></span> <span class='ocrx_word' id='word_1_761' title='bbox 2988 4405 3195 4458; x_wconf 70' lang='grc' dir='ltr'>οιιιιεοὶεὶἰ</span> <span class='ocrx_word' id='word_1_762' title='bbox 3241 4406 3520 4473; x_wconf 80' lang='lat' dir='ltr'><strong>Epaoncn-</strong></span> 
     </span>
    </p>
   </div>
   <div class='ocr_carea' id='block_1_112' title="bbox 1955 4474 3518 4546">
    <p class='ocr_par' dir='ltr' id='par_1_112' title="bbox 1955 4474 3518 4546">
     <span class='ocr_line' id='line_1_113' title="bbox 1955 4474 3518 4546; baseline -0.003 -14"><span class='ocrx_word' id='word_1_763' title='bbox 1955 4477 2059 4532; x_wconf 88' lang='lat' dir='ltr'><strong>sis:</strong></span> <span class='ocrx_word' id='word_1_764' title='bbox 2090 4477 2303 4529; x_wconf 73' lang='lat' dir='ltr'><strong>Incertis</strong></span> <span class='ocrx_word' id='word_1_765' title='bbox 2332 4474 2775 4546; x_wconf 80' lang='lat' dir='ltr'><strong>conjunctionibus</strong></span> <span class='ocrx_word' id='word_1_766' title='bbox 2802 4474 2929 4527; x_wconf 85' lang='lat' dir='ltr'><strong>nihil</strong></span> <span class='ocrx_word' id='word_1_767' title='bbox 2952 4490 3156 4542; x_wconf 83' lang='lat' dir='ltr'><strong>prorsus</strong></span> <span class='ocrx_word' id='word_1_768' title='bbox 3182 4479 3336 4527; x_wconf 72' lang='lat' dir='ltr'><strong>venite</strong></span> <span class='ocrx_word' id='word_1_769' title='bbox 3361 4493 3518 4530; x_wconf 82' lang='lat' dir='ltr'><strong>reser-</strong></span> 
     </span>
    </p>
   </div>
   <div class='ocr_carea' id='block_1_113' title="bbox 1952 4545 3517 4613">
    <p class='ocr_par' dir='ltr' id='par_1_113' title="bbox 1952 4545 3517 4613">
     <span class='ocr_line' id='line_1_114' title="bbox 1952 4545 3517 4613; baseline 0.001 -14"><span class='ocrx_word' id='word_1_770' title='bbox 1952 4562 2164 4610; x_wconf 85' lang='lat' dir='ltr'><strong>vamus,</strong></span> <span class='ocrx_word' id='word_1_771' title='bbox 2200 4546 2298 4599; x_wconf 78' lang='lat' dir='ltr'><strong>nisi</strong></span> <span class='ocrx_word' id='word_1_772' title='bbox 2338 4545 2451 4597; x_wconf 79' lang='lat' dir='ltr'><strong>cum</strong></span> <span class='ocrx_word' id='word_1_773' title='bbox 2496 4545 2802 4598; x_wconf 80' lang='lat' dir='ltr'><strong>adulterium</strong></span> <span class='ocrx_word' id='word_1_774' title='bbox 2842 4547 3162 4613; x_wconf 82' lang='lat' dir='ltr'><strong>separatione</strong></span> <span class='ocrx_word' id='word_1_775' title='bbox 3207 4553 3517 4601; x_wconf 82' lang='lat' dir='ltr'><strong>sanaverin&#39;.</strong></span> 
     </span>
    </p>
   </div>
   <div class='ocr_carea' id='block_1_114' title="bbox 1954 4615 3519 4687">
    <p class='ocr_par' dir='ltr' id='par_1_114' title="bbox 1954 4615 3519 4687">
     <span class='ocr_line' id='line_1_115' title="bbox 1954 4615 3519 4687; baseline -0.001 -18"><span class='ocrx_word' id='word_1_776' title='bbox 1954 4616 2344 4671; x_wconf 89' lang='lat' dir='ltr'><strong>lnterincestos</strong></span> <span class='ocrx_word' id='word_1_777' title='bbox 2365 4624 2541 4687; x_wconf 85' lang='lat' dir='ltr'><strong>autem</strong></span> <span class='ocrx_word' id='word_1_778' title='bbox 2573 4623 2838 4675; x_wconf 88' lang='lat' dir='ltr'><strong>numerat.</strong></span> <span class='ocrx_word' id='word_1_779' title='bbox 2863 4616 2921 4687; x_wconf 61' lang='lat' dir='ltr'><strong>Si</strong></span> <span class='ocrx_word' id='word_1_780' title='bbox 2940 4615 3052 4687; x_wconf 79' lang='lat' dir='ltr'><strong>quis</strong></span> <span class='ocrx_word' id='word_1_781' title='bbox 3076 4631 3365 4687; x_wconf 85' lang='lat' dir='ltr'><strong>germanam</strong></span> <span class='ocrx_word' id='word_1_782' title='bbox 3391 4633 3519 4669; x_wconf 66' lang='lat' dir='ltr'><strong>uxo-</strong></span> 
     </span>
    </p>
   </div>
   <div class='ocr_carea' id='block_1_115' title="bbox 1953 4684 3523 4755">
    <p class='ocr_par' dir='ltr' id='par_1_115' title="bbox 1953 4684 3523 4755">
     <span class='ocr_line' id='line_1_116' title="bbox 1953 4684 3523 4755; baseline 0.001 -17"><span class='ocrx_word' id='word_1_783' title='bbox 1953 4687 2024 4740; x_wconf 83' lang='lat' dir='ltr'><strong>ris</strong></span> <span class='ocrx_word' id='word_1_784' title='bbox 2049 4702 2157 4740; x_wconf 69' lang='lat' dir='ltr'><strong>sum</strong></span> <span class='ocrx_word' id='word_1_785' title='bbox 2181 4685 2447 4755; x_wconf 79' lang='lat' dir='ltr'><strong>acceperit.</strong></span> <span class='ocrx_word' id='word_1_786' title='bbox 2490 4686 2677 4755; x_wconf 84' lang='lat' dir='ltr'><strong>Avitus</strong></span> <span class='ocrx_word' id='word_1_787' title='bbox 2707 4699 2837 4753; x_wconf 85' lang='lat' dir='ltr'><strong>ergo</strong></span> <span class='ocrx_word' id='word_1_788' title='bbox 2862 4685 2913 4738; x_wconf 91' lang='lat' dir='ltr'><strong>in</strong></span> <span class='ocrx_word' id='word_1_789' title='bbox 2943 4684 3043 4739; x_wconf 93' lang='lat' dir='ltr'><strong>hoc</strong></span> <span class='ocrx_word' id='word_1_790' title='bbox 3078 4684 3276 4753; x_wconf 75' lang='lat' dir='ltr'><strong>genere</strong></span> <span class='ocrx_word' id='word_1_791' title='bbox 3298 4699 3523 4754; x_wconf 88' lang='lat' dir='ltr'><strong>quatuor</strong></span> 
     </span>
    </p>
   </div>
   <div class='ocr_carea' id='block_1_116' title="bbox 1954 4754 3523 4826">
    <p class='ocr_par' dir='ltr' id='par_1_116' title="bbox 1954 4754 3523 4826">
     <span class='ocr_line' id='line_1_117' title="bbox 1954 4754 3523 4826; baseline 0.001 -16"><span class='ocrx_word' id='word_1_792' title='bbox 1954 4756 2262 4826; x_wconf 88' lang='lat' dir='ltr'><strong>distinguit,</strong></span> <span class='ocrx_word' id='word_1_793' title='bbox 2296 4754 2924 4826; x_wconf 73' lang='lat' dir='ltr'><strong>escommtttticationem,</strong></span> <span class='ocrx_word' id='word_1_794' title='bbox 2959 4755 3383 4826; x_wconf 87' lang='lat' dir='ltr'><strong>separationem,</strong></span> <span class='ocrx_word' id='word_1_795' title='bbox 3407 4772 3523 4825; x_wconf 73' lang='lat' dir='ltr'><strong>pm-</strong></span> 
     </span>
    </p>
   </div>
   <div class='ocr_carea' id='block_1_117' title="bbox 1955 4825 3525 4893">
    <p class='ocr_par' dir='ltr' id='par_1_117' title="bbox 1955 4825 3525 4893">
     <span class='ocr_line' id='line_1_118' title="bbox 1955 4825 3525 4893; baseline 0.002 -14"><span class='ocrx_word' id='word_1_796' title='bbox 1955 4825 2233 4881; x_wconf 83' lang='lat' dir='ltr'><strong>ttitentiam</strong></span> <span class='ocrx_word' id='word_1_797' title='bbox 2275 4825 2537 4893; x_wconf 88' lang='lat' dir='ltr'><strong>publicam</strong></span> <span class='ocrx_word' id='word_1_798' title='bbox 2584 4832 2640 4879; x_wconf 90' lang='lat' dir='ltr'><strong>et</strong></span> <span class='ocrx_word' id='word_1_799' title='bbox 2683 4825 3214 4881; x_wconf 77' lang='lat' dir='ltr'><strong>reconciliationem:</strong></span> <span class='ocrx_word' id='word_1_800' title='bbox 3246 4828 3315 4879; x_wconf 91' lang='lat' dir='ltr'><strong>ita</strong></span> <span class='ocrx_word' id='word_1_801' title='bbox 3358 4837 3409 4880; x_wconf 89' lang='lat' dir='ltr'><strong>ut</strong></span> <span class='ocrx_word' id='word_1_802' title='bbox 3432 4842 3525 4882; x_wconf 74' lang='lat' dir='ltr'><strong>ex-</strong></span> 
     </span>
    </p>
   </div>
   <div class='ocr_carea' id='block_1_118' title="bbox 1954 4895 3523 4965">
    <p class='ocr_par' dir='ltr' id='par_1_118' title="bbox 1954 4895 3523 4965">
     <span class='ocr_line' id='line_1_119' title="bbox 1954 4895 3523 4965; baseline 0.002 -16"><span class='ocrx_word' id='word_1_803' title='bbox 1954 4897 2453 4951; x_wconf 81' lang='lat' dir='ltr'><strong>communicationis</strong></span> <span class='ocrx_word' id='word_1_804' title='bbox 2484 4906 2605 4949; x_wconf 88' lang='lat' dir='ltr'><strong>nota</strong></span> <span class='ocrx_word' id='word_1_805' title='bbox 2632 4896 2910 4949; x_wconf 89' lang='lat' dir='ltr'><strong>inurantur</strong></span> <span class='ocrx_word' id='word_1_806' title='bbox 2946 4895 3120 4951; x_wconf 90' lang='lat' dir='ltr'><strong>donec</strong></span> <span class='ocrx_word' id='word_1_807' title='bbox 3157 4908 3523 4965; x_wconf 83' lang='lat' dir='ltr'><strong>segregcntur,</strong></span> 
     </span>
    </p>
   </div>
   <div class='ocr_carea' id='block_1_119' title="bbox 1953 4965 3526 5035">
    <p class='ocr_par' dir='ltr' id='par_1_119' title="bbox 1953 4965 3526 5035">
     <span class='ocr_line' id='line_1_120' title="bbox 1953 4965 3526 5035; baseline 0.001 -16"><span class='ocrx_word' id='word_1_808' title='bbox 1953 4975 2008 5020; x_wconf 90' lang='lat' dir='ltr'><strong>et</strong></span> <span class='ocrx_word' id='word_1_809' title='bbox 2036 4965 2299 5035; x_wconf 86' lang='lat' dir='ltr'><strong>segregati</strong></span> <span class='ocrx_word' id='word_1_810' title='bbox 2348 4966 2714 5032; x_wconf 80' lang='lat' dir='ltr'><strong>paenitentiam</strong></span> <span class='ocrx_word' id='word_1_811' title='bbox 2743 4975 2933 5035; x_wconf 87' lang='lat' dir='ltr'><strong>agant,</strong></span> <span class='ocrx_word' id='word_1_812' title='bbox 2978 4976 3036 5021; x_wconf 94' lang='lat' dir='ltr'><strong>ut</strong></span> <span class='ocrx_word' id='word_1_813' title='bbox 3074 4968 3526 5023; x_wconf 85' lang='lat' dir='ltr'><strong>reconciliationis</strong></span> 
     </span>
    </p>
   </div>
   <div class='ocr_carea' id='block_1_120' title="bbox 1951 5036 2489 5104">
    <p class='ocr_par' dir='ltr' id='par_1_120' title="bbox 1951 5036 2489 5104">
     <span class='ocr_line' id='line_1_121' title="bbox 1951 5036 2489 5104; baseline -0.002 -15"><span class='ocrx_word' id='word_1_814' title='bbox 1951 5038 2176 5104; x_wconf 87' lang='lat' dir='ltr'><strong>gratiam</strong></span> <span class='ocrx_word' id='word_1_815' title='bbox 2207 5036 2489 5101; x_wconf 86' lang='lat' dir='ltr'><strong>accipiant.</strong></span> 
     </span>
    </p>
   </div>
   <div class='ocr_carea' id='block_1_121' title="bbox 2023 5104 3524 5175">
    <p class='ocr_par' dir='ltr' id='par_1_121' title="bbox 2023 5104 3524 5175">
     <span class='ocr_line' id='line_1_122' title="bbox 2023 5104 3524 5175; baseline 0.003 -18"><span class='ocrx_word' id='word_1_816' title='bbox 2023 5104 2050 5143; x_wconf 74' lang='grc' dir='ltr'>δ</span> <span class='ocrx_word' id='word_1_817' title='bbox 2080 5106 2136 5159; x_wconf 95' lang='lat' dir='ltr'><strong>In</strong></span> <span class='ocrx_word' id='word_1_818' title='bbox 2170 5115 2430 5172; x_wconf 90' lang='lat' dir='ltr'><strong>potestate</strong></span> <span class='ocrx_word' id='word_1_819' title='bbox 2470 5105 2613 5158; x_wconf 89' lang='lat' dir='ltr'><strong>enim</strong></span> <span class='ocrx_word' id='word_1_820' title='bbox 2642 5117 2692 5157; x_wconf 89' lang='lat' dir='ltr'><strong>et</strong></span> <span class='ocrx_word' id='word_1_821' title='bbox 2726 5105 2947 5159; x_wconf 81' lang='lat' dir='ltr'><strong>arbitrio</strong></span> <span class='ocrx_word' id='word_1_822' title='bbox 2991 5114 3073 5160; x_wconf 92' lang='lat' dir='ltr'><strong>est</strong></span> <span class='ocrx_word' id='word_1_823' title='bbox 3112 5106 3368 5175; x_wconf 90' lang='lat' dir='ltr'><strong>episcopi,</strong></span> <span class='ocrx_word' id='word_1_824' title='bbox 3398 5122 3524 5175; x_wconf 83' lang='lat' dir='ltr'><strong>erga</strong></span> 
     </span>
    </p>
   </div>
   <div class='ocr_carea' id='block_1_122' title="bbox 1952 5176 3524 5244">
    <p class='ocr_par' dir='ltr' id='par_1_122' title="bbox 1952 5176 3524 5244">
     <span class='ocr_line' id='line_1_123' title="bbox 1952 5176 3524 5244; baseline 0 -19"><span class='ocrx_word' id='word_1_825' title='bbox 1952 5176 2296 5244; x_wconf 69' lang='lat' dir='ltr'><strong>pienitentes,</strong></span> <span class='ocrx_word' id='word_1_826' title='bbox 2349 5186 2629 5240; x_wconf 60' lang='lat' dir='ltr'><strong>perSpecta</strong></span> <span class='ocrx_word' id='word_1_827' title='bbox 2656 5189 2838 5228; x_wconf 85' lang='lat' dir='ltr'><strong>eorum</strong></span> <span class='ocrx_word' id='word_1_828' title='bbox 2872 5179 3301 5241; x_wconf 83' lang='lat' dir='ltr'><strong>compunctione,</strong></span> <span class='ocrx_word' id='word_1_829' title='bbox 3338 5178 3524 5229; x_wconf 67' lang='lat' dir='ltr'><strong>buntu-</strong></span> 
     </span>
    </p>
   </div>
   <div class='ocr_carea' id='block_1_123' title="bbox 1954 5244 3522 5314">
    <p class='ocr_par' dir='ltr' id='par_1_123' title="bbox 1954 5244 3522 5314">
     <span class='ocr_line' id='line_1_124' title="bbox 1954 5244 3522 5314; baseline 0.001 -17"><span class='ocrx_word' id='word_1_830' title='bbox 1954 5246 2072 5299; x_wconf 90' lang='lat' dir='ltr'><strong>nius</strong></span> <span class='ocrx_word' id='word_1_831' title='bbox 2093 5258 2251 5313; x_wconf 90' lang='lat' dir='ltr'><strong>atque</strong></span> <span class='ocrx_word' id='word_1_832' title='bbox 2272 5244 2633 5312; x_wconf 89' lang='lat' dir='ltr'><strong>indulgentius</strong></span> <span class='ocrx_word' id='word_1_833' title='bbox 2663 5260 2841 5314; x_wconf 83' lang='lat' dir='ltr'><strong>agere,</strong></span> <span class='ocrx_word' id='word_1_834' title='bbox 2868 5255 2919 5298; x_wconf 92' lang='lat' dir='ltr'><strong>et</strong></span> <span class='ocrx_word' id='word_1_835' title='bbox 2942 5246 3252 5299; x_wconf 74' lang='lat' dir='ltr'><strong>severitatis</strong></span> <span class='ocrx_word' id='word_1_836' title='bbox 3281 5247 3522 5300; x_wconf 86' lang='lat' dir='ltr'><strong>ordinem</strong></span> 
     </span>
    </p>
   </div>
   <div class='ocr_carea' id='block_1_124' title="bbox 1951 5314 3520 5382">
    <p class='ocr_par' dir='ltr' id='par_1_124' title="bbox 1951 5314 3520 5382">
     <span class='ocr_line' id='line_1_125' title="bbox 1951 5314 3520 5382; baseline 0.001 -15"><span class='ocrx_word' id='word_1_837' title='bbox 1951 5325 2283 5382; x_wconf 85' lang='lat' dir='ltr'><strong>temperare,</strong></span> <span class='ocrx_word' id='word_1_838' title='bbox 2316 5314 2384 5367; x_wconf 84' lang='lat' dir='ltr'><strong>ita</strong></span> <span class='ocrx_word' id='word_1_839' title='bbox 2424 5324 2480 5367; x_wconf 91' lang='lat' dir='ltr'><strong>ut</strong></span> <span class='ocrx_word' id='word_1_840' title='bbox 2533 5317 2792 5368; x_wconf 88' lang='lat' dir='ltr'><strong>maturius</strong></span> <span class='ocrx_word' id='word_1_841' title='bbox 2839 5316 2958 5369; x_wconf 92' lang='lat' dir='ltr'><strong>illos</strong></span> <span class='ocrx_word' id='word_1_842' title='bbox 2995 5316 3059 5368; x_wconf 88' lang='lat' dir='ltr'><strong>ad</strong></span> <span class='ocrx_word' id='word_1_843' title='bbox 3091 5317 3520 5369; x_wconf 72' lang='lat' dir='ltr'><strong>communionem</strong></span> 
     </span>
    </p>
   </div>
   <div class='ocr_carea' id='block_1_125' title="bbox 1951 5384 3523 5454">
    <p class='ocr_par' dir='ltr' id='par_1_125' title="bbox 1951 5384 3523 5454">
     <span class='ocr_line' id='line_1_126' title="bbox 1951 5384 3523 5454; baseline 0.001 -17"><span class='ocrx_word' id='word_1_844' title='bbox 1951 5384 2230 5453; x_wconf 90' lang='lat' dir='ltr'><strong>recipiant.</strong></span> <span class='ocrx_word' id='word_1_845' title='bbox 2279 5384 2479 5454; x_wconf 83' lang='lat' dir='ltr'><strong>Synodi</strong></span> <span class='ocrx_word' id='word_1_846' title='bbox 2521 5391 2816 5454; x_wconf 77' lang='lat' dir='ltr'><strong>Ancyranae</strong></span> <span class='ocrx_word' id='word_1_847' title='bbox 2868 5400 3076 5440; x_wconf 88' lang='lat' dir='ltr'><strong>canone</strong></span> <span class='ocrx_word' id='word_1_848' title='bbox 3112 5386 3177 5452; x_wconf 78' lang='lat'><strong>‘2,</strong></span> <span class='ocrx_word' id='word_1_849' title='bbox 3226 5395 3279 5439; x_wconf 90' lang='lat' dir='ltr'><strong>et</strong></span> <span class='ocrx_word' id='word_1_850' title='bbox 3307 5386 3523 5439; x_wconf 90' lang='lat' dir='ltr'><strong>concilii</strong></span> 
     </span>
    </p>
   </div>
   <div class='ocr_carea' id='block_1_126' title="bbox 1952 5453 3520 5523">
    <p class='ocr_par' dir='ltr' id='par_1_126' title="bbox 1952 5453 3520 5523">
     <span class='ocr_line' id='line_1_127' title="bbox 1952 5453 3520 5523; baseline -0.001 -15"><span class='ocrx_word' id='word_1_851' title='bbox 1952 5454 2284 5509; x_wconf 82' lang='lat' dir='ltr'><strong>Arelatensis</strong></span> <span class='ocrx_word' id='word_1_852' title='bbox 2313 5453 2372 5517; x_wconf 82' lang='lat' dir='ltr'><strong>tt,</strong></span> <span class='ocrx_word' id='word_1_853' title='bbox 2403 5468 2607 5508; x_wconf 90' lang='lat' dir='ltr'><strong>canone</strong></span> <span class='ocrx_word' id='word_1_854' title='bbox 2637 5454 2724 5507; x_wconf 81' lang='grc'><strong>10.</strong></span> <span class='ocrx_word' id='word_1_855' title='bbox 2772 5453 2837 5506; x_wconf 81' lang='lat' dir='ltr'><strong>At</strong></span> <span class='ocrx_word' id='word_1_856' title='bbox 2867 5465 3074 5520; x_wconf 85' lang='lat' dir='ltr'><strong>contra,</strong></span> <span class='ocrx_word' id='word_1_857' title='bbox 3109 5456 3520 5523; x_wconf 87' lang='lat' dir='ltr'><strong>negligentiores</strong></span> 
     </span>
    </p>
   </div>
   <div class='ocr_carea' id='block_1_127' title="bbox 1951 5522 3525 5593">
    <p class='ocr_par' dir='ltr' id='par_1_127' title="bbox 1951 5522 3525 5593">
     <span class='ocr_line' id='line_1_128' title="bbox 1951 5522 3525 5593; baseline 0.001 -16"><span class='ocrx_word' id='word_1_858' title='bbox 1951 5527 2272 5593; x_wconf 74' lang='lat' dir='ltr'><strong>ptenitentes</strong></span> <span class='ocrx_word' id='word_1_859' title='bbox 2319 5524 2522 5576; x_wconf 88' lang='lat' dir='ltr'><strong>tardius</strong></span> <span class='ocrx_word' id='word_1_860' title='bbox 2569 5524 2994 5581; x_wconf 76' lang='lat' dir='ltr'><strong>reconciliandae</strong></span> <span class='ocrx_word' id='word_1_861' title='bbox 3045 5522 3215 5581; x_wconf 84' lang='lat' dir='ltr'><strong>sancit</strong></span> <span class='ocrx_word' id='word_1_862' title='bbox 3248 5522 3525 5593; x_wconf 80' lang='lat' dir='ltr'><strong>Carthagi-</strong></span> 
     </span>
    </p>
   </div>
   <div class='ocr_carea' id='block_1_128' title="bbox 1950 5593 2582 5661">
    <p class='ocr_par' dir='ltr' id='par_1_128' title="bbox 1950 5593 2582 5661">
     <span class='ocr_line' id='line_1_129' title="bbox 1950 5593 2582 5661; baseline -0.002 -13"><span class='ocrx_word' id='word_1_863' title='bbox 1950 5596 2136 5650; x_wconf 86' lang='lat' dir='ltr'><strong>niense</strong></span> <span class='ocrx_word' id='word_1_864' title='bbox 2160 5608 2236 5661; x_wconf 87' lang='lat' dir='ltr'><strong>tv,</strong></span> <span class='ocrx_word' id='word_1_865' title='bbox 2266 5606 2472 5647; x_wconf 89' lang='lat' dir='ltr'><strong>canone</strong></span> <span class='ocrx_word' id='word_1_866' title='bbox 2496 5593 2582 5649; x_wconf 79' lang='lat'><strong>75.</strong></span> 
     </span>
    </p>
   </div>
   <div class='ocr_carea' id='block_1_129' title="bbox 3093 5767 3134 5831">
    <p class='ocr_par' dir='ltr' id='par_1_129' title="bbox 3093 5767 3134 5831">
     <span class='ocr_line' id='line_1_130' title="bbox 3093 5767 3134 5831; baseline 0 0"><span class='ocrx_word' id='word_1_867' title='bbox 3093 5767 3134 5831; x_wconf 88' lang='lat'>8</span> 
     </span>
    </p>
   </div>
  </div>
