4024 6172
427 208 529 264 2'55

1682 196 1744 252 'S.
1790 193 1974 250 AVITI
2012 192 2417 254 VIENNENSIS
3604 193 3718 247 236

429 334 484 375 nt
509 318 659 375 vobis
680 316 779 372 ista
804 316 1232 387 promitteret,et
1258 292 1669 381 racti'pmnitens
1701 328 1767 366 eo
1787 325 1845 365 se
1874 315 2010 363 solvi
2044 316 2090 372 Α
2120 310 2247 364 illud
2277 311 2344 363 ab
2378 306 2732 379 impendenda
2771 305 2992 361 caritate
3022 320 3119 361 vos
3172 307 3405 364 retineat
3428 308 3536 381 [ΑΙ.
3588 309 3715 364 lect.

429 427 534 482 quo
566 412 758 481 ligatus
792 409 961 462 fuerat
1006 408 1319 476 posmlaret.
1344 403 1549 459 Tamen
1570 445 1583 467 ,
1622 405 1746 473 quia
1774 403 2014 473 jussistis

430 514 483 557 nt
515 501 769 573 quidquid
800 499 979 555 sensui
1018 512 1136 553 meo
1159 496 1403 553 videatur
1423 497 1691 567 aperiam,
1725 505 1752 532 ι
1782 496 2017 550 sufficiat

429 610 672 649 censurae
725 604 917 649 vestrze
965 589 1232 660 separatio
1289 602 1694 658 personarum:
1742 587 2019 643 scindatur

432 688 610 742 infe'ix
640 685 943 756 conjugium
973 683 1341 738 innocentiore
1366 681 1638 736 divortio:
1669 678 1913 735 sufficiat
1935 681 2017 734 di-

432 779 719 836 szrictionis
746 775 939 831 fructui
967 773 1232 830 terminus
1265 773 1416 827 mali.
1444 771 1552 827 Nec
1573 786 1706 826 sane
1729 772 2016 840 promisso

431 872 547 941 ejus
579 871 748 924 fidelis
769 876 1004 938 putetur,
1033 867 1189 936 cujus
1219 867 1323 921 vita
1348 865 1554 920 exstitit
1584 863 1841 918 infidelis.
1882 864 2015 931 Ipsis

430 963 831 1032 fidojussoribus
857 960 1160 1016 emendatio
1206 970 1455 1013 secutura
1495 957 1779 1020 credatur,
1810 955 2012 1023 quibus

433 1055 884 1110 intercedentibus
915 1053 1060 1123 prior
1095 1051 1247 1121 culpa
1292 1049 1582 1104 lambitur.
1615 1049 1687 1104 De
1711 1056 1908 1101 caetero
1932 1061 2019 1099 au-

434 1161 561 1215 tem,
588 1147 728 1218 quod
758 1146 824 1200 ad
851 1145 1217 1214 pmnitentiam
1246 1150 1542 1212 exspectat,
1577 1151 1857 1194 moneatur
1885 1140 2017 1193 inte-

433 1246 535 1299 rim
563 1257 726 1312 agere
746 1282 759 1304 ,
789 1239 1035 1309 accipere
1066 1254 1171 1292 non
1217 1245 1460 1307 cogatur.
1486 1234 1774 1290 Sufficiunt
1815 1231 2017 1289 infelici

432 1337 654 1392 crimina
686 1349 815 1398 sua;
847 1347 944 1387 nec
987 1332 1258 1400 ingeratur
1304 1328 1578 1383 lab0rioso
1616 1343 1737 1381 cum
1770 1326 1976 1396 reSpuit
2002 1369 2016 1393 ,

443 1429 584 1498 quod
618 1437 725 1480 tam
768 1423 1002 1477 instabili
1054 1422 1232 1475 animo
1263 1420 1352 1475 vix
1385 1420 1647 1474 committi
1675 1418 1937 1474 debuerat
1976 1418 2021 1473 si

443 1520 702 1588 petiisset.
737 1514 926 1569 Cesset
954 1529 982 1566 a
1014 1509 1300 1581 fragilitate
1331 1508 1549 1579 perfidia
1574 1525 1589 1563 :
1619 1522 1718 1563 nec
1750 1508 1936 1563 subeat
1968 1507 2020 1562 in

441 1608 771 1664 carnalitatis
800 1603 1071 1661 cumulum
1113 1599 1422 1657 rebellionis
1450 1607 1819 1668 augmentum.
1852 1598 1907 1652 Si
1936 1598 2023 1666 ju-

2122 398 2403 471 retrahat],
2427 398 2570 469 quod
2592 398 2950 468 simplicitatis
2973 401 3164 468 magis,
3190 408 3245 454 ut
3268 400 3526 464 arbitror,
3548 418 3718 470 quam

2121 491 2397 547 abusionis
2416 491 2619 556 animo,
2643 491 2823 543 minus
2852 488 3011 558 digne
3040 490 3108 543 ab
3135 490 3214 544 eis
3243 505 3371 544 cura
3400 507 3446 543 Vt
3466 500 3592 546 sti-rc
3618 507 3719 543 or-

2122 583 2411 639 dinationis
2436 584 2706 638 ambitur:
2732 590 2792 637 nt
2825 582 2889 636 ad
2929 582 3129 651 majora
3149 624 3163 647 ,
3194 592 3252 637 ut
3283 592 3569 651 praestante
3601 582 3722 637 Deo

2122 678 2393 746 cupimus,
2426 673 2788 745 gubernacula
2822 674 3255 744 proveln-ntli,»et
3294 674 3359 726 ad
3388 672 3721 741 duplicanda

2122 766 2357 835 quinque
2382 769 2580 821 talenta
2612 764 2679 820 de
2707 764 2917 819 duobus
2947 763 3144 818 additis
3173 774 3516 832 assurgentes
3535 804 3549 829 ,
3583 780 3722 833 pro-

2123 857 2231 912 bati
2263 858 2314 910 in
2344 856 2581 912 secundo
2609 855 2773 925 gradu
2810 855 3031 918 fideles,
3073 863 3127 908 et
3170 854 3438 909 maximus
3462 854 3597 909 hanc
3628 870 3723 910 se-

2125 952 2255 1002 creti
2286 947 2614 1001 conscientia
2654 946 2838 1000 feratis
2866 944 2931 997 ad
2965 944 3223 1013 populos,
3254 954 3311 999 nt
3340 959 3445 1014 quo
3492 944 3542 999 in
3592 945 3724 999 aliis

2125 1039 2363 1093 fraterna
2387 1038 2662 1093 dissensio
2691 1037 2947 1108 potuisset
2980 1051 3221 1090 eremum
3248 1036 3446 1103 facere,
3486 1038 3536 1091 in
3562 1038 3723 1092 vobis

2123 1131 2389 1187 studuerit
2423 1139 2645 1201 paterna
2674 1129 2890 1183 dilectio
2920 1128 3305 1182 monasterium
3335 1129 3640 1184 continere.

2600 1216 2629 1256 ἀ
2670 1218 3003 1274 EPISTULA
3044 1217 3089 1272 Χ
3102 1217 3227 1272 VIII.

2702 1310 3139 1345 *διέξειμι

2204 1404 2393 1471 Unde,
2448 1401 2657 1458 etiamsi
2711 1401 2900 1471 pignus
2950 1401 3292 1470 reliquiarum
3346 1416 3511 1456 sacra:
3538 1401 3719 1456 crinis

2129 1505 2374 1565 putamus
2398 1509 2523 1550 esse
2548 1495 2841 1559 vobiscum,
2884 1507 2912 1545 a
2943 1501 3129 1546 sancto
3161 1502 3337 1547 tamen
3377 1490 3532 1547 Elite
3560 1494 3719 1547 urbis

2129 1586 2364 1641 antistite
2420 1586 2557 1640 hanc
2605 1584 2908 1653 specialiter
2961 1583 3374 1638 munificentiam
3436 1584 3713 1638 credimus

441 1701 611 1765 betis,
657 1697 890 1755 breviter
939 1694 1003 1749 ad
1035 1693 1278 1747 ultimum
1328 1702 1579 1759 suggero.
1638 1689 1915 1743 Exeussus
1956 1686 2024 1740 ab
2059 1685 2100 1743 Β
2128 1676 2507 1746 expetendam.
2540 1675 2640 1743 Qui
2681 1688 2865 1729 revera
2891 1677 3212 1729 sacramenti
3256 1673 3406 1728 istius
3444 1689 3622 1727 veram
3653 1685 3716 1727 et

440 1791 673 1855 scelere,
723 1785 1050 1855 suscipiatur
1080 1782 1147 1836 ad
1193 1779 1448 1845 veniam;
1484 1777 1713 1846 patiatur
1761 1776 2025 1846 poenitet].

443 1886 599 1949 tiatn,
632 1894 753 1936 cum
786 1877 959 1948 perdit
991 1871 1251 1946 peccandi
1279 1871 1645 1927 occasionem:
1679 1869 2022 1939 profiteatur,

442 1990 562 2030 cum
594 1971 837 2029 amiserit
870 1967 1224 2024 voluntatem.

963 2054 1298 2115 EPISTULA
1326 2052 1494 2112 XVII.

446 2172 631 2216 .\\'ITUS
654 2165 960 2211 \‘IENNENSIS
983 2146 1299 2205 snseorusb
1324 2158 1639 2201 VIVENTIOLO
1660 2155 2022 2199 cassavreno.

520 2251 809 2321 Dupliciter
841 2243 1054 2315 pietatis
1106 2240 1321 2310 plenum
1354 2248 1438 2293 est
1474 2238 1614 2307 quod
1644 2236 1865 2299 fecistis,
1897 2235 2022 2288 dum

448 2342 710 2399 veniendo
734 2339 1070 2408 Lugdunum,
1108 2334 1317 2401 lmcque
1347 2328 1630 2394 mittendo,
1654 2326 1933 2382 studuistis
1958 2325 2026 2379 de

448 2438 657 2493 duobus
688 2434 940 2489 fratribus
968 2428 1076 2484 illic
1106 2426 1379 2496 requirere
1407 2424 1698 2487 infirmum,
1732 2422 1852 2477 istic
1898 2420 2025 2476 visi-

448 2544 561 2587 tare
590 2529 895 2583 sollicitum.
922 2522 1031 2579 Nec
1059 2536 1090 2576 a
1116 2518 1269 2574 vobis
1299 2517 1631 2587 propositum
1660 2511 2021 2569 intermissum

450 2637 570 2679 esse
600 2618 892 2691 potabitur,
916 2630 1037 2671 eum
1067 2629 1163 2668 vos
1192 2611 1441 2682 religioso
1470 2607 1618 2664 fratri
1649 2606 1767 2676 plus
1810 2606 1861 2659 in
1897 2603 2025 2659 affe-

451 2723 537 2768 ctu
580 2720 737 2781 atque
771 2711 977 2762 honore
1007 2704 1327 2761 debentibus
1361 2700 1613 2772 spiritalis
1651 2697 1816 2754 officii
1869 2696 2025 2765 hujus

447 2820 760 2867 conversus,
804 2800 1143 2856 etiamsinon
1174 2796 1503 2868 poposcisset
1532 2800 1767 2863 aegrotus
1790 2807 1804 2843 :
1827 2788 2024 2859 quippe

448 2912 568 2953 cum
596 2892 888 2950 sacerdotis
913 2890 1150 2962 germani
1178 2889 1301 2958 jure
1343 2887 1425 2942 vel
1455 2885 1881 2940 adhortationem
1925 2895 2024 2935 no~

450 2988 585 3042 vitas
628 2991 919 3055 quaereret,
954 2981 1168 3038 etiamsi
1220 2978 1591 3035 consolatione
1639 2978 1880 3030 anxietas
1918 2987 2022 3026 non

2132 1768 2491 1824 inviolabilem
2541 1768 2823 1837 puritatem
2851 1766 2955 1821 loci
2993 1764 3453 1820 administratione
3481 1780 3712 1820 conser-

2130 1876 2280 1926 vans,
2307 1862 2385 1916 sic
2414 1859 2755 1916 desiderabili
2780 1867 2969 1927 potens
2999 1868 3079 1912 est
3107 1858 3381 1927 impertire
3422 1872 3517 1911 nos
3543 1856 3711 1921 dono,

2132 1962 2190 2007 ut
2213 1952 2281 2008 ab
2307 1950 2453 2007 omni
2483 1948 2837 2006 cunctationis
2865 1948 3104 2003 absolvat
3128 1948 3397 2017 ambiguo.
3425 1946 3540 2013 Qua
3563 1948 3629 2001 de
3656 1964 3716 2001 re

2130 2044 2416 2115 plurimum
2444 2042 2630 2112 pagina
2672 2039 2962 2096 famulante
2993 2040 3251 2109 deposco,
3282 2050 3341 2093 ut
3380 2039 3448 2093 ad
3478 2040 3715 2107 praefatae

2127 2137 2371 2193 ecc'esim
2422 2134 2757 2191 sacerdotem
2806 2133 3010 2188 litteras
3048 2132 3384 2201 apostolatus
3415 2139 3592 2185 vester
3622 2128 3716 2184 tri'-

2129 2230 2255 2284 boat
2284 2226 2531 2298 portitori
2561 2243 2575 2280 :
2607 2235 2874 2295 quatenus
2913 2226 3123 2293 gemina
3152 2224 3310 2279 nobis
3335 2223 3519 2278 veniat
3544 2223 3712 2276 bene-

2128 2318 2360 2375 dictione
2387 2318 2805 2382 flrmamentum,
2838 2314 2980 2384 quod
3010 2313 3358 2369 ecclesiarum
3387 2314 3712 2382 praeminen-

2130 2413 2257 2464 tium
2309 2408 2543 2473 mundo,
2594 2406 2678 2461 vel
2704 2404 2945 2461 consulta
2995 2404 3140 2459 sedis
3187 2414 3380 2458 vestra:
3421 2403 3715 2457 auctoritas

2130 2500 2511 2571 respondebit,
2574 2499 2658 2553 vel
2713 2497 3015 2553 immanitas
3066 2498 3208 2552 illius
3253 2496 3532 2552 obsecrata
3590 2512 3715 2566 por-

2128 2596 2345 2648 rexerit.

2660 2679 2994 2736 EPISTOIA
3032 2678 3172 2733 XIX.

2127 2791 2333 2832 DOI‘tUS
2366 2785 2389 2812 θ
2416 2789 2754 2831 GUNDOBADUS
2794 2788 2898 2827 REX
2938 2785 3097 2825 Ανιτο
3134 2769 3409 2823 νιεκκέκει
3438 2783 3712 2823 BPISCOPO.

2199 2869 2275 2922 De
2299 2866 2606 2937 prophetica
2638 2865 2870 2919 lectione
2895 2864 3234 2918 sanctitatem
3262 2868 3494 2915 vestram
3522 2864 3715 2914 censui

2127 2958 2539 3022 consulendam,
2565 2956 2719 3024 cujus
2742 2954 2983 3009 lectionis
3005 2954 3277 3023 exemplar
3303 2952 3484 3006 subter
3511 2953 3640 3021 adje
3677 2952 3716 3006 i.

446 3045 658 3155 egeret:
684 3045 915 3136 Proinde
940 3077 1176 3132 laborem
1202 3073 1343 3144 justa
1376 3071 1690 3141 fatigatione
1719 3075 2022 3135 susceptum
2053 3057 2099 3121 C
2133 3054 2200 3106 Εῑ
2241 3052 2358 3107 ideo
2388 3059 2567 3105 υιτυω
2606 3048 2715 3119 lam
2756 3057 2996 3117 tempora
3027 3048 3127 3101 ίείθ
3165 3045 3380 3116 fuerim,
3420 3062 3485 3099 ³η
3537 3048 3718 3100 “Imm

448 3188 666 3246 prorsus
718 3184 978 3227 excusare
1024 3166 1290 3231 desistite,
1328 3178 1394 3218 ne
1449 3159 1734 3215 videamini
1765 3158 1831 3212 ad
1883 3156 2027 3209 hunc

451 3263 738 3334 arripiendi
764 3261 845 3316 vel
869 3256 1163 3314 definiendi
1213 3251 1560 3323 ambiguitate
1605 3262 1875 3320 peccasse.
1909 3245 2025 3301 Jam

453 3372 579 3411 vero
607 3354 837 3424 qualiter
861 3350 1051 3419 dignas
1100 3361 1194 3416 pro
1224 3345 1544 3399 transmisso
1575 3353 1798 3395 munere
1827 3338 2028 3408 gratias

453 3459 627 3515 agam,
653 3444 791 3495 votis
820 3454 905 3493 me
935 3438 1105 3505 magis
1133 3434 1326 3499 sentio,
1355 3432 1596 3486 invenire
1625 3444 1783 3499 quam
1812 3429 2023 3483 litteris.

455 3535 582 3591 Itlud
604 3547 815 3604 quoque
842 3539 900 3584 ut
924 3529 990 3584 de
1010 3540 1195 3583 eremo
1224 3525 1345 3578 talia
1373 3522 1596 3594 proferri
1624 3536 1783 3592 posse
1812 3520 2026 3585 dicatis,

454 3624 713 3697 elegantia
754 3620 980 3691 quadam
1010 3616 1278 3674 desideria
1311 3615 1583 3669 hominum
1613 3612 1681 3666 ad
1723 3613 1903 3667 locum
1936 3625 2027 3667 ve-

456 3728 582 3772 strae
599 3710 1016 3771 cohabitationis
1041 3705 1332 3762 attrarhitis.
1365 3702 1465 3770 Qui
1494 3702 1675 3772 procul
1704 3701 1888 3768 dubio,
1910 3714 2031 3769 per-

456 3822 605 3864 sona:
656 3813 850 3860 vestrm
894 3797 1284 3865 sollicitudine,
1338 3784 1696 3859 institutione,
1743 3791 2026 3855 doetrina,

457 3898 665 3956 etiamsi
722 3896 934 3949 inventa
982 3892 1052 3946 sit
1084 3903 1331 3953 eremus,
1366 3887 1517 3941 ﬁeret
1559 3883 1857 3956 paradisus.
1888 3881 2031 3948 Qua-

458 4000 676 4063 propter
707 4002 803 4057 pro
833 3984 965 4040 sella
988 3996 1143 4053 quam
1169 3976 1557 4045 transmisiStis,
1579 3975 1849 4031 cathedra:
1874 3972 2031 4027 vicis-

456 4080 745 4137 situdinem
775 4076 905 4145 impr
918 4089 1103 4137 ecans,
1132 4084 1314 4140 quasso
1344 4078 1401 4123 ut
1428 4076 1704 4121 nutantem
1735 4076 1757 4103 ο
1790 4064 2029 4120 scholam

455 4174 565 4229 cari
589 4169 888 4227 communis
918 4163 1174 4235 Eugendi,
1213 4172 1267 4216 et
1312 4176 1419 4215 non
1450 4159 1751 4223 minimum,
1775 4164 2030 4227 quantum

451 4268 521 4322 ad
543 4275 737 4321 statum
767 4276 922 4315 suum
970 4259 1189 4322 attinet,
1223 4254 1450 4324 praesule
1476 4251 1780 4318 viduatam,
1806 4248 2033 4319 spiritali

450 4357 684 4423 solatio,
729 4361 784 4408 et
830 4347 1149 4405 sacerdotali
1196 4344 1504 4414 magisterio
1556 4342 1799 4398 foveatis.
1850 4340 2035 4411 Neque

2130 3146 2268 3211 sint,
2313 3144 2515 3212 scripto
2556 3149 2736 3197 vestro
2783 3140 3060 3195 declarare
3088 3138 3381 3207 dignemini
3416 3156 3427 3190 :
3467 3137 3550 3191 Ex.
3585 3136 3721 3193 εἱσι

2134 3236 2368 3305 procedet
2398 3235 2501 3299 lex,
2530 3242 2577 3286 et
2605 3233 2807 3286 verbum
2836 3229 3045 3284 Domini
3080 3246 3142 3283 ea:
3169 3228 3527 3295 Hierusalem;
3557 3240 3602 3281 et
3624 3232 3721 3301 ju-

2132 3326 2322 3379 dicabit
2353 3325 2482 3378 inter
2512 3322 2678 3392 plebes
2704 3324 2907 3386 multas,
2936 3331 2984 3375 et
3022 3314 3493 3390 redarguet'gentes
3516 3322 3722 3372 valida;

2133 3434 2291 3487 usque
2320 3416 2512 3487 longe;
2559 3424 2603 3469 et
2648 3415 2911 3470 concident
2956 3414 3154 3484 gladios
3184 3428 3301 3466 suos
3334 3413 3388 3465 in
3427 3422 3602 3464 aratra
3624 3454 3639 3475 ,
3672 3423 3721 3466 ιι

2131 3511 2331 3563 lanceas
2375 3524 2494 3562 suas
2531 3507 2584 3560 in
2623 3507 2820 3577 falces;
2851 3514 2898 3559 et
2907 3507 3019 3575 jam
3061 3520 3162 3557 non
3184 3500 3391 3557 extollet
3417 3518 3539 3572 gens
3560 3519 3722 3571 super

2131 3610 2326 3672 gentem
2350 3599 2664 3669 gladium,et
2678 3598 2792 3667 jam
2814 3612 2913 3649 non
2935 3597 3133 3649 Stabunt
3152 3590 3627 3664 belligerareUsai.
3659 3609 3719 3657 tt,

2133 3692 2187 3755 5,
2212 3690 2289 3761 4).
2320 3690 2386 3744 Ει
2409 3705 2424 3743 :
2455 3688 2750 3758 Requiescet
2768 3687 3114 3756 unusquisque
3135 3686 3226 3739 sub
3247 3687 3389 3737 vinea
3418 3701 3533 3749 sua,
3557 3694 3602 3736 cf
3625 3687 3721 3736 sub

2131 3781 2233 3848 ﬁcu
2279 3796 2407 3845 sua;
2439 3790 2483 3833 et
2514 3795 2613 3834 non
2635 3780 2727 3833 erit
2756 3779 2843 3848 qui
2895 3778 2947 3830 in
2991 3776 3221 3830 timorem
3250 3775 3417 3829 mittat
3455 3791 3541 3829 eos
3590 3774 3718 3839 (III

2134 3870 2263 3941 Reg.
2296 3888 2372 3937 tv,
2404 3871 2521 3941 25).

2666 3961 2992 4018 EPISTOLA
3052 3960 3091 4013 Χ
3105 3960 3147 4013 Χ
3159 4000 3171 4013 .

2185 4072 2373 4113 Ανιτυε
2410 4072 2718 4113 vrsaxensrs
2756 4070 3033 4111 EPISCOPUS
3074 4040 3104 4090 0‘
3141 4067 3314 4107 oouso
3348 4067 3664 4106 GUNDOBADO

2860 4165 3001 4204 REGI.

2204 4251 2353 4305 Licet
2383 4249 2449 4302 de
2486 4244 2716 4299 lectione
2766 4239 3075 4310 proph-tica
3126 4237 3291 4290 scitus
3331 4234 3527 4303 magis,
3577 4234 3718 4289 inter

2136 4359 2271 4414 quos
2295 4344 2411 4413 ipse
2441 4336 2675 4409 profiteri
2707 4348 2812 4388 non
2860 4332 3065 4397 audeo,
3093 4328 3386 4384 debueritis
3430 4328 3718 4382 consulere

524 4527 549 4554 ι
573 4510 920 4582 Superiorem
950 4501 1268 4582 sententiam
1298 4514 1445 4581 suam
1473 4508 1757 4582 temperat,
1780 4505 1834 4551 et
1849 4497 2035 4578 mitius
2065 4504 2114 4564 ι)
2141 4496 2505 4582 cet.”\’a‘cuam
2532 4508 2662 4582 ergo
2683 4500 2737 4547 et
2757 4500 2966 4582 rectore
2992 4487 3298 4582 destitutam
3330 4484 3568 4567 scholam
3602 4486 3712 4541 Eu-

447 4569 709 4643 decernit.
741 4582 853 4633 Duo
878 4574 1019 4628 enim
1047 4586 1191 4635 supe.
1209 4570 1289 4622 ius
1317 4571 1580 4637 exigebat,
1633 4569 2023 4643 separationern

448 4638 817 4725 etvpttblicatn
877 4643 1245 4723 paenitentiam
1280 4657 1292 4689 τ
1329 4655 1468 4725 nunc
1520 4640 1858 4725 Separatione
1906 4638 2020 4691 sola

447 4714 749 4784 contentus,
774 4718 841 4770 de
868 4714 1176 4784 poenitentia
1202 4718 1460 4779 suggerit,
1492 4716 1551 4761 ut
1579 4722 1698 4761 eam
1722 4722 1879 4777 agere
1902 4724 2020 4761 ino-

450 4805 659 4855 neatnr,
683 4790 928 4856 accipere
959 4799 1061 4835 non
1091 4788 1330 4856 cogatur.

516 4845 674 4927 {Qu}
707 4845 1073 4927 Lugdunensis
1108 4845 1287 4927 postea
1320 4848 1415 4927 fuit
1444 4847 1749 4927 episc‘m‘fst
1780 4853 1838 4899 ¹¹ι
1860 4845 2022 4927 ᾳ⁰⁰θ’

448 4937 526 4992 bit
554 4916 902 5002 epistolaUS‘l.
922 4923 1069 5002 Nune
1089 4916 1208 4974 cum
1238 4920 1644 5002 Lllgdlltl'lllllrex
1668 4916 1876 4970 Jurensi
1904 4932 2020 4971 ere-

448 4988 537 5060 nio
579 4988 847 5059 venisset,
878 4994 1346 5063 Apollinaremque
1368 4988 1513 5063 AAviti
1547 4990 1791 5063 fratrem,
1822 5002 2016 5040 novum

447 5059 756 5146 episeopunt
788 5068 856 5146 ibi
890 5059 1263 5140 aegrotantem.
1286 5059 1574 5146 visitaset,
1598 5129 1609 5139 .
1631 5061 1840 5146 Avitluttt
1886 5073 2017 5146 quo-

447 5129 551 5214 que
584 5129 757 5212 ipsum
803 5129 1069 5214 destina-to
1118 5132 1303 5212 nuntio
1345 5129 1610 5214 consolari
1641 5129 1860 5180 Stutluit.
1904 5131 2018 5207 Quo

448 5198 664 5271 nomine
712 5208 910 5279 gratias
955 5205 1026 5257 illi
1071 5201 1198 5279 agit,
1254 5198 1520 5279 simulque
1564 5213 1660 5265 pro
1709 5202 2013 5277 transmissa

447 5268 617 5341 sella:
657 5268 808 5347 cujus
837 5277 951 5329 vice
977 5271 1293 5347 cathedram
1330 5268 1450 5347 ipsi,
1486 5268 1586 5321 hoc
1631 5276 1712 5320 est
1739 5268 2017 5335 episcopa-

451 5340 560 5412 tum
592 5340 935 5421 impr'ecatur,
967 5360 1121 5413 quem
1153 5340 1388 5421 Lugduni
1434 5347 1621 5407 postea
1658 5346 2012 5421 .so‘rtttnsest.

523 5406 721 5491 éQuod
771 5406 931 5491 nunc
957 5406 1486 5491 e'stMmona'steriuun
1503 5410 1669 5490 sant-ti
1689 5406 1923 5491 “Claudii
1962 5408 2012 5461 ί..

450 5477 811 5550 Διιτιίιιιιοιιιθ.
839 5486 1074 5556 Eugendi
1100 5496 1315 5556 nomen,
1346 5479 1570 5556 quodin
1587 5554 1591 5556 _
1599 5477 1789 5556 codice
1811 5489 2019 5556 nostro

452 5549 874 5627 deSitlerabatur,
897 5549 1332 5627 supplevimusex
1349 5549 1563 5627 schedis
1586 5550 1872 5627 'I‘huaneis.
1902 5551 2018 5627 Qun

454 5620 691 5702 tempore
714 5620 892 5687 autem
920 5620 1023 5683 vita
1056 5624 1265 5679 functus
1295 5630 1391 5689 Sit,
1425 5620 1537 5675 huc
1566 5621 1788 5690 epistola
1812 5634 1909 5675 nos
1928 5622 2021 5674 do-

2137 4567 2293 4635 gentli
2341 4562 2637 4635 Viventiolo
2677 4564 2866 4635 suadet
2897 4571 2947 4612 nt
2976 4565 3242 4635 capessat,
3294 4565 3350 4609 ut
3393 4562 3444 4635 in
3474 4564 3714 4611 secundo

2128 4627 2294 4706 gradu
2327 4634 2620 4707 presbyteri
2670 4630 3053 4707 probat_us,_ad
3105 4627 3306 4707 majora
3350 4628 3710 4706 gubernacula

2131 4696 2504 4775 provehatur;
2523 4706 2624 4760 hoc
2653 4696 2735 4759 est
2755 4744 2771 4769 ,
2803 4702 2868 4754 ad
2896 4701 3123 4770 primum
3166 4696 3388 4769 gradum
3424 4701 3709 4767 episcopo-

2127 4792 2420 4914 ruri“(illam
2452 4844 2620 4898 multa
2659 4845 2761 4914 hoc
2809 4841 2928 4897 loco
2969 4837 3333 4914 desint‘statui
3366 4851 3490 4914 non_
3506 4845 3708 4904 potest.

2127 4907 2360 4970 TituTttn
2404 4932 2529 4969 vero
2575 4913 2815 4975 epismhe
2860 4911 3095 4979 conjicio
3148 4908 3312 4979 fuisse
3357 4909 3420 4979 ad
3460 4907 3712 4976 Symma-

2126 4988 2284 5040 chum
2320 5001 2529 5054 papam.
2565 4983 2723 5038 Atili-.0
2746 4994 2946 5047 autem,
2974 4981 3023 5035 id
3047 4989 3139 5054 est
3169 4978 3667 5054 Hierosolymorum
3689 5022 3703 5045 ,

2124 5048 2416 5111 antistitem
2450 5055 2653 5108 lleliatn
2688 5054 2933 5122 intelligi,
2967 5053 3055 5119 qui
3087 5051 3270 5122 sedem
3305 5048 3445 5100 illam
3471 5056 3597 5122 tunc
3620 5062 3708 5122 re-

2124 5130 2300 5196 gebat.
2335 5127 2410 5178 Ad
2446 5126 2584 5178 hunc
2607 5139 2756 5193 ergo,
2794 5116 2889 5196 pro
2928 5116 3262 5196 impetrando
3287 5129 3486 5196 sancta:
3514 5116 3709 5196 Crueis

2125 5187 2345 5251 t'nunvre
2368 5211 2486 5251 cum
2509 5187 2768 5248 scriberet
2794 5187 3015 5254 Avitus,
3042 5187 3351 5260 Symmachi
3379 5188 3712 5260 quoqueiu-

2124 5268 2503 5321 tercessionem
2534 5279 2637 5333 qua
2680 5265 2786 5318 voti
2842 5276 3062 5333 compos
3087 5257 3292 5327 'fieret,
3321 5261 3562 5326 expetiit.
3596 5257 3708 5312 Sed

2122 5338 2258 5390 Aviti
2292 5337 2355 5390 ad
2391 5332 2593 5389 Heliam
2621 5334 2843 5403 epistola
2877 5332 3237 5403 desideratur.

2193 5416 2216 5444 ε
2246 5406 2465 5461 Solebat
2497 5401 2703 5469 Avitus,
2744 5415 2800 5457 ut
2829 5401 3141 5457 Ambartltts
3165 5407 3410 5469 testatur.
3440 5408 3488 5450 et
3518 5411 3711 5451 exeni-

2121 5477 2209 5545 plo
2238 5478 2578 5531 manifestum
2606 5468 2707 5537 est,
2732 5490 2851 5528 cuin
2876 5488 3001 5541 rege
3027 5468 3361 5545 Qundobado
3392 5469 3709 5545 frequenter

2124 5537 2193 5601 de
2238 5547 2360 5611 fide,
2394 5563 2497 5601 non
2554 5548 2723 5599 solum
2781 5537 2961 5597 οοτεδιιῖ
3010 5542 3299 5606 diSserere,
3341 5537 3435 5593 sed
3488 5538 3707 5591 absenti

2129 5633 2340 5688 quoque
2365 5632 2457 5688 per
2478 5616 2732 5685 epistolas
2760 5611 3107 5683 respondere.
