4046 6170
248 379 347 435 257

247 584 329 639 vel
356 581 686 648 obedientia,
716 581 818 635 etsi
850 592 1058 649 nequeo
1082 575 1406 646 respondere
1441 573 1713 631 doctrina.
1746 572 1821 626 ha

244 673 385 745 quod
418 671 642 725 indicari
692 669 843 724 vobis
868 668 1089 738 jubetis,
1119 669 1279 723 etiam
1310 674 1487 733 textu,
1532 679 1601 719 ne
1644 662 1820 717 dicam

246 764 577 836 espo~itioue
624 763 886 833 prolixum
928 771 1011 816 est
1037 779 1050 816 :
1077 770 1133 816 et
1158 760 1416 829 majorem
1446 755 1821 826 disputationis

247 858 575 912 vacationem
626 853 877 924 postulat,
925 866 1085 922 quam
1116 852 1385 906 succincta
1431 848 1683 903 celeritas
1738 860 1822 901 re-

249 948 429 1018 scripti
457 946 761 1017 epistolaris
780 943 1041 999 admittat.
1076 941 1355 996 Etidcirco
1377 949 1573 1009 quanta
1602 952 1820 1007 possum

251 1038 505 1096 brevitate
535 1035 857 1107 respondeo,
881 1034 1020 1103 quod
1043 1049 1109 1088 ex
1142 1032 1397 1102 propheta
1443 1030 1575 1084 Isaia
1602 1029 1821 1083 directa:

251 1130 315 1186 ad
342 1144 428 1185 me
455 1129 683 1183 termino
713 1128 917 1196 pagina:
953 1124 1294 1186 subdidistis,
1339 1123 1449 1194 jam
1497 1121 1729 1187 dudum,
1766 1120 1819 1175 id

253 1232 332 1279 est
375 1230 615 1290 tempore
638 1217 919 1272 dominica:
949 1214 1330 1271 incarnationis
1364 1214 1658 1283 impletum.
1686 1212 1817 1267 Nam

254 1327 370 1367 cum
396 1311 536 1365 dicat
560 1328 573 1363 :
600 1308 682 1363 Ex
708 1308 837 1364 Sion
866 1308 1149 1380 egredietur
1177 1307 1278 1373 lex,
1306 1314 1353 1359 et
1376 1306 1582 1360 verbum
1613 1304 1820 1358 Domini

252 1419 311 1457 ea:
362 1399 680 1455 Hierusalem
712 1396 857 1469 (Isai.
895 1412 956 1463 tt,
992 1396 1080 1465 3),
1115 1404 1334 1451 tractate
1373 1394 1709 1464 diligentius,
1750 1409 1818 1448 an

250 1509 363 1564 quae
389 1490 563 1546 adhuc
590 1491 888 1559 exspectari
909 1489 1102 1545 debeat
1149 1488 1547 1559 promulgandae
1578 1488 1709 1557 legis
1737 1503 1821 1541 re-

252 1592 353 1639 stet
378 1582 706 1637 auctoritas:
736 1590 760 1617 ³
790 1590 935 1636 certe
979 1590 1099 1650 post
1144 1580 1374 1635 Verbum
1405 1580 1499 1634 Dei
1529 1580 1667 1649 quod
1696 1594 1821 1633 caro

253 1676 444 1730 factum
476 1684 580 1735 est,
611 1682 671 1727 ut
702 1688 793 1741 per
823 1671 1153 1727 nativitatem
1181 1671 1425 1741 corporis
1468 1671 1732 1726 habitaret
1767 1671 1819 1726 in

252 1765 419 1830 nobis,
449 1765 495 1818 si
522 1763 698 1818 adhuc
724 1779 786 1818 ex
821 1763 1147 1818 Hierusalem
1174 1764 1317 1818 aliud
1352 1763 1573 1818 verbum
1600 1778 1822 1832 speran-

1638 364 1963 423 EPISTOLA
2007 362 2145 417 XXI.

247 491 589 547 sacerdotes;
616 500 741 559 opto
788 498 964 544 tamen
1012 485 1236 557 jussioni
1287 492 1477 540 vestite
1518 481 1825 538 satisfacere
1854 484 1903 541 Α

3392 357 3500 415 πθ

2459 474 2783 530 ΕΡΙΒΤΟΙΑ
2827 474 2966 527 XXI.

1998 581 2180 620 AVITUS
2208 581 2508 620 visnnessts
2540 581 2813 620 muscorus
2842 566 2867 603 δ
2900 580 3073 620 penso
3098 578 3424 620 Stetsuusao.

1996 656 2148 724 Quod
2200 671 2285 711 me
2317 656 2385 711 de
2429 657 2784 711 collocutione
2830 656 2995 723 regali
3041 655 3108 710 ad
3142 656 3378 709 notitiam
3411 671 3497 708 ve-

1924 756 2091 799 stram
2118 762 2223 800 non
2243 746 2501 800 detulisse
2528 744 2774 814 culpatis,
2804 745 3047 799 occursui
3069 758 3189 799 meo
3212 758 3395 798 exacta
3419 744 3496 797 fe-

1924 838 2158 892 stivitate
2187 851 2524 893 servaveram
2551 854 2565 890 :
2591 836 2712 906 quia
2756 850 2941 889 revera
2983 833 3207 888 indicari
3238 835 3386 887 vobis
3412 836 3499 887 lit-

1926 930 2123 984 terario
2164 929 2417 984 famulatu
2442 940 2631 983 cuncta
2674 943 2768 996 per
2800 926 3066 990 ordinem,
3092 926 3496 995 disceptationis

1925 1020 2204 1089 prolisitas
2239 1020 2670 1090 perplexitasque
2698 1033 2803 1072 non
2831 1020 3042 1086 patitur.
3074 1016 3205 1070 Nam
3233 1027 3489 1084 quantum

1925 1110 1977 1164 in
2016 1110 2207 1164 animis
2256 1110 2455 1164 domini
2507 1110 2636 1172 mei,
2684 1109 2849 1178 patris
2898 1108 3082 1173 vestri,
3129 1107 3361 1162 sensisse
3408 1123 3492 1161 me

1925 1213 2072 1270 puto,
2099 1202 2269 1255 fervet
2297 1201 2349 1254 in
2390 1200 2506 1269 ejus
2545 1199 2722 1253 studio
2743 1198 2970 1254 conﬁcta
2997 1200 3089 1251 otii
3118 1198 3293 1252 fronte
3315 1208 3489 1252 certa-

1924 1308 2067 1346 men.
2117 1292 2251 1347 Nam
2290 1292 2430 1361 quod
2469 1292 2820 1347 credebamus
2850 1291 3187 1347 animositate
3225 1292 3492 1361 deposita,

1922 1385 2137 1440 silentio
2174 1393 2524 1453 temperante,
2571 1385 2801 1438 subitam
2833 1384 3280 1451 Opportunitatem
3318 1388 3492 1452 potus

1923 1492 2081 1546 quam
2110 1478 2341 1547 quietem
2382 1479 2683 1545 requirens,
2718 1491 2822 1529 non
2863 1476 3091 1530 cessavit
3123 1475 3388 1543 praeterita
3416 1475 3499 1527 in-.

1922 1569 2201 1624 duciarum
2251 1568 2532 1631 brevitate,
2578 1569 2671 1622 sed
2719 1570 2893 1621 latuit.
2943 1567 3092 1621 Adeo
3134 1576 3191 1621 ut
3234 1582 3334 1621 nec
3381 1566 3492 1635 ipsa

1922 1661 2289 1717 contentionis
2330 1676 2477 1714 arma
2505 1676 2625 1729 quae
2654 1660 2801 1729 quasi
2828 1659 2939 1728 jam
2982 1660 3033 1713 in
3067 1670 3247 1713 nostra
3280 1661 3492 1729 regione

1928 1754 2253 1817 defecerant,
2286 1763 2575 1824 poscantur
2599 1756 2956 1819 extrinsecus,
2994 1755 3076 1808 vel
3110 1770 3276 1825 usque
3313 1755 3378 1809 ad
3410 1770 3496 1810 re-

251 1857 370 1909 dum
395 1863 503 1918 est,
536 1853 673 1907 istud
700 1854 839 1922 quod
868 1866 1030 1920 supra
1053 1853 1286 1908 diximus
1322 1851 1537 1907 unicum
1568 1867 1673 1906 nou
1714 1864 1814 1908 est.
1853 1840 1899 1901 Β
1926 1848 2096 1905 ditum
2127 1852 2421 1921 legatorum
2452 1865 2670 1905 suorum
2701 1849 2879 1905 fervor
2910 1850 3273 1905 meditationis
3296 1865 3492 1919 exspe-

253 1948 399 2003 Unde
452 1948 819 2002 incunctanter
868 1946 922 2000 in
970 1960 1032 2001 eo
1079 1962 1238 2016 quem
1295 1949 1650 2019 proposuistis
1702 1947 1821 2004 loco

248 2054 423 2094 sermo
472 2037 635 2105 patris
678 2036 947 2097 Christus,
977 2044 1030 2090 et
1082 2039 1163 2091 lex
1191 2035 1491 2091 Christiana
1535 2036 1822 2106 prmdicata

248 2140 346 2184 est.
391 2128 528 2195 Quia
557 2142 677 2181 cum
709 2126 831 2180 dute
857 2126 999 2195 leges
1045 2126 1181 2194 sint,
1229 2125 1279 2180 id
1308 2126 1658 2193 estJudaica,
1703 2142 1821 2196 qme

251 2218 553 2287 pneccssit,
603 2225 657 2271 et
706 2229 910 2281 nosna,
956 2231 1074 2285 qua:
1103 2216 1377 2286 sequitur,
1408 2225 1462 2270 et
1494 2216 1579 2270 illa
1613 2223 1822 2271 vetusta

250 2312 350 2382 jam
378 2312 544 2366 etiam
576 2309 955 2379 prephetarum
987 2308 1311 2377 temporibus
1342 2308 1631 2373 diceretur,
1678 2308 1825 2363 vide-

254 2410 317 2460 tis
345 2406 413 2459 ab
460 2404 595 2458 lsaia
626 2401 783 2457 istam
835 2402 1197 2456 tantummodo
1233 2402 1489 2466 nuntiari,
1521 2416 1637 2471 quae
1669 2417 1824 2456 voca-

253 2496 393 2549 tione
421 2495 661 2564 gentium
691 2491 998 2562 magisterio
1016 2489 1215 2545 Christi
1243 2492 1484 2546 docentis
1504 2500 1688 2545 exorta
1720 2502 1823 2547 est.

255 2584 401 2639 Unde
429 2583 707 2650 sequitur,
730 2594 778 2637 et
796 2581 1051 2652 judicabit
1078 2582 1207 2634 inter
1246 2582 1469 2635 medium
1513 2584 1757 2653 gentium,
1777 2593 1824 2637 et

252 2674 529 2744 increpabit
548 2673 763 2744 populos
795 2673 1012 2737 multas;
1041 2686 1175 2742 quos
1201 2686 1268 2725 ex
1302 2674 1507 2728 cunctis
1554 2675 1824 2743 cognatio-

253 2766 405 2820 nibus
436 2775 597 2821 terra:
641 2766 777 2819 intra
808 2778 966 2819 unam
1000 2763 1292 2819 Ecclesiam
1343 2764 1598 2820 Dominus
1648 2776 1828 2822 noster

251 2856 539 2927 iudicando
559 2856 805 2920 instituit,
832 2864 884 2910 et
903 2855 1176 2926 arguendo
1205 2860 1489 2911 convertit.
1516 2858 1669 2925 Quod
1700 2872 1828 2912 vero

253 2949 340 3012 ait,
371 2948 640 3002 concident
662 2946 860 3018 gladios
889 2963 1006 3001 suos
1028 2949 1079 3000 in
1100 2958 1276 3001 aratra
1293 2992 1307 3016 ,
1347 2959 1392 3003 et
1414 2949 1613 3003 lanceas
1635 2966 1753 3002 suas
1774 2952 1827 3002 in

254 3039 426 3107 ialm,
461 3037 587 3093 licet
618 3039 784 3106 possit
807 3037 873 3092 de
902 3051 1159 3107 corporea
1204 3046 1363 3093 aetate
1398 3039 1607 3093 Domini
1638 3039 1691 3095 in
1723 3056 1825 3109 qua

256 3146 347 3200 per
381 3132 571 3187 orbem
601 3130 835 3201 quietum
868 3132 1183 3187 inconcussa
1214 3147 1314 3202 pax
1354 3132 1557 3197 floruit,
1585 3133 1823 3203 aliquan-

1923 1951 2051 1997 ctat.
2083 1942 2348 1998 Redeunti
2375 1944 2533 2012 igitur
2559 1942 2690 1995 mihi
2716 1943 2783 1996 de
2820 1957 2887 1996 eo
2913 1941 3054 2010 quod
3087 1942 3255 1997 nostis
3281 1942 3501 2007 itinere,

1925 2045 2025 2085 nec
2071 2031 2269 2100 aliquid
2305 2031 2519 2085 interim
2568 2031 2637 2085 de
2681 2029 2989 2099 hujusmodi
3046 2034 3496 2102 propositionibus

1924 2123 2187 2191 opinanti,
2216 2122 2471 2194 quidquid
2518 2138 2613 2193 per
2662 2123 3112 2191 implicatissimos
3142 2127 3493 2194 quaestionum

1926 2214 2264 2270 mendacium
2306 2214 2475 2269 nodos
2504 2215 2663 2285 longo
2691 2216 2868 2284 spatio
2911 2229 3070 2285 sagax
3110 2216 3368 2272 industria
3399 2235 3495 2287 pn-

1928 2308 2025 2361 tuit
2044 2322 2220 2373 arare,
2248 2315 2574 2362 commotum
2605 2316 2708 2361 est.
2737 2306 2931 2362 Fervet
2954 2308 3163 2363 validus
3190 2309 3390 2376 prolixa
3411 2309 3493 2363 dl-

1927 2400 2232 2468 sputatione
2267 2408 2524 2454 tractatus
2558 2418 2569 2453 :
2604 2399 2840 2468 placidus
2871 2410 3067 2463 tamen,
3114 2415 3214 2457 nec
3242 2400 3439 2471 aliquid
3466 2420 3493 2455 a

1928 2491 2215 2558 supercilio
2238 2490 2549 2545 dominandi
2584 2491 2903 2546 turbulenta:
2924 2492 3302 2546 commotionis
3326 2493 3491 2547 inter-

1927 2598 2142 2651 serens;
2172 2586 2266 2640 sed
2294 2586 2502 2640 curavit
2529 2586 2797 2651 consulte,
2824 2583 3157 2639 necessitatis
3182 2584 3497 2653 opportuni-

1931 2686 2041 2733 tate
2068 2677 2280 2748 provisa
2308 2686 2363 2732 et
2392 2680 2491 2743 rei,
2517 2685 2572 2731 ut
2598 2678 2900 2748 quicunque
2933 2677 3285 2731 contentionis
3312 2674 3500 2730 fuisset

1929 2776 2171 2833 eventus,
2204 2784 2303 2824 nec
2332 2776 2639 2837 superatum
2670 2778 2941 2838 pateretur
2981 2766 3320 2822 erubescere.
3360 2767 3497 2836 Quid

1930 2859 2141 2913 multis?
2163 2860 2281 2915 sine
2304 2860 2557 2927 jactantia
2587 2861 2738 2914 vobis
2769 2860 2933 2913 libere
2952 2858 3090 2924 dico,
3118 2861 3182 2913 ad
3209 2862 3498 2929 preposita,

1930 2958 2187 3021 quantum
2219 2952 2348 3006 mihi
2372 2952 2595 3016 videtur,
2622 2950 2765 3021 quod
2798 2951 2841 3004 si
2876 2952 3161 3006 audissetis
3191 2954 3359 3021 putuit
3389 2954 3499 3023 pla-

1929 3055 2055 3097 cere
2084 3051 2391 3112 suggestum
2415 3050 2519 3096 est.
2549 3040 2700 3109 Quod
2727 3055 2857 3096 sane
2877 3057 3069 3097 vereor
3094 3043 3361 3096 audientis
3382 3045 3500 3114 plus

1927 3132 2130 3203 judicio
2174 3129 2483 3189 satisfacere
2516 3148 2675 3203 quam
2703 3133 2883 3187 studio
2919 3126 3351 3201 placuisseI’Sed
3375 3150 3494 3188 cum

257 3225 418 3294 tisper
446 3200 708 3294 intelligi,
740 3223 1040 3279 evidentius
1065 3225 1168 3281 hoc
1200 3200 1377 3282 tamen
1420 3200 1739 3283 Christianis
1772 3229 1829 3281 ti-
1857 3200 1905 3263 (ἶ
1930 3200 2278 3295 praesentiam
2328 3200 2587 3290 vestram,
2622 3224 2730 3279 Deo
2770 3200 3047 3293 largiente,
3095 3238 3364 3290 meruero,
3406 3239 3501 3294 per

254 3317 458 3374 delibus
488 3326 788 3387 coaptatur,
817 3332 1041 3388 quorum
1063 3333 1184 3374 cum
1217 3318 1407 3389 majori
1440 3334 1665 3375 numero
1693 3321 1832 3376 desit

254 3424 315 3465 ac
338 3409 576 3467 defuerit
605 3424 752 3475 usus,
774 3424 931 3480 quem
957 3410 1009 3463 in
1039 3412 1327 3481 perniciem
1357 3411 1590 3468 hominis
1628 3413 1829 3467 malitia

256 3501 440 3569 prima:
468 3500 764 3554 nativitatis
782 3510 1103 3567 armaverat,
1131 3503 1199 3557 ad
1229 3516 1355 3559 usus
1383 3503 1570 3558 salutis
1592 3505 1832 3559 vitalem-

255 3607 353 3659 que
382 3594 648 3647 culturam
676 3593 923 3647 nativitas
952 3592 1183 3648 secunda
1226 3605 1526 3649 convertat.
1553 3595 1686 3649 Nam
1708 3612 1829 3650 cum

256 3685 307 3740 in
358 3685 651 3755 Evangelia
690 3685 759 3741 de
800 3685 907 3739 fine
947 3686 1129 3740 saeculi
1179 3686 1540 3755 prmdicetur:
1584 3686 1832 3758 Exsurget

254 3792 375 3844 gens
398 3786 583 3830 contra
617 3785 840 3845 gentem,
864 3783 913 3831 et
941 3792 1152 3847 regnum
1180 3787 1356 3831 contra
1399 3794 1607 3849 regnum
1636 3780 1828 3850 (Marc.

257 3883 369 3933 uti,
398 3868 457 3938 8)
486 3886 499 3920 :
540 3875 597 3922 et
621 3884 688 3922 ex
730 3868 860 3937 ipsis
888 3868 1153 3923 malorum
1176 3868 1385 3925 indiciis
1414 3871 1696 3929 imminere
1721 3874 1830 3943 j.im

256 3975 392 4028 pene
422 3960 607 4015 mundi
655 3961 940 4015 terminum
969 3961 1309 4032 colligamus,
1352 3963 1454 4017 nisi
1499 3966 1639 4034 quod
1668 3980 1828 4035 supra

256 4052 361 4107 dixi
399 4052 474 4107 de
514 4052 793 4107 catholicis
842 4049 1133 4119 figuraliter
1162 4053 1492 4122 accipiatur,
1539 4056 1718 4109 nescio
1774 4064 1834 4110 ut

256 4143 380 4212 quid
410 4150 536 4212 post
561 4143 743 4196 saeculi
769 4140 927 4196 ﬁnem
952 4142 1179 4196 obtunsa
1203 4144 1427 4197 telorum
1455 4145 1595 4199 acies
1619 4145 1670 4197 in
1701 4145 1830 4214 ligo-

257 4250 350 4289 nes
389 4244 451 4290 et
491 4247 742 4288 vomeres
787 4243 1169 4288 commutetur.
1215 4232 1347 4287 lllud
1378 4248 1503 4287 vero
1552 4234 1692 4304 quod
1726 4237 1832 4289 imo

258 4324 503 4380 lectionis
528 4324 767 4393 iussistis
798 4323 1032 4392 adjnngi,
1058 4323 1110 4376 id
1133 4331 1237 4389 est,
1266 4326 1536 4393 requiescet
1558 4327 1831 4396 unusquis-

258 4415 471 4485 qusab
491 4417 587 4470 vite
610 4432 705 4469 sua
730 4425 777 4469 et
796 4416 888 4468 sub
910 4414 1012 4483 ﬁcu
1035 4412 1156 4485 (III
1183 4413 1306 4485 Reg.
1335 4429 1412 4482 tv,
1444 4414 1561 4487 ‘25),
1584 4432 1682 4471 nec
1711 4431 1831 4471 e~se

260 4507 311 4559 in
334 4506 525 4561 eadem
558 4506 819 4569 lectione,
861 4520 959 4558 nec
986 4504 1051 4558 ad
1078 4518 1292 4559 causam
1322 4504 1390 4559 de
1430 4521 1530 4571 qua
1557 4507 1829 4561 consului-

260 4597 354 4649 stis
378 4610 609 4663 suggero
636 4594 927 4663 pertinere.
958 4594 1106 4661 Quod
1143 4604 1323 4649 tamen
1350 4595 1681 4664 temporibus
1720 4598 1831 4664 pri-

262 4686 363 4740 scis
390 4684 700 4738 Judaa'orum
731 4682 948 4751 populo,
977 4684 1150 4738 meriti
1195 4684 1496 4739 alternante
1540 4686 1789 4742 distantia
1814 4729 1831 4755 ,

265 4778 592 4847 frequenter,
618 4788 704 4829 aut
733 4790 829 4844 pro
865 4778 1066 4844 peccati
1091 4779 1465 4834 emendatione
1495 4793 1834 4848 concessum,

264 4880 347 4921 aut
375 4883 590 4923 rursum
620 4884 717 4939 pro
747 4869 1145 4926 succedentium
1183 4870 1460 4941 culparum
1489 4872 1837 4943 castigatione

264 4962 529 5018 sublatum
558 4972 661 5019 est.

330 5236 356 5264 ι
390 5227 627 5281 Verbum
659 5225 868 5279 Domini
902 5240 996 5293 pro
1024 5225 1131 5280 Deo
1160 5224 1334 5281 Verbo
1361 5227 1526 5282 sumit
1554 5245 1569 5282 :
1601 5243 1718 5295 quae
1748 5229 1832 5283 in-

262 5300 579 5365 terpretatio
609 5298 677 5349 ab
725 5297 879 5352 Isaiae
914 5309 1075 5365 sensu
1105 5296 1203 5350 hoc
1230 5298 1349 5351 loco
1392 5299 1560 5350 aliena
1590 5309 1690 5358 est.
1718 5308 1773 5353 et
1804 5313 1831 5350 a

261 5364 603 5443 Theodoreto
648 5374 850 5443 nostra
877 5364 1155 5443 refellitur.
1202 5367 1363 5443 Aé'you
1403 5370 1508 5443 γὰρΔ
1528 5367 1750 5443 ἐρδταῦθρι-
1778 5370 1835 5422 οὐ

260 5440 417 5509 Λόγον
446 5437 570 5509 Θεὸν
592 5436 748 5509 δςιλιλιῑἵ
773 5436 896 5509 ἀλλᾲ
921 5440 1011 5493 τήν
1030 5440 1123 5509 τοῦ
1150 5444 1273 5509 Θεοᾲῦ
1300 5436 1837 5509 ᾼόνουῘδιδασκαλία-δ.

260 5505 454 5580 Ο-Ιγᾲρ
479 5506 506 5558 ὁ
536 5507 668 5580 ΘεὸςΔ
689 5505 841 5580 A679;
870 5506 923 5557 ἐκ
959 5508 1074 5580 Σιῴιν
1098 5505 1591 5580 ὶξελήλνθενζ-ὰλλῖν
1614 5516 1685 5580 τῷ
1717 5514 1840 5563 Σιὼν

258 5595 345 5633 την
363 5573 597 5633 "atinas-ww
618 5573 991 5637 ἕξιποὲἰδευσεν.
1017 5574 1307 5628 Sermonem
1340 5576 1467 5626 enim
1498 5576 1591 5627 ltoc
1619 5573 1731 5629 loco
1752 5595 1839 5631 ro-

260 5656 359 5705 cat,
384 5661 491 5695 non
528 5644 687 5695 Deum
721 5641 961 5700 Verbum.
984 5644 1072 5696 sed
1095 5642 1191 5695 Dei
1224 5643 1369 5695 Verbi
1398 5647 1462 5696 do
1482 5648 1699 5698 'trinam.
1734 5647 1840 5701 Ne-

258 5728 352 5779 que
370 5717 604 5781 enimea:
626 5712 754 5767 Sion
786 5713 934 5767 exivit
968 5713 1103 5767 Deus
1140 5712 1380 5781 Verbum,
1405 5717 1490 5768 sed
1514 5718 1566 5769 in
1597 5715 1723 5771 Sion
1746 5733 1837 5771 υε-

259 5784 468 5838 ritatem
497 5780 691 5837 docuit.

1865 4558 1917 4619 D

1934 3330 2020 3372 me
2044 3316 2239 3371 seriem
2261 3316 2425 3372 totius
2443 3314 2808 3371 altercationis
2828 3328 3110 3384 exponam.
3144 3314 3360 3370 Interim
3387 3330 3501 3371 ser—

1931 3411 2106 3465 monis
2128 3424 2343 3465 cursum
2374 3409 2443 3464 de
2472 3408 2577 3465 ﬁne
2601 3406 2854 3476 colligite,
2879 3416 2932 3461 et
2961 3423 3025 3462 ex
3064 3421 3130 3463 eo
3158 3407 3297 3478 quod
3323 3408 3498 3464 disce-

1931 3505 2080 3561 denti
2109 3505 2238 3561 mibi
2261 3508 2537 3576 praecepit,
2575 3516 2751 3562 utrum
2791 3506 2857 3560 ad
2887 3519 3142 3574 responsa
3184 3515 3357 3559 motus
3387 3503 3502 3558 fue-

1932 3596 2001 3650 rit
2024 3596 2305 3651 aestimate.
2334 3595 2501 3652 Jussit
2527 3610 2777 3665 namque,
2809 3605 2866 3649 ut
2891 3594 3241 3665 quodcunque
3260 3594 3328 3648 de
3354 3594 3500 3649 Scri-

1933 3688 2104 3757 pturis
2150 3688 2347 3744 nostris
2388 3687 2748 3742 testimonium
2794 3685 2861 3741 ad
2894 3687 3219 3755 interrogata
3264 3684 3501 3754 protule-

1934 3793 2069 3845 ram,
2095 3794 2191 3835 seu
2219 3780 2264 3835 si
2288 3780 2424 3833 forte
2450 3778 2771 3834 occurrisset
2793 3786 2847 3832 et
2867 3777 3033 3843 aliud,
3058 3777 3124 3830 ad
3152 3776 3357 3845 singula
3380 3788 3501 3844 qua:

1935 3880 2039 3926 tem
2051 3887 2177 3940 pore
2199 3870 2573 3927 collocutionis
2602 3880 2930 3938 aptaveram,
2957 3868 3244 3923 subnotata
3274 3868 3322 3922 ei
3362 3868 3506 3921 ordi-

1933 3973 2163 4031 nataque
2199 3961 2640 4017 transmitterem.
2683 3960 2835 4026 Quod
2874 3974 2993 4014 cum
3036 3958 3137 4013 sibi
3174 3974 3239 4014 ex
3277 3958 3504 4011 maxima

1936 4064 2087 4125 parte
2109 4053 2481 4123 pronuntiaret
2501 4052 2850 4121 incognitum,
2874 4050 3069 4117 adjecit
3096 4048 3406 4117 simpliciter
3426 4050 3505 4101 sic

1935 4145 2193 4214 scriptum
2221 4143 2490 4198 misissem
2521 4142 2672 4214 [forte
2695 4138 2924 4211 misisse]
2957 4138 3348 4203 sacerdotibus,
3399 4140 3506 4193 imo

1935 4237 2105 4305 magis
2129 4234 2525 4300 seductoribus,
2556 4240 2613 4287 ut
2634 4232 2805 4285 adhuc
2844 4232 3021 4285 verius
3067 4230 3307 4285 dicamus
3336 4239 3506 4284 secta-

1935 4326 2140 4380 toribus
2180 4325 2311 4378 suis.
2361 4322 2515 4379 Unde
2553 4321 2825 4391 conjirere
2866 4321 3036 4389 pietas
3076 4328 3253 4375 vestra
3294 4331 3504 4389 potest,

1934 4428 2234 4486 quanquam
2267 4419 2471 4470 intento
2514 4414 2928 4478 contradictori,
2973 4424 3151 4468 tamen
3182 4414 3385 4468 arbitro
3414 4430 3503 4469 sa-

1939 4506 2130 4576 pienti,
2159 4522 2262 4561 non
2313 4506 2541 4561 invalida
2572 4506 2653 4560 vel
2699 4506 2902 4575 absque
2929 4504 3129 4560 viribus
3177 4506 3289 4558 visa
3317 4507 3507 4574 quibus

1940 4600 2287 4655 intentionem
2328 4612 2573 4663 suorum,
2603 4597 2703 4653 etsi
2738 4613 2843 4652 non
2874 4604 3021 4666 optat
3058 4597 3273 4666 corrigi,
3299 4596 3508 4651 deside-

1941 4702 2023 4745 rat
2058 4690 2291 4761 fatigari.
2318 4691 2429 4760 Ego
2457 4700 2657 4754 autem,
2692 4690 2817 4744 licet
2852 4690 3044 4754 sciens,
3072 4697 3327 4758 quantum
3358 4700 3509 4759 pote-

1940 4784 2166 4840 statibus
2195 4783 2377 4838 divino
2416 4782 2816 4852 quoquejussu,
2856 4781 3162 4851 frequenter
3192 4790 3247 4837 et
3275 4784 3507 4853 regibus,

1941 4890 2040 4945 pro
2066 4875 2290 4930 veritate
2318 4889 2423 4927 non
2452 4874 2679 4939 ceditur,
2724 4881 2897 4925 utrum
2936 4887 3180 4941 parerem
3208 4872 3299 4927 diu
3321 4875 3512 4928 dubius

1942 4966 2246 5023 fluctuavi:
2285 4964 2488 5030 sciens,
2545 4970 2694 5019 certe
2739 4962 2967 5018 hominis
3010 4964 3245 5020 animum
3297 4966 3510 5031 timens,

2008 5225 2155 5283 1’llic
2187 5243 2323 5282 unus
2351 5238 2431 5282 est
2478 5243 2544 5283 ex
2581 5228 2686 5282 illis
2712 5227 2934 5297 d'alogis
2977 5236 3033 5282 et
3066 5227 3513 5282 collocutionihus

1936 5313 2070 5367 quas
2099 5315 2218 5353 cum
2244 5314 2372 5367 rege
2409 5299 2741 5352 Gllfldt)i):tdt)
2772 5300 3133 5362 frequentans
3167 5298 3233 5351 ab
3266 5303 3421 5351 Awto
3445 5314 3509 5351 ex

1939 5369 2207 5437 Agobardi
2250 5370 2427 5422 verbis
2464 5368 2768 5423 didicimus.
2800 5367 2839 5420 F
2865 5368 3025 5421 ebant
3059 5368 3139 5420 hze
3180 5384 3340 5436 porro
3372 5382 3509 5420 lltli‘C

1944 5454 2065 5493 Cum
2096 5454 2219 5507 rege
2262 5439 2395 5505 ipso,
2427 5454 2567 5491 nunc
2612 5438 2701 5490 illo
2734 5448 2996 5505 praesente
3026 5454 3145 5491 cum
3188 5441 3303 5507 ejus
3333 5450 3514 5488 sacer-

1943 5506 2399 5562 dotibus’Arianis
2423 5509 2706 5575 episcopis,
2741 5520 2789 5557 nt
2822 5506 2923 5560 hoc
2951 5510 3086 5560 loco.
3111 5508 3222 5573 Qua
3252 5506 3317 5558 de
3341 5521 3397 5557 re
3418 5520 3513 5557 au-

1945 5586 2051 5631 tem
2096 5579 2335 5631 instituta
2390 5577 2542 5630 fuerit
2586 5577 2701 5631 ικεο
2739 5577 3025 5645 disputabo
3068 5592 3172 5629 non
3225 5575 3511 5641 sgnificat.

1943 5648 2115 5701 Pauca
2165 5647 2309 5700 enim
2364 5645 2431 5700 de
2466 5648 2828 5701 contentionis
2872 5648 3017 5700 exitu
3062 5658 3515 5699 commemorasse

1941 5724 2249 5777 contentus,
2275 5716 2435 5770 toti‘is
2462 5717 2822 5771 altercationis
2848 5720 3038 5770 seriem
3061 5729 3259 5773 coram,
3296 5728 3416 5767 cum
3448 5717 3515 5771 ad

1942 5786 2065 5857 Sigi,
2089 5787 2341 5842 mundam
2371 5790 2593 5855 venerit,
2624 5789 2982 5859 expositurum
3010 5799 3068 5838 se
3093 5784 3369 5852 promittit.
