4024 6172
486 359 587 417 ‘159
1719 362 1774 417 S.

1818 360 1999 415 AVITI
2036 357 2443 417 ‘VIENNENSIS

3634 355 3735 411 ΞΜ

488 488 751 543 nunquam
796 486 878 527 me
919 488 1012 543 per
1045 472 1157 527 haec
1186 472 1605 537 satisfacturum,
1628 456 1736 527 'nec
1765 476 1944 527 minus
1986 472 2052 525 ab
2084 476 2131 534 Α
2160 473 2334 543 pendo
2367 471 2661 543 gratiarum
2692 478 2837 531 vota,
2875 483 2967 537 per
3012 483 3171 539 quem
3212 468 3279 524 ad
3310 483 3532 523 munera
3560 482 3739 538 perve-

488 579 547 621 eo
585 562 898 631 cavendum,
930 578 1087 632 quam
1132 563 1197 617 ab
1243 563 1416 629 hoste,
1461 564 1586 617 dum
1638 562 1863 618 adversa
1915 562 2057 615 acies

488 654 603 710 odia
628 654 826 723 privata
855 653 1059 720 publica
1081 652 1359 708 obsidione
1382 653 1697 708 circumdat.
1724 654 1792 705 At
1815 666 1921 721 quo
1948 650 2061 704 Deo

488 755 772 816 prmstante
803 745 1032 813 polletis,
1055 744 1277 813 fastigio
1317 746 1587 811 culminis,
1620 745 1799 800 studio
1843 743 2060 813 religio~

489 836 593 901 nis,
638 835 911 904 privilegio
952 835 1303 897 auctoritatis,
1335 836 1584 889 vallatam
1633 834 1797 888 muris
1844 834 2057 887 discor-

489 926 628 978 dant
671 924 1002 991 propul~ate;
1049 933 1103 977 et
1142 923 1366 977 furentia
1411 927 1462 977 in
1511 925 1723 987 castris,
1769 924 1914 977 velut
1965 935 2060 990 per

486 1029 703 1084 campos
748 1012 1059 1079 Emathias,
1094 1015 1210 1083 plus
1257 1031 1413 1084 quam
1461 1015 1638 1068 civilia
1672 1014 1811 1068 bella
1856 1014 2063 1081 disper-

488 1108 613 1173 gite.
642 1106 777 1173 Quia
804 1120 923 1158 cum
947 1104 1055 1174 jam
1079 1105 1275 1159 dudum
1306 1106 1472 1158 simus
1502 1105 1735 1170 pondere
1756 1104 2053 1172 duplicato,

490 1208 544 1252 et
569 1199 889 1251 clamantum
916 1196 1270 1265 querimonia,
1296 1204 1349 1249 et
1381 1212 1486 1249 non
1509 1195 1834 1249 audientium
1866 1192 2063 1247 duritia

493 1288 729 1357 fatigati;
775 1302 985 1355 aequum
1026 1297 1131 1350 est,
1174 1288 1218 1341 si
1250 1288 1562 1356 dignamini,
1598 1295 1826 1339 vestram
1856 1299 2065 1353 quoque

493 1381 860 1443 severitatem,
887 1379 1112 1431 aut'illic
1140 1380 1460 1449 castigandis
1506 1377 1807 1442 consulere,
1854 1384 1945 1429 aut
1981 1375 2066 1428 hic

492 1471 931 1527 erubescentibus
959 1470 1265 1523 condidi-re.

1018 1559 1338 1613 EPISTULA
1381 1559 1542 1613 XXII.

664 1663 859 1705 unus
890 1663 1192 1702 VIENNENSIS
1224 1663 1498 1701 FPISCOPUS
1523 1657 1548 1685 α
1579 1662 1883 1701 Amulium

1075 1733 1487 1772 ILLUSTRISSIHO.

2164 572 2376 628 nerunt,
2421 578 2527 617 non
2558 562 2872 631 quantitatis
2901 562 3107 630 pretiis,
3157 560 3253 616 sed
3296 560 3482 614 salutis
3510 562 3741 627 praemiis

2163 655 2517 710 astimantla.
2542 653 2768 708 Ditastis
2799 667 3027 719 namque
3070 651 3506 705 sanctificationis
3549 651 3740 718 Opibus

2167 745 2474 815 pauperiem
2506 743 2652 797 orbis
2672 742 2919 810 extremi,
2947 751 3002 797 et
3026 742 3406 797 obscuritatem
3439 741 3569 795 solis
3597 741 3740 795 occi-

2164 836 2255 892 dui
2294 836 2611 905 participato
2638 834 2916 888 nobiseum
2950 833 3131 902 fulgidi
3167 841 3315 886 ortus
3344 832 3545 885 lumine
3568 832 3741 884 conti-

2166 927 2337 995 gistis.
2371 924 2548 979 Tersit
2572 938 2601 978 a
2635 924 2925 992 provinciis
2954 922 3153 977 nostris
3179 922 3443 991 torpentis
3466 923 3741 991 religionis

2166 1018 2463 1087 rubiginem
2493 1015 2706 1071 claritas
2730 1014 2854 1069 doni
2888 1032 2902 1067 :
2934 1029 3052 1082 qua:
3085 1013 3209 1067 boni
3228 1026 3443 1081 semper
3471 1014 3740 1067 currentis

2167 1110 2394 1178 irriguo,
2422 1105 2579 1161 fidem
2604 1118 2838 1161 nosuam
2861 1104 3310 1172 contemplatione
3336 1114 3613 1157 munerata
3634 1114 3736 1171 est,

2167 1213 2286 1253 cum
2329 1198 2608 1267 patefactis
2652 1211 2681 1250 a
2730 1197 2927 1265 pietate
2953 1205 3127 1250 vestra
3175 1196 3534 1263 penetralibus
3578 1198 3742 1253 coale-

2167 1290 2325 1345 stium
2343 1289 2736 1351 thesaurorum,
2767 1285 3023 1356 quidquid
3063 1285 3309 1340 catholici
3336 1287 3559 1341 credere
3584 1288 3741 1355 jube-

2168 1396 2290 1435 mur
2310 1381 2658 1450 inspeximus.
2684 1378 2843 1432 Orate
2868 1377 3006 1446 quod
3035 1385 3301 1445 superest,
3336 1386 3392 1429 ut
3422 1377 3595 1446 dignis
3618 1379 3740 1433 talia

2171 1471 2469 1526 miseritis:
2503 1469 2876 1525 commendate
2926 1482 3023 1522 nos
3068 1468 3358 1538 mysteriis,
3416 1484 3535 1537 qua:
3592 1472 3745 1524 nobs

2170 1564 2507 1618 committere
2547 1561 2799 1617 duxistis.
2834 1558 3153 1614 Edificetur
3184 1559 3265 1613 his
3295 1558 3508 1611 devotio
3538 1567 3742 1623 nostra,

2172 1656 2317 1725 regio
2340 1653 2657 1709 defendatur
2690 1670 2703 1704 :
2738 1659 2796 1705 ut
2831 1650 3035 1704 indulto
3064 1649 3217 1704 nobis
3238 1649 3459 1719 pignore
3497 1650 3739 1713 salutari,

2170 1760 2303 1816 quos
2353 1743 2623 1799 terrestris
2672 1741 3060 1810 Hierosolymae
3117 1754 3219 1794 non
3278 1742 3557 1794 censuistis
3606 1740 3743 1793 indi-

570 1827 721 1882 Fecit
748 1827 918 1898 pietas
956 1838 1130 1883 vestra
1162 1843 1276 1882 rem
1316 1829 1620 1894 sollicitam,
1655 1828 2064 1882 sollicitudinem
2097 1826 2145 1887 B
2170 1851 2325 1907 gnos,
2363 1848 2609 1905 superna:
2658 1848 2691 1889 a
2732 1831 2969 1888 cwlestis
3014 1830 3316 1887 habitacula
3354 1832 3587 1886 reddatis
3629 1832 3744 1887 ido-

496 1928 603 1974 tam
645 1919 965 1989 porrigendo
1010 1921 1078 1974 de
1123 1920 1299 1986 nobis,
1331 1935 1489 1989 quam
1530 1921 1597 1975 de
1639 1920 1790 1975 vobis
1826 1930 2066 1974 nostram

497 2010 786 2065 credendo.
817 2010 949 2063 Nam
970 2025 1155 2064 revera
1189 2012 1373 2065 nuntio
1410 2010 1573 2066 vestri
1611 2011 1880 2067 discessus
1918 2026 2071 2065 acce-

499 2111 609 2168 pto,
636 2102 687 2153 in
713 2113 922 2154 summo
943 2111 1087 2155 metu
1118 2102 1473 2171 trepidatione
1512 2103 1921 2170 perpendimus:
1950 2106 2071 2170 quia

499 2190 653 2246 nobis
699 2190 927 2247 diversis
981 2190 1181 2246 nuntiis
1222 2191 1531 2258 dicebatur,
1588 2206 1684 2246 vos
1733 2192 2069 2246 dominorum

497 2285 687 2353 quibus
724 2284 1026 2338 observatis
1070 2285 1263 2347 accitu,
1300 2294 1525 2337 cunctos
1557 2284 1755 2351 pariter
1801 2292 2069 2338 cruentos.

498 2377 651 2432 Unde
682 2374 909 2430 faciebat
935 2375 1037 2429 hoc
1066 2390 1305 2429 meorum
1344 2376 1671 2429 conscientia
1703 2385 2067 2443 peccatorum,

499 2477 556 2521 ut
580 2477 835 2535 quantum
879 2465 1011 2520 mihi
1047 2468 1328 2536 pauciores
1376 2475 1763 2529 remanserant,
1797 2475 1943 2521 tanto
1988 2466 2070 2519 in-

501 2558 794 2625 telligerent
834 2557 1234 2611 remanentibus
1277 2556 1396 2626 plus
1431 2556 1749 2611 timendum.
1801 2556 1907 2611 Sed
1961 2556 2073 2610 Deo

497 2652 712 2722 gratias,
767 2652 854 2717 qui
899 2664 1160 2719 prospero
1219 2650 1417 2715 reditu,
1464 2652 1517 2704 in
1560 2650 1794 2703 laetitiam
1835 2658 2068 2709 vestros,

498 2758 701 2812 vosque
740 2742 1010 2796 revocavit
1046 2742 1099 2796 in
1139 2743 1383 2811 patriam.
1408 2741 1597 2796 Servet
1636 2741 1882 2797 Christus
1911 2740 2071 2805 hanc,

498 2835 641 2905 quod
682 2841 950 2905 superest,
996 2833 1276 2888 desideriis
1324 2833 1695 2889 communibus
1749 2834 2070 2899 libertatem,

498 2937 556 2983 ut
584 2927 737 2982 nobis
775 2934 833 2982 et
858 2927 1125 2981 consolari
1176 2927 1474 2982 absentiam
1519 2935 1749 2983 vestram
1789 2927 1862 2984 sit
1902 2930 2073 2996 possi-

498 3019 626 3086 bile,
651 3028 705 3074 et
725 3018 791 3073 ad
821 3020 1159 3088 praesentiam
1191 3019 1489 3087 pervenire.

1012 3108 1336 3165 EPISTOLA
1377 3108 1567 3163 XXIII.

2174 1941 2325 1982 IIBUS.

2666 2012 2998 2070 EPISTULA
3036 2012 3226 2068 XXIV.

2234 2122 2744 2166 AVITUS'YIENNRNSIS
2768 2122 3037 2162 EPISCOPUS
3063 2117 3086 2146 ο
3115 2121 3384 2162 περιμηο
3402 2121 3680 2163 ‘EPISCOPO.

2243 2202 2543 2270 Quamlibet
2568 2202 2782 2256 attentis
2821 2202 3041 2255 cultura:
3083 2200 3366 2254 dominica:
3399 2200 3634 2264 famulis,
3666 2200 3748 2254 in-

2175 2305 2258 2352 ter
2284 2296 2492 2349 assidua
2524 2292 2796 2363 plantandi
2824 2290 3021 2356 studia,
3053 2304 3267 2360 semper
3295 2292 3454 2344 etiam
3479 2306 3596 2358 quae
3621 2305 3747 2343 suc-

2173 2388 2277 2445 cidi
2310 2387 2556 2456 expediat
2594 2384 2859 2438 oriuntur.
2896 2384 3036 2451 Ergo
3075 2382 3382 2452 perjugibus
3429 2381 3745 2435 sollicitudi-

2174 2478 2256 2532 nis
2282 2486 2475 2532 vestrte
2500 2474 2691 2529 studiis
2717 2473 3232 2543 opportunissimum
3265 2472 3345 2525 his
3374 2473 3627 2538 O[.8I‘II)US
3654 2486 3746 2524 ac-

2172 2568 2447 2640 quirendm
2474 2568 2661 2622 salutis
2692 2565 2845 2621 fenus
2891 2565 3171 2620 accrescit.
3212 2564 3318 2620 Sed
3345 2563 3369 2601 ἀ
3395 2565 3532 2619 inter
3561 2564 3747 2619 lolium

2174 2661 2356 2716 Ariani
2396 2659 2674 2728 germinis,
2722 2671 3005 2712 numerosa
3053 2657 3195 2727 quod
3244 2657 3392 2727 pejus
3435 2667 3519 2712 est
3561 2672 3749 2711 corru-

2175 2750 2355 2822 ptione
2382 2748 2653 2812 diffusum,
2695 2746 2961 2815 conjicere
3012 2760 3239 2815 nequeo,
3266 2747 3406 2800 unde
3436 2761 3556 2801 sese
3580 2746 3747 2801 facies

2175 2842 2396 2897 seminis
2425 2840 2648 2904 inimici,
2691 2854 2798 2892 non
2838 2837 3052 2905 quidem
3100 2851 3258 2905 nova,
3305 2838 3397 2891 sel
3429 2839 3561 2891 satis
3595 2853 3740 2905 rara,

2177 2934 2577 2996 monstraverit,
2605 2929 2724 3000 quis
2754 2930 3106 2983 transmarina
3148 2929 3392 2998 contagia
3425 2929 3536 2983 orbi
3581 2930 3747 2983 nitido

2177 3034 2372 3077 ventus
2402 3020 2656 3076 attulerit.
2690 3018 2796 3074 Sed
2822 3019 2930 3073 Deo
2955 3019 3423 3088 gubernantevos,
3450 3018 3595 3071 nullo
3618 3019 3669 3071 fu
3697 3029 3746 3072 ta

2177 3114 2455 3180 solamine,
2486 3127 2671 3180 parum
2703 3111 2847 3166 labes
2876 3111 2975 3164 ista
2996 3111 3284 3164 metuenda
3310 3120 3411 3164 est.
3441 3109 3553 3164 Non
3590 3111 3749 3165 habet

498 3218 684 3259 unus
711 3218 1016 3258 VIENNENSIS
1056 3200 1532 3256 cpiscopusbeam
1562 3215 2069 3259 HIEROSOLYIII'I'ANO.
2100 3183 2145 3246 Ο
2176 3206 2242 3261 de
2265 3204 2603 3259 multitudine
2634 3210 2921 3269 tempestas
2945 3201 3262 3270 profectum,
3296 3217 3394 3257 nec
3427 3204 3600 3256 tennis
3624 3219 3747 3272 per-

569 3294 803 3347 Exercet
830 3294 1160 3362 apostolatus
1186 3301 1364 3347 vester
1390 3306 1683 3347 concessos
1710 3308 1741 3346 a
1781 3293 2070 3347 Divinitate

498 3386 775 3453 primatus,
824 3392 881 3439 et
924 3384 1064 3454 quod
1117 3385 1408 3453 principem
1460 3385 1634 3438 locum
1678 3384 1730 3437 in
1780 3386 2070 3439 universali

501 3476 743 3529 Ecclesia
785 3484 985 3537 teneat.
1027 3490 1129 3529 non
1172 3475 1464 3544 privilegiis
1503 3476 1673 3529 solum
1706 3475 1883 3531 studet
1912 3491 2068 3531 mon-

499 3575 692 3629 strare,
724 3564 816 3619 sed
839 3565 1060 3618 meritis.
1092 3566 1256 3618 Ornat
1285 3566 1484 3633 pariter
1511 3565 1678 3635 legem
1712 3575 1945 3620 nostram
1968 3582 2067 3622 ca-

500 3658 686 3711 thedra
718 3669 912 3724 vestra,
941 3658 1356 3728 cathedramque
1398 3674 1642 3728 persona.
1679 3660 1830 3716 Unde
1856 3662 2061 3731 obliga-

500 3757 585 3804 tus
606 3749 896 3818 dignationi
926 3759 1116 3805 vestra:
1144 3752 1324 3807 debito
1351 3753 1627 3822 largitatis,
1658 3768 1752 3823 per
1772 3753 1945 3825 ipsum
1978 3756 2069 3810 de-

572 3890 598 3919 ι
622 3878 1038 3954 Huicjungenda
1064 3888 1163 3954 est
1189 3881 1343 3951 epist.
1374 3881 1443 3936 44
1472 3882 1537 3937 ad
1573 3882 1839 3951 eumdem,
1867 3893 1925 3939 ut
1952 3886 2067 3954 opi-

499 3966 618 4013 nor,
658 3950 1015 4022 Apollinarem
1059 3950 1265 4005 Sidonii
1305 3954 1468 4022 lilium
1500 3956 1713 4022 scripta,
1749 3958 1956 4009 tametsi
1988 3950 2069 4010 vir

500 4021 719 4075 illustris
753 4021 806 4072 in
838 4033 902 4073 ea
932 4029 1283 4088 nuncupetur,
1314 4021 1367 4075 in
1400 4022 1497 4076 hac
1529 4023 1939 4079 illustrissimus.
1970 4026 2069 4080 Pa-

500 4092 689 4144 rebant
728 4101 907 4163 autem
933 4090 1315 4163 Arvernidhoc
1345 4100 1582 4160 tempore
1610 4093 1942 4163 Wisigothis,
1976 4111 2070 4149 eo-

502 4175 725 4233 rumque
754 4160 860 4233 rcgl
883 4159 1115 4228 Alarico,
1142 4161 1250 4233 filio
1275 4159 1473 4233 Eurici,
1504 4164 1589 4217 cui
1610 4159 1775 4218 dediti
1805 4179 1833 4217 a
1864 4163 2067 4233 Nepote

501 4228 738 4302 Augusto
769 4229 986 4302 fuerant
1007 4245 1071 4284 ex
1104 4232 1325 4302 lgdere.
1358 4230 1566 4285 Domini
1598 4248 1725 4300 ergo
1753 4228 1958 4302 quibus
1973 4236 2070 4289 ob-

502 4298 944 4372 servabant,_hoc_
976 4300 1091 4353 loco
1121 4300 1422 4372 Wisigotlii,
1461 4317 1556 4370 pro
1583 4298 1783 4371 quibus
1805 4314 1859 4358 et
1889 4303 1941 4357 in
1973 4319 2069 4372 pu-

501 4382 600 4436 gna
620 4368 969 4439 VVOCIIIdellSI,
1002 4384 1123 4422 cum
1151 4385 1180 4422 a
1208 4368 1475 4425 Clodoveo
1499 4368 1668 4424 cies—us
1691 4384 1773 4426 est
1798 4368 2066 4439 Maricas,

503 4438 787 4511 dimicasse
808 4452 925 4491 cum
942 4438 1203 4511 Arvernis
1228 4441 1336 4511 suis
1360 4439 1549 4494 ducem
1576 4442 1960 4511 Apollinarem,
1993 4438 2068 4499 te-

502 4510 598 4560 stis
625 4517 708 4561 est
732 4508 1019 4574 Gregorius
1043 4507 1388 4563 Turonensis.

576 4576 600 4614 δ
627 4577 820 4650 Ilelite,
846 4577 934 4650 qui
959 4577 1116 4629 lElize
1142 4577 1287 4633 urbis
1315 4577 1537 4632 antistes
1567 4578 1740 4633 dictus
1766 4580 1816 4634 in
1846 4581 2067 4650 epistola

2179 3297 2288 3352 ficit
2329 3310 2457 3349 aura
2498 3292 2851 3361 naufragium.
2910 3291 3171 3359 Quocirca
3220 3292 3615 3347 Donatistarum
3663 3308 3752 3346 no-

2175 3403 2320 3453 men,
2368 3402 2436 3441 ne
2479 3385 2570 3440 ditt
2614 3389 2667 3438 in
2693 3385 2813 3439 loco
2858 3384 3041 3439 vivere
3083 3383 3250 3451 possit
3292 3383 3489 3446 alieno,
3528 3383 3752 3438 benedi-

2173 3479 2349 3533 ctione
2372 3478 2612 3545 protinus
2632 3473 2855 3542 sepelite
2876 3474 3042 3527 vitali.
3069 3474 3125 3526 In
3149 3472 3265 3543 ipso
3290 3471 3490 3525 fomitis
3515 3473 3598 3527 sui
3627 3482 3749 3526 ortu

2176 3568 2560 3640 peregrinantis
2581 3566 2793 3636 igniculi
2826 3565 3074 3634 frigescat
3098 3565 3425 3621 incendium.
3453 3565 3527 3620 De
3555 3580 3661 3635 quo
3685 3580 3753 3619 ne

2172 3661 2255 3715 vel
2298 3659 2452 3713 fama:
2480 3656 2657 3711 fumus
2691 3671 2873 3710 narem
2906 3655 3091 3709 Gallia:
3138 3657 3436 3709 innocentis
3480 3664 3753 3724 aspergat,

2175 3762 2200 3791 ο
2233 3762 2417 3805 manus
2440 3746 2829 3816 impositionem
2870 3760 3109 3813 personis
3136 3747 3203 3800 de
3235 3761 3334 3814 qua
3362 3747 3575 3814 scriptis
3606 3747 3757 3800 adhi.

2169 3885 2348 3941 censis
2375 3883 2467 3937 lib.
2494 3897 2553 3946 ιι,
2585 3883 2743 3953 epist.
2774 3881 2865 3945 5i,
2901 3882 3001 3936 etsi
3026 3881 3262 3951 episcOpi
3292 3897 3487 3937 nomen
3518 3884 3569 3936 iu
3596 3884 3751 3939 titulo

2169 3966 2252 4011 est
2277 3967 2556 4006 omissum.
3376 3972 3379 3975 ‹

2239 4025 2263 4061 ά
2292 4025 2607 4078 Arianorum
2642 4021 2885 4075 haeresim
2916 4021 2997 4075 his
3030 4022 3358 4088 temporibus
3387 4023 3441 4076 in
3470 4022 3642 4078 Gallia
3671 4024 3749 4077 fo-

2170 4095 2365 4149 vebant
2391 4090 2674 4158 Wisigothi
2704 4100 2762 4144 et
2806 4091 3231 4158 Burgundiones,
3265 4094 3477 4159 utrique
3526 4110 3589 4146 ea
3626 4094 3748 4147 labe

2171 4164 2375 4219 infecti.
2424 4162 2572 4216 Unde
2610 4171 2665 4215 et
2706 4162 2861 4214 Avito
2890 4163 3081 4215 crebra
3131 4177 3250 4215 cum
3290 4162 3503 4217 Arianis
3539 4163 3606 4217 de
3646 4162 3751 4216 fide

2170 4234 2483 4296 certamina,
2517 4240 2570 4284 et
2604 4232 2721 4284 libri
2771 4241 2955 4284 contra
2998 4232 3225 4286 Ariauos
3261 4233 3327 4286 ab
3357 4235 3548 4288 eodem
3595 4234 3749 4288 editi.

2171 4305 2237 4357 At
2265 4303 2655 4357 Donatistarum
2686 4314 2879 4355 nomen
2903 4302 3058 4354 unius
3083 4301 3194 4355 fere
3228 4303 3414 4356 Africae
3446 4306 3497 4356 iu
3526 4318 3629 4370 qua
3659 4319 3753 4354 na-

2172 4383 2281 4427 tum
2306 4383 2440 4434 erat,
2468 4370 2661 4424 finibus
2680 4385 2738 4423 se
2766 4371 3045 4432 continuit.
3072 4381 3124 4424 et
3148 4374 3233 4424 vix
3266 4388 3494 4435 unquam
3519 4374 3584 4425 ad
3613 4375 3751 4425 alias

2169 4454 2355 4512 gentes
2385 4443 2640 4510 pervasit,
2687 4442 2731 4495 si
2762 4440 2985 4495 Romam
3014 4440 3272 4510 excipias,
3308 4442 3393 4496 ubi
3438 4443 3751 4496 Montenses

2169 4513 2518 4567 voeabautur.

2246 4592 2268 4619 ι’
2292 4580 2575 4635 Conversis
2602 4579 2667 4633 ab
2696 4579 2886 4634 hmresi
2912 4594 3099 4633 manus
3122 4581 3514 4649 imponebatur.
3546 4591 3603 4633 ut
3627 4581 3751 4645 Spi-

505 4647 591 4718 I8.
617 4630 825 4718 Gratias
849 4630 968 4718 huic
991 4650 1099 4718 agit
1119 4661 1215 4718 pro
1242 4630 2067 4718 accepto,muiiiere‘q—u—odrsupe:
2101 4630 2145 4689 ί)
2175 4630 3751 4717 τῑιυιῆνέὶιιῖόῐιιῖή

505 4716 735 4769 rioribus
778 4714 971 4769 litteris
999 4716 1266 4769 ambiebat
1298 4733 1310 4768 :
1347 4730 1441 4784 pro
1471 4731 1638 4771 sacras
1670 4714 1915 4773 nimirum
1940 4714 2065 4775 cru-

504 4787 580 4837 cis
607 4784 1029 4857 particulalnon
1054 4787 1302 4857 _mole,_ut
1332 4786 1535 4857 Inquit,
1556 4788 1649 4841 sed
1674 4789 1860 4842 salutis
1891 4793 2061 4857 pretio

505 4853 835 4925 aestimanda.
864 4853 955 4925 Sic
974 4854 1123 4925 enim
1146 4864 1198 4908 et
1223 4854 1472 4925 Paulinus
1497 4856 1728 4910 Nolanus
1747 4853 1970 4925 epistola
2003 4860 2063 4914 I5

504 4922 720 4996 cumvlo
740 4924 913 4996 crucis
938 4922 1175 4992 ejusdem
1208 4924 1464 4996 particula
1492 4940 1652 4993 quam
1682 4922 2065 4996 Hierosolymis

508 5009 600 5057 ρεσπ-
624 4992 902 5064 Melaniam
931 5003 1230 5063 acceperat,
1269 4992 1534 5048 modicum
1579 4992 2064 5064 segmentum—mit—

508 5071 641 5117 teret
660 5062 726 5135 ad
752 5063 1009 5135 Severum
1037 5073 1091 5118 et
1116 5064 1386 5135 Bassulam
1413 5080 1426 5117 :
1458 5062 1702 5132 Accipite,
1728 5067 1921 5135 inquit,
1956 5084 2064 5120 ma-

506 5147 658 5203 gnum
688 5134 739 5203 in
764 5133 960 5185 modico
981 5149 1183 5196 munus,
1213 5142 1261 5187 et
1285 5134 1337 5186 in
1360 5144 1613 5203 segmento
1645 5151 1769 5198 pene
1783 5133 1951 5190 atomo
1968 5137 2063 5189 Ita-

505 5200 655 5254 stnla:
682 5202 1072 5276 brev_is,_sumite
1100 5200 1461 5257 munimentum
1500 5205 1761 5274 praesentis
1792 5215 1842 5259 et
1881 5208 2064 5276 pignus

505 5282 705 5326 (eterna:
725 5270 924 5324 salutis.

582 5352 603 5380 ε
636 5341 992 5410 Lugdunensi,
1015 5342 1125 5410 qui,
1156 5351 1214 5395 ut
1233 5341 1463 5410 antiqua:
1492 5342 1682 5397 tabulae
1711 5343 1927 5409 docent,
1959 5344 2067 5399 Ru-

506 5412 660 5466 sticio
689 5414 940 5482 episcopo
968 5414 1245 5472 successit.
1269 5427 1733 5482 successoremque
1764 5414 1945 5467 habuit
1978 5416 2065 5468 Vi-

507 5482 817 5552 ventiolum.
861 5481 1143 5549 Lupicinus
1183 5482 1344 5547 enim,
1375 5483 1464 5551 qui
1498 5481 1771 5552 Stephano
1808 5486 1994 5552 subjici
2033 5498 2063 5537 a

510 5550 891 5605 recentioribus
917 5552 1073 5617 solet,
1101 5561 1223 5605 ante
1254 5550 1542 5607 Rusricium
1571 5550 1623 5607 in
1653 5554 1841 5608 iisdem
1869 5550 2011 5609 tabnl
2033 5570 2061 5608 s

511 5630 627 5688 post
660 5620 953 5674 Patientem
995 5623 1283 5677 collocatur
1334 5622 1417 5691 Ad
1454 5624 1779 5691 Stephanum
1812 5626 1970 5689 hunc,
2004 5634 2060 5677 ut

510 5691 639 5743 alias
665 5692 865 5758 monui,
904 5693 1098 5758 scripta
1141 5699 1313 5744 exstat
1340 5690 1561 5757 epistola
1590 5694 1812 5745 Ennodii
1854 5696 1942 5747 lib.
1978 5709 2056 5755 Ill,

515 5760 597 5811 t7.
635 5758 818 5815 Eidem
846 5762 1029 5817 scribit
1074 5762 1219 5825 item,
1261 5764 1311 5815 ni
1341 5761 1513 5826 fallor,
1547 5760 1789 5817 Ruricius
1820 5763 2061 5818 Lemovi-

2173 4737 2297 4785 pere
2321 4735 2426 4773 non
2455 4729 2759 4787 potuerant.
2792 4717 3088 4773 Concilium
3123 4720 3435 4774 Arelatense
3467 4736 3502 4782 ι,
3530 4735 3658 4774 can.
3683 4724 3746 4774 8:

2172 4790 2233 4845 Si
2254 4792 2319 4842 ad
2355 4788 2637 4841 Ecclesium
2665 4789 2850 4857 aliquis
2887 4789 2949 4842 de
2981 4790 3163 4842 heresi
3194 4792 3401 4855 venerit,
3435 4800 3480 4843 ct
3507 4792 3749 4857 pervide-

2168 4861 2271 4912 rint
2299 4875 2412 4913 eum
2428 4860 2486 4911 in
2516 4858 2667 4912 Patre
2693 4869 2739 4911 et
2752 4855 2809 4909 ‘F
2812 4859 2901 4911 ilio
2922 4870 2968 4911 et
3008 4858 3206 4927 Spiritu
3235 4870 3412 4912 sancto
3439 4855 3546 4911 esse
3580 4860 3748 4927 bapti-

2170 4940 2357 4989 zatum,
2383 4944 2559 4981 manus
2582 4929 2626 4980 ei
2666 4938 2857 4980 tantum
2893 4929 3205 4998 imponatur,
3236 4940 3291 4980 ut
3317 4929 3538 4998 accipiat
3568 4930 3747 4993 Spiri-

2171 5009 2277 5053 tum
2319 5009 2571 5051 sanctum.
2605 4998 2712 5050 Leo
2744 4997 2973 5065 Magnus
2998 4998 3064 5050 ad
3106 4998 3379 5052 Rusticum
3426 4997 3746 5051 Narbonen-

2171 5084 2282 5123 sem
2306 5067 2501 5137 iuqnis.
2533 5068 2598 5137 18
2626 5067 2691 5120 de
2727 5069 2791 5121 iis
2817 5068 2903 5135 qui
2937 5069 3145 5136 parvuli
3177 5068 3245 5121 ab
3275 5068 3541 5121 haereticis
3573 5068 3747 5130 bapti-

2172 5140 2273 5190 zati
2321 5136 2444 5190 sunt
2488 5155 2500 5188 :
2551 5136 2918 5203 licbaptizaudi
2969 5154 3068 5189 non
3110 5146 3249 5201 sunt,
3296 5141 3383 5191 sed
3430 5154 3517 5203 per
3562 5154 3746 5189 manus

2170 5208 2557 5276 impositionem,
2590 5209 2817 5259 invocata
2838 5208 3019 5259 virfute
3051 5207 3277 5270 Spiritus
3300 5208 3481 5269 sancti,
3512 5224 3659 5273 quem
3680 5206 3743 5257 ab

2170 5276 2419 5329 hiereticis
2448 5292 2675 5344 accipere
2707 5293 2807 5330 non
2843 5287 3134 5346 potuerunt,
3170 5277 3432 5330 catholicis
3459 5278 3612 5342 caput
3633 5277 3741 5328 indi

2169 5355 2307 5399 sunt.
2335 5347 2473 5399 Idem
2501 5349 2565 5397 ad
2599 5346 2835 5399 Nicetam
2863 5347 3258 5411 Aquileiensem
3288 5362 3407 5413 cap.
3431 5348 3462 5400 7
3490 5364 3504 5399 :
3536 5347 3636 5408 Qui
3663 5346 3749 5397 ba—

2169 5424 2408 5484 ptism'tm
2436 5417 2499 5466 ab
2525 5416 2772 5469 Itwrcticis
2806 5425 3127 5482 acceperunt,
3158 5417 3266 5467 sola
3289 5417 3606 5469 invocatione
3627 5430 3749 5468 san-

2169 5486 2235 5537 cti
2283 5486 2507 5555 Spiritus
2552 5503 2639 5554 per
2688 5486 3062 5554 impositionem
3104 5501 3349 5539 manuum
3406 5484 3748 5554 confirmandi

2167 5564 2304 5614 sunt,
2339 5565 2389 5606 ut
2412 5556 2548 5622 quod
2572 5556 2632 5607 ab
2650 5556 2901 5608 hwreticis
2924 5572 3066 5608 nemo
3086 5558 3291 5625 accipit,
3316 5572 3347 5607 α
3376 5556 3640 5609 catholicis
3664 5570 3750 5605 sa-

2168 5626 2455 5676 cerdotibus
2491 5634 2830 5693 consequatur
2856 5640 2873 5676 :
2906 5627 3027 5692 quia
3058 5626 3288 5693 Spiritus
3318 5637 3553 5688 sanctus,
3579 5632 3637 5676 ut
3659 5632 3749 5675 est

2167 5694 2305 5760 apud
2337 5694 2684 5762 Augustinum
2725 5695 2817 5747 lib.
2850 5709 2903 5746 nt
2934 5696 3000 5747 de
3033 5694 3304 5763 Baptismo
3348 5705 3532 5748 contra
3572 5694 3753 5744 Dona-

2168 5766 2339 5827 tistas,
2366 5778 2485 5831 cap.
2523 5765 2609 5829 16,
2637 5766 2687 5818 in
2719 5766 2828 5817 sola
2858 5766 3128 5820 catholica
3162 5780 3259 5834 per
3303 5779 3493 5819 manus
3522 5764 3753 5827 impost-
