4046 6170
285 295 384 351 2H

1610 293 1939 350 EPISTOIA
1984 293 2171 350 XXVI.

3470 294 3568 353 εις

289 412 431 475 Irete,
485 406 766 463 interdicta
808 406 1041 461 nominis
1077 406 1245 477 ipsius
1275 406 1327 461 in
1376 416 1671 477 posterum,
1724 407 1766 460 si
1813 421 1875 460 ev
1910 412 1952 465 Α
1988 406 2317 460 conﬁrmari.
2350 406 2549 461 Tamen
2584 406 2744 460 homo
2768 405 2971 465 ordinis
2997 407 3122 471 mei,
3146 422 3304 476 quem
3336 426 3433 464 nec
3464 411 3567 465 falti

289 503 449 558 corde
473 502 832 569 convertitur,
859 502 1129 555 mentione
1160 519 1171 553 :
1205 509 1231 537 ⁸
1254 515 1412 570 quam
1442 509 1677 563 Constat,
1710 501 1753 553 si
1790 515 1876 552 re-

289 608 413 647 Vera
456 593 508 645 in
553 606 713 659 supra
764 590 889 644 dicti
942 591 1253 647 schismatis
1297 591 1634 660 professione
1662 601 1885 646 versata.

292 695 391 749 est,
428 681 457 721 1³
485 699 605 737 cum
644 682 947 736 ministerio
989 682 1325 751 baptismatis
1372 682 1532 736 etiam
1581 683 1875 737 chrismate

292 777 681 844 cotrsiguatam.
712 774 825 829 Hoc
851 783 998 829 certe
1020 788 1115 828 eos
1145 774 1197 827 in
1228 774 1449 843 regione
1470 773 1556 827 illa
1586 773 1876 829 observare

294 866 630 923 manifestum
676 875 782 920 est.
832 864 884 918 In
926 879 1029 933 qua
1079 866 1308 934 primum
1360 865 1501 919 Deus
1544 865 1770 928 tribuat,
1820 872 1877 917 ιιι

295 964 597 1028 quicunque
641 960 799 1027 hujus
847 959 1048 1014 erroris
1098 959 1298 1013 fuerint
1350 960 1729 1028 corrigantur:
1764 968 1873 1013 tum

292 1054 484 1108 deinde
512 1069 542 1107 a
568 1053 724 1107 nobis
765 1062 871 1106 tam
917 1060 1062 1106 secta
1095 1051 1329 1106 distante
1355 1067 1511 1120 quam
1545 1052 1736 1119 patria,
1764 1053 1873 1118 jam

293 1147 358 1201 ad
391 1156 594 1214 partem
643 1153 907 1210 nostram,
952 1143 1044 1214 qui
1084 1143 1326 1199 salvandi
1368 1144 1664 1209 noluerint,
1704 1159 1872 1214 agno-

296 1254 365 1294 sci
385 1238 473 1292 udi
501 1237 730 1292 transire
760 1252 864 1290 non
899 1237 1126 1303 possint.

795 1325 1131 1382 EPISTULA
1186 1325 1351 1380 XXV.

294 1433 475 1474 unus
499 1419 801 1473 vtenxessis
830 1433 1107 1472 ertscorus
1165 1427 1185 1455 ο
1235 1432 1548 1471 Αῐιιιιιικιιιι
1600 1432 1872 1475 EPISCOPO.

360 1510 583 1575 iubetis,
615 1518 670 1564 et
698 1510 807 1563 voti
836 1517 948 1572 est,
998 1517 1059 1562 ut
1087 1508 1317 1563 cultibus
1370 1510 1524 1563 novis
1570 1510 1874 1578 pariterque

297 1601 564 1655 consuetis
592 1600 785 1655 studiis
809 1600 1037 1670 geminae
1068 1599 1422 1656 dedicationis
1449 1615 1747 1655 occurram.
1766 1601 1871 1657 Sed

296 1709 478 1748 vereor
504 1710 570 1748 ne
593 1709 690 1747 nos
723 1694 822 1748 hoc
854 1703 1053 1757 teneat,
1073 1693 1211 1762 quod
1244 1701 1537 1763 potestates
1562 1693 1764 1748 diutius
1789 1704 1869 1749 te-

1986 513 2085 551 nec
2117 498 2305 553 fallere
2329 499 2504 563 decet,
2537 499 2840 552 crediturus
2862 499 3133 553 catholico
3159 502 3419 569 senatori,
3464 520 3568 558 non

1981 589 2047 643 ad
2080 590 2182 642 ltnc
2212 590 2390 644 solum
2423 605 2649 646 securus
2680 590 2903 659 incipiat
2934 591 3085 660 ﬁeri,
3118 603 3173 646 ut
3207 594 3452 648 incautus
3482 609 3571 647 va-

1983 684 2095 737 leat
2125 683 2371 737 inveniri.

2498 774 2832 831 EPISTULA
2887 774 3076 830 XXVI.

2198 884 2385 922 AVI'I'US
2419 882 2725 921 \‘lENNENSIS
2765 882 3042 920 l-IPISCOPUS
3073 867 3097 903 ά
3131 883 3347 924 CUIDAM.

2052 960 2317 1029 Epistolas
2341 970 2548 1014 vestras
2577 969 2694 1029 post
2737 958 2950 1027 longum
3000 969 3210 1030 lrmpus
3259 961 3474 1031 accepi,
3517 963 3570 1016 in

1979 1056 2173 1124 quibus
2207 1070 2290 1109 me
2320 1055 2605 1109 servandae
2642 1052 2884 1105 caritatis
2912 1094 2926 1119 ,
2967 1056 3264 1123 quamlibet
3304 1060 3568 1113 noveritis

1980 1150 2214 1212 tristem,
2249 1163 2345 1200 nec
2375 1147 2454 1201 sic
2485 1146 2726 1200 debeatis
2754 1162 2827 1200 crt
2848 1147 2975 1201 dere
3007 1146 3386 1217 negligentem.
3435 1148 3566 1201 Nam

1978 1257 2103 1295 vere
2135 1240 2287 1296 testis
2320 1240 2459 1293 Deus
2488 1251 2569 1293 est
2597 1240 2734 1308 quod
2785 1255 2850 1293 ex
2898 1240 3266 1308 magnitudine
3296 1240 3459 1294 vestri
3492 1243 3570 1292 af-

1980 1334 2152 1389 fecms
2201 1332 2272 1386 sit
2312 1332 2495 1385 animo
2528 1346 2648 1384 meo
2680 1330 2849 1399 major
2896 1340 2952 1385 et
2994 1332 3246 1401 gemitus.
3280 1330 3387 1385 Nec
3418 1332 3570 1385 valeo

1978 1427 2097 1480 sine
2116 1423 2306 1494 grandi
2330 1422 2482 1476 vobis
2504 1421 2693 1476 dolore
2712 1436 2998 1490 suggerere
3021 1437 3178 1490 quam
3201 1423 3350 1492 gravi
3372 1423 3570 1477 sancti-

1980 1526 2060 1571 tas
2093 1525 2291 1580 vestra,
2326 1515 2452 1568 date
2477 1511 2711 1578 veniam,
2746 1512 3004 1567 facilitate
3035 1524 3307 1581 pra-venta
3338 1516 3427 1569 sit.
3479 1514 3570 1568 lu-

1979 1611 2249 1667 struxistis
2277 1608 2619 1662 adversarios
2649 1606 2813 1660 armis
2842 1600 3074 1672 vestris',
3117 1606 3427 1674 prodidistis
3470 1608 3570 1661 im-

1980 1704 2230 1775 perfectis
2254 1712 2460 1756 secreta
2489 1710 2671 1755 nostra
2699 1743 2714 1768 ,
2763 1700 3021 1754 eantastis
3062 1700 3329 1755 canticum
3358 1700 3567 1755 Domini

296 1786 499 1840 nuistis.
541 1786 703 1840 Orate
754 1795 931 1839 tamen
959 1796 1014 1839 ut
1044 1802 1141 1856 par
1192 1786 1461 1841 desiderio
1499 1786 1751 1841 succedat
1792 1787 1869 1842 ef-
1902 1784 1945 1843 Β
1977 1804 2026 1853 in
2077 1807 2214 1851 tt-rra
2262 1796 2436 1848 aliena
2490 1793 2660 1864 (Psat.
2694 1807 2917 1858 cxsxvr,
2949 1793 3025 1861 4).
3080 1791 3390 1848 Protulisus
3424 1795 3568 1849 velut

298 1876 480 1930 fectus.
512 1876 621 1930 Nisi
655 1875 792 1931 forte
835 1875 980 1930 illam
1024 1876 1192 1946 magis
1235 1891 1525 1944 expensam
1574 1892 1825 1932 numeras
1853 1917 1870 1943 ,

294 1989 406 2042 qua!
429 1988 567 2042 penu
604 1972 779 2027 adhuc
801 1972 1028 2042 frigente
1059 1972 1251 2026 animis
1284 1974 1385 2026 tuis
1413 1973 1568 2027 calet.
1608 1973 1868 2039 Quocirca

296 2066 413 2120 licet
444 2081 641 2133 paucos
672 2080 887 2135 rogasse
920 2074 970 2121 te
993 2066 1162 2129 dicas,
1192 2066 1314 2120 licet
1344 2066 1521 2121 laxato
1546 2068 1719 2123 aulico
1742 2084 1873 2126 Con-

291 2167 472 2222 veutu,
524 2158 819 2213 relevatum
859 2174 980 2213 esse
1012 2169 1063 2213 te
1101 2159 1335 2227 gaudeas
1376 2178 1389 2213 :
1436 2162 1479 2215 si
1537 2176 1640 2230 qua
1694 2170 1870 2217 tamen

296 2250 419 2304 mihi
451 2249 771 2305 exrurreudi
798 2251 948 2319 copia
977 2251 1085 2316 ﬁet,
1114 2251 1196 2305 vel
1246 2253 1442 2307 invitos
1474 2252 1562 2321 qui
1614 2268 1874 2322 superve-

291 2343 467 2398 neriut
498 2344 764 2398 iuvitabis.
790 2344 1101 2400 Providebit
1147 2346 1284 2399 Deus
1307 2346 1496 2414 epulas
1545 2346 1869 2402 multitudini

291 2434 381 2489 tibi
413 2436 680 2489 convivae.
716 2436 792 2490 lbi
820 2451 1108 2505 pauperum
1140 2436 1312 2504 cibus,
1332 2437 1436 2492 olei
1467 2438 1602 2495 cado
1632 2449 1686 2494 et
1716 2440 1873 2494 farris

291 2524 474 2595 hydria
508 2528 851 2592 persistente,
883 2527 1268 2583 cumulabitur.
1304 2529 1379 2584 lbi
1422 2531 1463 2583 si
1511 2532 1594 2586 vel
1634 2532 1872 2601 quinque

290 2632 449 2682 panes
478 2617 697 2680 fuerint,
727 2620 997 2689 geminum
1030 2620 1230 2689 piscem
1272 2622 1571 2688 providisse
1620 2623 1869 2677 sufﬁciat.

287 2705 419 2760 lllud
450 2717 627 2762 autem
662 2710 795 2762 fidus
823 2721 940 2772 rost
962 2712 1074 2766 haec
1104 2713 1484 2768 miraculorum
1506 2716 1872 2785 experimenta

289 2800 562 2867 promitto,
596 2801 735 2869 quod
759 2802 975 2856 Christo
1004 2818 1297 2873 pauperum
1330 2820 1549 2861 suorum
1580 2810 1868 2864 conventui

289 2893 509 2947 minime
534 2891 800 2955 drfuturo,
830 2904 1033 2964 quanto
1058 2897 1207 2966 plura
1239 2900 1556 2967 populorum
1575 2900 1738 2955 millia
1762 2902 1873 2956 col-

286 2982 499 3052 legeris,
534 2985 713 3053 p'ures
743 2986 1001 3055 c0pbinos
1025 2990 1342 3055 reportrbis.
1376 2991 1526 3058 Apud
1562 2991 1728 3045 ﬁlium
1760 3009 1872 3046 no-

286 3084 452 3129 strum
484 3092 614 3132 vero
643 3078 758 3147 qui,
782 3079 920 3133 sicut
945 3079 1195 3149 scribitis,
1222 3083 1709 3138 reconciliationem
1748 3100 1869 3138 mu-

291 3176 429 3219 tuam
464 3167 710 3232 dignatur
737 3169 963 3239 ambire,
995 3186 1089 3225 vos
1124 3182 1297 3227 estote
1339 3174 1682 3242 vadimonio,
1727 3177 1869 3244 quod
1899 3149 1944 3213 Ο

287 3258 328 3312 si
362 3258 452 3311 ille
484 3261 703 3327 paciﬁco
753 3273 878 3315 voto
931 3277 1088 3331 agere
1136 3265 1315 3333 cupit,
1357 3281 1456 3333 ego
1490 3276 1543 3320 et
1571 3270 1744 3323 amico
1780 3288 1790 3321 :
1826 3271 1867 3324 si

289 3351 379 3404 ille
409 3351 738 3407 discordiam
771 3353 943 3422 poscit
978 3354 1110 3420 tolli,
1160 3370 1260 3425 ego
1313 3356 1471 3427 cupio
1524 3362 1870 3417 concordiam

289 3534 486 3609 tionem
532 3532 645 3609 dari
687 3531 909 3609 dicitur.
952 3533 1025 3587 De
1073 3535 1171 3588 hac
1210 3535 1370 3604 igi‘nr
1415 3552 1603 3592 manus
1653 3539 1870 3609 imposi-

288 3606 429 3657 tione
454 3620 555 3671 qua
583 3606 739 3657 datur
772 3603 1002 3675 Spiritus
1046 3603 1286 3669 sanctus,
1334 3608 1417 3661 hic
1446 3623 1624 3662 sermo
1668 3603 1772 3675 esi,
1804 3627 1873 3667 ue

291 3677 407 3744 quis
437 3676 503 3728 de
541 3675 642 3727 alia
670 3676 897 3727 fortasse
924 3674 1381 3742 interpretandum
1414 3689 1580 3745 putet.

359 3753 393 3780 κ
416 3745 575 3810 Quasi
609 3746 751 3799 dicat
775 3746 1172 3799 cbrismandurn
1200 3749 1358 3801 etiam
1392 3750 1574 3814 fuisse,
1600 3750 1699 3805 nisi
1727 3750 1871 3805 chri-

290 3828 493 3886 smatus
518 3816 627 3883 jam
668 3825 847 3886 esset.
883 3816 1248 3871 Adhibebatur
1277 3818 1419 3872 enim
1464 3819 1514 3872 iu
1548 3823 1870 3886 recipiendis

294 3885 578 3944 haarrticis.
613 3894 817 3953 pra-ter
838 3885 1232 3953 impositionem
1261 3903 1534 3953 manuum,
1567 3885 1870 3948 chrismatis

292 3956 894 4030 quoqueeousignatio.
939 3957 1101 4025 Cujus
1153 3959 1315 4030 moris
1352 3959 1495 4030 apud
1553 3960 1867 4030 Gregorium

292 4024 493 4078 Turon.
524 4026 751 4079 illustria
799 4037 923 4080 sunt
949 4024 1217 4096 exempli,
1256 4028 1308 4081 in
1350 4024 1590 4084 Lautilde
1617 4024 1870 4086 Cfodovei

288 4097 427 4164 regis
463 4111 676 4160 sorore,
718 4111 837 4162 qua:
873 4113 937 4151 ex
978 4098 1167 4152 haeresi
1206 4099 1401 4153 Ariana
1437 4116 1693 4156 conversa
1728 4104 1872 4157 chri-

285 4176 451 4238 smata
485 4177 590 4232 est,
622 4167 715 4223 lib.
742 4183 777 4220 ιι
808 4167 1052 4222 llistOriae
1093 4168 1286 4225 Franc.
1318 4185 1439 4238 cap.
1473 4170 1562 4235 51,
1597 4172 1648 4225 in
1676 4173 1868 4227 Bruni-

286 4237 461 4310 clriltle
492 4250 541 4290 et
573 4238 865 4310 Gosuvinta
894 4239 1167 4310 sororibus
1205 4241 1298 4293 lib.
1329 4237 1401 4305 tv,
1434 4256 1552 4310 cap.
1581 4242 1650 4296 27
1679 4255 1732 4297 et
1757 4243 1867 4309 28;

288 4308 355 4368 it.
372 4308 815 4379 Hermenichildo
844 4324 967 4375 rrge
998 4308 1291 4364 Gothorum
1323 4313 1374 4364 in
1406 4308 1657 4379 Hispania
1700 4314 1788 4367 lib.
1814 4330 1867 4379 v,

289 4392 404 4451 (:np.
447 4378 554 4451 59;
582 4379 635 4451 in
679 4380 968 4451 Chararjco
1015 4381 1245 4448 denique
1292 4378 1591 4436 Suevorum
1646 4399 1772 4451 rege
1816 4386 1867 4437 in

288 4448 559 4518 Callaecia,
602 4448 669 4502 de
710 4464 817 4518 quo
863 4448 1153 4516 Gregorius
1196 4451 1337 4505 idem
1379 4452 1446 4506 de
1497 4450 1764 4507 Miraculis
1808 4454 1865 4510 S.

291 4517 495 4590 blartiui
529 4520 622 4572 lib.
654 4534 691 4583 ι,
721 4517 841 4589 eap.
874 4524 906 4572 6
933 4537 945 4571 :
979 4520 1105 4583 Rex,
1139 4522 1327 4590 inquit,
1353 4523 1594 4575 unitatem
1616 4522 1789 4577 Patris
1822 4535 1870 4577 et

291 4585 411 4659 Et”!
435 4600 480 4641 et
507 4590 737 4659 Spiritus
768 4585 929 4644 sancti
954 4585 1231 4659 confessus,
1270 4608 1387 4644 cum
1417 4594 1553 4645 omni
1586 4593 1739 4647 dumo
1774 4611 1870 4647 sua

287 4658 591 4713 chrismatus
631 4672 723 4713 est.
769 4658 1390 4715 Cteterum’ehrismatio
1441 4667 1717 4719 COIIVCrsiS
1756 4676 1867 4720 tum

286 4728 666 4788 adhibebatur,
708 4748 829 4783 cum
872 4732 922 4783 in
956 4732 1145 4784 hmresi
1176 4734 1448 4786 clrrismati
1500 4749 1602 4785 non
1638 4736 1865 4793 fuerant.

357 4798 383 4836 δ
412 4800 733 4872 Chrtsmatis
777 4802 1233 4868 emrsignatiunem
1283 4818 1432 4856 more
1481 4804 1699 4872 antiquo
1744 4821 1864 4859 cum

289 4868 605 4936 baptismate
619 4873 914 4941 coniungit,
939 4872 1287 4939 eamdemque
1307 4875 1374 4926 ah
1393 4868 1731 4941 impositione
1753 4891 1865 4929 ma.

289 4954 455 5012 unum
482 4956 585 5008 qua
616 4940 772 5012 datur
796 4940 1022 5007 Spiritus
1048 4954 1286 5006 Sanctus,
1310 4943 1514 4997 divellit
1537 4959 1598 4997 ac
1628 4958 1861 5012 separat.

286 5012 397 5074 Qua
426 5010 495 5063 de
524 5026 581 5063 re
628 5010 763 5064 alias
801 5012 913 5064 fuse
941 5012 1260 5077 disnutatum
1292 5024 1394 5077 est,
1439 5030 1560 5067 eum
1602 5010 1863 5070 canonum

288 5081 674 5133 Arausieanum
700 5084 1110 5148 explanaremus
1155 5084 1305 5149 Quod
1330 5100 1456 5137 vero
1487 5084 1718 5139 afﬁrmat
1748 5087 1865 5139 Avi-

290 5159 393 5213 tus,
426 5166 546 5205 cum
580 5152 845 5218 baptismo
886 5154 1180 5207 chrismare
1216 5153 1404 5207 solitos
1434 5155 1759 5219 Donatistas,
1796 5171 1871 5210 ex

288 5223 481 5286 Optato
509 5230 564 5273 et
587 5224 884 5287 Augmtino
917 5223 1249 5290 perspicuum
1279 5234 1381 5277 est.
1415 5226 1534 5277 'l'ria
1566 5227 1708 5279 enim
1737 5243 1864 5280 cum

287 5291 423 5355 apud
447 5291 592 5351 illus,
628 5294 846 5357 perinle
875 5307 938 5346 ac
971 5295 1020 5345 in
1052 5294 1284 5347 Ecclesia
1315 5295 1576 5347 catholica
1620 5297 1863 5349 celebra-

289 5374 491 5434 rentur,
520 5360 837 5434 baptismus,
869 5364 1174 5417 chrismatio
1194 5376 1248 5417 et
1277 5381 1528 5418 manuum
1559 5366 1883 5434 impositio;.

288 5429 475 5502 horum
514 5433 622 5502 duo
664 5436 865 5500 priora,
914 5435 1125 5502 «tutando
1164 5434 1558 5499 adlﬂcclesiam
1591 5429 1861 5502 redibant,

290 5515 393 5552 non
436 5501 789 5563 iterabantur,
843 5501 936 5555 sed
989 5504 1181 5556 intacta
1222 5505 1628 5571 permanebant,
1674 5501 1869 5562 contra

289 5584 444 5636 quam
479 5570 594 5624 ﬁeri
620 5573 688 5625 ab
716 5572 845 5639 ipsis
875 5573 1092 5634 soleret,
1124 5570 1630 5641 quicatbolicorum
1675 5586 1727 5630 et
1771 5579 1867 5630 ba-

293 5644 541 5715 ptismum
564 5649 635 5715 et.
654 5644 884 5715 chrisma
907 5648 1340 5715 exsecrabantur,
1368 5657 1419 5698 et
1446 5655 1729 5715 utrumque
1761 5647 1865 5700 ite.

291 5708 500 5766 tabum.
555 5712 778 5777 Optatus
819 5712 911 5767 lib.
946 5728 1012 5768 vn
1044 5731 1055 5765 :
1086 5712 1232 5778 Quod
1271 5732 1301 5770 a
1343 5716 1477 5770 vobis
1525 5708 1731 5770 unctum
1759 5726 1859 5775 cst.

1893 4834 1945 4894 D

1976 1907 2100 1945 vasa
2136 1887 2401 1942 dominica
2430 1887 2596 1954 (Dan.
2626 1900 2680 1949 v,
2713 1886 2768 1952 5)
2799 1885 3109 1951 spectaculo
3134 1885 3401 1939 convivali
3444 1901 3565 1953 qua:

1977 1980 2194 2034 irrident
2223 1995 2239 2041 ;
2271 1976 2601 2046 exposuistis
2630 1974 2779 2027 velut
2803 1975 3058 2028 nudatum
3090 1973 3204 2028 Noe
3244 1974 3406 2044 (Gen.
3466 1990 3513 2028 ix
3549 2018 3563 2041 ,

1973 2070 2064 2140 22)
2095 2068 2373 2124 cachinnis
2403 2080 2675 2135 nunquam
2708 2064 3000 2134 opprobrio
3034 2064 3304 2118 carituris.
3348 2066 3402 2121 Si
3436 2067 3563 2120 reti-

1976 2171 2105 2217 nent
2133 2171 2223 2215 aut
2254 2169 2571 2229 sequuntur,
2605 2158 2910 2226 periculose
2940 2157 3182 2213 subrexit
3211 2158 3442 2228 qualitas
3472 2174 3564 2213 ve-

1973 2255 2142 2310 ritati.
2168 2253 2322 2308 Certe
2344 2251 2388 2305 si
2425 2250 2718 2319 pretiosum
2762 2249 2916 2303 vobis
2958 2256 3073 2304 erat
3116 2249 3257 2319 quod
3301 2248 3562 2319 publicari

1974 2348 2171 2402 debere
2203 2352 2442 2416 putatum
2474 2353 2576 2411 est,
2606 2352 2811 2397 terrere
2840 2342 2924 2396 vel
2955 2340 3196 2396 Ezechiae
3225 2345 3365 2412 regis
3404 2343 3562 2410 culpa

1975 2438 2082 2509 (IV
2123 2437 2251 2508 Reg.
2289 2453 2375 2500 xx,
2406 2434 2495 2505 15)
2525 2450 2620 2490 νος
2646 2432 2851 2500 debuit,
2877 2448 3037 2502 quem
3073 2433 3345 2501 iactantia:
3397 2435 3564 2489 odore

1980 2541 2286 2602 peccantem
2317 2530 2578 2598 pr0plteta
2609 2527 2881 2597 redarguit
2930 2524 3103 2597 (Isai.
3146 2541 3340 2589 xxxix,
3371 2525 3436 2591 5,
3468 2525 3559 2596 6).

1977 2630 2083 2686 Sed
2108 2643 2228 2682 cum
2259 2624 2667 2696 trepidationem
2699 2622 2856 2676 istam
2879 2620 3069 2676 dicatis
3115 2622 3295 2674 animo
3338 2635 3565 2675 conver-

1978 2720 2137 2777 tentis
2163 2718 2483 2781 abstersam,
2510 2716 2712 2785 justum
2737 2720 2820 2767 est
2843 2725 2902 2767 ut
2927 2727 3049 2767 cum
3097 2711 3457 2765 exsultatione
3487 2713 3565 2763 di-

1976 2826 2179 2870 camus.
2218 2810 2340 2863 Htec
2362 2816 2444 2862 est
2470 2806 2684 2859 mutatio
2711 2803 2935 2857 dexteris
2954 2800 3157 2856 Excelsi
3179 2800 3353 2873 (Psal.
3381 2818 3561 2865 Lxsvt,

1978 2904 2087 2974 11).
2120 2902 2253 2956 Nam
2302 2897 2446 2969 quod
2480 2896 2632 2950 vobis
2681 2895 2913 2949 inaniter
2952 2894 3326 2949 contradicunt
3367 2894 3561 2949 bellua:

1974 2997 2049 3049 sic
2078 2993 2342 3057 minaces,
2377 2990 2487 3043 Deo
2511 2996 2844 3056 protegente,
2872 2986 3013 3056 quod
3055 2986 3292 3053 debiles,
3324 3002 3563 3057 quasque

1975 3088 2095 3157 plus
2126 3087 2319 3139 mirum
2352 3091 2436 3138 est
2467 3095 2655 3135 carere
2685 3079 2959 3145 dentibus,
2993 3088 3049 3134 et
3078 3079 3346 3134 furoribus
3379 3081 3557 3148 pasci:

1977 3181 2066 3249 qui
2097 3193 2216 3233 cum
2240 3184 2520 3245 gemerem
2545 3171 2864 3242 perditionis
2894 3186 3004 3225 snas
3029 3172 3204 3239 perire
3233 3171 3526 3242 discipulos
3549 3219 3561 3233 .

1977 3269 2200 3341 perdere
2233 3266 2507 3332 incipiunt
2524 3273 2577 3319 et
2604 3264 2909 3331 magistros.
2930 3261 3228 3317 Salubriter
3249 3279 3428 3317 coram
3455 3266 3561 3318 Det)

1976 3362 2068 3417 vei
2094 3359 2400 3416 hominibus
2432 3357 2580 3412 lucra
2605 3356 2727 3411 talia
2756 3356 3165 3426 conquiruntur.
3213 3355 3353 3410 Nihil
3387 3360 3438 3411 iu
3477 3374 3562 3413 re-

1975 3539 2076 3594 tale
2099 3553 2360 3593 servamus
2398 3535 2552 3606 quale
2580 3536 2914 3600 suscepimus.
2949 3535 3018 3589 Et
3062 3544 3181 3601 post
3218 3536 3359 3590 alia:
3390 3536 3559 3592 Srdu-

1974 3612 2118 3664 a‘istis
2152 3611 2404 3674 homines,
2436 3608 2813 3675 rebaptizastis,
2844 3609 2881 3659 t't
2903 3624 3026 3659 ‘rum
3050 3609 3290 3661 unxistis.
3321 3608 3555 3662 Tertium

1975 3689 2204 3743 tantum,
2229 3679 2279 3732 id
2305 3688 2407 3745 est,
2436 3679 2832 3746 impositiouem
2866 3692 3139 3740 manuum,
3166 3679 3235 3730 ob
3257 3694 3375 3733 eam
3397 3694 3553 3743 quam

1973 3751 2207 3805 diximus
2233 3763 2448 3804 causam
2480 3750 2812 3818 repetebant.
2848 3747 2988 3813 quod
3027 3748 3283 3816 Spiritum
3314 3762 3556 3803 sanctum

1973 3820 2213 3875 haaretici
2254 3820 2383 3873 dare
2429 3834 2534 3872 non
2588 3821 2812 3888 possint.
2845 3820 3073 3888 Sanctus
3123 3820 3451 3885 Augustinus
3490 3827 3558 3875 de

1974 3892 2240 3960 baptismo
2266 3889 2662 3960 Donatistarum
2705 3889 2796 3941 lib.
2829 3904 2881 3941 ιιι
2914 3906 2926 3941 :
2960 3887 3149 3941 Manus
3179 3901 3352 3960 autem
3392 3891 3550 3960 impo-

1973 3958 2110 4027 sitio,
2143 3979 2245 4014 non
2271 3965 2400 4014 sicut
2436 3959 2718 4025 baptismus
2760 3962 2922 4028 repeti
2954 3975 3053 4011 non
3086 3967 3270 4024 potest.
3306 3958 3443 4024 Quid
3481 3969 3557 4013 est

1974 4034 2109 4085 enim
2135 4031 2304 4094 aliud,
2342 4030 2441 4083 nisi
2470 4029 2633 4082 oratio
2660 4044 2815 4096 super
2843 4028 3137 4081 hominem?
3162 4029 3285 4094 quia
3313 4044 3409 4092 rer
3436 4044 3557 4083 ora-

1976 4104 2175 4157 tionem
2204 4101 2455 4154 videlicet
2498 4112 2795 4162 manusque
2838 4098 3261 4163 impOsitionem,
3306 4099 3555 4166 haptizati

1972 4187 2000 4225 a
2034 4172 2335 4241 praepositis
2378 4167 2631 4223 Ecclesia:
2678 4167 2932 4236 Spiritum
2977 4175 3221 4222 sanctum
3263 4170 3557 4235 apostolico

1973 4256 2123 4297 more
2150 4241 2498 4308 accipiebant.

2051 4322 2073 4351 ο
2109 4306 2305 4375 Fratri,
2330 4308 2626 4363 Valentiam
2652 4306 2819 4371 urbis,
2862 4316 2923 4360 ut
2965 4308 3030 4361 ad
3066 4308 3344 4377 epistolam
3383 4311 3439 4362 Η
3475 4310 3554 4362 tli-

1973 4390 2116 4436 ctttm
2151 4392 2254 4445 est,
2281 4380 2523 4434 antistiti.
2552 4381 2681 4432 Ctun
2716 4379 2813 4429 hac
2838 4379 3060 4445 epistola
3086 4382 3441 4446 entnparanda
3474 4390 3554 4434 est

1974 4453 2180 4508 Sidonii
2209 4453 2367 4520 epist.
2402 4452 2488 4514 15,
2523 4449 2618 4503 lib.
2650 4465 2701 4503 tv
2724 4448 2790 4501 ad
2827 4449 3133 4520 Elaphium,
3165 4465 3193 4501 a
3217 4466 3324 4519 quo
3356 4455 3555 4518 pariter

1976 4518 2324 4577 invitatus'ad
2357 4536 2506 4573 novae
2534 4521 2780 4574 ecciesia:
2810 4518 2875 4573 de
2899 4518 3245 4583 iicationem,
3279 4522 3391 4589 pari
3445 4522 3556 4575 ele-

1972 4596 2149 4662 gantia
2181 4608 2241 4647 se
2267 4590 2576 4662 adfuturum
2612 4589 2834 4657 spondet
2856 4590 3285 4662 ,hospitumque
3322 4591 3556 4660 undique

1971 4660 2305 4718 affluentium
2334 4660 2724 4715 multitudinem
2757 4660 3011 4726 praedici.

2042 4732 2068 4771 ἀ
2100 4735 2386 4801 Episcopo,
2421 4742 2477 4785 ut
2507 4740 2748 4800 apparet,
2781 4731 2933 4797 cujus
2974 4731 3172 4784 nomini
3225 4732 3391 4799 pareit
3420 4776 3435 4801 ,
3486 4732 3555 4787 de

1976 4804 2139 4858 nimia
2168 4806 2317 4859 illum
2366 4803 2616 4857 facilitate
2663 4802 3065 4867 reprehendens
3096 4844 3109 4865 ,
3158 4802 3299 4870 quod
3348 4811 3554 4858 secreta

1972 4883 2155 4930 nostra
2184 4874 2530 4943 imperfectis,
2552 4872 2660 4943 hoc
2683 4880 2763 4943 est
2792 4871 3057 4926 hwretieis
3107 4872 3423 4939 prodiderit.
3478 4874 3552 4928 De

1971 4945 2224 5013 episcopo
2254 4940 2430 4997 autem
2456 4943 2522 4994 ab
2551 4940 2752 5013 ha‘resi
2775 4955 3055 5007 converso,
3088 4944 3374 5010 respondet
3397 4959 3554 5010 posse

1973 5011 2023 5069 in
2054 5016 2279 5069 ecclesia
2310 5023 2513 5075 nostra,
2544 5014 2587 5065 si
2612 5011 2756 5064 aliud
2784 5013 2913 5065 nihil
2942 5013 3127 5076 officit,
3157 5014 3223 5066 ad
3262 5015 3555 5081 quemlibet

1971 5086 2257 5140 sacerdotii
2283 5084 2505 5153 gradum
2532 5082 2779 5153 assumi.
2807 5081 2923 5147 Quo
2951 5083 3164 5149 quidem
3197 5087 3465 5152 exemplo,
3500 5095 3554 5137 et

1972 5152 2351 5226 Symphosittm
2382 5164 2542 5226 atque
2594 5152 2877 5226 Dictiuium
2919 5153 3195 5207 haereticos
3238 5154 3550 5226 episcOpos,

1971 5222 2291 5279 Priscilliani
2336 5224 2583 5277 lttcresim
2616 5222 2933 5293 damnantes
2963 5265 2977 5287 ,
3038 5234 3243 5278 retenta
3292 5225 3552 5293 dignitate

1973 5306 2217 5363 receptos
2245 5296 2470 5363 legimus
2502 5294 2552 5346 in
2583 5292 2811 5351 COIIClliO
2859 5295 3029 5360 primo
3065 5295 3358 5360 Toletano,
3391 5302 3445 5346 et
3480 5294 3548 5347 de

1970 5366 2181 5420 clericis
2211 5365 2477 5420 hmreticis
2504 5364 2592 5432 qui
2620 5364 2687 5416 ad
2734 5363 2892 5416 ﬁdem
2932 5364 3248 5418 catholicam
3286 5364 3547 5428 veniunt,

1972 5439 2259 5492 nniversim
2283 5446 2495 5492 cautum
2522 5435 2679 5486 estin
2710 5433 2938 5487 concilio
2968 5450 2983 5486 ι
3024 5436 3391 5489 Aurelianeusi
3422 5449 3547 5489 can.

1972 5507 2039 5561 10
2073 5526 2084 5557 :
2121 5508 2186 5561 Ut
2212 5509 2256 5560 si
2280 5508 2499 5574 ﬁdeliter
2541 5514 2903 5556 convertuntur
2944 5514 2993 5557 et
3047 5506 3198 5572 ﬁdem
3242 5503 3549 5557 catholicam

1968 5578 2162 5646 integre
2192 5578 2528 5642 conﬁtentur,
2570 5574 2789 5642 ofﬁrium
2816 5577 3093 5646 suscipiant
3119 5588 3213 5627 suo
3246 5588 3331 5626 eos
3358 5574 3547 5643 rpisco,

1971 5664 2064 5713 pus
2095 5648 2275 5717 dignos
2307 5662 2413 5702 esse
2443 5646 2715 5697 censuerit.
