4046 6170
464 286 567 341 2ῑῖ

1706 281 1761 335 S.
1804 238 1987 337 AVIII
2030 283 2428 343 VIENNENSS

3619 290 3720 348 944

465 432 493 465 σι
518 408 710 480 piendo
738 412 1021 475 expetente
1048 399 1334 452 violentum
1368 403 1449 450 est
1482 412 1492 446 :
1526 402 1579 448 ut
1614 396 1841 451 volentis
1869 398 2035 452 devo-
2067 406 2113 461 Α
2144 402 2251 456 elui
2299 403 2547 457 sensibus
2572 414 2818 473 possunt,
2849 421 2969 476 qua:
3002 405 3155 461 nobis
3196 407 3334 476 apud
3381 406 3583 463 Italiam
3627 423 3718 464 ve-

467 508 662 558 tionem
694 495 994 553 benedictio
1017 487 1317 562 prmstanda
1341 487 1657 555 confirmet,
1700 502 1805 543 non
1834 498 1917 543 est
1945 504 2034 543 ra.

466 598 608 663 pina,
640 592 731 647 sed
754 589 959 660 gratia:
992 582 1133 653 quod
1176 579 1423 636 Christus
1460 579 1711 649 dignatur
1760 581 2033 650 accipere,

463 686 566 740 dici
594 699 697 738 non
725 691 1007 750 possumus
1038 672 1317 726 invasisse.
1345 670 1420 724 De
1440 671 1647 740 reliquo
1675 672 2035 741 autem,quod

463 793 551 832 nte
573 787 735 842 super
755 767 1000 825 conversi
1032 775 1171 819 statu
1202 763 1422 817 creditis
1444 762 1830 816 consulendum
1854 803 1868 822 ,
1900 763 2002 817 dell
2017 791 2037 804 -

461 871 550 924 nio
581 861 928 933 inspiratione
951 857 1148 920 divina,
1177 855 1242 910 ad
1270 854 1566 921 quemlibet
1593 854 1880 908 sacerdmii
1909 869 2037 923 gra-

457 964 584 1013 dum
612 956 883 1011 hominem
918 966 1074 1020 posse
1101 962 1446 1017 consurgere,
1484 946 1529 999 si
1570 960 1677 998 non
1724 954 1806 999 est
1837 954 1930 999 aut
1980 947 2034 1000 in

460 1053 664 1104 ratione
679 1045 1031 1115 conjugii,ant
1059 1041 1111 1095 in
1134 1053 1448 1109 quacunque
1477 1037 1657 1108 regula
1686 1038 2033 1106 moribusque

456 1143 595 1208 quod
630 1138 908 1210 prohibeat
963 1133 1291 1188 clericatum.
1344 1130 1450 1186 Cur
1498 1130 1638 1182 enim
1694 1142 1798 1181 non
1853 1136 2034 1195 pascat

453 1234 651 1287 Christi
674 1242 911 1300 gregem,
945 1229 1032 1293 qui
1065 1224 1335 1291 sapienter
1361 1219 1591 1273 advertit
1614 1233 1745 1272 oves
1776 1233 1882 1271 non
1912 1232 2032 1274 esse

454 1342 588 1396 quas
616 1322 867 1393 paverat?
895 1319 1090 1388 quique
1121 1314 1240 1383 quia
1276 1328 1380 1366 non
1414 1313 1496 1365 fur
1522 1312 1766 1379 latroque
1788 1351 1804 1376 ,
1838 1310 2033 1367 merito

454 1427 635 1486 pastor
652 1416 858 1470 futurus
881 1426 975 1480 per
995 1409 1128 1463 ostia
1147 1408 1418 1476 ingressus
1438 1404 1597 1473 elegit
1613 1404 1831 1457 altaria?
1852 1404 2031 1470 Quare

456 1528 559 1565 non
591 1511 681 1562 fiat
708 1507 759 1561 in
782 1503 1082 1559 sacerdotio
1113 1510 1297 1554 nostro
1322 1506 1554 1561 erectus,
1588 1497 1676 1566 qui
1706 1512 1889 1551 amore
1934 1498 2032 1550 hu-

453 1599 694 1656 militatis
717 1613 742 1649 a
764 1612 863 1651 suo
891 1594 1060 1647 voluit
1079 1605 1198 1647 esse
1228 1588 1527 1644 dcciduus?
1554 1587 1635 1642 Sit
1665 1602 1826 1641 verax
1852 1601 2029 1642 sacer-

451 1696 549 1747 dos
578 1709 640 1745 ex
673 1689 829 1753 laico,
860 1684 953 1755 qui
994 1683 1107 1738 fieri
1165 1681 1333 1735 laicus
1385 1694 1455 1733 ex
1506 1677 1697 1733 falltice
1747 1678 2029 1735 sacerdote

2139 500 2331 560 strain,
2365 493 2446 548 vel
2481 495 2799 563 pontificalis
2829 497 3149 566 benignitas,
3177 497 3259 551 vel
3282 497 3509 553 civilitas
3530 498 3721 569 regalis

2141 583 2422 652 impendit,
2452 599 2572 639 cum
2606 595 2725 655 post
2755 586 3169 641 familiaritatem
3201 586 3365 641 totius
3411 590 3721 644 munificen-

2141 673 2228 727 tia:
2256 674 2557 729 commodis
2582 676 2995 744 przefcrendam,
3029 677 3153 746 quia
3177 678 3298 732 istic
3323 677 3543 733 liberius
3569 680 3716 734 Iaxa-

2139 766 2211 819 vit
2242 765 2490 831 reditum,
2524 766 2669 822 illiuc
2696 770 2933 823 tenacius
2958 769 3130 823 vinxit
3153 769 3421 824 affectum.
3448 771 3719 827 Attentior

2137 873 2237 927 pro
2264 860 2456 913 vestris
2485 860 2625 927 quod
2660 869 2907 929 superest
2936 861 3205 916 incumbat
3244 864 3437 917 oratio.
3485 865 3539 917 In
3588 879 3716 933 aug-

2137 956 2320 1003 mento
2351 963 2579 1017 namque
2600 950 2777 1004 ovium
2808 951 3003 1004 crescit
3031 952 3273 1007 custodia
3302 954 3604 1022 pastoralis.
3620 956 3717 1008 Sa-

2136 1041 2243 1092 cris
2275 1051 2371 1093 nos
2399 1040 2763 1108 apostolorum
2793 1039 3068 1095 liminibus
3089 1045 3598 1100 commemoratione
3631 1060 3717 1099 as-

2135 1127 2289 1182 sidua
2322 1139 2728 1197 prteseutautes,
2760 1135 2985 1202 speciali
3006 1134 3131 1189 dum
3162 1136 3346 1189 vixero
3376 1135 3713 1204 prtedicatori

2135 1231 2337 1289 vestro,
2364 1221 2451 1275 ubi
2484 1223 2793 1279 obtinuistis
2818 1225 3052 1294 initium,
3079 1226 3361 1294 impetrate
3389 1226 3711 1295 profectum.

2135 1311 2352 1366 Litteris
2374 1327 2491 1377 nos,
2522 1314 2573 1367 in
2596 1323 2851 1383 quantum
2882 1317 3207 1385 possibilitas
3220 1316 3417 1387 patitur
3437 1325 3531 1371 aut
3552 1317 3714 1372 liber-

2134 1409 2238 1470 tas,
2267 1402 2460 1472 quibus
2485 1404 2640 1459 nobis
2661 1404 2900 1460 doctrina
2930 1416 2984 1461 et
3027 1407 3363 1463 incolumitas
3402 1415 3580 1461 vestta
3619 1407 3718 1461 flo-

2136 1504 2269 1563 reat,
2293 1494 2647 1565 frequentate.
2675 1496 2740 1551 Et
2771 1506 2828 1551 ut
2848 1512 3008 1566 supra
3039 1498 3398 1567 speravimus,
3425 1498 3714 1553 ambienda

2135 1585 2288 1638 nobis
2327 1584 2705 1640 venerabilium
2749 1585 3092 1657 reliquiarum
3141 1587 3382 1643 conferte
3422 1587 3665 1657 praesidia
3698 1605 3709 1641 :

2132 1686 2356 1747 quarum
2379 1677 2549 1742 cultu,
2584 1687 2638 1733 et
2666 1679 3036 1734 beatissimum
3068 1680 3282 1736 Petrum
3315 1681 3367 1735 in
3395 1681 3607 1751 virtute,
3658 1689 3715 1736 et

451 1789 734 1837 contenttts
747 1775 1064 1832 c5t.'I‘eueat
1087 1773 1136 1825 in
1164 1769 1395 1825 Ecclesia
1417 1778 1600 1822 nostra
1625 1767 1831 1835 plebem
1858 1783 2028 1833 suam,
2064 1768 2108 1827 Β
2139 1784 2232 1825 vos
2256 1784 2472 1839 semper
2501 1769 2701 1825 habere
2730 1785 3035 1825 mereamur
3063 1772 3114 1826 in
3143 1786 3387 1828 munere.

450 1876 539 1942 qui
565 1874 619 1925 in
648 1884 741 1923 sua
770 1864 1093 1931 contempsit
1118 1860 1368 1914 alienant.
1416 1858 1609 1911 Datura
1636 1867 1719 1911 est
1747 1857 1906 1912 tantis
1932 1857 2026 1912 bo-

451 1967 533 2019 nis
554 1968 896 2032 augmentum
924 1953 1159 2011 cmlesds
1186 1951 1370 2022 gratiae
1402 1949 1703 2019 plenitudo,
1749 1957 1810 2003 ut
1854 1960 1906 2005 et
1936 1949 2027 2007 ille

448 2065 769 2109 consecutus
800 2049 1019 2113 incipiat
1045 2042 1279 2113 gaudere
1307 2041 1448 2111 quod
1480 2040 1669 2103 doluit,
1699 2048 1751 2095 et
1780 2040 1867 2095 hic
1891 2056 2025 2111 quo-

449 2145 578 2197 tidie
609 2139 950 2200 fructuosior,
978 2136 1199 2206 prmisse
1225 2148 1284 2189 se
1305 2133 1474 2201 magis
1502 2130 1763 2202 intelligat
1783 2146 1917 2202 quos
1941 2147 2028 2187 re-

449 2237 622 2308 liquit.

942 2319 1269 2376 EPISTOLA
1311 2318 1523 2373 XXVII.

452 2440 516 2477 AB
544 2436 701 2477 AVITO
730 2432 978 2474 EPISCOPO
1002 2430 1230 2470 DICTATA
1251 2426 1345 2465 sua
1389 2419 1415 2447 α
1457 2425 1652 2465 NOIINE
1696 2426 1853 2466 boum
1906 2426 2026 2467 SICI-

624 2505 815 2546 SIUNDI
847 2503 1016 2555 REGIS,
1051 2502 1117 2540 AD
1142 2497 1457 2538 SYMMACHU!
1486 2496 1653 2535 PAPAM
1678 2495 1845 2536 URBIS.

519 2606 653 2662 Dum
678 2616 829 2658 sacra
861 2598 1206 2669 reliquiarum
1231 2599 1451 2666 pignora
1477 2636 1492 2658 ,
1546 2594 1741 2665 quibus
1794 2609 1890 2662 per
1938 2611 2025 2652 me

448 2700 668 2752 Galliam
696 2701 929 2749 vestram
957 2689 1183 2761 spiritali
1211 2686 1642 2743 remuneratione
1661 2686 1895 2753 ditastis,
1925 2702 2023 2741 ne-

447 2803 574 2856 gare
606 2783 908 2855 petentibus
930 2798 1034 2836 non
1064 2792 1352 2849 prazsumo,
1370 2793 1458 2833 me
1480 2792 1690 2848 quoque
1714 2787 2022 2833 sanctorum

447 2879 741 2949 patrocinia
762 2875 1030 2945 postulare
1047 2872 1113 2926 ab
1133 2871 1331 2940 irriguo
1347 2870 1507 2925 vestri
1530 2870 1862 2940 apostolatus
1882 2870 2025 2927 fonte

447 2986 669 3029 necesse
695 2979 797 3025 est.
821 2968 1131 3036 Quanquam
1170 2966 1270 3019 etsi
1302 2971 1385 3018 est
1426 2961 1601 3018 adhuc
1641 2963 1782 3032 apud
1822 2976 1920 3018 nos
1958 2962 2025 3019 de

448 3066 591 3118 dono
621 3070 827 3126 vestro,
850 3057 991 3129 quod
1016 3055 1295 3112 catholicae
1323 3053 1599 3125 religionis
1628 3053 1819 3109 debeat
1848 3054 2025 3109 studio

2591 1882 2930 1939 EPISTULA
2975 1884 3215 1941 XXVIII.

2165 1988 2347 2029 unus
2392 1988 2694 2028 vtenxensts
2738 1987 3014 2030 EPISCOPUS
3068 1975 3093 2014 δ
3144 1991 3318 2032 nostuo
3365 1991 3676 2033 cuunonauo

2849 2061 2990 2101 ιιεῦι.

2198 2136 2433 2193 Rediens
2462 2137 2531 2192 ab
2556 2138 2687 2194 urbe
2736 2138 3077 2209 Lugdunensi
3118 2150 3337 2194 sanctus
3386 2138 3707 2197 Charteuius

2127 2226 2433 2297 episcopus,
2467 2230 2517 2283 in
2546 2244 2670 2299 qua,
2699 2231 2854 2284 nobis
2887 2240 2910 2268 ε
2940 2230 3007 2285 de
3028 2230 3257 2285 concilio
3280 2230 3705 2297 discedentibus,

2126 2318 2191 2373 ad
2225 2320 2428 2387 privata
2468 2320 2711 2390 quaedam
2756 2320 2967 2391 negotia
3012 2320 3342 2390 expedienda
3392 2324 3705 2387 resederat,

2126 2411 2478 2479 quaestionem
2511 2410 2635 2479 sibi,
2671 2412 2778 2466 imo
2809 2413 2976 2482 magis
2997 2413 3243 2467 omnibus
3268 2414 3454 2478 nobis,
3505 2428 3704 2483 propo-

2125 2502 2298 2557 suisse
2325 2518 2419 2557 vos
2447 2503 2650 2560 retulit.
2675 2502 2805 2570 Qum
2827 2505 2868 2559 si
2897 2503 3085 2559 fuisset
3106 2518 3289 2559 coram
3335 2504 3524 2571 positis
3560 2504 3703 2559 indi-

2126 2603 2268 2662 cata,
2299 2595 2740 2651 subministrante
2768 2603 2956 2649 sancto
2983 2595 3188 2665 Spiritu
3210 2637 3226 2662 ,
3260 2594 3416 2651 facile
3461 2595 3703 2650 sciscita-

2127 2685 2257 2741 tioni
2288 2696 2483 2741 vestra:
2504 2702 2625 2757 qua:
2648 2687 2713 2741 ad
2746 2702 2962 2743 causam
2988 2687 3329 2757 pertinebant
3365 2686 3577 2755 suggeri
3611 2702 3706 2755 po-

2130 2778 2497 2835 tuerunt.5ed
2529 2780 2651 2849 quia
2684 2788 2790 2834 tam
2832 2789 3070 2834 sanctam
3113 2780 3527 2835 sollicitudinem
3560 2780 3701 2834 nulla

2127 2869 2386 2926 debemus
2412 2871 2655 2938 responsi
2684 2871 2941 2926 dilatione
2980 2871 3231 2926 fraudare
3282 2887 3297 2925 :
3355 2872 3529 2927 sciens
3574 2872 3702 2926 mihi

2126 2961 2343 3016 Christo
2366 2962 2599 3031 propitio
2626 2963 2677 3017 in
2713 2962 2818 3017 fide
2843 2961 3067 3018 fratrum
3091 2977 3332 3019 meorum
3374 2966 3706 3019 concordare

2128 3054 2473 3119 sententiam,
2503 3054 2786 3123 praesentis
2814 3056 3022 3125 paginae
3068 3055 3333 3112 famulatu
3378 3056 3705 3124 respondere

441 3154 722 3222 celebrari,
753 3151 910 3208 etiam
941 3148 1073 3204 illud
1100 3157 1281 3203 tamen
1307 3147 1558 3202 convenit
1582 3147 1742 3216 justae
1786 3146 2021 3202 devotio-
2050 3135 2096 3196 C
2129 3142 2193 3197 ad
2217 3143 2461 3197 consulta
2484 3158 2775 3214 prtesumo.
2804 3143 3010 3199 Jubetis
3034 3145 3196 3215 igitur
3220 3186 3235 3211 ,
3291 3145 3497 3227 ostendi
3550 3146 3705 3200 vobis

442 3250 524 3303 nis
555 3247 796 3315 intelligi,
827 3254 884 3299 ut
913 3243 1132 3299 directis
1159 3240 1403 3296 litterarii
1429 3241 1695 3295 sermonis
1721 3239 1915 3295 officiis
1939 3240 2019 3295 al-

442 3339 617 3408 loquia
645 3338 733 3391 illa
761 3342 1059 3405 captemus,
1090 3333 1283 3404 quibus
1310 3346 1396 3387 me
1434 3331 1775 3401 pontificatus
1811 3341 2012 3401 vester,

440 3431 522 3485 vel
549 3438 867 3500 prmsentem
898 3427 1118 3481 monitis
1146 3426 1347 3491 docuit,
1395 3425 1479 3479 vel
1524 3424 1802 3480 absentem
1850 3426 2015 3480 inter-

438 3522 774 3577 cessionibus
798 3520 1099 3590 acquisivit.
1146 3518 1253 3573 Nec
1291 3532 1433 3572 nunc
1484 3518 1690 3588 paginae
1735 3519 2013 3585 praesentis

437 3613 748 3681 obsequium
787 3620 1000 3680 reperta
1046 3608 1417 3680 Opportunitas
1469 3608 1866 3676 complectitur;
1916 3608 2012 3664 sed

436 3706 704 3760 destinato
736 3703 803 3758 ad
835 3716 928 3757 vos
956 3703 1183 3757 diacono
1208 3703 1503 3771 portitore,
1551 3701 1667 3754 viro
1722 3701 2014 3756 venerabili

437 3798 671 3859 Juliauo,
717 3794 782 3847 ad
838 3791 1157 3847 universalis
1205 3791 1458 3846 Ecclesiae
1506 3791 1791 3859 praesulem
1822 3792 2014 3861 spiritu

436 3893 855 3958 repraesentante
881 3882 1276 3937 concurrimus.
1307 3882 1513 3937 Crescit
1556 3882 1754 3951 quippe
1806 3882 2014 3937 benefi-

433 3983 638 4035 ciorum
667 3974 1039 4032 recordatione
1059 3972 1387 4048 desiderium
1424 3990 1434 4024 :
1468 3986 1569 4026 nec
1600 3987 1834 4042 unquam
1877 3972 2014 4028 meis

507 4173 531 4200 λ
555 4162 657 4215 Per
685 4158 949 4212 lulianum
981 4155 1266 4211 diaconum
1319 4167 1499 4208 sacras
1548 4154 1801 4221 reliquias
1848 4154 2015 4220 Sigis-

434 4233 663 4288 muudus
684 4244 774 4283 rex
799 4228 977 4297 petita
1000 4225 1323 4297 Symmacho
1354 4239 1485 4293 papa
1515 4264 1529 4287 ,
1560 4240 1589 4277 a
1617 4241 1721 4292 qtto
1751 4228 1881 4279 alias
1901 4227 2011 4293 jam

437 4305 638 4368 pridem
670 4295 969 4364 acceperat.
1000 4295 1309 4368 Symmachi
1344 4297 1902 4368 porro_pap:e_o_hitus
1930 4297 2010 4350 iu-

433 4363 565 4428 eidit
590 4373 644 4425 in
667 4363 941 4424 Sena’toris
967 4363 1303 4421 consulatum
1331 4380 1473 4419 anno
1496 4364 1695 4417 Christi
1727 4363 1787 4418 51
1803 4365 2012 4419 i.Gun-

432 4444 675 4497 tlohadus
696 4438 1220 4508 Sigismundipater
1268 4434 1486 4508 biennio
1535 4441 1656 4508 post
1707 4436 2003 4508 occubuit,

438 4514 591 4568 l‘etro
620 4503 860 4567 consule.
891 4512 958 4561 At
996 4503 1366 4574 Sigismundus
1421 4504 1472 4557 iu
1528 4503 1769 4569 epistola:
1819 4507 2008 4560 inscri—

436 4562 741 4647 ptione'r—e—xi
762 4562 1083 4646 appellatur:
1105 4576 1330 4647 Constat
1358 4588 1487 4647 ergo
1516 4562 1667 4647 patre
1690 4574 1882 4647 Adhuc
1918 4590 2006 4631 su-
2034 4562 2084 4620 υ

435 4643 652 4720 perstite
677 4643 818 4718 regis
839 4643 1043 4720 nomen
1067 4646 1381 4720 obtinuisse.
1412 4643 1767 4720 Fredegarius
1803 4646 1854 4699 in
1884 4647 2007 4720 Epif

434 4713 573 4777 inme
600 4736 718 4787 cap.
742 4713 814 4773 34
860 4734 873 4770 :
926 4715 1228 4787 Gundebadi
1280 4713 1417 4780 ﬁlius
1469 4714 1827 4787 Sigismundus
1870 4713 2007 4783 apud

432 4785 771 4846 Genaveniem
800 4790 966 4839 urbem
998 4787 1115 4837 villa
1150 4785 1443 4850 Quadruvio
1464 4786 1618 4852 jussu
1659 4786 1820 4850 patris
1849 4788 2009 4839 sublt'n

431 4873 597 4915 mamr
636 4864 687 4913 ίη
741 4874 992 4927 regnum;
1032 4857 1171 4927 qugd
1223 4854 1367 4927 Marii
1419 4869 1629 4927 quoque
1680 4855 2004 4927 Chronicum

429 4933 709 4985 confirmat
742 4924 821 4982 his
855 4928 1050 4987 verbis,
1085 4924 1344 4977 Florentio
1392 4936 1436 4976 et
1482 4924 1749 4977 Anthemio
1801 4927 1819 4992 (
1847 4926 1896 4980 id
1925 4936 2008 4980 est

429 5018 572 5054 anno
607 5003 693 5069 qui
724 5003 861 5052 inter
886 4996 1191 5069 Symmachi
1231 5004 1285 5047 et
1319 4994 1630 5069 Gundohatli
1680 4995 1881 5048 obitum
1924 5000 2005 5050 itt-

432 5065 718 5137 tercess'it).
752 5070 847 5122 "is
877 5065 1166 5119 consulibus
1189 5066 1552 5137 monasterium
1592 5065 1803 5137 Aganno
1834 5081 1864 5117 a
1891 5084 2006 5137 rege

433 5134 766 5207 Sigismundo
796 5146 1158 5207 constructum.
1186 5135 1346 5207 Atqui
1365 5134 1455 5207 bis
1484 5134 1794 5207 consulibus
1832 5134 2004 5203 ponti-

433 5201 517 5264 fek'
546 5211 729 5265 Romae
747 5211 857 5279 jam
893 5213 1010 5261 erat
1049 5205 1329 5260 Hormisda
1359 5204 1665 5279 Symmachi
1696 5201 2000 5279 successor.

430 5282 607 5347 Quare
638 5275 861 5333 non'illo
887 5279 1113 5345 primum
1140 5290 1279 5327 anno
1301 5290 1389 5347 res
1411 5276 1578 5328 dictus
1603 5275 1999 5347 Sigismundus,

429 5344 587 5417 quem
621 5344 925 5420 Symmachi
957 5358 1108 5420 antea
1134 5344 1466 5420 temporibus
1490 5360 1685 5399 nomen
1736 5344 1836 5400 hoc
1880 5362 2001 5416 ges—

429 5415 565 5476 sisse
594 5415 767 5487 arguit
795 5418 1033 5487 epistola)
1055 5415 1350 5487 inscriptio.

503 5490 528 5529 δ
553 5484 765 5545 Librum
794 5489 861 5542 de
880 5486 1074 5541 Christi
1112 5486 1393 5539 Divinitate
1419 5495 1573 5538 vocat
1596 5485 1785 5539 Florus
1812 5484 1992 5539 diaco-

431 5576 560 5624 nus,
595 5559 1018 5627 quandocunqtte
1060 5554 1524 5627 epistolatn__h:nic
1573 5560 1701 5627 citat
1742 5557 1794 5609 in
1845 5556 1992 5609 Pauli

433 5630 592 5681 verba
615 5624 679 5683 ad
714 5624 1000 5690 Romanos,
1029 5626 1243 5681 Galatas
1264 5635 1320 5676 et
1343 5624 1613 5679 Hebraeos.
1648 5626 1701 5678 In
1742 5643 1802 5679 ea
1849 5629 1990 5679 enim

444 5700 754 5754 Gundebadi
783 5696 1057 5771 quaestioni
1088 5694 1682 5763 reSpondcns,osteudit
1712 5697 1759 5748 in
1786 5697 1996 5749 Christo

2122 3234 2384 3291 rationem
2413 3237 2493 3291 vel
2523 3237 2697 3305 potius
2727 3237 3121 3301 auctoritatem,
3169 3252 3270 3307 qua
3312 3247 3490 3307 pateat
3531 3237 3701 3293 Deum

2123 3325 2372 3381 habuisse
2402 3326 2453 3381 in
2484 3327 2759 3382 divinitate
2779 3327 3151 3394 substantiam,
3183 3328 3487 3398 priusquam
3511 3343 3699 3384 sume-

2120 3426 2201 3471 ret
2230 3418 2297 3473 de
2328 3419 2691 3474 incarnatione
2720 3429 2993 3487 naturam;
3025 3428 3078 3475 et
3109 3435 3202 3489 per
3227 3421 3327 3475 hoc
3356 3421 3699 3490 perniciosis-

2119 3513 2252 3567 sima
2291 3515 2512 3568 hmresis
2558 3514 2643 3569 illa
2673 3515 2935 3583 vincatur,
2974 3531 3093 3584 quae
3137 3514 3418 3569 Dominum
3453 3522 3698 3569 nostrum

2118 3616 2184 3657 cx
2221 3604 2380 3660 Maria
2410 3606 2638 3676 cmpisse
2666 3606 3016 3670 contendens,
3061 3607 3221 3662 etiam
3271 3606 3433 3662 Deum
3486 3608 3698 3664 Patrem

2119 3699 2169 3754 in
2200 3699 2319 3756 Filii
2347 3702 2718 3757 exsecratione
2745 3699 3103 3769 blaSphemat.
3135 3699 3367 3755 Necesse
3396 3712 3478 3755 est
3508 3702 3653 3757 enim
3678 3747 3693 3771 ,

2117 3799 2370 3860 quantum
2401 3792 2467 3847 ad
2494 3792 2635 3856 illos,
2660 3790 3049 3860 imperfectioni
3078 3791 3273 3845 divinae
3294 3791 3491 3861 aliquid
3517 3807 3703 3848 accre-

2118 3884 2280 3948 visse,
2309 3883 2354 3937 si
2380 3884 2543 3937 tantis
2566 3890 2714 3938 retro
2737 3883 2951 3938 saeculis
2996 3883 3113 3939 sine
3140 3883 3250 3936 filio
3281 3898 3526 3945 manens.
3562 3900 3699 3953 pene

2110 3976 2223 4045 jam
2252 3973 2304 4028 in
2332 3976 2561 4029 termino
2586 3972 2765 4029 tnundi
2795 3974 3036 4029 labentis.
3076 3988 3197 4028 cum
3239 3973 3402 4029 Maria
3448 3978 3695 4044 prolem,

2120 4157 2370 4222 Domino,
2401 4160 2711 4227 priusquam
2740 4160 2902 4215 homo
2932 4164 3105 4229 fieret,
3132 4170 3387 4218 aeternam
3423 4161 3585 4214 fuisse
3614 4163 3699 4216 di-

2118 4229 2413 4283 vinitatem.
2449 4231 2705 4285 adversus
2732 4231 2977 4286 haeresim
3011 4234 3218 4287 illorum
3272 4234 3361 4299 qui
3414 4248 3479 4285 ex
3533 4231 3694 4286 Maria

2115 4300 2347 4371 cmpisse
2371 4300 2784 4354 contendebant.
2820 4303 2892 4355 De
2921 4303 3110 4367 quibus
3144 4303 3470 4371 Augustinus
3502 4304 3695 4357 lueresi

2116 4368 2185 4420 Η
2214 4386 2227 4422 :
2260 4368 2522 4433 Pontiani,
2551 4372 2741 4440 inquit,
2766 4388 2796 4424 a
2826 4372 2996 4425 Paulo
3031 4368 3390 4435 Samosatam,
3434 4370 3693 4425 Christum

2118 4456 2218 4509 non
2249 4456 2444 4509 semper
2467 4441 2624 4509 fuisse
2644 4443 2842 4507 dicunt,
2865 4447 2951 4496 sed
2973 4444 3086 4509 eius
3128 4445 3329 4496 initium
3377 4458 3443 4495 ex
3487 4459 3585 4509 quo
3629 4444 3696 4497 de

2119 4507 2291 4583 Maria
2318 4507 2474 4564 natus
2495 4524 2567 4563 est
2597 4522 2923 4583 asseverant;
2957 4507 3045 4565 nec
3071 4515 3267 4583 at’iquid
3296 4507 3514 4577 amplius
3538 4529 3694 4581 quam

2110 4577 2366 4653 hominem
2392 4590 2591 4650 putant.
2623 4580 2732 4635 Ista
2755 4584 2960 4636 Itwresis
2993 4577 3271 4653 aliquundo
3300 4577 3570 4653 cujusdam
3598 4584 3695 4635 Ar-

2118 4651 2330 4721 t_emont'a
2389 4652 2527 4719 fuit;
2565 4654 2652 4705 sed
2693 4668 2808 4704 cum
2866 4651 3168 4721 defecisset,
3211 4651 3498 4706 instaurata
3548 4665 3618 4705 est
3662 4670 3695 4705 α

2123 4718 2310 4792 Paulo,
2335 4718 2581 4792 etpos'ea
2604 4723 2676 4774 sic
2704 4739 2736 4775 α
2762 4718 2982 4775 Plautino
3010 4725 3311 4792 conﬁrmata
3336 4764 3351 4786 .
3403 4734 3456 4775 tu
3508 4721 3693 4775 Plauti-

2117 4790 2259 4842 niani
2282 4807 2434 4853 quam
2464 4790 2710 4863 Pnuliam‘
2738 4794 2982 4846 celebrius
3011 4790 3385 4863 nuncupentur.
3430 4792 3698 4863 Photinia-

2117 4874 2213 4930 nos
2242 4872 2443 4927 autem,
2469 4876 2559 4915 seu
2587 4862 2961 4920 l‘aulianistas.
2998 4879 3090 4929 per
3114 4862 3229 4917 lucc
3278 4874 3516 4930 tempora
3561 4862 3693 4917 Gal-

2118 4929 2241 4982 liam
2272 4931 2553 4985 infestasse
2584 4932 2786 4985 indicat
2807 4934 3089 4987 concilium
3122 4929 3436 4987 Arelatense
3471 4948 3527 4993 tt,
3569 4948 3693 4998 cap.

2120 5000 2206 5062 16.
2238 5010 2293 5054 et
2315 5001 2518 5054 Sidonii
2546 5004 2769 5067 epistola
2796 5004 2881 5065 12,
2913 5002 3002 5057 lib.
3040 5019 3110 5069 tv,
3148 5004 3211 5055 ad
3245 5003 3535 5056 Patieutetn
3578 5003 3699 5067 epi-

2113 5084 2333 5137 scopum
2365 5072 2799 5139 Lugdunensem.
2832 5072 2985 5128 Unde
3011 5085 3064 5128 et
3108 5074 3293 5127 beatus
3321 5088 3530 5139 quoque
3564 5073 3699 5125 Avi-

2113 5148 2198 5191 tus
2229 5140 2671 5195 Photinianorum
2705 5144 3078 5197 haereticorum
3118 5143 3480 5197 validissimus
3522 5156 3699 5210 expuv

2109 5218 2302 5278 gnator
2322 5210 2517 5265 dicitur
2540 5212 2607 5265 ab
2638 5213 2943 5279 Agohardo.

2182 5290 2206 5321 ο
2240 5279 2518 5335 Diversum
2550 5291 2631 5336 est
2661 5284 2760 5336 hoc
2789 5283 3073 5336 concilium
3105 5298 3134 5336 a
3164 5282 3336 5345 primo
3366 5281 3699 5351 Lugdunen-

2106 5347 2174 5408 si.
2199 5351 2338 5417 quod
2359 5351 2497 5405 inter
2517 5354 2740 5406 concilia
2767 5353 2953 5405 Gallia:
2975 5363 3121 5407 tomo
3148 5353 3169 5407 I
3195 5347 3481 5415 edidimus,
3513 5354 3562 5405 in
3585 5368 3703 5419 quo

2106 5418 2347 5492 discussa
2376 5430 2463 5475 est
2504 5422 2605 5492 sub
2646 5423 2992 5491 Sigismundo
3040 5437 3196 5477 causa
3248 5423 3543 5492 Stephani,
3597 5418 3701 5490 qui

2105 5488 2237 5543 duas
2261 5504 2476 5546 sorores
2504 5488 2750 5546 duxerat.
2787 5492 2900 5546 Hoc
2920 5493 3062 5546 enim
3091 5493 3190 5547 sub
3218 5488 3550 5547 Gundohado
3577 5488 3702 5559 jam

2107 5570 2455 5622 praecesserat
2487 5578 2501 5613 :
2536 5561 2632 5615 sed
2664 5563 2715 5615 in
2748 5576 2812 5615 eo
2836 5563 2962 5630 quid
2990 5573 3167 5616 actum
3190 5564 3262 5617 sit
3284 5563 3703 5624 nescimus,nisi

2105 5630 2243 5695 quod
2277 5645 2336 5684 se
2367 5633 2674 5685 interfuisse
2708 5634 2895 5687 Avitus
2926 5634 3191 5702 significat
3229 5646 3350 5688 cum
3396 5631 3706 5689 Carthcnin

2109 5703 2324 5754 incertae
2359 5702 2501 5755 sedis
2525 5704 2801 5771 episcopo.
