4024 6172
236 308 344 364 2ιὸ

1575 296 1905 353 EPISTULA
1950 296 2138 352 ΧΧΙΧ.

3405 297 3509 351 εισι

234 437 345 481 ιιιιιι
374 424 462 480 ille
488 422 691 476 habere
714 425 993 486 Incmtet‘tl
1023 413 1395 485 ραιετιιίωιειιι
1430 430 1440 463 ε
1469 428 1530 465 εκ
1565 429 1593 463 a
1617 422 1813 467 setttel-
1842 412 1889 470 Α
1922 425 1969 469 te
1998 426 2268 486 antequam
2299 417 2515 471 mundus
2547 417 2684 485 ﬁeret
2710 415 2891 485 (Joan.
2924 430 3056 479 ιινιι,
3093 413 3176 482 5).
3218 413 3323 469 Sed
3368 414 3513 468 forte

235 517 365 582 ipsis
392 514 709 569 assertionis
736 526 848 565 sua:
876 507 1197 564 necessitate
1212 504 1511 569 constricti,
1541 521 1699 574 quem
1726 522 1823 563 no-

234 612 435 663 rninant
459 606 649 668 ﬁlium,
674 604 943 672 denegant
970 601 1160 655 Deum.
1192 592 1446 654 Sentium
1470 598 1635 651 enim.
1661 612 1822 654 sanas

232 718 258 754 a
284 714 391 754 tres
424 699 564 753 ferre
588 711 693 751 non
729 709 887 763 posse
916 702 973 746 ut
1000 700 1125 745 ante
1150 705 1253 744 non
1283 689 1480 743 multos
1520 689 1697 743 adhuc
1726 705 1824 743 an-

232 809 328 848 nos
361 791 504 845 Deus
534 788 765 857 coepisse
810 784 1060 839 credatur
1088 798 1154 837 ex
1186 781 1421 835 homine.
1474 780 1579 834 Sed
1639 782 1821 835 nescio

234 887 286 937 in
319 899 476 951 quem
505 880 756 935 effectura
789 876 1087 945 redemptio
1119 884 1300 929 nostra
1329 874 1599 936 surrexit,
1634 875 1677 927 si
1713 888 1820 927 non

231 986 495 1030 ('t'ealtlftn
519 988 630 1027 sum
652 970 881 1041 pretium
908 970 1047 1024 Deus
1074 965 1301 1022 exstitit.
1350 965 1457 1019 Nec
1502 964 1646 1020 enim
1680 965 1821 1018 redi-

236 1083 383 1122 mere
413 1067 580 1122 homo
608 1064 755 1120 solus
786 1062 1056 1117 hominem
1102 1068 1305 1129 poterat
1332 1074 1346 1124 ;
1378 1068 1467 1112 aut
1510 1059 1597 1127 qui
1632 1060 1681 1112 in
1728 1071 1823 1112 su-

230 1161 415 1231 pernis
445 1168 499 1213 et
531 1158 671 1211 Deus
696 1166 801 1222 est,
825 1154 972 1225 eguit
1004 1152 1394 1221 redemptione.
1446 1150 1653 1205 Jubetis
1697 1164 1825 1219 ergo

231 1265 286 1306 ut
314 1253 424 1306 haec
453 1267 574 1320 qua:
603 1250 811 1303 ratione
837 1247 1140 1313 colligimus
1167 1244 1486 1298 auctoritate
1507 1242 1823 1297 doceamus.

230 1344 478 1399 Sufﬁciat
516 1358 647 1411 ergo
695 1340 1010 1394 acrimonias
1039 1346 1234 1392 vestrae
1262 1335 1502 1404 paucitas
1547 1336 1824 1404 exemplo-

232 1453 376 1502 rum,
399 1451 527 1503 quae
549 1445 760 1502 sumpta
790 1431 858 1486 de
897 1430 1140 1499 pluribus
1181 1429 1455 1485 abundant
1497 1438 1843 1497 cegnosevre

230 1530 462 1597 cupienti
491 1546 505 1580 :
534 1536 790 1581 ca-terum
820 1523 1176 1579 renitentibus
1204 1521 1400 1577 animis
1441 1530 1495 1576 et
1534 1521 1589 1574 in
1620 1536 1711 1574 sua
1746 1520 1825 1573 in-

231 1620 554 1675 credulitate
579 1617 917 1681 durantibus,
965 1615 1010 1669 si
1042 1614 1218 1685 aliqua
1261 1630 1368 1669 non
1419 1612 1783 1668 satisft'cerint
1809 1657 1823 1680 ,

231 1724 445 1765 cuncta
487 1725 597 1765 non
652 1708 968 1778 proderunt.
1028 1706 1217 1761 Esaias
1259 1703 1826 1761 conclamantissimus

1931 512 2108 563 ethoc
2139 518 2357 578 putatur
2386 510 2715 577 addendum,
2748 520 2805 563 ut
2835 525 2957 563 eum
2988 508 3152 563 ﬁliutn
3181 507 3511 562 nominatum

1926 599 2295 671 cuiuscunque
2321 602 2553 671 exempli
2580 602 2895 656 auctoritate
2912 600 3216 656 doceamus.
3235 601 3290 654 lu
3308 600 3513 669 psalmo

1928 695 2032 748 ait:
2055 693 2303 746 Dominus
2328 694 2456 747 dixit
2478 695 2547 746 ad
2578 710 2684 747 me:
2707 693 2875 747 Filius
2901 710 3040 747 meus
3066 709 3118 747 es
3140 702 3227 757 tu;
3254 708 3345 760 ego
3362 691 3513 744 ltodie

1928 787 2083 857 genui
2107 796 2154 837 te
2176 784 2353 854 (Psal.
2383 801 2439 851 ιι,
2466 783 2538 855 7).
2564 785 2734 839 llodle
2758 784 2844 840 hic
2872 784 3143 839 mternitas
3159 782 3508 852 signiﬁcatur,

1928 900 2047 955 qua:
2077 884 2307 939 termino
2329 895 2486 953 atque
2514 885 2779 954 principio
2806 884 3029 951 perinde
3054 893 3202 939 caret
3244 902 3256 937 :
3288 884 3372 939 cui
3404 901 3510 938 non

1930 977 2396 1045 pariuntcrastina
2426 986 2664 1046 tempora
2697 977 2929 1030 futurum
2953 1019 2966 1038 ,
3005 992 3104 1030 nec.
3147 976 3363 1043 rapiunt
3416 977 3511 1030 be-

1928 1079 2109 1122 sterna
2137 1077 2487 1122 transactum.
2520 1069 2693 1122 Penes
2721 1083 2817 1122 nos
2842 1084 2990 1136 ergo,
3034 1083 3128 1139 per
3169 1069 3512 1123 tenebrarum

1930 1159 2073 1213 vices
2100 1158 2197 1213 ista
2228 1168 2530 1223 mutantur;
2562 1158 2702 1227 apud
2738 1160 2902 1214 Deum
2936 1174 3096 1223 vero,
3128 1159 3212 1214 cui
3258 1175 3364 1213 nox
3406 1176 3513 1212 non

1929 1262 2032 1315 est,
2064 1266 2279 1319 semper
2308 1250 2465 1305 hodie
2490 1262 2595 1304 est.
2628 1251 2779 1316 Quod
2811 1260 2987 1304 tamen
3018 1250 3061 1305 si
3089 1251 3325 1304 lueretici
3358 1250 3514 1303 aliter

1928 1343 2114 1396 volunt
2142 1340 2474 1409 intelligere,
2523 1350 2708 1397 ttostra
2750 1356 2855 1396 non
2903 1339 3089 1395 refert.
3123 1340 3252 1392 Nam
3292 1354 3415 1392 cum
3447 1338 3514 1391 de

1930 1435 2047 1488 solo
2078 1433 2297 1487 nomine
2329 1433 2419 1486 lilii
2446 1432 2541 1487 Dei
2567 1446 2813 1501 agamus,
2844 1430 3004 1501 quale
3034 1430 3219 1484 volunt
3247 1430 3400 1483 Itodie
3427 1444 3513 1483 ac-

1929 1526 2169 1595 cipiant,
2202 1526 2509 1579 concessuri
2551 1534 2713 1589 sunt,
2771 1533 2830 1578 ut
2883 1532 3009 1578 ante
3061 1524 3301 1591 genuerit
3351 1522 3512 1576 lilium

1933 1627 2105 1683 pater,
2134 1633 2294 1687 quam
2331 1628 2503 1671 mater
2534 1616 2786 1671 ediderit.
2816 1617 2976 1671 Certe
3012 1617 3093 1671 vel
3135 1616 3392 1671 Salomon
3427 1615 3512 1671 cui

1934 1709 2220 1762 maximam
2252 1708 2303 1761 in
2328 1708 2609 1777 scrip'uris
2635 1708 2906 1762 Veteribus
2930 1708 3305 1763 auctoritatem
3336 1709 3513 1776 singu-

232 1804 646 1873 prophetarum,
698 1799 1028 1853 nativitatem
1064 1796 1265 1851 Christi
1303 1796 1505 1865 Spiritu
1552 1795 1823 1849 revelante
1856 1773 1903 1834 Β
1931 1801 2060 1855 laris
2088 1800 2349 1869 sapientia
2384 1773 2535 1862 facit,
2561 1800 2875 1869 planissime
2907 1800 3073 1853 ﬁlium
3117 1801 3168 1853 in
3212 1773 3513 1855 Pioverbiis

234 1892 569 1962 prospiciens
603 1908 614 1942 :
652 1888 926 1953 Parvulas,
958 1888 1150 1958 inquit,
1175 1896 1322 1941 natus
1344 1897 1417 1941 est
1445 1886 1592 1941 uobis
1620 1927 1635 1953 ,
1684 1886 1834 1954 ﬁlius

230 1991 380 2039 datus
412 1994 485 2037 est
510 1982 693 2046 uobis;
717 1994 765 2037 et
796 1982 1057 2035 vocabitur
1096 1996 1281 2033 nomen
1318 1981 1430 2051 ejus
1470 1979 1822 2041 admirabilis,

231 2076 581 2141 consiliarius,
606 2072 744 2127 Deus
773 2072 941 2143 fortis,
968 2080 1112 2141 pater
1132 2070 1297 2141 futuri
1320 2070 1497 2124 ste-culi
1528 2110 1543 2135 ,
1589 2068 1824 2136 princeps

234 2171 373 2239 pacis
404 2167 563 2239 (lsni.
590 2184 667 2231 tx,
690 2166 769 2237 6).
796 2165 1096 2229 Intuemini,
1126 2178 1330 2233 quasso,
1378 2161 1530 2217 verbi
1560 2162 1820 2230 vigorem.

234 2261 500 2315 l‘arvulus
538 2260 696 2313 datus
722 2265 806 2312 est
834 2256 1008 2321 nobis,
1045 2256 1186 2311 ﬁlius
1209 2256 1367 2310 datus
1389 2262 1472 2310 est
1494 2253 1670 2312 nobis.
1696 2252 1829 2306 Par-

236 2354 393 2406 vulos
425 2363 587 2406 natus
610 2360 717 2416 est,
742 2359 797 2405 et
828 2349 967 2403 ﬁlius
987 2347 1145 2402 datus
1177 2363 1193 2402 :
1229 2355 1380 2400 natus
1408 2354 1490 2400 est
1521 2345 1675 2399 nobis
1726 2344 1826 2398 lto-

236 2447 397 2498 minis
426 2445 590 2507 ﬁlius,
614 2443 772 2496 datus
796 2450 879 2496 est
902 2441 1028 2505 Dei;
1055 2449 1108 2494 et
1148 2439 1426 2493 vocabitur
1475 2437 1614 2492 Deus
1652 2436 1827 2491 fortis.

236 2540 308 2590 Ac
339 2536 386 2588 si
421 2535 651 2597 diceret,
682 2534 821 2588 Deus
848 2542 899 2588 et
922 2531 1105 2598 homo,
1151 2531 1293 2585 Dens
1323 2531 1410 2600 qui
1438 2540 1717 2584 creaverat
1749 2529 1829 2583 vi-

238 2640 371 2693 tam,
407 2628 562 2681 fortis
590 2628 677 2693 qui
710 2626 947 2680 vinceret
974 2634 1223 2679 mortem.
1252 2624 1417 2693 Cujus
1448 2622 1784 2677 divinitatem
1809 2661 1824 2685 ,

236 2722 334 2772 sub
363 2718 548 2772 verbis
571 2718 765 2771 scribae
794 2732 856 2772 ac
902 2716 1156 2784 discipuli
1200 2715 1282 2770 sui
1323 2716 1583 2786 propheta
1638 2713 1827 2767 llicre-

238 2812 371 2862 mias
400 2807 698 2863 ostendens
727 2809 804 2861 sic
832 2809 906 2863 ait
945 2822 962 2862 :
1011 2807 1115 2861 llic
1157 2818 1229 2862 est
1277 2806 1418 2861 Deus
1466 2812 1638 2859 noster
1666 2818 1685 2857 :
1724 2820 1827 2857 non

235 2903 579 2956 (Pslimabitttr
606 2902 738 2956 alius
760 2902 829 2955 ad
861 2918 991 2956 eum.
1022 2901 1225 2957 Invenit
1248 2917 1452 2955 omnem
1494 2902 1628 2955 viam
1672 2904 1833 2957 disci-

234 2999 425 3067 plima:
450 2997 594 3050 dedit
618 2994 779 3049 Jacob
808 3011 966 3065 puero
996 3012 1113 3061 suo,
1148 3006 1198 3049 et
1246 2993 1411 3049 Israel
1455 2995 1639 3051 dilecto
1692 3011 1829 3058 suo;

236 3106 278 3147 et
300 3103 412 3163 post
440 3094 551 3147 ha’c
574 3094 625 3146 in
648 3103 784 3145 terra
811 3093 943 3145 visus
965 3101 1057 3155 est,
1086 3102 1131 3145 et
1156 3092 1531 3147 iuterlromines
1553 3108 1824 3147 conversa-

246 3196 322 3239 tus
349 3183 608 3255 (Buruclt.
637 3198 716 3249 ιιι,
744 3181 859 3252 56).
888 3183 1038 3250 Quod
1062 3182 1107 3237 si
1138 3192 1221 3238 est
1259 3182 1416 3247 forte,
1447 3184 1531 3237 cui
1564 3184 1677 3238 hinc
1707 3201 1825 3253 qua:

240 3278 305 3331 de
334 3276 574 3343 antiquis
601 3275 867 3345 ponimus,
888 3277 1116 3330 obscura
1130 3275 1429 3340 videantur,
1446 3275 1583 3344 legat
1608 3288 1827 3344 aposto-

238 3364 341 3421 ilum
376 3368 605 3421 Paulum
634 3409 647 3431 ,
684 3366 772 3435 qui
803 3381 923 3420 cum
973 3381 1264 3435 corporeus
1314 3378 1562 3437 parentes
1616 3367 1826 3423 Domini

238 3467 710 3523 eontrncmoraret,
743 3458 970 3525 Quorum
995 3466 1186 3529 patres,
1214 3459 1407 3529 inquit,
1449 3470 1495 3513 et
1539 3477 1602 3514 ea:
1644 3461 1824 3529 quibus

241 3552 475 3606 Christus
502 3552 786 3604 secundum
814 3566 1041 3615 carnem,
1064 3553 1149 3620 qui
1170 3560 1241 3605 est
1274 3568 1428 3620 super
1466 3553 1639 3606 omnia
1690 3554 1825 3608 Deus

241 3646 531 3698 benedictus
559 3644 613 3696 in
638 3643 825 3697 sa‘cttla
856 3641 1034 3713 (Rom.
1080 3658 1154 3707 Ix,
1193 3644 1272 3713 5).
1313 3644 1446 3698 Nam
1496 3655 1551 3700 et
1589 3646 1825 3700 Thomas

243 3737 538 3804 apostolus,
563 3749 686 3789 cum
716 3736 766 3788 in
807 3735 1111 3790 resuscitati
1150 3736 1459 3792 mediatoris
1492 3752 1623 3807 corp
1646 3755 1719 3794 ire
1763 3740 1822 3794 ﬁ-

244 3843 398 3882 suras
423 3829 720 3890 claxorum,
753 3824 985 3880 hiulcum
1013 3827 1348 3894 trauspuncti
1379 3828 1560 3883 lateris
1587 3831 1822 3899 signum,

244 3919 405 3987 digito
436 3928 679 3973 tentante
710 3918 1001 3986 palpasset,
1034 3919 1250 3972 virtutis
1279 3919 1647 3988 experimenta
1688 3925 1828 3978 inter

245 4009 573 4064 inﬁrmitatis
605 4009 797 4062 indicia
825 4009 1103 4077 colligens,
1123 4008 1202 4063 sic
1232 4010 1519 4076 clamavit;
1573 4012 1825 4068 Dominus

246 4118 403 4167 meus,
433 4110 485 4153 et
514 4100 647 4153 Deus
674 4114 814 4153 meus
842 4099 1023 4169 (Joan.
1049 4115 1145 4162 xx,
1163 4098 1278 4167 28).
1302 4100 1440 4156 Ecce
1461 4103 1653 4171 quibus
1680 4107 1828 4159 testi-

248 4194 462 4260 moniis,
494 4191 661 4247 velint
701 4191 913 4258 nolint,
950 4190 1190 4245 haeretici
1245 4191 1383 4261 ipsi,
1424 4191 1729 4248 Iudaeorum
1776 4197 1826 4251 in

252 4286 550 4352 perditione
573 4281 851 4347 conﬁnes,
887 4284 956 4337 de
1001 4282 1123 4337 Filii
1162 4283 1445 4340 divinitate
1496 4286 1827 4342 vincuntur:

250 4391 475 4443 quorum
505 4375 666 4429 verbo
687 4374 877 4429 credas
916 4373 1132 4428 Judaeos
1167 4378 1218 4429 in
1269 4376 1564 4445 Evangelia
1607 4378 1828 4434 Joannis

255 4468 535 4521 Dominum
574 4466 892 4521 discussisse
920 4466 1163 4522 dicentes
1207 4484 1223 4523 :
1272 4472 1623 4540 Quadraginta
1665 4489 1831 4525 annos

251 4562 476 4613 nondum
499 4561 670 4625 babes,
704 4569 752 4613 et
778 4559 1040 4613 Abraham
1059 4561 1231 4615 vidisti
1282 4562 1459 4630 (Joan.
1510 4580 1600 4617 vttt
1626 4604 1640 4627 ,
1690 4566 1757 4620 57
1788 4562 1828 4633 ).

251 4653 428 4707 Atille
455 4654 624 4722 inquit
663 4667 676 4703 :
726 4651 885 4705 Amen
913 4651 1029 4704 dico
1073 4652 1231 4719 vobis,
1284 4663 1401 4707 ante
1441 4655 1702 4708 Abraham
1741 4673 1833 4727 ego

252 4760 363 4794 sum
393 4742 578 4811 (lbid.,
610 4743 726 4811 58).
753 4743 844 4797 Est
875 4742 993 4807 hic,
1040 4758 1192 4812 rogo,
1237 4745 1377 4814 quod
1428 4745 1717 4800 obscurare
1750 4749 1833 4802 vel

256 4835 441 4888 solens
484 4837 678 4902 queat?
704 4834 842 4900 Quid
874 4850 1019 4891 nunc
1062 4845 1259 4903 restat,
1296 4836 1393 4889 nisi
1434 4845 1489 4890 ut
1530 4839 1617 4905 qui
1646 4839 1831 4892 senior

252 4924 320 4976 ab
342 4924 604 4980 Abraham
625 4928 990 4995 cognoscitur,
1018 4926 1202 4995 junior
1234 4928 1314 4981 vel
1351 4927 1549 4981 mundo
1589 4930 1836 4984 dicatur?

256 5017 322 5070 Et
353 5017 509 5084 istuil,
541 5018 836 5088 quamlibet
862 5019 1258 5073 contentiusuin
1287 5021 1386 5086 sit,
1437 5021 1576 5074 vinci
1614 5030 1832 5090 potest,

252 5109 370 5175 ipso
395 5109 611 5163 Domino
643 5110 783 5163 inter
809 5110 1082 5178 passionis
1104 5112 1463 5165 contumelias
1494 5114 1831 5179 prodatnan-

253 5215 305 5255 te
338 5217 353 5253 :
387 5200 555 5270 Pater,
587 5201 820 5271 clari/ica
844 5217 921 5254 me
942 5217 997 5255 ea
1026 5200 1256 5255 claritate
1298 5219 1451 5271 quam
1499 5205 1651 5258 habui
1694 5209 1836 5274 apud

327 5418 352 5445 ἰ
393 5407 675 5475 Utriusque
709 5404 949 5475 epistolas
989 5403 1175 5459 eadem
1202 5402 1310 5476 fuit
1350 5407 1581 5468 occasio,
1613 5418 1832 5476 aposto-

252 5482 354 5535 lica
387 5480 650 5543 nimirum,
686 5478 737 5530 id
770 5488 853 5531 est
882 5476 1021 5530 beati
1069 5475 1212 5528 Petri
1258 5476 1541 5537 festivitas.
1575 5475 1694 5545 qua:
1722 5478 1831 5533 Ge-

249 5564 405 5605 nava:
444 5565 617 5602 annuo
664 5549 811 5600 cultu
857 5546 1247 5601 celebrabatur.
1298 5547 1629 5602 Genaveusis
1680 5550 1826 5604 enim

247 5622 490 5676 ecclesiae
509 5618 672 5673 tutela
696 5627 753 5672 et
775 5626 1027 5685 patronus
1046 5616 1230 5669 beatus
1254 5616 1468 5677 Petrus;
1496 5631 1547 5670 et
1571 5619 1826 5683 Genavze,

248 5694 461 5757 opinor,
483 5690 656 5744 diviso
700 5702 823 5741 cum
857 5697 1004 5756 patre
1032 5702 1217 5753 regno.
1248 5687 1413 5757 larem
1442 5688 1632 5740 ﬁxerat
1661 5690 1830 5754 Sigis-

250 5755 482 5819 niuudus
522 5778 532 5814 ;
571 5759 710 5824 quod
743 5772 796 5815 et
835 5755 901 5817 de
940 5759 1243 5827 Godcgisilo
1282 5755 1596 5815 Gundobadi
1639 5758 1823 5827 fratre,

1930 1904 1983 1948 et
2013 1893 2341 1948 lucidissime
2375 1894 2615 1947 nominat
2646 1893 2869 1949 dicens:
2900 1894 3027 1959 Quis
3054 1893 3311 1963 colligavit
3357 1909 3513 1960 aquas

1929 1988 2078 2056 quasi
2107 1986 2158 2038 in
2178 1984 2469 2039 vestimento
2484 1985 2507 2039 Ρ
2524 1986 2638 2048 quis
2660 1986 2922 2039 suscitavit
2946 2001 3117 2037 omnes
3140 1986 3381 2038 terminos
3413 1994 3514 2037 ter-

1931 2095 2002 2133 ra:
2022 2080 2047 2133 ?
2068 2077 2207 2148 quod
2231 2094 2409 2130 nomen
2434 2080 2570 2150 ejus,
2601 2086 2646 2129 et
2674 2077 2808 2145 quod
2832 2092 3013 2129 nomen
3047 2075 3143 2143 ﬁlii
3170 2077 3303 2145 ejus,
3340 2076 3383 2129 st'
3421 2090 3514 2127 no-

1929 2170 2215 2235 stilProv.
2268 2186 2412 2235 xxx,
2448 2169 2544 2239 4)?
2602 2169 2677 2223 De
2731 2167 3015 2237 prmteritis
3069 2167 3165 2220 ista
3224 2164 3512 2219 sufﬁciant.

1932 2264 2220 2334 Apostolus
2266 2271 2445 2316 autem
2498 2260 2629 2316 dicit
2684 2276 2698 2315 :
2753 2259 3033 2326 Postquam
3077 2259 3210 2313 venit
3253 2257 3516 2326 plenitudo

1932 2366 2235 2426 temporum,
2264 2355 2399 2407 misit
2425 2354 2561 2407 Deus
2582 2352 2776 2406 Filium
2794 2369 2940 2407 suum
2975 2350 3116 2422 (Cal.
3143 2367 3214 2414 tv,
3237 2351 3313 2421 4).
3335 2349 3516 2404 Enim-

1935 2462 2064 2501 vero
2087 2446 2176 2516 qui
2202 2446 2451 2509 mittitur,
2495 2453 2613 2499 erat
2639 2456 2922 2514 antequam
2963 2448 3281 2498 mitteretur.
3328 2444 3426 2510 Qui
3473 2443 3516 2496 si

1933 2550 2060 2596 ante
2092 2539 2308 2593 Mariam
2343 2553 2447 2592 non
2482 2537 2689 2600 fuisset,
2715 2537 2857 2591 hunc
2899 2536 3127 2591 similem
3152 2536 3360 2589 ca-teris
3389 2535 3517 2588 ado-

1937 2634 2045 2702 ptio
2070 2633 2269 2688 fecerat
2298 2632 2387 2686 Dei
2418 2632 2633 2699 Filium,
2667 2646 2771 2684 non
2802 2638 3011 2685 natura.
3045 2628 3153 2683 Nic
3179 2628 3233 2683 in
3272 2628 3517 2698 Evange-

1933 2728 2019 2782 liis
2047 2728 2161 2797 ipse
2193 2727 2417 2781 dixisset
2449 2744 2460 2778 :
2492 2724 2717 2778 Tantum
2746 2724 2888 2779 Deus
2926 2724 3104 2778 dilexit
3141 2725 3419 2789 mundum,
3464 2733 3518 2776 ut

1937 2817 2135 2874 Filium
2157 2836 2305 2872 suum
2337 2820 2542 2871 unicum
2572 2818 2713 2870 daret
2735 2815 2914 2883 (Joan.
2990 2830 3069 2881 ιιι,
3102 2814 3216 2882 lli).
3252 2813 3365 2867 Non
3409 2812 3517 2867 elc-

1934 2920 2078 2965 ctum
2102 2925 2230 2979 ergo
2257 2909 2321 2964 ab
2339 2909 2450 2977 ipsa
2476 2908 2727 2962 inell‘abili
2753 2906 3099 2975 paternitate,
3130 2904 3223 2960 sed
3245 2906 3515 2975 genitum:

1935 3003 2019 3058 cui
2048 3012 2154 3057 tam
2191 3002 2299 3055 Deo
2320 3014 2481 3068 quam
2528 2999 2729 3052 homini
2759 3011 2925 3062 vero,
2969 2997 3019 3051 in
3065 3007 3290 3064 utraque
3331 3005 3520 3050 natura

1938 3093 2167 3148 fideliter
2191 3092 2426 3161 prOprio,
2459 3090 2511 3144 in
2545 3089 2825 3143 divinitate
2859 3090 3120 3142 mansisse
3148 3087 3216 3142 de
3240 3088 3396 3141 Patre
3421 3128 3435 3150 ,
3465 3087 3516 3140 in

1939 3201 2167 3255 corpore
2189 3186 2422 3254 cmpisse
2452 3184 2518 3237 de
2549 3195 2718 3237 matre
2744 3190 2848 3236 est.
2876 3182 3000 3235 llmc
3027 3195 3175 3249 ergo,
3207 3180 3326 3248 quia
3358 3180 3519 3249 jussi-

1934 3279 2056 3345 stis,
2089 3278 2331 3347 quadam
2378 3273 2747 3344 responsionis
2789 3285 2992 3327 nostrae
3029 3271 3259 3325 indicula
3286 3311 3301 3335 ,
3345 3279 3401 3325 et
3452 3270 3517 3324 ad

1931 3370 2299 3429 elucidandam
2336 3368 2619 3424 veritatem
2653 3382 2817 3436 pauca
2852 3364 3282 3420 testimoniorum
3311 3364 3520 3418 semina

1935 3465 2209 3523 transmisi
2237 3482 2250 3521 :
2282 3478 2402 3532 qua:
2433 3462 2600 3532 possit
2634 3460 2851 3530 quidem
2885 3455 3177 3512 acrimonia
3224 3462 3402 3510 vestra
3434 3453 3520 3509 vel

1928 3560 2230 3632 eloquentia
2255 3558 2308 3612 in
2333 3557 2537 3626 frugem
2567 3555 2758 3609 salutis
2772 3552 2987 3607 Christo
3013 3552 3266 3621 irrigante
3290 3553 3519 3604 nutrite.

1928 3653 2033 3707 Sed
2067 3652 2111 3705 si
2143 3650 2208 3704 sit
2239 3649 2519 3717 quisquam
2543 3646 2609 3700 de
2634 3644 2717 3698 his
2741 3654 2927 3699 contra
2956 3656 3092 3711 quos
3117 3641 3515 3711 agitnus,quem

1930 3744 2014 3797 his
2043 3750 2223 3797 vestro
2246 3738 2453 3810 judicio
2505 3737 2569 3790 ad
2627 3744 2796 3789 totum
2849 3733 3196 3799 respondisse
3244 3734 3515 3798 credatis,

1930 3834 2056 3888 licet
2103 3832 2210 3886 sint
2248 3828 2640 3898 vigilantissimi
2697 3825 2750 3877 in
2803 3822 3066 3878 catholica
3117 3830 3171 3876 et
3225 3824 3521 3877 ﬁdelissimi

1931 3934 2281 3985 tractatores;
2308 3920 2455 3975 dabit
2480 3927 2656 3973 tamen
2684 3917 2844 3981 Deus,
2862 3924 2916 3967 ut
2948 3929 3047 3981 ego
3074 3929 3286 3982 quoque
3318 3916 3514 3981 possim

1929 4016 2081 4071 vobis
2110 4026 2164 4068 et
2189 4010 2626 4067 numerosiorum
2660 4007 3025 4075 exemplorum
3084 4002 3365 4058 numerum
3396 4045 3410 4068 ,
3465 4015 3519 4057 ct

1931 4109 2193 4164 rationem
2226 4119 2343 4173 qua:
2374 4099 2691 4164 satisfaciat,
2740 4107 3062 4168 praesumpta
3099 4096 3368 4152 scribendi
3422 4111 3521 4151 νυ»

1931 4200 2145 4255 catione
2173 4209 2480 4265 suggerere.

2441 4282 2771 4338 EPISTOLA
2810 4279 3003 4337 XXIX.

1987 4396 2176 4440 Ανιτιιε
2213 4392 2517 4434 νιειηκιιςειε
2556 4390 2832 4429 FPISCOPUS
2873 4382 2896 4411 ⁸
2936 4387 3111 4427 001180
3145 4383 3475 4426 διαιξιιυκυο.

2008 4472 2167 4529 Omni
2214 4470 2427 4539 quidem
2472 4472 2593 4521 vitae
2639 4483 2774 4520 mea:
2818 4476 3058 4534 tempore
3101 4462 3184 4516 de.
3207 4475 3281 4517 tto
3308 4478 3397 4517 em
3442 4480 3525 4516 tne

1942 4564 2224 4623 asserendi
2253 4562 2538 4618 famulatus
2586 4574 2849 4629 agnosco;
2880 4557 2971 4611 sed
3004 4556 3299 4625 impensius
3328 4556 3526 4611 festivi-

1941 4667 2053 4715 tate
2085 4656 2496 4727 prmsenti,qu:e
2529 4649 2943 4706 sollicitudinem
2962 4657 3195 4701 vestram
3225 4662 3329 4701 non
3356 4648 3528 4701 minus

1940 4748 2293 4821 explorandis
2341 4745 2718 4800 ha'reticorum
2767 4739 3070 4807 conatibus,
3125 4755 3283 4808 quam
3332 4750 3528 4793 nostra».

1940 4844 2110 4916 partis
2155 4848 2383 4909 occupat
2425 4837 2659 4892 cultibus
2705 4832 3064 4889 celebrandis.
3115 4831 3389 4901 Siquidem
3436 4848 3529 4899 per

1943 4951 2176 4992 annuum
2216 4932 2483 5003 quoddam
2529 4930 2834 4998 contagium
2876 4925 3214 4995 congregatis
3265 4924 3521 4983 adversis.

1944 5038 2150 5083 attento
2182 5025 2335 5079 Vobis
2367 5023 2549 5077 labore
2590 5018 2884 5075 curandum
2924 5026 3025 5083 est,
3056 5034 3121 5070 ne
3161 5015 3351 5069 alienae
3380 5016 3529 5069 calli-

1944 5119 2129 5174 ditatis
2158 5115 2344 5170 fraude
2371 5111 2618 5182 pullulet,
2636 5109 2776 5180 qnod
2804 5111 2855 5161 in
2882 5109 2972 5161 Dei
2993 5107 3209 5161 nomine
3231 5113 3335 5169 iam
3357 5116 3526 5159 vestra

1946 5210 2171 5267 victoria
2204 5205 2520 5263 celebrabizt
2548 5215 2746 5257 virtute
2783 5201 3031 5265 succidit,
3063 5198 3355 5269 quamlibet
3380 5196 3530 5252 Chr;-

1941 5426 2067 5465 eum
2110 5426 2213 5465 una
2247 5415 2555 5477 regnarent,
2587 5404 2773 5459 scribit
2806 5404 2860 5458 in
2895 5402 3181 5477 Epiphanii
3208 5402 3310 5455 vita
3346 5398 3528 5477 Enno-

1941 5483 2081 5535 dius.
2132 5468 2406 5535 Genavam
2455 5468 2565 5531 tum
2610 5491 2737 5539 ergo
2780 5468 3095 5547 promiscue
3120 5468 3527 5547 adventantibus

1942 5553 2104 5605 etiam
2144 5550 2430 5611 hatretiris,
2474 5550 2647 5619 locum
2695 5546 2995 5619 habuerunt
3042 5544 3132 5596 illa
3183 5556 3309 5619 quas.
3348 5544 3528 5619 priore

1941 5621 2164 5689 epistola
2196 5605 2564 5680 continentur,
2594 5617 2659 5689 in
2678 5631 2780 5684 qua
2813 5617 2945 5672 duas
2974 5605 3231 5677 haereses,
3260 5608 3312 5664 ni
3346 5605 3520 5667 fallor.

1942 5686 2072 5748 dicit
2100 5692 2353 5748 Ariattam
2376 5700 2427 5747 et
2452 5686 2844 5747 Pbotinianam.
