4024 6172
518 301 622 355 ’ΞΠ

1759 305 1812 358 S.
1858 307 1895 359 Α
1909 305 2042 361 VlTl
2084 309 2480 373 VIENNENSIS

3657 324 3774 383 248

523 427 605 468 sto
637 414 872 487 propitio
914 416 1269 485 prmsentibus
1317 415 1468 470 vobis
1513 414 1738 469 obsistat
1775 415 1922 488 [alia
1952 419 2097 472 lectio
2132 425 2177 482 Α
2207 429 2394 482 sentiae
2439 439 2627 484 vestrm
2655 429 2834 485 delicti
2873 441 2979 499 quo
3011 445 3206 503 arguor
3234 433 3606 490 emendatione
3633 431 3782 487 frau-

519 503 784 576 absistat].
818 507 951 560 llinc
983 509 1069 561 illa
1101 507 1458 562 sollicitudine
1489 509 1746 575 pressior,
1778 509 2098 578 constipatio

519 597 868 660 tienavensis,
907 613 1026 665 quae
1066 599 1118 650 in
1167 613 1314 652 more
1354 599 1574 668 originis
1613 601 1822 668 primte,
1860 601 2101 656 virilibus

520 692 714 744 animis
744 692 890 744 virus
918 692 1165 760 anguium
1214 691 1373 745 sibilo
1403 691 1617 746 feminei
1657 694 1923 747 sermonis
1960 698 2102 747 inso-

521 782 654 834 nuit.
681 780 829 834 Unde
851 781 1003 847 illud,
1032 783 1074 834 si
1107 796 1341 847 mereor,
1369 783 1758 850 quamprimum
1787 784 1927 838 scire
1959 784 2100 838 desi-

519 871 670 934 dero,
725 880 901 923 utrum
954 887 1072 924 cum
1121 872 1320 925 damno
1367 872 1666 926 clementiae
1712 883 1906 927 vestra:
1951 882 2102 942 patre

521 962 721 1014 mentio
770 961 913 1014 illitis
961 961 1316 1016 ordinationis
1356 962 1634 1026 acciderit,
1675 977 1793 1031 qum
1843 964 2100 1017 bonorum

521 1061 724 1118 pestem
756 1051 821 1106 ab
847 1052 1194 1106 infernalibus
1227 1053 1445 1106 latebris
1475 1055 1782 1121 excitatam,
1813 1053 2102 1108 catholicis

519 1142 835 1211 Ariauisque
876 1143 1206 1197 certantibus
1254 1144 1545 1198 intromisit
1579 1163 1592 1196 :
1633 1145 1716 1197 vel
1761 1145 1803 1197 si
1857 1155 2104 1200 servatur

519 1235 692 1288 adhuc
717 1236 1069 1299 credulitatis,
1085 1237 1191 1290 imo
1213 1236 1569 1290 simulationis
1588 1236 1728 1290 illius
1747 1235 1926 1300 dolus,
1943 1251 2102 1305 quem

521 1341 625 1378 non
649 1325 966 1393 impressum
997 1328 1210 1391 animis,
1245 1327 1338 1380 sed
1367 1328 1625 1381 chartulis
1651 1337 1950 1391 exaratum,
1969 1341 2100 1394 pau-

523 1419 665 1471 tatim
697 1419 750 1472 in
788 1421 1006 1485 antiqua
1047 1421 1126 1473 sui
1166 1419 1430 1489 dogmatis
1467 1428 1492 1455 ⁸
1531 1419 1846 1474 crudelitate
1886 1425 2104 1472 revocat

523 1513 750 1566 litterata
780 1513 1083 1582 promissio.
1115 1513 1244 1579 Quae
1272 1523 1417 1567 certe
1443 1513 1484 1566 si
1516 1512 1712 1579 adhuc,
1747 1517 1806 1563 ut
1843 1518 2100 1576 cmperat,

520 1607 764 1661 societati
806 1607 1016 1660 Ariana:
1057 1607 1433 1660 communione
1477 1603 1719 1659 immixta
1768 1608 1884 1669 est,
1935 1602 2104 1656 claret

520 1697 804 1765 gloriosior
835 1697 933 1750 sub
973 1697 1270 1766 principatu
1310 1705 1492 1750 vestro
1531 1701 1715 1749 noster
1760 1691 2097 1760 triumphus;

2204 518 2426 573 davrro.

2713 609 3042 667 EPISTOLA
3083 613 3276 668 XXXI.

2205 712 2392 753 Avrws
2430 713 2733 754 VIENNENSIs
2773 717 3050 756 EPISCOPUS
3092 712 3114 737 ⁸
3157 718 3355 759 FAI‘STO
3393 719 3461 760 ET
3502 720 3791 762 srnncau

2713 785 3069 826 SENATOBIBUS
3106 789 3275 828 URBIS.

2278 883 2510 938 Primum
2535 885 2704 939 fuerat
2735 886 2850 939 talis
2883 895 3051 942 status
3080 903 3256 944 rerum
3288 890 3697 956 desiderandus,
3724 902 3788 945 ut

2205 973 2303 1039 ipsi
2329 987 2423 1039 per
2445 987 2539 1026 nos
2557 973 2620 1028 Ui
2638 974 2753 1026 hem
2779 975 2894 1028 orbi
2919 977 3274 1032 venerabilem
3302 995 3397 1046 pro
3419 981 3789 1050 dependendis

2204 1062 2399 1115 divinis
2437 1062 2786 1130 humanisque
2825 1073 3198 1132 expeteremus
3239 1068 3450 1123 ofﬁciis.
3503 1071 3604 1124 Sed
3656 1073 3787 1140 quia

2205 1151 2345 1205 istud
2366 1151 2474 1217 jam
2502 1152 2698 1207 dudum
2731 1170 2823 1222 per
2855 1156 3115 1211 rationem
3145 1164 3444 1227 temporum
3480 1159 3590 1214 ﬁeri
3620 1177 3786 1229 posse

2204 1243 2456 1307 cessavit,
2488 1243 2715 1298 velimus
2741 1245 2880 1312 quod
2922 1245 3194 1301 fatendum
3226 1259 3326 1312 est,
3370 1251 3452 1304 vel
3481 1266 3545 1305 eo
3573 1255 3784 1306 securi~

2205 1333 2328 1387 tatis
2355 1333 2632 1398 accedere,
2666 1344 2721 1388 ut
2765 1352 2882 1405 qua:
2919 1337 2970 1391 in
3001 1353 3160 1392 causa
3189 1342 3455 1395 communi
3494 1343 3783 1410 supplicari

2205 1433 2434 1488 Oportet,
2467 1425 2759 1494 amplitudo
2799 1437 2972 1482 vestra
3001 1441 3440 1499 congregatorum
3475 1432 3659 1488 Gallia:
3695 1450 3780 1486 sa.

2204 1514 2479 1568 cerdotum
2524 1516 2778 1571 relatione
2807 1529 3170 1587 cognosceret.
3203 1522 3307 1575 Sed
3341 1523 3588 1591 quoniam
3623 1525 3782 1592 hujus

2204 1620 2414 1676 quoque
2443 1621 2540 1661 nos
2565 1609 2670 1661 voti
2720 1624 2822 1662 non
2854 1621 3003 1677 potes
3032 1612 3208 1666 reddit
3247 1616 3516 1682 provinc'a
3548 1617 3784 1684 praeﬁxis

2205 1712 2491 1766 regnorum
2520 1699 2876 1754 determinata
2898 1703 3193 1760 limitibus:
3226 1709 3616 1776 quamprimum
3650 1723 3782 1779 Sup-

521 1802 641 1839 cum
668 1786 874 1842 duabus
906 1787 1200 1842 liaeresibus
1229 1788 1281 1841 in
1315 1803 1475 1841 unum
1502 1785 1756 1851 redactis,
1782 1793 1888 1838 tam
1915 1783 2097 1851 acqui-
2127 1775 2174 1834 B
2203 1787 2323 1854 plici
2356 1801 2512 1856 prece
2551 1804 2735 1857 posco,
2776 1807 2842 1846 ne
2871 1793 3225 1850 celeberrimo
3246 1775 3438 1852 ordini
3474 1810 3649 1854 vestro
3683 1775 3779 1868 pa-

522 1877 762 1932 rentibus
790 1893 946 1946 quam
977 1879 1419 1932 convincentibus
1448 1877 1620 1941 vobis,
1647 1884 1700 1930 et
1728 1874 2098 1930 schismatico-

520 1985 637 2022 rum
687 1985 942 2025 numerus
983 1970 1244 2024 decrescit
1285 1979 1339 2024 et
1383 1969 1751 2024 schismatum.
1793 1969 1929 2022 Hinc
1971 1980 2099 2035 ergo

519 2061 793 2116 servitium
833 2062 1157 2116 curiositatis
1195 2076 1329 2115 meae
1357 2060 1639 2130 dignanter
1677 2059 1920 2128 aspicite,
1952 2069 2005 2113 et
2032 2058 2100 2112 de

519 2154 805 2221 peculiaris
832 2154 1039 2222 patroni
1079 2153 1244 2207 vestri
1280 2153 1506 2221 apostoli
1538 2151 1687 2206 festis
1716 2150 2096 2219 exspectationi

520 2255 717 2299 nostrae
741 2246 1112 2316 prosperitatis
1133 2253 1187 2299 et
1208 2243 1636 2313 compellationis
1658 2251 1854 2296 vestrae
1879 2255 2096 2296 munera

521 2338 813 2408 duplicate.

1041 2423 1374 2480 EPISTOLA
1412 2422 1582 2477 XXX.

591 2530 781 2571 AVITUS
820 2529 1127 2569 VIENNENSIS
1168 2528 1446 2569 EPISCOPUS
1485 2526 1660 2567 DOMNO
1697 2525 2025 2567 SIGISIUNDO.

590 2608 771 2678 Nuper
809 2622 927 2661 cum
967 2606 1139 2660 ofﬁcia
1176 2605 1396 2660 culmini
1444 2614 1626 2660 vestro
1669 2619 1880 2674 semper
1924 2603 2098 2659 debita

521 2715 618 2768 pro
663 2699 970 2769 apostolicae
1016 2697 1319 2752 festivitatis
1369 2696 1756 2752 consuetudine
1803 2696 2095 2760 destinavi,

521 2809 625 2846 non
681 2792 854 2846 minus
896 2791 1150 2845 civilitate
1195 2793 1466 2860 pretioso,
1514 2805 1669 2860 quam
1713 2789 2099 2844 declamatione

519 2888 809 2955 conspicuo
852 2901 1100 2940 sermone
1139 2886 1368 2950 dixistis,
1410 2885 1608 2940 idcirco
1638 2899 1732 2939 vos
1769 2885 1968 2940 tardius
2005 2884 2100 2939 de—

520 2978 664 3031 disse
712 2977 1052 3044 rescriptum,
1088 2984 1148 3029 ut
1195 2977 1470 3030 humilitas
1514 2975 1596 3030 sui
1646 2975 1859 3029 conscia
1904 2989 2021 3042 quae
2070 2989 2097 3025 a

519 3068 787 3123 scribendi
815 3069 1032 3122 audacia
1053 3067 1173 3136 jure
1200 3075 1483 3136 temperat,
1517 3080 1582 3122 eo
1611 3066 1810 3120 diutius
1834 3065 2100 3120 ariditatis

2201 1877 2321 1945 gina
2352 1877 2465 1933 haec
2497 1879 2711 1946 aliquod
2743 1892 2956 1936 moveat
2987 1886 3135 1952 quasi
3167 1887 3233 1940 ab
3263 1903 3370 1941 uno
3399 1889 3593 1943 dictata
3625 1893 3778 1945 fasti-

2201 1967 2347 2021 dium
2390 1985 2404 2022 :
2449 1971 2701 2037 quoniam
2731 1987 2760 2025 a
2789 1976 2994 2029 cunctis
3023 1975 3312 2032 Gallicanis
3339 1978 3591 2035 fratribus
3620 1984 3776 2048 meis,

2199 2057 2264 2111 ad
2299 2058 2400 2114 hoc
2422 2059 2593 2126 ipsum
2626 2075 2730 2114 non
2758 2063 2936 2118 minus
2965 2080 3060 2132 per
3089 2067 3357 2136 mandata,
3388 2085 3546 2139 quam
3579 2087 3676 2140 per
3697 2074 3772 2126 lit-

2203 2157 2342 2203 teras
2363 2160 2635 2214 oneratur,
2661 2167 2993 2223 qutecunque
3031 2171 3057 2207 a
3091 2158 3240 2212 vobis
3271 2173 3457 2215 omnes
3485 2163 3775 2230 ambimus,

2200 2255 2335 2296 unus
2375 2243 2707 2312 suggerenda
2752 2247 2985 2314 suscepi.
3039 2247 3169 2301 Dum
3211 2249 3276 2303 de
3317 2265 3473 2305 causa
3523 2253 3777 2310 Romamn

2204 2334 2458 2389 Ecclesia!
2488 2337 2778 2390 anxianimi
2823 2352 2886 2392 ac
2927 2341 3120 2410 trepidi
3149 2357 3410 2409 essemus,
3445 2353 3502 2398 ut
3529 2357 3653 2413 pote
3680 2365 3777 2402 nu-

2204 2433 2316 2478 tare
2346 2434 2542 2479 statum
2573 2436 2814 2482 nostrum
2858 2429 2909 2482 in
2943 2431 3188 2486 lacessito
3215 2436 3413 2490 vertice
3439 2440 3733 2494 sentien'es
3762 2457 3776 2492 :

2202 2531 2334 2584 quos
2355 2530 2540 2570 omnes
2572 2532 2674 2571 una
2701 2520 3001 2574 criminatio
3024 2523 3204 2591 utique
3231 2524 3344 2579 sine
3374 2527 3567 2581 invidia
3599 2530 3776 2582 multi-

2203 2607 2400 2661 tudinis
2441 2618 2798 2677 percusserat,
2849 2611 2890 2663 si
2933 2620 3129 2666 statum
3173 2617 3423 2683 principis
3458 2617 3774 2673 obruisset:

2204 2700 2404 2768 perlata
2440 2709 2522 2755 est
2552 2700 2891 2756 sollicitudini
2922 2712 3119 2757 nostra:
3148 2705 3214 2758 ab
3243 2707 3381 2760 Italia
3419 2707 3471 2760 in
3503 2710 3777 2774 exempla-

2201 2793 2350 2846 ribus
2383 2791 2408 2830 ι’
2439 2793 2787 2847 sacerdotalis
2835 2794 3001 2849 forma
3051 2796 3276 2861 decreti,
3321 2813 3480 2867 quam
3526 2799 3595 2854 de
3641 2815 3777 2869 papa

2202 2882 2523 2953 Symmacho
2552 2886 2689 2952 apud
2722 2883 2915 2939 Urbem
2945 2886 3154 2940 collecti
3189 2887 3347 2941 Italiae
3377 2889 3642 2943 antistites
3667 2890 3778 2943 edi-

2202 2975 2415 3029 derunt.
2449 2975 2617 3042 Quam
2644 2976 3076 3029 constitutionem
3111 2977 3232 3031 licet
3259 2978 3652 3034 observabilem
3681 2997 3779 3032 nu-

2203 3068 2398 3122 merosi
2431 3067 2819 3137 ri-vereudique
2849 3069 3062 3123 concilii
3096 3069 3284 3123 reddat
3314 3085 3585 3134 assensus,
3621 3071 3779 3125 intel-

520 3161 773 3230 supplicia
821 3162 1114 3230 penderet,
1154 3175 1260 3230 quo
1309 3162 1509 3216 fontem
1558 3161 1895 3231 splendidum
1937 3161 2097 3215 vestri
2126 3141 2173 3204 (ἶ
2205 3160 2414 3224 ligimus
2465 3168 2666 3222 tamen,
2716 3169 2957 3213 sanctum
3010 3160 3389 3231 Symmachum
3446 3176 3678 3231 papam,
3733 3161 3778 3216 si

523 3253 741 3324 alloquii
781 3255 897 3322 plus
935 3256 1126 3309 sitiret.
1161 3254 1442 3320 Vindictae,
1486 3255 1626 3310 sicut
1649 3255 1935 3326 diguamini
1963 3256 2099 3309 scri-

523 3346 568 3399 b.
591 3360 668 3410 re,
701 3361 866 3413 genus
891 3359 1010 3399 esse
1035 3356 1344 3412 censentes,
1375 3355 1431 3398 ut
1457 3347 1683 3415 portitor
1711 3360 1741 3398 a
1772 3361 1856 3400 me
1885 3347 2101 3414 segnius

521 3437 817 3489 drstinatus
843 3437 1114 3490 vobiscum
1157 3431 1354 3491 diutius
1382 3446 1704 3491 moraretur.
1749 3437 1792 3492 Ο
1820 3438 2101 3492 retributio

522 3525 734 3582 ultionis
750 3525 1111 3582 blandissima:
1128 3529 1138 3577 !
1158 3545 1187 3578 ο
1204 3529 1462 3582 sententia
1482 3527 1806 3583 crudelitatis
1821 3528 2095 3598 optandm!

523 3619 650 3686 Quis
679 3623 885 3676 scilicet
924 3633 1027 3675 tam
1069 3618 1458 3674 intolerabilem
1490 3634 1700 3688 pinnam
1731 3621 2100 3688 mqnanimitcr

526 3717 680 3781 ferat,
726 3723 782 3768 ut
826 3714 1072 3783 paradiso
1105 3711 1272 3768 vestri
1313 3720 1628 3779 conspectus
1668 3712 1904 3768 inclusus
1947 3729 2094 3767 mora

525 3806 762 3860 beatiore
791 3819 884 3860 vos
915 3805 1125 3859 videat?
1155 3802 1344 3860 Timeo
1373 3803 1551 3871 plane,
1582 3818 1652 3858 ne
1678 3803 1984 3871 frequenter
2014 3819 2098 3859 me

521 3897 753 3964 jubeatis
777 3896 1035 3962 scribere,
1059 3898 1103 3951 si
1132 3894 1413 3962 diSponitis
1447 3894 1746 3949 tarditatem
1786 3896 1957 3950 taliter
1982 3897 2099 3951 vin-

523 3990 722 4044 dicare.
765 3987 870 4042 Aut
896 3987 938 4041 si
981 4003 1079 4057 ego
1107 3995 1288 4043 certus
1315 3984 1502 4040 fuerim
1535 3985 1833 4055 huiusmodi
1866 4002 1950 4043 me
1977 3989 2096 4042 ani-

525 4079 896 4135 madversione
926 4078 1286 4148 plectendum,
1333 4076 1447 4145 ipse
1483 4078 1663 4146 procul
1706 4077 1864 4132 dubio
1901 4084 2097 4148 scripta

525 4173 871 4241 porriget-em,
907 4186 1024 4240 quae
1060 4171 1206 4239 justo
1236 4169 1407 4226 rarius
1446 4185 1771 4225 exarassem.
1803 4170 1867 4224 Et
1899 4172 2098 4226 utinam

526 4262 652 4316 mihi
677 4262 946 4317 vobiscum
977 4264 1151 4332 posito
1176 4270 1462 4333 negaretur
1484 4261 1729 4315 celeritas
1751 4263 2056 4316 revertendi
2084 4280 2096 4314 :

525 4365 577 4408 et
606 4355 767 4408 verba
799 4369 916 4423 quze
945 4365 1064 4421 post
1093 4354 1307 4423 longum
1340 4365 1550 4424 tempus
1585 4351 1785 4420 legere,
1813 4352 2012 4407 diutius
2045 4353 2096 4406 in

524 4445 639 4514 ipso
669 4453 876 4500 meatus
917 4446 996 4497 sui
1028 4446 1236 4498 tramite
1278 4446 1506 4500 donarer
1534 4447 1736 4502 audire.
1771 4442 1928 4502 Certe
1959 4443 2099 4497 Deus

525 4537 740 4602 viderit,
764 4535 889 4605 quid
919 4550 1018 4603 ego
1044 4535 1181 4601 apud
1210 4535 1466 4604 judicium
1491 4546 1748 4603 vestrum,
1770 4539 1851 4592 vel
1877 4533 2099 4593 audacia

525 4629 745 4694 servitii,
789 4628 872 4682 vel
913 4627 1265 4696 trepidatione
1308 4643 1618 4697 promerear
1656 4647 1670 4685 :
1715 4640 1890 4686 tamen
1934 4630 2100 4686 ofﬁcii

527 4721 630 4774 mei
673 4720 1021 4787 portitorihus
1061 4733 1183 4774 reus
1224 4733 1339 4786 ero,
1387 4720 1432 4774 si
1476 4734 1568 4774 eos
1611 4721 1914 4790 prolixitate
1960 4738 2099 4794 prte-

597 4937 620 4963 α
663 4925 775 4978 Non
805 4933 1077 4978 senatores
1109 4924 1289 4988 modo,
1318 4924 1412 4979 sed
1437 4923 1642 4992 patricii
1673 4923 1854 4988 ambo,
1877 4932 1932 4980 et
1953 4924 2096 4979 ordi-

527 4995 665 5052 narii
706 4997 953 5049 consules
1002 4995 1246 5047 fuerant:
1283 4994 1508 5049 Faustus
1554 5009 1694 5048 anno
1742 4992 1938 5048 Christi
1991 4995 2099 5049 485

533 5067 746 5121 biennio
789 5074 906 5134 post
945 5065 1316 5134 Symmachus,
1357 5074 1577 5129 uterque
1607 5067 1722 5119 sine
1757 5064 1981 5132 collega.
2016 5065 2096 5118 Ad

534 5139 630 5192 hos
660 5151 808 5204 ergo,
834 5145 1081 5202 tanquam
1115 5136 1379 5202 prmcipue
1417 5137 1467 5188 in
1494 5135 1633 5189 Urbe
1676 5135 1948 5201 dignitatis
1975 5150 2100 5203 pro-

529 5224 704 5272 ceres,
736 5221 833 5259 suo
862 5215 915 5259 et
955 5205 1341 5259 Gallicanorum
1383 5209 1618 5258 omnium
1655 5205 1951 5258 antistitum
1996 5220 2095 5257 no-

531 5281 694 5338 mine,
723 5276 906 5329 scribit
927 5277 990 5328 de
1019 5273 1224 5345 synodo
1255 5273 1510 5345 Romana,
1546 5274 1816 5341 etjudicio
1840 5275 1889 5327 in
1913 5289 1973 5328 ea
2007 5275 2101 5327 ad-

531 5364 719 5403 versus
749 5344 1125 5416 Symmachum
1159 5360 1344 5412 papam
1388 5344 1701 5416 Theoderici
1748 5345 2101 5416 rt-gisaucto-

533 5421 688 5473 ritate
733 5414 1021 5472 constituto
1069 5416 1444 5483 expostulans,
1501 5415 1768 5481 Italiazque
1817 5414 2100 5482 episcopos

535 5491 914 5558 perstringens,
934 5487 1072 5540 uuod
1095 5487 1161 5540 de
1180 5487 1530 5541 eminentiore
1541 5485 1800 5554 judicium
1821 5484 2103 5540 inferiores

534 5560 856 5616 receperint.

603 5576 620 5612 ε’
709 5577 750 5611 δν
817 5576 856 5612 t.

603 5576 856 5685 be‘itix's‘t‘at
901 5627 1002 5680 hoc
1041 5626 1313 5680 decretum
1367 5629 1417 5680 in
1457 5626 1662 5694 synodo
1707 5625 1862 5678 Rufio
1913 5625 2103 5682 Magno

535 5700 727 5756 Fausto
758 5701 960 5755 Avieno
988 5697 1204 5754 consule
1236 5697 1410 5750 habita
1439 5711 1576 5751 anno
1600 5697 1797 5750 Christi
1831 5696 1957 5750 502.
1995 5694 2100 5747 Dc-

2202 3253 2400 3308 sat-ulo
2451 3253 2680 3322 primum
2742 3253 2913 3307 fuerat
2965 3264 3284 3318 accusatus,
3334 3255 3776 3310 consacerdotum

2202 3361 2419 3399 suorum
2475 3345 2725 3399 solatium
2785 3347 2962 3412 potius
3017 3348 3280 3400 asciscere
3333 3362 3488 3416 quam
3536 3351 3778 3415 recipere

2201 3438 2450 3493 debuisse
2492 3435 2767 3504 judicium.
2801 3436 2934 3503 Quia
2967 3438 3103 3492 sicut
3132 3438 3372 3492 subditos
3394 3454 3496 3491 non
3522 3453 3644 3493 esse
3670 3450 3777 3492 ter-

2201 3528 2343 3582 renis
2387 3528 2736 3597 potestatibus
2775 3527 2926 3595 jubet
2973 3527 3174 3582 arbiter
3209 3529 3351 3593 cteli,
3396 3537 3633 3583 staturos
3678 3544 3775 3584 nos

2200 3629 2324 3670 ante
2364 3631 2515 3685 reges
2557 3627 2610 3669 et
2661 3616 2931 3684 principes
2981 3617 3031 3669 in
3079 3631 3393 3686 quacunque
3433 3619 3776 3672 accusatione

2204 3708 2493 3776 prmdicens
2519 3723 2533 3759 :
2560 3708 2631 3759 ita
2665 3721 2770 3760 non
2804 3705 2954 3759 facile
2979 3708 3134 3760 datur
3165 3707 3406 3776 intelligi,
3449 3724 3548 3776 qua
3578 3709 3662 3762 vel
3694 3724 3776 3761 ra-

2204 3801 2344 3854 ti0ue
2377 3800 2460 3854 vel
2493 3800 2627 3868 lege,
2665 3800 2732 3852 ab
2762 3798 3100 3854 inferioribus
3131 3802 3448 3855 eminentior
3482 3801 3772 3869 judieetur.

2203 3894 2332 3947 Nam
2364 3908 2484 3948 cum
2507 3893 2702 3947 celebri
2739 3902 3003 3962 prmcepto
3035 3895 3315 3962 Apo<tolus
3341 3895 3534 3949 clamet
3557 3893 3608 3964 (I
3644 3895 3772 3948 Tim.

2202 4003 2253 4049 v,
2289 3982 2400 4054 19),
2431 3985 2825 4039 accusationem
2865 3985 2947 4039 vel
2988 3987 3038 4038 in
3072 3985 3445 4056 presbyterum
3479 3989 3640 4055 recipi
3672 4003 3775 4040 non

2203 4077 2419 4141 debere,
2448 4075 2574 4145 quid
2609 4078 2659 4129 in
2681 4077 3004 4144 praecipuum
3029 4079 3292 4146 generalis
3317 4079 3568 4132 Ecclesia:
3596 4079 3776 4132 crimi-

2206 4172 2509 4226 nationibus
2536 4172 2696 4226 licere
2725 4172 3048 4227 censendum
3079 4174 3196 4228 est?
3222 4174 3371 4241 Quod
3402 4173 3637 4244 synodus
3665 4175 3775 4242 ipsa

2208 4263 2528 4319 venerabilis
2560 4263 2810 4318 laudabili
2836 4266 3215 4321 constitutione
3257 4267 3605 4334 prospiciens,
3654 4281 3776 4320 cau-

2205 4371 2316 4409 sam
2341 4370 2520 4424 quam,
2561 4354 2698 4424 quod
2747 4355 2889 4406 salva
2933 4354 3051 4424 ejus
3096 4358 3393 4410 reverentia
3440 4355 3638 4409 dictum
3687 4357 3773 4421 sit,

2205 4464 2340 4516 pene
2371 4456 2575 4502 temere
2605 4456 2913 4515 susceperat
2951 4448 3344 4516 inquirendam,
3390 4449 3569 4502 divino
3599 4450 3775 4516 potius

2205 4538 2434 4598 servavit
2459 4539 2690 4597 examini
2718 4557 2732 4598 :
2759 4540 3130 4613 perstringens
3149 4550 3346 4608 tamen,
3368 4550 3520 4614 prout
3548 4541 3776 4598 breviter

2207 4635 2398 4702 potuit,
2428 4632 2563 4687 nihil
2594 4633 2684 4687 vel
2717 4633 2814 4687 sibi
2851 4634 2936 4688 vel
2975 4635 3357 4702 gloriosissimo
3385 4635 3497 4688 viro
3525 4633 3774 4688 Theode-

2206 4725 2317 4778 rico
2361 4723 2496 4793 regi,
2526 4722 2593 4778 de
2644 4722 2726 4776 his
2755 4737 2873 4790 quae
2927 4738 3074 4794 papa:
3104 4724 3413 4778 dicebantur
3441 4724 3646 4792 objecta
3689 4736 3776 4791 pa-

2198 4856 2475 4929 cet-nimus,
2518 4854 2787 4929 inquiunt,
2825 4865 2881 4908 ut
2925 4856 3262 4926 Symmachus
3298 4873 3450 4929 papa,
3487 4858 3622 4910 sedis
3657 4876 3774 4929 apo-

2206 4928 2399 4980 sIolitte
2420 4927 2627 4995 praesul,
2643 4938 2885 4996 quantum
2907 4931 2971 4980 ad
2998 4928 3223 4979 homines
3241 4928 3459 4996 respicit,
3481 4931 3599 4992 quia
3619 4927 3775 4982 totum

2207 5007 2405 5049 constat
2437 4996 2607 5047 dirino
2636 4995 2844 5050 arbitrio
2889 4999 3041 5062 fuisse
3065 4998 3348 5058 dimissum,
3379 4997 3439 5047 sit
3470 4998 3710 5051 immunis
3733 5011 3776 5052 et

2208 5066 2356 5127 liber,
2379 5076 2424 5119 et
2456 5064 2763 5136 Christiana:
2791 5069 2944 5136 plebi,
2973 5069 3081 5118 sine
3109 5068 3278 5132 aliqua
3311 5067 3374 5118 de
3396 5067 3600 5126 obiectis
3632 5071 3772 5121 obla-

2207 5138 2344 5188 tione
2371 5137 2423 5186 in
2450 5134 2680 5187 omnibus
2707 5134 2930 5190 ecclesiis
2960 5137 3085 5198 suis,
3113 5140 3178 5188 ad
3191 5139 3283 5206 jus
3321 5137 3454 5188 sedis
3491 5152 3597 5188 ante
3628 5141 3776 5206 perti-

2209 5207 2461 5268 nentibua,
2490 5207 2658 5275 tradet
2691 5205 2860 5258 dit-ina
2896 5210 3154 5275 mysteria.
3207 5205 3381 5271 Quare
3416 5205 3636 5259 dubium
3677 5225 3776 5262 non

2209 5287 2288 5328 est
2312 5276 2438 5342 quin
2467 5273 2728 5344 synodum
2760 5280 2913 5329 istam
2947 5273 3133 5328 Avitus
3155 5275 3432 5344 intelligat,
3456 5290 3576 5344 qua:
3608 5276 3661 5329 in
3692 5293 3776 5331 co-

2209 5344 2338 5418 dice
2356 5344 2684 5418 Narbonensi
2710 5346 3358 5418 aliisquevetustioribus,
3383 5357 3567 5412 quarta
3597 5357 3652 5400 et
3673 5349 3778 5418 pal-

2209 5415 2373 5468 maris
2400 5424 2543 5467 recte
2574 5415 2899 5468 inseribitur.
2947 5415 3101 5468 Falso
3139 5415 3280 5467 enim
3313 5418 3643 5470 recentiores
3674 5415 3778 5482 pal-

2209 5485 2372 5555 maris
2418 5499 2612 5538 nomen
2655 5487 2860 5555 synodo
2901 5485 3052 5537 alteri
3095 5485 3363 5549 tribuunt,
3412 5500 3532 5552 qua:
3578 5489 3777 5540 Avieno

2203 5554 2415 5620 juniore
2443 5556 2662 5608 con~ule
2689 5554 2954 5609 celebrata
2996 5563 3104 5618 est;
3135 5569 3254 5607 cum
3283 5555 3334 5606 in
3365 5571 3425 5607 ea
3457 5571 3554 5608 nec
3581 5559 3776 5610 decreti

2209 5624 2377 5698 hujus
2403 5625 2469 5676 sit
2505 5627 2732 5698 mentio,
2770 5640 2866 5676 nec
2894 5625 3247 5679 absolutionis
3287 5625 3595 5695 Symmachi
3625 5644 3779 5698 quam

2212 5695 2266 5747 in
2299 5695 2515 5762 palmari
2547 5697 2741 5749 editam
2770 5703 2998 5748 constat.
