4024 6172
562 206 595 221 ἡ

273 255 375 313 249

1603 256 1933 314 EPISTOLA
1971 257 2211 315 XXXIII.

274 368 451 422 tuisse.
482 364 686 429 Quibus
713 365 963 434 cognitis,
981 365 1130 435 quasi
1157 376 1374 421 senator
1401 367 1515 435 ipse
1540 366 1831 432 Romanus,
1867 374 1918 430 Α
1945 372 2361 442 abttndantqtm
2385 374 2603 443 possitis
2624 374 2905 446 iniungere
2920 377 3256 448 cupientibus
3277 379 3526 436 obedire:

271 461 415 527 quasi
436 457 779 512 Christianus
814 460 1101 529 episcopus
1138 460 1398 527 obtestor,
1430 461 1509 514 sic
1549 460 1846 515 divinitatis

272 549 504 604 cwlesﬁs
532 548 673 601 dono
705 549 1038 618 temporibus
1071 551 1266 605 vestris
1304 552 1632 620 prosperitas
1668 562 1846 620 optata

272 641 540 702 succedat,
585 639 667 693 sic
693 638 924 707 dignitas
966 641 1019 695 in
1056 656 1158 709 qua
1198 640 1420 704 ﬁoretis,
1452 641 1703 696 universo
1731 643 1846 698 orbi

271 734 501 801 speciem
534 730 761 784 Romani
804 731 1033 786 nominis
1064 732 1264 787 mundo
1304 734 1514 789 labente
1555 734 1845 800 contineat,

273 834 327 877 ut
354 821 407 876 in
436 832 732 891 conspectu
761 833 941 877 vestro
966 838 1071 878 non
1101 824 1171 877 sit
1204 824 1458 879 Ecclesiae
1484 828 1661 879 minor
1688 840 1846 890 quam

272 910 579 981 reipublicae
607 920 814 977 status;
840 912 1085 982 quodque
1110 913 1260 967 vobis
1286 914 1426 968 Deus
1454 929 1611 983 posse
1642 916 1849 983 praesti-

274 1004 354 1067 tit,
389 1003 559 1071 prosit
585 1011 641 1056 et
671 1003 854 1065 nobis;
897 1019 995 1059 nec
1028 1005 1204 1058 minus
1250 1005 1481 1074 diligatis
1527 1008 1579 1059 in
1612 1006 1847 1061 Ecclesia

276 1103 455 1149 vestra
481 1093 664 1148 sedem
700 1094 865 1159 Petrt,
892 1109 1049 1163 quam
1080 1095 1134 1148 in
1161 1095 1374 1150 civitate
1403 1096 1612 1163 apicem
1644 1099 1846 1151 mundi.

274 1185 327 1241 Si
359 1184 629 1254 profundo
655 1186 748 1239 illo
776 1193 1035 1240 tractatus
1062 1186 1223 1239 vestri
1249 1187 1472 1241 consilio
1494 1202 1604 1242 rem
1636 1188 1847 1253 videtis,

276 1291 380 1330 non
417 1290 480 1329 ea
511 1276 882 1329 tantummodo
923 1290 1042 1345 qua:
1088 1276 1268 1331 Romae
1292 1277 1494 1347 geritur
1519 1293 1677 1333 causa
1709 1278 1850 1348 cogi-

275 1364 431 1418 tanda
465 1372 569 1418 est.
617 1364 723 1419 Sed
764 1373 818 1419 et
855 1364 908 1418 in
941 1364 1306 1420 sacerdotibus
1347 1367 1555 1420 caeteris
1592 1376 1769 1436 potest
1804 1367 1849 1423 si

271 1454 393 1524 quid
417 1453 559 1509 forte
580 1454 719 1523 quod
740 1464 1019 1509 vocaverat
1044 1454 1323 1510 reformari
1345 1472 1360 1521 ;
1385 1464 1439 1510 at
1466 1455 1511 1510 si
1537 1472 1667 1525 papa
1693 1458 1853 1513 Urbis

272 1555 494 1601 vocatur
524 1545 582 1600 in
616 1546 859 1610 dubium,
897 1547 1238 1615 episcopatus
1275 1547 1383 1615 iam
1426 1547 1711 1613 videbitur,
1747 1566 1851 1604 non

276 1640 561 1708 episcopus
589 1638 863 1695 vacillare.
892 1638 1071 1693 Nostis
1098 1639 1236 1694 bene
1264 1640 1403 1693 inter
1430 1654 1561 1709 quas
1588 1622 1849 1694 hzrresunt

275 1740 643 1800 tempestates,
668 1730 829 1785 veluti
860 1731 1032 1785 ventis
1055 1730 1532 1796 circumflantibus,
1567 1732 1689 1787 ﬁdei
1719 1749 1850 1803 pup-
1881 1731 1928 1790 Β

274 1838 389 1887 pem
431 1822 717 1877 ducamus.
766 1822 822 1878 Si
874 1822 1151 1877 nobiscum
1206 1824 1570 1892 huiuscemodi
1616 1828 1846 1893 pericula

271 1911 597 1978 formidatis,
635 1912 849 1981 expedit
886 1921 949 1989 ιιι
971 1912 1384 1982 gubernatorem
1414 1926 1648 1969 vestrum
1678 1917 1847 1985 parti-

272 2004 446 2072 cipato
471 2003 661 2058 labore
691 2003 965 2058 tueamini.
996 2003 1142 2057 Alias
1164 2013 1340 2059 autem
1366 2020 1484 2074 quae
1518 2006 1650 2061 ultio
1679 2017 1780 2073 est,
1802 2009 1847 2063 si

272 2081 449 2150 nautis
480 2096 537 2151 in
564 2098 874 2167 magistrum
903 2097 1220 2163 furentibus,
1246 2110 1354 2153 non
1382 2099 1727 2154 sineillotum
1760 2115 1850 2170 pe-

271 2188 440 2243 ricqu
462 2187 688 2243 cedatur
715 2189 816 2251 isto
838 2188 1181 2244 discrimine?
1219 2188 1427 2245 Reddet
1468 2191 1729 2245 rationem
1759 2188 1847 2261 qui

272 2283 391 2338 ovili
426 2283 703 2337 dominico
725 2290 936 2351 prazest,
969 2298 1071 2352 qua
1097 2284 1435 2338 commissam
1463 2283 1564 2339 sibi
1591 2299 1847 2354 agnorum

270 2387 453 2427 curam
483 2372 949 2427 administratione
990 2371 1265 2442 dispenset
1297 2392 1309 2426 :
1339 2384 1592 2429 caeterum
1635 2390 1739 2429 non
1770 2387 1851 2433 est

270 2464 447 2534 gregis
478 2473 746 2531 pastorem
772 2466 1045 2535 proprium
1069 2472 1294 2531 terrere,
1339 2465 1433 2521 sed
1460 2465 1673 2534 iudicis.
1707 2467 1846 2533 Qua-

273 2564 491 2625 propter
522 2555 729 2611 reddite
756 2555 907 2610 nobis
936 2555 1308 2626 principalent,
1338 2557 1383 2611 si
1416 2567 1589 2611 tamen
1623 2558 1847 2613 necdum

270 2658 350 2701 est
396 2648 671 2713 restituta,
712 2646 1099 2702 concordiam:
1130 2648 1381 2718 quoniam
1424 2647 1605 2703 clienti
1645 2658 1845 2717 vestro,

269 2736 572 2793 venerabili
620 2737 939 2808 Symmacho
975 2738 1309 2810 presbytero,
1360 2739 1562 2794 idcirco
1612 2740 1847 2795 laborem

272 2830 430 2901 huius
461 2831 787 2899 fatigationis
826 2832 1173 2902 iniunximus,
1202 2840 1260 2887 ut
1289 2832 1441 2887 nobis
1473 2832 1523 2885 in
1552 2842 1846 2888 vestrarum

268 2924 491 2976 oracqu
532 2922 829 2978 litterarum
885 2939 980 2993 per
1027 2924 1369 2993 reintegrata:
1409 2925 1556 2994 pacis
1600 2923 1847 2979 nuntium

268 3011 687 3082 supplicationis
715 3023 914 3068 nostras
940 3012 1162 3069 referret
1191 3014 1457 3069 effectum.

772 3103 1100 3160 EPISTULA
1135 3104 1348 3159 XXXII.

305 3209 499 3250 Ανιτῠε
537 3210 841 3251 νιεκιεῑκεις
881 3211 1153 3251 EPISCOPUS
1193 3204 1218 3234 ⁸
1258 3211 1465 3251 LIBEBIO
1504 3209 1809 3250 PREI’ECTO.

333 3288 630 3358 Postquam
667 3289 991 3357 multiplices
1029 3288 1321 3343 Galliarum
1351 3289 1561 3343 labores
1602 3286 1850 3341 felicissi-

268 3392 387 3432 mus
421 3379 703 3446 potestatis
726 3388 918 3435 vestrm
942 3379 1178 3434 visitavit
1198 3380 1480 3445 adventus,
1504 3380 1703 3433 nullum
1730 3394 1846 3432 sum

266 3470 501 3523 antehac
528 3470 581 3523 in
611 3470 887 3524 affectibus
927 3471 1125 3526 vestris
1166 3470 1414 3525 desiderii
1453 3471 1555 3524 mei
1594 3481 1847 3539 expertus

267 3559 539 3617 effectum.
580 3560 731 3618 Unde
757 3561 883 3617 licet
910 3563 1071 3617 etiam
1098 3562 1255 3617 nobis
1286 3564 1539 3631 prodesse
1563 3564 1847 3618 credamus

268 3650 551 3717 beneﬁcia,
588 3667 708 3721 quae
749 3652 859 3722 iam
890 3653 1090 3707 dudum
1122 3652 1535 3723 provincialibus
1575 3652 1844 3723 spargitis,

267 3743 399 3797 mihi
445 3752 624 3798 tamen
670 3741 926 3798 hactenus
965 3743 1171 3798 sitienti
1206 3743 1414 3798 litteras
1454 3752 1659 3798 vestras
1695 3741 1848 3811 quasi

267 3836 503 3905 primum
531 3834 693 3889 modo
726 3835 970 3892 venistis.
1013 3834 1299 3888 Enimvero
1341 3844 1397 3888 ut
1436 3849 1522 3888 me
1560 3831 1847 3887 ofl‘erendis

268 3930 413 3983 ultro
434 3927 813 3998 epistolaribns
834 3926 1027 3981 ofﬁciis
1055 3941 1159 3981 non
1187 3925 1459 3992 oﬁ‘crrem,
1490 3925 1594 3980 illis
1622 3939 1848 3993 occupa-

270 4019 509 4073 tionibus
530 4018 839 4086 obstrepere
868 4017 1039 4085 tituui,
1060 4017 1255 4087 quibus
1279 4031 1364 4071 me
1390 4014 1674 4071 credebam
1698 4024 1847 4069 tanto

268 4117 576 4179 temporum
607 4109 780 4179 spatio
800 4123 829 4162 a
851 4110 1024 4162 votiva
1057 4108 1284 4163 lectione
1306 4108 1582 4177 suspendi.
1597 4108 1703 4162 Sed
1722 4107 1844 4175 quia

266 4202 365 4257 etsi
399 4202 574 4267 tarde,
596 4201 1040 4270 compellantihus
1065 4200 1239 4265 vobis,
1262 4214 1453 4268 meque
1472 4198 1536 4253 ad
1561 4198 1847 4267 prarcelsos

268 4295 450 4363 apices
496 4292 846 4360 rescribente,
886 4292 1022 4347 ordo
1068 4292 1384 4346 alternantis
1439 4288 1744 4345 commercii
1792 4287 1844 4342 in

270 4389 535 4445 litterario
561 4404 814 4445 sermone
833 4398 1078 4443 servatus
1092 4397 1195 4454 est,
1209 4387 1297 4456 qui
1321 4386 1521 4441 fecistis
1544 4399 1627 4439 me
1644 4384 1847 4452 absque

1952 466 2123 531 maior
2151 466 2414 535 siquidem
2439 477 2701 535 potestate
2725 470 2976 535 eivilitas,
3009 486 3109 526 nec
3138 472 3314 525 minor
3340 482 3421 527 est
3445 475 3527 527 di-

1949 558 2153 624 gnitate
2202 557 2460 627 dignatio.
2512 560 2643 613 Nam
2686 560 2802 615 haec
2843 562 2954 630 ipsa
2991 577 3149 617 causa
3186 564 3337 632 cuius
3377 564 3527 619 vobis

1950 648 2218 703 scribendi
2246 650 2522 705 materiam
2545 666 2752 707 merces
2780 653 3021 720 ingessit,
3049 656 3244 723 quibus
3270 656 3408 711 inter
3436 656 3531 710 tri-

1951 736 2165 791 bunalia
2209 741 2461 805 operibus
2506 741 2670 810 magis
2706 742 2963 797 studentis
2994 744 3187 799 ﬂorere
3228 747 3526 813 perdocuit.

1952 829 2104 884 Unde
2126 830 2269 898 quod
2302 832 2457 886 nobis
2482 848 2511 886 a
2535 831 2562 870 δ
2596 833 2713 886 viro
2742 833 3043 901 spectabili,
3082 836 3282 889 vicario
3320 845 3522 900 vestro,

1952 934 2049 988 pro
2088 922 2441 987 quorumdam
2490 923 2818 991 captivorum
2864 923 3179 979 liberatione
3217 936 3522 995 suggestum

1950 1019 2052 1074 est,
2086 1010 2151 1064 ad
2177 1013 2587 1081 preceptiooem
2619 1015 2870 1068 culminis
2910 1017 3072 1069 vestri
3107 1017 3255 1070 lzetns
3286 1019 3524 1086 implevi,

1893 1168 1899 1175 .
1954 1100 2123 1165 pretio
2142 1107 2316 1154 tanien
2339 1102 2476 1168 quod
2508 1101 2795 1169 portitores
2824 1104 3259 1167 attulerttut,non
3286 1116 3522 1174 recepto.

1951 1189 2083 1255 Quia
2114 1190 2156 1242 si
2184 1190 2380 1258 aliquid
2408 1190 2629 1255 prtefato
2653 1193 2764 1246 viro
2792 1193 3096 1259 magniﬁco,
3140 1194 3245 1247 filio
3275 1211 3396 1249 tneo
3422 1195 3528 1250 Geo

1954 1279 2137 1345 mello,
2178 1280 2495 1333 conditionis
2536 1294 2779 1348 personae
2823 1283 2950 1348 ipsa:
3004 1298 3098 1349 per
3133 1284 3392 1352 originem
3435 1285 3528 1338 tle-

1954 1368 2102 1435 bent,
2133 1378 2306 1435 potest
2334 1368 2435 1423 hoc
2461 1370 2601 1439 quod
2632 1371 2761 1424 mihi
2792 1372 3083 1437 obtulerat,
3115 1388 3211 1440 pro
3255 1374 3525 1429 redimen-

1953 1462 2035 1515 dis
2085 1460 2328 1529 ingenuis
2374 1458 2715 1515 diSIrihuere.
2777 1461 2835 1516 Si
2883 1477 3011 1516 vero
3058 1462 3197 1517 istos
3237 1465 3528 1534 agnoscitis

1955 1553 2153 1607 liberos
2184 1559 2359 1617 natos,
2389 1551 2584 1605 sufﬁcit
2610 1551 2835 1618 pretium
2869 1553 3151 1619 profuisse.

2440 1661 2771 1717 EPISTULA
2810 1662 3050 1716 XXXIII.

2092 1768 2284 1812 Ανιτυδ
2320 1767 2620 1807 νιεκκειεειε
2655 1768 2928 1807 EPISCOPUS
2966 1768 3088 1808 νιιιο
3125 1769 3367 1810 ιιιυδτιιι

2546 1832 2568 1861 °
2594 1838 2922 1878 APOLLINARI.

2023 1916 2148 1972 Scio
2164 1914 2304 1984 quod
2327 1921 2601 1967 revertens
2620 1913 2686 1966 ad
2703 1912 3131 1968 deviuctissimos
3153 1915 3281 1968 mihi
3303 1916 3528 1970 domuos

1951 2009 2242 2064 Domnulus
2282 2015 2485 2068 noster,
2526 2017 2705 2057 coram
2749 2018 2835 2056 me
2877 2013 3070 2057 vestrae
3116 2005 3217 2072 pia:
3257 2007 3524 2060 sollicitu-

1950 2100 2092 2155 dinis
2130 2095 2565 2166 ambiguitatibus
2605 2103 2917 2149 mstuantem
2938 2137 2954 2161 ,
2996 2094 3150 2149 aliter
3174 2113 3333 2164 quam
3362 2098 3529 2153 voluit

1950 2193 2238 2258 relaturus,
2279 2188 2587 2259 aggravavit
2637 2188 2803 2255 magis
2847 2187 3104 2241 redeundi
3154 2188 3523 2254 festinatione,

1950 2300 2107 2355 quam
2138 2283 2345 2338 minuit.
2395 2279 2667 2349 Siquidem
2698 2294 2781 2332 me
2806 2279 2944 2345 apud
2975 2277 3289 2347 Lugdunum
3333 2280 3382 2331 iu
3426 2278 3524 2332 ad-

1951 2384 2111 2431 ventu
2142 2373 2258 2443 eius
2295 2370 2475 2442 gravis
2510 2369 2788 2425 oculorum
2831 2367 2986 2422 dolor
3014 2369 3266 2438 impotem
3313 2369 3528 2423 luminis

1951 2463 2237 2521 contuendi
2280 2465 2479 2531 impetu
2519 2460 2800 2528 ingruente
2839 2451 3169 2513 reddiderat.
3218 2458 3369 2513 Unde
3403 2460 3525 2528 quia

1950 2574 2052 2615 nec
2080 2560 2194 2627 ipse
2220 2554 2320 2610 fuit
2347 2553 2591 2609 eliciendi
2619 2550 2865 2620 rescripti
2891 2550 3113 2615 efﬁcax,
3158 2566 3256 2604 nec
3286 2566 3385 2619 ego
3415 2552 3529 2605 ido-

1950 2665 2084 2708 neus
2131 2646 2491 2713 redhibendi,
2545 2660 2758 2699 omnem
2805 2643 3097 2713 gratiarum
3128 2686 3142 2709 ,
3196 2657 3527 2712 quaecunque

1951 2745 2034 2800 vel
2062 2743 2236 2813 pretio
2263 2752 2540 2795 munerum
2561 2776 2575 2798 ,
2608 2736 2689 2790 vel
2731 2735 2910 2789 animo
2938 2743 3308 2787 munerantum
3338 2733 3521 2787 deberi

1951 2836 2154 2907 potuit,
2195 2834 2457 2889 actionem
2487 2820 2652 2883 verbo
2680 2828 2856 2897 potius
2885 2825 3219 2880 referendam
3253 2824 3527 2894 portitoris

1950 2928 2167 2984 auribus
2195 2923 2427 2993 alligavi.
2458 2920 2606 2975 Licet
2628 2918 2845 2972 minime
2867 2917 3140 2980 dubitans,
3166 2918 3302 2981 apud
3328 2929 3526 2970 sancite

1951 3016 2250 3075 dulcedinis
2275 3012 2582 3067 aviditatem
2626 3006 3112 3077 parvipcndendam
3156 3005 3525 3058 mandatorum

1874 3098 1920 3160 (ἶ
1951 3110 2145 3166 seriem
2173 3103 2438 3160 desiderio
2468 3100 2782 3154 litterarum.
2815 3096 2919 3153 Sed
2950 3111 3070 3148 cum
3101 3096 3351 3163 primum,
3380 3109 3526 3147 rare-

1952 3200 2224 3259 scentibus
2248 3193 2484 3251 tenebris
2504 3191 2823 3247 cubicularis
2842 3188 3120 3257 ergastuli,
3139 3185 3527 3254 aliquantisper

1950 3286 2230 3346 ordinandi
2269 3282 2446 3339 ofﬁcia
2486 3279 2637 3348 copia
2678 3278 2803 3342 fuit,
2848 3275 3169 3331 solutionem
3212 3273 3372 3327 debiti
3418 3288 3523 3326 non

1949 3391 2209 3443 moratus,
2258 3383 2574 3446 prazsentem
2622 3370 2858 3440 baiulum
2904 3366 3165 3421 destinavi
3198 3384 3210 3396 ο
3260 3366 3342 3418 cui
3387 3364 3522 3417 ultra

1948 3487 2106 3543 quam
2149 3469 2251 3524 dici
2302 3473 2478 3535 p0test
2523 3462 2765 3517 verbosis
2812 3456 3220 3513 salutationibus
3264 3464 3524 3518 onerato,

1949 3568 2203 3633 quantum
2237 3557 2465 3627 pertinet
2504 3552 2571 3609 ad
2611 3551 2860 3607 mandata
2892 3548 3166 3618 loquacia,
3212 3545 3524 3614 perbrevetn

1950 3657 2195 3726 paginam
2222 3650 2436 3707 dedisse
2462 3662 2547 3700 me
2574 3653 2845 3712 computo.
2898 3641 3026 3695 Nam
3058 3654 3183 3693 ecce
3225 3638 3350 3692 mihi
3390 3638 3527 3690 Deus

1948 3749 2103 3805 testis
2131 3757 2234 3815 εει,
2262 3752 2463 3815 quanto
2492 3741 2694 3794 lumine
2729 3735 2979 3806 praefatus
3007 3733 3315 3788 carissimus
3345 3738 3526 3784 noster

1949 3842 2001 3896 in
2045 3841 2158 3910 ipsa
2201 3834 2567 3891 contenebrati
2599 3843 2841 3885 recessus
2873 3823 3164 3880 uocturnali
3198 3822 3526 3875 habitatione

1949 3930 2227 3999 respersit,
2249 3942 2369 3982 cum
2393 3922 2689 3980 dulcissimi
2713 3921 2949 3989 pignoris
2977 3916 3143 3970 nostri
3171 3915 3342 3968 reditu
3368 3928 3523 3981 quem

1948 4035 2073 4081 ante
2121 4022 2438 4081 nescieram,
2466 4016 2733 4078 nuntiato,
2767 4008 3108 4065 resolidatam
3139 4005 3354 4059 Christo
3400 4017 3525 4071 pro-

1947 4116 2079 4188 pitio
2124 4112 2379 4167 familiam
2429 4121 2601 4161 meam
2652 4104 2719 4159 ab
2765 4116 2830 4155 eo
2878 4113 3033 4168 quem
3066 4096 3330 4188 misissem
3362 4095 3523 4188 inve-

1947 4184 2197 4262 niendam
2247 4215 2368 4256 esse
2416 4196 2671 4251 ﬁrmavit.
2720 4191 2978 4258 Quocirca
3027 4201 3125 4241 nec
3167 4199 3261 4237 vos
3299 4184 3407 4252 iam
3456 4184 3522 4236 de

1946 4297 2101 4351 Vobis
2144 4290 2345 4361 aliquid
2396 4285 2749 4354 semipleuum
2794 4279 2991 4350 putetis
3028 4295 3041 4332 :
3074 4290 3299 4344 quorum
3331 4282 3521 4328 contu-

1949 4386 2180 4450 bernio,
2233 4379 2507 4435 divinitate
2554 4371 2822 4442 propitia,
2873 4370 3033 4423 etiam
3085 4366 3225 4420 oculi
3275 4366 3377 4419 mei
3431 4377 3524 4431 per

274 4482 597 4538 verecundia
626 4480 1064 4550 respondentem,
1094 4455 1302 4534 reddite
1328 4485 1387 4532 ut
1411 4476 1568 4547 cupio
1597 4475 1849 4545 frequen-
1874 4467 1926 4527 D
1953 4481 2275 4547 prasentem
2313 4470 2557 4540 paginam
2588 4461 2979 4518 satisfacientes
3008 4465 3343 4512 accrescunt
3366 4455 3522 4550 ΑΤιιηι

275 4575 341 4629 tia
372 4573 817 4631 debitorem.Nec
836 4573 1032 4629 desunt
1059 4572 1105 4627 si
1136 4570 1369 4626 annuitis
1391 4583 1567 4623 causa:
1592 4566 1848 4638 iubendi;

342 4720 368 4749 ⁸
407 4709 653 4765 Praetorii
682 4710 909 4777 primttm
938 4708 1122 4773 Italiae,
1165 4717 1273 4760 tum
1312 4703 1505 4777 deinde
1532 4702 1843 4777 Galliarum,

271 4783 384 4835 viro
408 4773 697 4849 multiplici
723 4779 879 4833 laude
906 4780 1213 4849 conspicuo,
1245 4787 1363 4845 post
1388 4776 1548 4849 etiam
1591 4773 1842 4849 ifatricio.

270 4843 627 4906 Cassiodorus
668 4850 802 4903 libro
831 4864 883 4901 ιι
916 4843 1213 4911 Variarutn,
1246 4843 1402 4911 epist.
1454 4846 1476 4898 l
1526 4862 1539 4897 :
1582 4843 1847 4910 Respicere

271 4923 541 4991 patricium
575 4918 829 4972 Liberium
870 4919 1161 4986 prefectttm
1186 4918 1336 4991 etiarn
1359 4913 1845 4991 Galliaruiu,_exer-

269 4983 508 5043 citualem
550 4991 735 5054 uirum,
760 4983 1111 5041 communione
1136 4985 1494 5055 gratissimum,
1519 4983 1708 5055 meritis
1739 4983 1848 5035 cla-

270 5077 407 5126 rum,
441 5064 609 5131 forma
650 5051 999 5129 conspicuum,
1038 5051 1438 5110 sed’vulneribus
1478 5051 1841 5131 pulchriorem,

272 5121 503 5184 laboer
524 5146 733 5183 suorum
772 5121 992 5181 munera
1008 5139 1350 5187 consecutum,
1373 5135 1426 5177 tu
1454 5140 1552 5175 non
1580 5121 1844 5193 prtefectu-

268 5217 382 5253 ram
420 5216 593 5271 quant
617 5198 741 5251 bene
786 5198 961 5268 gessit,
1004 5197 1276 5271 amitteret,
1310 5195 1638 5271 et_ea:imittrn
1680 5193 1843 5271 virum

270 5261 445 5325 honor'
462 5261 989 5339 geminatuso'rnaret.
1016 5265 1286 5339 Eunodius
1310 5262 1714 5339 Liberioeitlem
1745 5261 1838 5314 lib.

272 5356 347 5402 rx,
376 5333 533 5407 epist.
560 5339 631 5392 25
666 5356 676 5389 :
713 5337 915 5407 Meettm
937 5335 1200 5407 Gallinaria
1226 5334 1320 5386 huc
1339 5333 1697 5407 astipulatione
1716 5346 1839 5407 con-

268 5400 494 5482 veniunt,
523 5417 577 5482 at
599 5408 800 5482 Qhristo
831 5404 937 5458 Deo
963 5407 1090 5482 viuo_
1108 5406 1422 5473 disponente,
1440 5400 1842 5482 ordinatisillis

268 5479 453 5545 quibus
481 5470 785 5531 civilitatem
828 5485 937 5545 post
980 5470 1259 5545 nullorum
1292 5487 1544 5545 annorum
1583 5470 1840 5545 curricula

270 5539 509 5612 iututisti,
547 5563 671 5613 quos
711 5539 971 5614 non'aute
993 5544 1203 5614 contigit
1240 5556 1475 5610 saporem
1504 5541 1577 5614 de
1605 5539 1840 5614 Romana

272 5609 504 5670 libertate
526 5609 754 5687 gustare,
782 5613 1079 5687 adiltaliam
1102 5609 1242 5668 tuam
1270 5609 1313 5667 et
1340 5611 1650 5681 poscentibus
1676 5609 1817 5664 nobis

271 5699 322 5743 ct
352 5688 451 5742 illis
479 5684 755 5741 tenentibus
784 5684 1059 5739 reducaris.

1957 4567 2209 4623 videlicet
2255 4562 2562 4617 sinceritate
2609 4555 2840 4626 perfecta
2889 4552 3082 4607 hilares
3110 4550 3213 4604 diei
3244 4548 3408 4619 gratia
3441 4563 3523 4603 re~

2022 4700 2050 4740 δ
2091 4699 2387 4755 Gemellum
2434 4711 2558 4751 mox
2597 4692 2838 4748 nominat
2874 4706 2888 4746 :
2921 4703 3076 4757 quem
3118 4684 3393 4757 Provincia
3427 4700 3515 4747 po.-

1952 4773 2082 4827 titus
2112 4786 2209 4825 rex
2252 4769 2414 4823 Italiae
2452 4764 2814 4819 Theodericus
2857 4755 3111 4813 vicarium
3155 4755 3523 4827 prmlet‘torttm

1948 4826 2171 4897 creavit.
2206 4839 2298 4894 Sic
2336 4839 2477 4892 enim
2511 4836 2574 4906 ad
2616 4849 2737 4888 eum
2763 4832 2946 4906 scribit
2976 4829 3114 4895 apud
3146 4826 3521 4906 (iassiodorum

1950 4912 2042 4965 lib.
2077 4927 2137 4973 tt,
2179 4911 2336 4978 epist.
2370 4907 2472 4978 16:
2508 4905 2646 4959 Hinc
2676 4914 2748 4978 est
2780 4902 2913 4965 quod
2944 4897 3185 4978 praesenti
3226 4906 3446 4977 tempore
3471 4897 3524 4978 in

1949 4971 2169 5045 Callias,
2215 4971 2364 5032 nobis
2413 4977 2515 5029 Deo
2556 4974 2836 5028 auxiliante
2873 4971 3155 5045 subjectos,
3190 4971 3431 5018 vicarium
3477 4974 3523 5045 te

1949 5038 2315 5121 prtefectorum
2354 5057 2529 5121 nostra
2570 5045 2720 5121 mittit
2768 5040 3065 5121 auctoritas.
3117 5038 3379 5121 Caeterum
3404 5074 3419 5098 ,
3447 5044 3523 5121 Alfi}

1951 5105 2137 5174 'Avilus
2166 5117 2267 5172 hoc
2305 5117 2422 5170 loco
2454 5114 2650 5168 Liberii
2693 5122 2878 5181 rogatu
2905 5111 3157 5184 captivos
3197 5105 3405 5184 liberat,
3437 5105 3522 5184 sic

1946 5172 2220 5244 Liberium
2268 5186 2543 5240 Eunodius
2579 5184 2671 5237 lib.
2720 5172 2792 5244 lxv,
2833 5172 3003 5258 epist,
3031 5178 3261 5258 39,_pro
3295 5172 3520 5258 ganglia

1949 5240 2342 5327 consanguinea
2378 5270 2470 5309 sua
2500 5264 2669 5327 rogat,
2702 5260 2760 5305 ut
2782 5240 3067 5305 casellulas
3096 5247 3213 5315 eius
3236 5245 3369 5298 intra
3398 5240 3521 5294 Gal-

1948 5329 2047 5383 lias
2077 5318 2187 5382 fisci
2212 5326 2464 5381 oneribus
2487 5318 2707 5378 relevet.

2023 5378 2044 5437 ἓ
2071 5378 2389 5453 ὗέψὸἰδσῖίιίἰ
2419 5378 2526 5448 ﬁlio
2553 5402 2612 5447 ut
2638 5389 2948 5459 coniiciam,
2984 5392 3178 5459 mouet
3214 5381 3314 5459 sub
3357 5378 3514 5431 ﬁnem

1946 5450 2142 5521 nomen
2190 5450 2475 5525 Archadii,
2506 5476 2661 5531 quem
2704 5450 3255 5531 A'pollinar_is___fllin_t_n
3299 5450 3510 5531 innuer'

1945 5520 2174 5590 videtur.
2212 5520 2985 5603 Apollinari'autem,'_Sid0ttii
3012 5525 3139 5603 ﬁlio3
3163 5520 3518 5603 filiumufuisso

1947 5587 2291 5727 Krp'hatigtm',
2335 5602 2387 5659 in
2417 5601 2558 5659 notis
2601 5587 2904 5658 Sidonianis
2934 5592 3263 5653 ostendimus
3303 5587 3395 5644 lib.
3425 5602 3514 5656 tn,

1946 5685 2105 5745 epist.
2204 5709 2218 5727 .
