4024 6172
511 274 611 337 951

1804 276 1859 330 S.
1904 272 2084 331 AVITI
2130 274 2527 338 VIESNENSlS

3690 287 3803 339 25?.

512 395 741 461 cepturi,
769 405 814 445 st
841 402 927 445 me
948 387 1249 444 rescribere
1276 386 1536 441 hactenus
1561 394 1739 441 vestra
1772 387 2001 441 dulcedo
2023 387 2102 440 sic
2133 390 2179 446 Α
2213 388 2545 457 litterarum,
2601 391 2727 447 illud
2779 393 3067 463 aliquanta
3096 394 3468 449 amaritud'nis
3505 398 3803 463 asperitate

514 486 818 555 ignoscens,
842 481 1133 552 quamlibet
1159 479 1432 533 infirmum
1449 485 1612 546 atque
1641 478 1890 541 anxium,
1915 479 1981 531 ad
2004 494 2099 532 vo-

515 580 679 633 tivam
712 589 887 632 tamen
919 574 1271 643 frequentiam
1317 572 1613 625 litterarum
1657 573 1711 624 in
1749 570 1847 624 Dei
1879 584 2099 636 nomen,

514 670 785 725 Arehadio
807 669 915 738 jam
946 668 1217 732 dictante,
1249 665 1385 720 solis
1418 662 1903 730 subscriptionibus
1942 676 2102 717 occue

518 762 689 831 panda
717 759 1027 829 compellat.

1000 847 1334 904 EPISTOLA
1374 846 1615 902 XXXIV.

865 956 1173 998 VIENNENSIS
1233 954 1511 995 EPISCOPUS
1567 955 1689 995 VI'BO
1746 954 1991 994 ILLUSTRI

1123 1023 1150 1050 "
1174 1028 1492 1066 AURELIANO.

621 957 811 999 Ανιτυε

598 1126 854 1183 Iudicium
912 1126 1128 1197 quidem
1188 1125 1675 1196 quantulacunque
1726 1123 2105 1193 prosperitatis

515 1236 637 1275 esse
669 1219 1010 1275 manifestum
1051 1227 1163 1283 est,
1208 1218 1349 1287 quod
1392 1217 1686 1272 amicorum
1730 1216 1890 1270 affatu
1941 1216 2104 1270 tanti-

515 1327 641 1379 sper
665 1313 1018 1367 interluceute
1045 1309 1387 1379 temporaria:
1418 1309 1565 1375 pacis
1594 1308 2103 1365 colorevisitamur.

516 1402 898 1458 Verumtamen
938 1412 1103 1457 aestus
1146 1402 1234 1456 ille
1274 1400 1459 1455 diluvii
1491 1416 1651 1469 quem
1684 1400 1937 1470 procellis
1967 1410 2107 1455 tem-

519 1496 789 1562 poralibus
835 1494 1222 1561 comparastis,
1278 1492 1526 1548 humanis
1573 1493 1775 1563 rebus,
1826 1492 1953 1548 dum
2005 1508 2104 1564 per

519 1585 846 1639 mundanum
877 1585 1095 1655 pelagus
1121 1586 1373 1649 curritur,
1405 1584 1568 1639 ﬂuctu
1612 1584 1847 1639 assiduze
1885 1592 2103 1654 pertur-

517 1678 751 1734 bationis
778 1679 994 1732 insistit.
1048 1676 1493 1747 Quandoquidem
1523 1677 1625 1732 hoc
1654 1679 1823 1747 ipsum
1849 1678 1989 1747 quod
2022 1678 2103 1732 in-

521 1783 604 1825 ter
629 1771 978 1825 adversitates
1009 1778 1311 1837 temporum
1336 1770 1692 1836 reapiramus,
1723 1769 2100 1824 discriminum
2136 1753 2180 1811 Β

514 1880 636 1932 quae
659 1865 923 1933 patiamur
944 1862 1167 1916 interval
1181 1870 1222 1915 'a
1248 1861 1417 1930 magis
1437 1860 1692 1915 debemus
1715 1867 1923 1928 put-ire,
1942 1876 2101 1930 quam

516 1959 831 2009 terminum.
887 1954 1019 2008 Nam
1066 1952 1269 2007 idcirco
1323 1961 1526 2007 tantum
1574 1950 1716 2006 inter
1763 1952 2100 2007 incommoda

513 2048 908 2113 ealiniitatum,
948 2043 1453 2101 circumscribendis
1494 2046 1672 2114 potius
1711 2059 1871 2115 quam
1908 2060 2104 2100 sanau-

513 2141 619 2204 dis,
654 2140 743 2194 lux
772 2140 1015 2209 quaedam
1042 2139 1256 2194 videtur
1285 2137 1544 2203 alludere,
1587 2147 1646 2192 ut
1684 2146 1893 2192 mentes
1924 2137 2099 2193 fallaci

518 2234 807 2286 securitate
856 2231 1078 2297 laxatas,
1132 2229 1430 2284 instaurato
1472 2230 1690 2300 gravius
1732 2240 1877 2285 metu
1926 2231 2105 2286 sueci-

518 2326 658 2381 duus
705 2340 873 2394 angor
918 2324 1137 2379 alliciat.
1186 2325 1446 2389 Quocirca
1488 2322 1713 2390 desiste,
1764 2325 1847 2378 vir
1873 2325 2095 2394 optime,

518 2419 655 2471 mala
688 2416 944 2471 ferventia
977 2415 1199 2471 credere
1229 2415 1389 2470 ﬁnem
1424 2414 1725 2469 malorum:
1768 2424 1824 2471 et
1856 2432 1977 2471 cum
2015 2434 2101 2485 se,

516 2508 664 2564 inotu
714 2508 963 2563 dissimili
1016 2517 1334 2578 tempestate
1386 2508 1611 2577 molita,
1663 2508 1826 2564 facies
1879 2512 2098 2567 tantilLe

512 2600 822 2655 serenitatis
856 2600 1107 2664 alternat,
1143 2601 1401 2656 varietate
1431 2611 1781 2669 proventnum
1815 2620 1918 2658 non
1948 2605 2096 2659 dele-

509 2704 677 2759 ctare,
709 2694 803 2748 sed
836 2704 1007 2751 ntere.
1059 2693 1167 2749 Nec
1204 2694 1282 2750 sic
1320 2704 1372 2749 te
1409 2704 1502 2749 aut
1532 2697 1863 2766 proSpeiitas
1893 2699 2093 2768 erigat,

507 2798 601 2843 aut
626 2788 835 2860 frangat
863 2788 1180 2854 adversitas,
1225 2796 1285 2843 ut
1310 2788 1361 2842 iu
1389 2790 1581 2843 animis
1609 2789 1714 2845 tuis
1752 2798 1857 2845 tam
1888 2792 2094 2847 amico-

513 2897 632 2936 rum
681 2890 917 2936 mutetur
945 2896 1141 2948 causa,
1190 2895 1349 2951 quam
1399 2891 1721 2951 temporum.
1772 2884 2097 2941 Mementote

507 2988 723 3042 Semper
744 2972 1032 3043 propositae
1052 2974 1311 3037 caritatis,
1331 2972 1376 3030 si
1399 2972 1525 3029 licet
1544 2974 1813 3031 scribere:
1834 2976 1913 3031 sin
1936 2978 2092 3044 alius,

506 3062 649 3131 quod
690 3064 961 3133 prohiberi
991 3080 1095 3119 non
1130 3073 1328 3135 potest,
1364 3067 1451 3121 vel
1481 3076 1695 3122 amate:
1728 3077 1782 3123 et
1810 3078 1930 3138 post
1963 3085 2090 3140 gur-

2209 483 2484 550 respersit,
2517 498 2625 552 quo
2656 484 2720 536 ad
2754 493 2805 537 te
2832 484 3031 553 scripta
3062 500 3183 553 quze
3222 488 3370 553 prius
3413 486 3655 550 reddidi,
3702 489 3804 542 ab-

2206 589 2370 642 negas
2398 575 2731 642 pervenisse.
2772 574 2902 628 Nam
2929 584 2952 612 ο
2979 589 3074 644 per
3102 577 3362 645 majorem
3392 577 3585 630 domus
3610 577 3801 643 Tullii,

2205 668 2294 737 qui
2325 662 2568 726 amorem
2604 678 2774 729 tuum,
2803 667 3079 723 dominum
3113 682 3291 723 meum
3314 668 3745 738 Sigismundum,
3771 688 3803 726 a

2208 769 2359 828 patre
2387 775 2488 812 suo
2517 760 2568 813 in
2598 760 2865 829 legatione
2887 760 3150 825 directus,
3175 762 3227 814 in
3252 760 3641 817 Viennensium
3668 764 3805 817 ciri-

2207 862 2316 907 tate
2353 862 2660 923 reparet-at,
2698 852 2953 921 epistolas
2986 862 3104 908 tuas
3130 868 3216 908 me
3251 855 3527 923 accepisse
3555 855 3801 921 lzetatus;

2208 960 2305 1013 per
2335 944 2509 1014 ipsum
2555 958 2745 998 rursus
2787 943 2960 1000 oflicia
3010 944 3396 1014 profusissimae
3435 945 3676 1000 caritatis
3703 960 3805 1000 ex-

2205 1038 2374 1102 solvi,
2407 1048 2462 1093 et
2490 1037 2734 1092 allectum
2769 1036 2850 1092 tui
2877 1053 3037 1107 quem
3065 1036 3229 1094 corde
3252 1052 3611 1108 conceperant
3633 1081 3649 1103 ,
3679 1049 3805 1092 stu-

2207 1130 2296 1185 dio
2322 1130 2531 1199 paginae
2556 1131 2859 1185 famulantis
2882 1131 3120 1188 excolui.
3150 1132 3269 1198 Quo
3297 1141 3492 1186 eventu
3523 1133 3575 1186 in
3607 1148 3804 1185 manu.-

2209 1232 2326 1277 tuas
2357 1224 2554 1292 perlata
2587 1238 2690 1277 non
2726 1222 2909 1286 fuerit,
2943 1222 3113 1292 major
3141 1236 3299 1292 quem
3327 1236 3489 1292 supra
3523 1223 3657 1287 dixi,
3691 1240 3801 1276 non

2208 1326 2382 1385 potest
2412 1316 2680 1387 ignorare.
2720 1315 2796 1370 Et
2821 1331 2920 1385 ego
2947 1314 3162 1385 quidem
3192 1315 3417 1370 moleste
3445 1316 3577 1381 tuli,
3619 1324 3675 1370 et
3698 1316 3805 1370 tibi

2210 1408 2492 1461 molestum
2526 1405 2691 1460 fuisse
2720 1406 2936 1476 gavisus
2964 1419 3087 1459 sum
3111 1445 3126 1467 ,
3159 1406 3211 1458 in
3244 1412 3350 1458 tam
3382 1404 3571 1458 idonea
3602 1418 3808 1473 oppor-

2211 1499 2435 1553 tunitate
2462 1496 2747 1553 desideriis
2776 1497 3007 1552 duorum
3032 1497 3188 1551 unius
3211 1498 3375 1551 officii
3400 1498 3625 1565 periisse
3649 1513 3807 1552 com-

2209 1590 2490 1646 mercium.
2530 1590 2910 1645 Verumtamen
2940 1603 3062 1644 cum
3092 1588 3161 1644 de
3190 1588 3448 1643 instituta:
3488 1588 3803 1644 dilectionis

2209 1681 2485 1751 proposito
2516 1697 2644 1751 pars
2672 1681 2882 1736 alterna
2911 1695 3100 1735 secura
3134 1691 3217 1735 est
3237 1721 3253 1747 ,
3286 1696 3669 1748 nonnunquam
3700 1698 3803 1735 ca-

2209 1774 2359 1829 sibus
2386 1782 2602 1843 oportet
2628 1772 2851 1842 ignosci,
2880 1772 3073 1842 quibus
3103 1768 3370 1839 colloquia
3403 1780 3580 1825 nostra
3613 1770 3804 1840 potius

2208 1880 2367 1933 quam
2399 1876 2521 1919 vota
2570 1863 2863 1932 frustratis,
2915 1862 3266 1917 sollicitudini
3315 1861 3571 1917 damnum
3619 1874 3805 1932 potest

2207 1956 2544 2027 contingere,
2577 1971 2682 2010 non
2722 1957 2915 2010 amori.
2962 1953 3146 2025 Neque
3174 1963 3229 2008 tu
3258 1964 3434 2025 putes,
3466 1971 3561 2008 seu
3590 1956 3803 2024 negatis

2206 2048 2603 2113 occasionibus,
2654 2063 2749 2102 seu
2795 2047 3044 2117 repertis,
3094 2045 3259 2100 ullum
3307 2060 3428 2100 esse
3459 2047 3803 2117 negligentia:

2209 2154 2446 2212 tempus,
2479 2157 2584 2211 quo
2614 2140 2754 2211 apud
2798 2154 2885 2194 me
2930 2140 3072 2194 inter
3095 2137 3366 2209 quaslibet
3394 2138 3529 2193 alias
3557 2140 3803 2194 actiones

2207 2233 2608 2305 frequentanda:
2634 2233 2908 2302 sospitatis
2931 2240 3171 2301 tepescat
3194 2232 3438 2287 ambitio.
3471 2231 3606 2285 Illud
3635 2234 3802 2301 igitur

2207 2326 2259 2381 in
2309 2325 2577 2381 mentibus
2630 2327 2924 2380 amicorum
2973 2337 3170 2378 censeo
3214 2338 3333 2379 esse
3382 2324 3693 2393 pretiosius,
3745 2326 3801 2379 in

2204 2434 2311 2490 quo
2357 2428 2567 2475 constat
2615 2418 2973 2485 fortuitisfnil
3020 2417 3205 2481 licere,
3256 2417 3399 2485 quod
3451 2433 3552 2472 nec
3587 2417 3798 2472 itineris

2202 2512 2428 2582 dissipat
2456 2510 2759 2580 longitudo,
2811 2525 2912 2564 nec
2940 2508 3230 2564 oblivionis
3262 2507 3552 2563 frustratur
3580 2509 3796 2563 abusio.

2202 2608 2507 2679 Compenso
2557 2616 2737 2661 tamen
2790 2605 2843 2661 in
2890 2604 3141 2676 praesenti
3172 2603 3412 2659 caritatis
3442 2600 3698 2666 verbum,
3748 2602 3794 2654 si

2203 2716 2298 2769 pro
2328 2699 2526 2753 damno
2554 2697 2802 2768 dignatus
2842 2712 2901 2751 es
2944 2706 3133 2765 putare
3175 2694 3467 2750 silentium.
3518 2691 3693 2748 Simul
3737 2702 3797 2745 et

2200 2791 2489 2861 specialius
2515 2790 2915 2844 adolescentem
2961 2788 3006 2843 si
3046 2787 3285 2858 dignaris
3327 2786 3571 2851 insinuo,
3597 2779 3792 2837 'lilium

2200 2883 2405 2937 scilicet
2432 2882 2533 2935 viri
2567 2881 2790 2935 illustris
2819 2880 3016 2946 Celeri,
3043 2879 3133 2949 qui
3163 2887 3283 2947 post
3313 2877 3480 2931 Deum
3520 2886 3578 2930 ut
3614 2877 3795 2932 unicae

2200 2974 2369 3029 soboli
2394 2974 2557 3028 vitam
2582 2972 2800 3041 incipiat
2820 2986 3041 3042 sperare
3069 2980 3122 3025 tu
3153 2970 3334 3026 facies.
3360 2969 3492 3024 Nam
3518 2970 3587 3023 ita
3612 2969 3793 3040 lacry-

2201 3068 2379 3123 mahili
2421 3066 2657 3137 pignoris
2687 3065 3000 3121 infirmitate
3028 3061 3430 3129 constringitur,
3465 3070 3522 3115 ut
3550 3063 3793 3116 incertus

503 3157 640 3227 gites
667 3172 801 3227 quos
828 3157 1021 3212 litteris
1047 3156 1433 3227 descripsistis,
1482 3158 1533 3213 in
1581 3173 1648 3214 eo
1692 3161 1859 3230 magis
1895 3161 2093 3217 szeculo
2121 3130 2167 3191 Ε
2199 3158 2440 3228 optandi,
2488 3159 2643 3228 cujus
2689 3158 2839 3228 quasi
2887 3167 3041 3226 pater
3066 3164 3293 3210 mortem
3326 3154 3609 3208 imminere
3640 3168 3793 3207 com-

503 3264 567 3317 sp
603 3261 718 3304 rate
750 3259 984 3317 portum,
1011 3264 1118 3321 quo
1143 3250 1331 3307 timere
1358 3266 1465 3307 non
1500 3252 1699 3323 poterit
1730 3254 2093 3324 tranquillitas

505 3353 619 3396 rata
652 3342 1006 3412 naufragium.

1013 3430 1341 3487 EPISTULA
1374 3431 1592 3488 XXXV.

592 3538 781 3577 AVITI'S
819 3537 1125 3576 VIENNENSIS
1165 3521 1489 3579 εριεοοῐδυςδ
1512 3540 1721 3581 ELPIDIO
1756 3540 2003 3582 DIACONO.

576 3610 678 3667 Per
706 3612 965 3682 QIIOsdam
992 3612 1218 3668 clericos
1250 3614 1381 3684 legis
1408 3614 1598 3670 aliena}
1625 3615 1866 3671 divinum
1896 3634 2091 3673 munus

503 3705 555 3760 in
586 3706 773 3761 nuntio
804 3715 906 3762 tute
932 3706 1321 3763 incolumitatis
1350 3708 1529 3778 accepi
1557 3725 1570 3762 :
1613 3724 1715 3765 nec
1749 3710 1942 3766 minuit
1968 3712 2090 3766 dili-

499 3798 676 3867 gentis
704 3801 930 3868 gratiam
960 3800 1189 3870 qualitas
1230 3801 1594 3871 portitorum:
1636 3802 1776 3856 sicut
1818 3818 1915 3857 nec
1955 3804 2087 3859 Elite

498 3889 614 3959 (Ill
630 3889 756 3959 Reg.
775 3905 906 3954 xvtt,
934 3892 987 3961 6)
1025 3901 1209 3947 nostro
1238 3892 1538 3948 transmissi
1569 3891 1784 3948 caelitus
1812 3894 1916 3949 cibi
1950 3896 2089 3951 inter

502 3982 715 4036 horrida
739 3983 1033 4038 volatilium
1064 3984 1365 4052 bajulorum
1392 3993 1564 4040 rostra
1594 3986 1884 4046 viluerunt.
1912 3987 2083 4058 Ipsam

498 4084 673 4134 tamen
695 4091 852 4147 quam
877 4078 1006 4132 satis
1025 4078 1210 4132 avidus
1236 4080 1465 4148 sumpsi,
1500 4090 1708 4135 tuarum
1742 4081 2082 4138 dulcedinem

566 4310 593 4339 ιι
610 4302 693 4374 De
718 4302 820 4354 hoc
848 4317 977 4356 vero
1003 4302 1271 4361 difficilior
1296 4316 1378 4360 est
1404 4304 1734 4374 conjectura,
1761 4320 1881 4359 eum
1908 4308 2079 4360 Aure-

491 4373 621 4430 liani
665 4373 763 4446 hac
797 4383 955 4428 astate
986 4375 1220 4443 insignes
1252 4377 1447 4433 fuerint
1488 4373 1593 4430 non
1633 4378 1811 4446 pauci.
1850 4376 1982 4431 Vide
2010 4393 2076 4430 an

492 4446 559 4498 ad
584 4444 929 4499 Aurelianum
957 4446 1236 4513 patricium
1262 4446 1450 4501 referri
1478 4444 1656 4515 queat,
1680 4448 1837 4512 cujus
1862 4462 2078 4502 servum

493 4516 740 4571 Massilia:
770 4515 835 4567 ad
868 4515 1139 4569 basilicam
1179 4516 1238 4571 S.
1269 4517 1499 4571 Victoris
1528 4532 1555 4568 a
1585 4515 1855 4570 d:emon'o
1887 4518 2062 4572 libera-

497 4597 607 4672 ttttti
1381 4587 1607 4672 .t‘lilirac.
1633 4602 1752 4653 cap.
1778 4590 1863 4640 77.
1895 4589 2074 4672 Certe,
2111 4611 2157 4672 υ

497 4656 595 4709 nisi
626 4662 864 4727 tempora
886 4656 1225 4727 discrepant,
1248 4657 1480 4724 dignitas
1511 4672 1615 4710 non
1648 4669 1931 4727 repugnat,
1956 4674 2078 4713 cum

496 4727 733 4781 illustres
764 4724 959 4778 fuerint
986 4740 1172 4779 omnes
1201 4728 1430 4793 patricii.

567 4795 592 4832 δ
638 4795 839 4849 Medico
887 4795 1204 4850 Theoderici
1252 4798 1429 4865 regis,
1483 4797 1636 4865 cujus
1688 4797 1753 4851 ad
1808 4796 2073 4865 Elpidium

491 4866 700 4934 ipsum,
746 4865 1103 4936 cumdiaconi
1141 4881 1354 4935 quoque
1396 4869 1583 4930 Ltulo,
1629 4878 1806 4922 etstat
1850 4868 2074 4936 epistola

490 4936 581 4991 lib.
629 4950 713 4988 xiv
760 4934 1036 4989 Variarum
1078 4934 1422 5001 CaSsiodori,
1472 4948 1528 4992 et
1572 4937 1715 5003 apud
1768 4934 2070 4994 EnnodiUm

489 5006 815 5077 complures.
850 5009 924 5058 Eo
950 5007 1191 5061 alludens
1216 5008 1498 5077 Eunodius
1526 5008 1665 5062 idem
1696 5010 1786 5062 lib.
1812 5025 1886 5075 ix,
1910 5012 2068 5077 epist.

489 5077 580 5131 30.
630 5074 773 5143 Scio,
806 5076 997 5143 inquit,
1040 5077 1161 5147 quia
1205 5076 1339 5132 Deus
1382 5080 1471 5132 tibi
1513 5081 1588 5133 sic
1633 5074 2069 5147 gratiamin—victi

491 5147 737 5216 principis
768 5148 1003 5211 contulit,
1038 5156 1091 5198 ut
1125 5149 1388 5201 humilitas
1418 5150 1758 5203 ecclesiastica
1787 5167 1889 5203 non
1928 5154 2066 5217 peri-

489 5228 586 5271 γε’.
617 5217 810 5271 Carum
840 5218 981 5271 enim
1011 5218 1271 5285 imprimis
1293 5219 1625 5274 Theoderico
1653 5221 1814 5275 fuisse
1843 5230 2068 5277 trstatur

489 5288 784 5357 Cyprianus
813 5288 1070 5360 diaconus
1098 5290 1148 5342 in
1168 5288 1282 5342 Vita
1310 5289 1369 5345 S.
1393 5290 1608 5343 Czcsarii
1637 5292 1728 5345 lili.
1754 5307 1801 5344 t:
1832 5291 2068 5360 Elpidius

488 5360 733 5431 diaconus
759 5369 805 5412 et
829 5359 1083 5431 medicus,
1106 5361 1258 5429 regia:
1283 5362 1517 5428 potestati
1540 5361 1729 5415 sedulis
1753 5359 1927 5431 o/ﬁciis
1955 5378 2069 5417 cum

486 5430 666 5500 primis
691 5428 960 5502 familiaris
995 5440 1042 5483 et
1084 5428 1312 5502 intimus.
1343 5434 1480 5500 'Quo
1527 5432 1578 5485 in
1630 5433 1748 5486 loco
1786 5428 2065 5502 Elpidium

485 5498 663 5576 narrat
694 5498 1131 5576 aliiulestatione
1172 5498 1513 5576 diaboli‘qua
1554 5503 1697 5558 domi
1741 5498 2060 5570 vexabatur,

484 5568 543 5624 S.
572 5568 787 5624 Caaszirii
816 5584 977 5640 opera
1009 5571 1309 5627 liberatum.

558 5650 581 5677 ο
610 5640 738 5705 Quis
767 5640 853 5695 hic
881 5642 1070 5711 major,
1103 5658 1194 5695 aut
1217 5658 1461 5711 quaenam
1485 5643 1673 5697 domus
1699 5642 1858 5697 Tullii
1895 5659 1923 5697 a
1954 5660 2084 5714 qua-

516 5708 552 5763 li
572 5726 784 5779 uomeu,
805 5728 909 5769 non
927 5708 1111 5783 liquet,
1129 5708 1362 5783 nisi‘quis
1381 5714 1691 5781 fortassead
1708 5714 1882 5770 Servii
1898 5708 2057 5770 'l‘u'llii

2202 3254 2435 3325 pellitur,
2468 3252 2631 3307 vitam
2663 3253 2811 3320 quasi
2854 3251 3075 3304 orbatus
3114 3248 3316 3303 deﬂere
3354 3255 3597 3317 cogatur.
3645 3247 3793 3314 Qua-

2203 3356 2419 3416 propter
2464 3345 2804 3415 opitulatura
2855 3342 3129 3398 Divinitati
3173 3340 3340 3412 junge
3387 3350 3475 3396 tua
3524 3352 3790 3409 quantum

2200 3439 2515 3508 conjicimus
2543 3437 2609 3491 de
2639 3437 2827 3506 peritia
2867 3436 3122 3504 singulari
3151 3452 3164 3488 :
3200 3444 3438 3489 vestrum
3467 3434 3792 3504 promisisse

2196 3528 2305 3599 jam
2334 3545 2401 3583 ex
2436 3536 2587 3597 parte
2618 3526 2809 3582 fecisse
2832 3538 2933 3582 est.
2965 3527 3187 3581 Tribuat
3215 3525 3483 3591 Christus,
3514 3537 3569 3579 ut
3603 3525 3791 3580 exsul-

2203 3623 2364 3676 tando
2391 3630 2549 3691 atque
2586 3621 2880 3687 impensius
2921 3621 3188 3675 laudando
3227 3620 3279 3674 in
3320 3618 3420 3673 hac
3447 3633 3573 3672 tura
3612 3619 3788 3688 magi-

2196 3717 2362 3769 sterio
2392 3722 2505 3782 tuo,
2537 3712 2695 3767 simul
2728 3712 2822 3766 tibi
2862 3722 2916 3767 et
2953 3713 3097 3766 Italia
3141 3711 3420 3767 medicina:
3446 3713 3784 3781 Opinionem,

2197 3814 2251 3861 et
2275 3804 2445 3861 Callia
2479 3805 2627 3875 pueri
2659 3804 2854 3859 debeat
2883 3806 3191 3859 sanitatem.

2680 3895 3015 3952 EPISTOLA
3053 3896 3297 3953 XXXVI.

2195 4005 2384 4046 AVITUS
2412 4004 2723 4046 VIENNBNSIS
2761 4005 3037 4045 EPISCOPUS
3058 3989 3085 4027 δ
3109 4006 3231 4046 νιιιο
3260 4006 3502 4045 ιιιυετιιι
3536 4006 3787 4047 SENABIO.

2264 4084 2673 4154 Magniﬁcentite
2700 4092 2893 4139 vestra:
2919 4084 3145 4154 gratiam
3174 4084 3482 4155 frequenter
3503 4096 3786 4157 expertus,

2189 4303 2332 4368 regis
2354 4302 2593 4367 domum,
2620 4316 2776 4371 quam
2799 4301 2860 4357 P.
2878 4301 3060 4356 Victor
3089 4301 3139 4355 in
3161 4300 3343 4370 quinta
3366 4300 3526 4357 Urbis
3560 4302 3789 4372 regione

2194 4375 2452 4436 collocat,
2495 4373 2837 4427 referendum
2881 4382 3061 4442 putet,
3103 4373 3244 4443 quod
3276 4374 3457 4427 multis
3490 4390 3594 4425 non
3629 4376 3787 4429 facile

2188 4445 2534 4510 persuaserit.
2568 4444 2646 4497 Ad
2676 4444 2921 4498 Celerem
2955 4452 3155 4507 autem,
3187 4445 3339 4511 cujus
3370 4443 3460 4497 lilii
3493 4445 3784 4498 sanitatem

2188 4517 2290 4594 hoc
2324 4516 2440 4594 loco
2474 4514 2684 4594 lilpidio
2712 4515 2923 4569 medico
2952 4515 3326 4581 commendat,
3367 4514 3671 4583 scripturus
3696 4526 3785 4569 est

2257 4597 2466 4639 tSlOIam
2499 4597 2588 4639 45.

2185 4587 2466 4654 epismlam
2499 4590 2588 4639 45.

2256 4655 2281 4691 d
2309 4656 2500 4710 Comes
2542 4656 2628 4708 hic
2668 4653 2765 4708 fuit
2813 4655 3120 4720 patrimonii
3148 4655 3466 4710 Theoderici
3501 4659 3680 4725 regis,
3728 4668 3785 4711 et

2186 4726 2464 4793 patricius,
2498 4727 2565 4779 de
2593 4742 2699 4794 quo
2730 4728 2895 4779 multa
2934 4727 3044 4794 jatn
3085 4726 3316 4779 diximus
3345 4728 3411 4780 ad
3448 4728 3783 4783 Eunodrum.

2181 4797 2333 4850 Nunc
2360 4797 2665 4850 addendmn
2698 4807 2779 4851 est
2806 4796 3048 4864 ejusdem
3078 4798 3406 4866 epitaphimn
3427 4838 3442 4862 ,
3490 4799 3635 4864 quod
3669 4816 3779 4852 non

2178 4867 2397 4921 insulsis
2426 4868 2672 4920 versibus
2702 4872 2977 4920 conditum
3001 4908 3014 4929 ,
3055 4881 3085 4920 a
3114 4867 3272 4921 Petro
3301 4868 3514 4923 Pithoso
3544 4872 3776 4924 relatum

2178 4950 2259 4992 est
2291 4939 2342 4991 in
2375 4938 2512 4991 libro
2542 4954 2592 4991 tv
2622 4937 3041 4991 Poematiorum.

2175 5028 2429 5080 SENARII
2464 5029 2526 5079 V.
2562 5029 2600 5078 Ι.
2635 5029 2890 5080 COMITIS
2941 5027 3315 5080 PATRIMONII
3363 5030 3442 5081 ET
3494 5029 3777 5084 PATRICH

2763 5091 3179 5141 EPITAI’HIUM.

2271 5173 2360 5223 llle
2387 5185 2483 5234 ego
2510 5186 2616 5222 sum
2642 5177 2806 5224 mundi
2829 5176 3069 5237 quondam
3095 5177 3202 5223 sine
3228 5173 3323 5223 line
3350 5177 3421 5223 via
3446 5190 3503 5224 or

2268 5237 2521 5303 §onarin_s,
2538 5238 2778 5303 membns
2805 5236 2990 5287 tumulo
3009 5250 3109 5303 _n_on
3130 5239 3344 5303 nomine
3367 5240 3583 5303 clausus,

2268 5297 2512 5361 Principis
2537 5300 2702 5361 invicti
2730 5313 2927 5361 semper
2950 5297 3168 5361 sublimis
3192 5310 3377 5348 amore.

2262 5359 2407 5425 Cujus
2433 5360 2480 5425 in
2503 5361 2625 5408 orbe
2651 5360 2714 5408 fui
2742 5358 3062 5425 vox'regum,
3079 5358 3239 5421 lingua
3261 5361 3463 5425 salutis,

2268 5420 2487 5483 Fuederis
2506 5430 2687 5479 orator,
2717 5425 2849 5483 pacis
2871 5423 2968 5482 via,
2998 5420 3161 5470 litibus
3191 5424 3360 5470 hostis.

2265 5482 2409 5530 Novit
2433 5490 2483 5531 et
2508 5483 2597 5531 hoc
2617 5482 2811 5541 Oriens,
2838 5486 2929 5533 hoc
2952 5485 3147 5532 ultimus
3171 5485 3278 5531 axis
3303 5484 3451 5543 lberi,

2268 5544 2484 5606 Hocscit
2502 5545 2669 5593 bruma
2696 5548 2880 5606 rigens,
2906 5549 2997 5593 scit
3016 5555 3068 5606 et
3093 5544 3255 5593 Africa
3284 5546 3467 5594 solibus
3491 5555 3614 5595 usta.

2265 5605 2346 5669 Bis
2367 5604 2520 5653 denas
2546 5614 2606 5669 et,
2621 5604 2841 5669 quinque
2860 5606 2999 5655 simul
3026 5605 3209 5667 legatio
3228 5619 3387 5655 tios'tra

2264 5668 2437 5725 Signat
2460 5669 2508 5715 in
2539 5668 2661 5717 orbe
2685 5668 2800 5728 vias,
2828 5675 2879 5716 et
2904 5681 3150 5727 nunquam
3176 5676 3332 5715 struta
3352 5668 3539 5717 labore.

2264 5728 2441 5777 Cursus
2464 5735 2571 5778 erat
2601 5728 2822 5789 tolucer;
2860 5741 3068 5790 namque
3096 5743 3222 5781 anno
3247 5731 3455 5792 pervigil
3474 5739 3575 5779 uno
