4024 6172
171 267 288 326 253

1492 266 1827 325 EPISTOLA
1870 270 2154 330 XXXVIII.

3348 283 3450 341 ΞΜ

175 402 303 447 quia
328 385 611 452 dignanter
639 380 902 447 accipitis,
936 377 1271 432 salutationis
1300 378 1530 433 ofﬁcium
1572 382 1760 449 pagina
1794 388 1839 442 Λ
1871 402 2029 452 quam
2068 388 2323 444 didicisse
2362 391 2407 445 si
2454 391 2672 446 nesciat.
2722 392 2853 458 (tute
2886 392 3027 447 inter
3059 393 3351 450 Romanam
3396 410 3452 453 et

175 475 471 529 famulante
496 474 692 528 direxi.
752 472 817 526 Et
863 470 983 541 quia
1025 470 1177 524 scitis
1218 470 1555 540 synodalium
1591 472 1765 539 legum

174 582 322 627 esse.
354 575 413 620 ut
439 566 491 619 in
523 565 687 620 rebus
716 579 837 631 qua:
864 561 931 615 ad
961 560 1219 615 Ecclesiae
1244 569 1441 616 statum
1471 563 1766 631 pertinent,

173 659 219 710 si
265 657 397 725 quid
446 658 606 711 fuerit
649 654 999 709 dubitationis
1044 659 1335 720 exortum,
1386 652 1451 706 ad
1503 653 1761 709 Romanae

178 746 439 802 Ecclesia!
466 748 761 802 maximum
792 742 1153 808 sacerdotem,
1198 744 1349 812 quasi
1380 743 1446 798 ad
1477 755 1636 812 caput
1664 761 1765 799 no-

176 850 346 893 strum
378 839 619 894 membra
657 836 936 907 sequentia
977 850 1351 901 recurramus;
1395 851 1460 891 ex
1500 852 1766 892 consensu

176 929 479 983 antistitum
526 928 816 997 provincia:
846 925 1167 980 Viennensis
1190 934 1215 963 ι
1243 925 1309 979 ad
1346 937 1587 981 sanctum
1630 928 1768 982 lior-

178 1019 432 1083 misdam,
471 1034 567 1074 seu
597 1020 905 1088 quicunque
934 1031 1073 1071 nunc
1103 1016 1195 1070 ille
1223 1026 1327 1080 est,
1358 1032 1546 1085 papam
1575 1019 1767 1073 debitae

176 1110 547 1164 venerationis
575 1108 893 1177 ob~equium
920 1122 1042 1161 cum
1072 1106 1438 1163 sollicitudine
1466 1108 1728 1164 destinavi
1752 1128 1765 1165 :

180 1198 368 1254 audire
398 1215 427 1251 a
460 1198 699 1267 praefatae
725 1198 866 1252 sedis
897 1196 1218 1253 auctoritate
1255 1197 1599 1266 desiderans,
1641 1201 1767 1267 quid

178 1288 245 1341 de
273 1287 466 1341 etfectn
498 1287 714 1342 directae
744 1302 773 1340 a
800 1301 859 1341 se
885 1286 951 1339 ad
981 1285 1255 1340 Orientem
1288 1287 1572 1354 legationis
1599 1306 1765 1360 agno-

180 1394 261 1430 vet
278 1378 336 1432 it.
366 1378 500 1431 Cum
528 1392 677 1445 ergo,
710 1387 765 1431 ut
794 1377 927 1441 dixi,
961 1391 991 1430 a
1024 1376 1441 1446 provincialibus
1471 1379 1605 1434 meis
1630 1395 1764 1436 con-

184 1468 348 1532 sulor,
382 1468 717 1536 respondere
747 1468 907 1521 etiam
940 1482 1059 1535 ego,
1104 1468 1155 1521 ni
1192 1468 1428 1536 priorem
1459 1471 1732 1523 consulam
1754 1513 1769 1535 ,

184 1574 285 1613 non
315 1574 605 1627 przesumo.
638 1558 976 1613 Adminiculo
1009 1558 1172 1628 igitur
1199 1559 1552 1614 ordinationis
1574 1574 1769 1618 vestra:

183 1665 310 1718 opus
346 1659 455 1717 est,
507 1661 563 1704 ttt
606 1650 743 1704 istud
794 1649 863 1704 ab
909 1657 1135 1719 utraque
1180 1658 1335 1719 parte
1382 1665 1477 1719 per
1523 1652 1765 1708 ordinem

1871 478 2522 552 Constantinopolitanam
2576 485 2867 539 Ecclesiam
2919 501 3005 539 res
3052 498 3295 555 agantur,
3344 506 3450 545 non

1871 586 2185 641 quacunque
2213 576 2533 629 auctoritate
2559 579 2963 645 cognoscimus,
3008 579 3101 633 sed
3149 579 3218 634 de
3262 596 3448 634 rumo-

1872 662 2021 717 ribus
2071 665 2240 733 magis
2285 680 2347 721 ac
2391 666 2699 721 nuntiorum
2731 669 2988 723 varietate
3029 680 3325 739 captamus.
3380 671 3450 726 Et

1872 754 2013 822 ideo,
2029 771 2096 810 ne
2120 756 2255 811 forte
2277 774 2434 827 quam
2452 760 2638 815 rustici
2662 768 2769 813 tam
2795 761 3121 830 negligentes
3140 763 3445 830 credamnr,

1872 847 2095 915 perinde
2136 860 2380 903 sanctum
2426 864 2616 919 papam
2661 862 2717 906 et
2763 852 3149 907 beatitudinem
3185 863 3443 923 vestram,

1873 947 1897 974 ο
1924 952 2017 1005 per
2042 937 2376 995 Viennenses
2404 941 2635 997 clericos
2676 944 2947 1012 provincia
2994 953 3100 997 tota
3141 959 3281 999 nunc
3318 960 3451 1000 cnn-

1869 1028 2019 1093 snlit,
2048 1038 2105 1083 ut
2132 1046 2249 1098 qua
2282 1031 2433 1087 vobis
2462 1032 2528 1087 de
2554 1042 2695 1087 statu
2731 1033 2852 1087 ﬁdei
2882 1048 3004 1088 cum
3028 1032 3263 1089 Orientis
3298 1043 3449 1103 parte

1870 1121 2087 1175 deﬁnita
2130 1122 2271 1187 sint,
2321 1125 2564 1193 rescripti
2610 1125 2841 1179 salubris
2897 1126 3100 1180 lumine
3139 1126 3445 1183 declaretis.

1868 1212 2002 1278 Quia
2027 1228 2146 1266 cum
2172 1214 2456 1283 magistros
2477 1217 2637 1270 etiam
2662 1218 2843 1283 procul
2875 1215 3067 1285 positis
3090 1219 3232 1273 ultro
3258 1219 3449 1274 deceat

1872 1317 2160 1373 promgare
2196 1304 2531 1369 doctrinam;
2578 1308 2870 1362 curandum
2911 1318 2995 1363 est
3032 1310 3285 1364 soliditati
3316 1325 3449 1365 cor-

1870 1392 2046 1461 poris,
2092 1402 2148 1447 ttt
2187 1410 2402 1461 semper
2435 1398 2845 1464 prostteritatem
2880 1400 3176 1465 capitis‘sui
3208 1401 3445 1455 membra

1870 1492 2217 1551 cognoscant.
2270 1484 2535 1550 Quocirca
2592 1485 2640 1539 si
2692 1486 2862 1540 servis
2906 1488 3098 1540 vestris
3148 1486 3271 1540 ﬁliis
3313 1489 3448 1543 meis

1870 1588 2005 1642 quos
2036 1576 2086 1628 in
2119 1574 2171 1628 id
2214 1574 2386 1644 ipsum
2414 1575 2617 1642 direxi,
2664 1576 2929 1630 tribuatur
2958 1578 3249 1632 accedendi
3280 1592 3449 1648 usque

1870 1663 1935 1717 ad
1986 1663 2209 1719 Romam
2260 1664 2506 1733 facultas,
2560 1681 2653 1736 per
2697 1667 2833 1721 duos
2881 1666 3134 1721 Ecclesiae
3181 1668 3449 1736 principes

184 1742 535 1812 compleatur,
579 1750 640 1796 ut
667 1741 751 1797 vel
792 1757 823 1796 a
869 1739 1023 1795 nobis
1063 1740 1411 1810 interrogatio
1450 1744 1758 1813 perveniat,

1869 1755 2161 1812 abundabit
2189 1756 2391 1813 Gallias
2435 1758 2657 1813 erudiri.
2704 1760 2855 1826 Quod
2897 1762 2941 1815 si
2985 1758 3207 1814 forsitan
3250 1776 3281 1813 a
3319 1762 3449 1815 sede

184 1834 258 1887 vel
287 1833 355 1887 ad
387 1848 488 1888 nos
519 1833 703 1888 redeat
742 1833 809 1887 ab
846 1841 1159 1901 exponente
1195 1832 1497 1902 respOnsio.
1546 1834 1660 1888 Non
1699 1836 1764 1890 ad

182 1928 322 1980 solus
366 1925 681 1981 sacerdotes
732 1923 985 1981 Ecclesia:
1034 1925 1268 1994 pertinet
1314 1934 1526 1980 status:
1559 1928 1769 1983 cunct's

186 2018 430 2074 ﬁdelibus
474 2015 778 2072 sollicitudo
822 2016 921 2071 ista
963 2016 1261 2070 communis
1298 2024 1401 2071 est.
1451 2016 1769 2087 Quicunque

183 2111 260 2165 vel
298 2122 624 2179 quocunque
660 2107 903 2162 videmur
933 2107 1226 2161 Eccles‘am
1272 2121 1492 2176 regere,
1533 2116 1765 2164 vestram

186 2202 235 2254 in
279 2199 554 2257 catholica
602 2199 860 2266 religione
903 2214 1020 2252 rem
1065 2196 1324 2267 gerimus.
1383 2197 1514 2252 Cum
1546 2199 1613 2252 de
1642 2198 1763 2254 ﬁdei

184 2294 360 2364 regula
408 2293 497 2348 vel
546 2301 768 2359 aegrotat
811 2291 1003 2361 aliquis
1051 2292 1132 2346 vel
1182 2303 1433 2358 sanatur,
1485 2293 1764 2348 nobiscum

184 2408 271 2446 vos
299 2401 397 2445 aut
424 2390 662 2461 gaudere
688 2399 901 2459 oportet
935 2400 1028 2444 aut
1061 2404 1301 2459 gemere.
1352 2389 1505 2445 Unde
1540 2406 1641 2445 nec
1671 2394 1771 2445 vos

183 2483 377 2553 aliquid
400 2484 467 2537 de
486 2495 644 2537 causa
668 2496 827 2551 quam
850 2480 1096 2545 consulo,
1119 2480 1289 2535 latere
1309 2481 1635 2536 credendum
1660 2492 1761 2536 εει.

184 2574 236 2631 Si
266 2574 399 2630 inibi
428 2574 529 2627 soli
559 2587 795 2641 agerem,
820 2572 949 2626 satis
976 2569 1381 2640 interrogationi
1414 2586 1548 2624 meae
1578 2571 1764 2623 notitia

183 2676 355 2723 vestra
390 2665 701 2720 sufﬁceret:
735 2665 807 2718 nil
840 2664 959 2733 plus
986 2680 1013 2717 a
1045 2678 1178 2732 papa
1206 2678 1365 2731 quam
1404 2678 1433 2716 a
1464 2662 1614 2717 vobis
1645 2677 1765 2731 pos-

184 2772 365 2813 sumus
400 2757 642 2811 veritatis
671 2754 874 2808 audire.
924 2754 1026 2807 Sed
1070 2753 1432 2807 Ecclesiarnm
1464 2753 1634 2821 poscit
1663 2753 1766 2807 uti-

187 2849 323 2913 Iitas,
356 2857 416 2901 ut
445 2863 566 2915 qua:
594 2860 690 2899 vos
723 2844 893 2899 nostis
923 2842 1116 2898 doctor
1144 2843 1397 2898 insinuet.
1444 2843 1556 2912 Ego
1586 2853 1763 2898 tamen

187 2943 470 3010 peculiaris
499 2950 681 2995 vester
711 2938 1061 3007 rescriptum,
1096 2938 1141 2991 si
1176 2936 1501 3004 dignamini,
1542 2953 1567 2988 a
1615 2936 1764 2991 vobis

187 3034 504 3103 peculiarins
530 3031 907 3103 praestolabor:
940 3046 1047 3101 quo
1076 3044 1287 3095 revera,
1314 3040 1371 3083 ut
1399 3028 1530 3092 dixi,
1557 3038 1760 3083 tantum

189 3126 310 3180 mihi
334 3126 536 3180 veritas
560 3123 898 3177 innotescere
921 3122 1136 3191 potcrit,
1156 3128 1413 3190 quantum
1435 3134 1493 3173 se
1511 3119 1762 3174 Romamn

190 3218 327 3271 urbis
378 3217 610 3271 antistes
666 3213 1002 3269 auctoritatis
1056 3213 1334 3284 privilegio
1389 3211 1764 3281 expetentibu's

190 3309 525 3379 respondisse
553 3305 823 3377 gaudebit.

648 3395 982 3452 EPISTOIA
1033 3392 1301 3449 XXXVII.

283 3507 464 3548 AVITUS
502 3506 806 3546 VIENNENSIS
844 3503 1118 3544 EPISCOPUS
1141 3487 1166 3525 δ
1192 3501 1362 3542 PETRO
1400 3501 1660 3542 EPISCOPO.

267 3581 478 3636 Etiamsi
520 3582 623 3635 alia
662 3594 821 3636 causa
880 3594 987 3634 non
1044 3587 1186 3633 esset
1224 3592 1328 3648 qua
1374 3576 1755 3632 beatitudinem

193 3685 413 3727 vestram
445 3673 706 3729 litterario
736 3671 991 3726 famulatu
1018 3683 1272 3724 occursus
1298 3683 1429 3722 meae
1457 3668 1757 3724 devotionis

195 3778 476 3837 expeteret,
504 3768 706 3837 justum
736 3775 880 3821 esset
909 3780 1007 3820 vos
1036 3764 1103 3819 ab
1132 3762 1382 3817 omnibus
1409 3764 1623 3829 excoli,
1668 3766 1755 3833 qui

194 3862 432 3930 opinione
459 3870 642 3915 sancta
665 3859 988 3916 desiderium
1013 3857 1175 3912 vestri
1202 3857 1450 3912 omnibus
1477 3858 1754 3912 inlimatis.

198 3950 404 4020 Dignum
433 3953 631 4022 quippe
659 3960 743 4006 est
767 3964 860 4005 vos
889 3947 1070 4017 expeti
1117 3963 1220 4000 non
1265 3948 1442 4001 minus
1483 3948 1611 4002 sede
1654 3948 1756 4002 Ro-

197 4058 375 4105 mana,
419 4043 543 4111 quia
594 4056 699 4094 non
751 4042 920 4109 magis
968 4045 1234 4107 potestate
1285 4036 1403 4100 illa,
1454 4052 1613 4104 quam
1662 4054 1758 4092 Vtts

196 4134 403 4188 caritate
432 4132 668 4202 fulgetis.
720 4130 882 4197 Cujus
920 4127 1237 4184 reverentiae
1280 4135 1341 4180 ut
1384 4126 1622 4181 debitum
1671 4137 1753 4181 est

195 4225 499 4279 sdutatione
529 4222 842 4293 praamissa,
893 4220 1065 4275 fateor
1093 4218 1411 4287 apostolatui
1445 4226 1653 4285 vestro,
1702 4229 1757 4274 et

197 4315 234 4368 ti
278 4331 390 4369 cntn
432 4312 792 4378 verecundia,
843 4312 1195 4381 ignorantiam
1248 4309 1597 4363 Gallicanam.
1648 4311 1755 4365 Nec

1874 1854 2050 1901 vestra
2080 1862 2216 1915 quos
2258 1849 2501 1903 misimus
2539 1860 2896 1911 revertantur.
2928 1851 3089 1904 vestri
3120 1850 3449 1918 apostola'us

1874 1936 1974 1989 ﬁda
2002 1938 2281 2004 reSponsio
2314 1938 2403 1992 ﬁet
2433 1939 2584 1992 nobis
2622 1940 2784 1993 totius
2816 1939 3182 1995 instructionis
3222 1956 3341 2011 qua:
3381 1942 3447 1995 ad

1871 2040 2091 2083 cunctos
2118 2029 2413 2097 perveniat,
2445 2028 2731 2097 plenitudo.

2323 2120 2651 2175 EPISTOLA
2695 2119 2984 2176 XXXVIII.

2060 2226 2253 2267 AVITUB
2291 2228 2593 2268 VIENNINSIS
2632 2230 2907 2268 EPISCOPUS
2930 2211 2954 2250 δ
2980 2228 3254 2268 ευῖιιλςιο.

1939 2303 2055 2357 Jam
2082 2305 2296 2373 quidem
2330 2320 2425 2373 per
2449 2320 2641 2374 pueros
2673 2322 2822 2361 meos
2849 2307 3055 2360 litto-ras
3081 2306 3226 2371 dedi,
3254 2307 3448 2376 quibus

1869 2397 2008 2451 scire
2033 2412 2127 2451 vos
2155 2397 2383 2453 facerem
2412 2408 2667 2467 quantum
2700 2400 2847 2453 fratri
2889 2399 3137 2454 ltnetcrio
3176 2399 3316 2467 apud
3360 2415 3447 2453 me

1870 2488 2267 2542 commendatio
2294 2499 2467 2543 vestra
2501 2490 2807 2556 profecerit.
2835 2489 2867 2543 ἰ
2880 2503 3033 2544 amen
3066 2506 3169 2543 non
3198 2489 3446 2545 dubitans
3479 2515 3486 2525 ν

1869 2594 1989 2633 eum
2023 2579 2160 2634 inter
2187 2581 2329 2633 initia
2362 2581 2701 2651 pontiﬁcatus
2742 2583 2855 2647 sui,
2899 2582 3129 2636 senioris
3167 2583 3443 2651 germani,

1869 2671 2005 2727 sicut
2033 2674 2251 2743 dignum
2279 2685 2393 2739 est,
2432 2674 2609 2730 ofﬁcia
2640 2686 2981 2741 curaturum;
3026 2676 3121 2728 Itas
3159 2676 3319 2730 etiam
3352 2690 3445 2740 per

1871 2765 2041 2831 ipsum
2072 2766 2303 2821 libenter
2329 2767 2494 2836 adjeci
2514 2809 2529 2831 ,
2569 2768 2763 2837 quibus
2787 2768 3031 2837 opusculi
3075 2767 3176 2821 mei
3212 2766 3321 2833 jam
3353 2765 3444 2819 diu

1874 2855 2155 2923 quaesitum
2202 2872 2295 2925 pro
2313 2856 2508 2911 donem
2539 2858 2611 2922 _in
2663 2873 2853 2912 manus
2900 2872 3047 2912 meas
3075 2858 3288 2911 venisse
3328 2856 3445 2923 plus

1867 2947 2093 3015 gaudeo.
2147 2948 2212 3000 Et
2240 2948 2361 3015 quia
2388 2948 2625 3003 libellum
2658 2949 2866 3017 ipsum,
2902 2959 3154 3017 quantum
3194 2947 3321 3000 milti
3364 2947 3445 3000 in-

1868 3038 2139 3093 dicaverat
2160 3080 2172 3100 ,
2206 3040 2358 3094 vobis
2390 3050 2659 3109 reportat,
2690 3056 2848 3108 spero
2877 3051 2935 3094 ut
2963 3040 3331 3108 qualecunque
3361 3048 3444 3093 est

1868 3130 2181 3200 opusculum
2216 3130 2418 3196 ipsum,
2461 3146 2559 3185 nec
2585 3144 2838 3184 vacanter
2864 3130 3094 3191 editum,
3135 3144 3233 3184 nec
3270 3130 3442 3182 omni-

1869 3219 2041 3273 modis
2068 3220 2430 3286 emendatnm,
2458 3225 2573 3275 viro
2603 3221 2815 3275 sublimi
2860 3235 2923 3295 ac
2970 3220 3229 3287 piissimo,
3262 3220 3306 3274 si
3356 3221 3443 3272 di-

1866 3310 2100 3380 gnamini
2128 3351 2142 3373 ,
2192 3311 2339 3365 fratri
2392 3321 2575 3366 nostro
2619 3313 2913 3380 Apollinari
2966 3313 3238 3379 publicare
3283 3321 3441 3380 atque

1866 3416 2124 3458 excusare
2164 3402 2479 3473 dignemini.
2533 3402 2628 3459 Cui
2683 3405 2900 3471 impium
2954 3403 3124 3458 fuerat
3171 3418 3277 3457 non
3329 3404 3443 3457 huic

1865 3511 1894 3549 a
1924 3512 2007 3551 me
2037 3497 2266 3567 primum
2311 3498 2433 3567 jure
2479 3496 2717 3552 caritatis
2745 3498 2966 3560 offerri,
3017 3496 3059 3551 si
3106 3512 3211 3552 non
3258 3512 3315 3551 ru
3349 3509 3441 3550 sus

1867 3584 2053 3641 fuisset
2080 3588 2367 3641 absurdum
2387 3632 2402 3654 ,
2446 3604 2531 3642 me
2558 3588 2739 3642 domni
2770 3587 2970 3641 Sidonii
3003 3587 3135 3651 ﬁlio,
3175 3588 3315 3641 inter
3358 3589 3406 3641 fa

1865 3677 2073 3731 cundia:
2118 3687 2354 3747 paterna:
2383 3678 2624 3745 delicias,
2674 3679 2808 3733 meis
2853 3680 3183 3748 temporibus
3230 3679 3440 3732 nausia-

1868 3778 2075 3832 turum,
2126 3769 2320 3823 ollerre
2365 3769 2524 3823 etiam
2572 3769 2639 3823 de
2687 3771 3098 3837 praesitmptione
3146 3768 3437 3823 fastidium.

1865 3856 2123 3925 Quocirca
2156 3860 2401 3914 volumen
2433 3875 2527 3928 per
2554 3875 2649 3913 vos
2674 3860 3024 3924 temperatius
3053 3858 3435 3927 ingerendum,

1866 3951 1911 4005 si
1958 3950 2294 4019 supradictus
2326 3953 2489 4006 frater
2518 3952 2601 4006 vel
2636 3950 2927 4004 infantibus
2958 3951 3055 4017 legi
3084 3950 3281 4002 debere
3311 3962 3436 4001 cen-

1864 4042 2069 4104 suerit,
2119 4056 2334 4109 possttm
2380 4056 2475 4107 per
2500 4055 2833 4110 quacunque
2877 4038 3283 4105 magniﬁcentia:
3325 4050 3435 4089 sua:

1863 4132 2057 4198 scripta
2089 4146 2434 4200 cognoscere.
2485 4132 2539 4183 Si
2583 4138 2757 4182 autem
2801 4139 2919 4196 post
2946 4127 3163 4180 ﬂumina
3213 4126 3434 4180 fontium

1866 4232 2229 4291 paternorum,
2264 4232 2320 4275 ut
2369 4221 2542 4288 potius
2584 4235 2724 4283 reor,
2776 4228 3139 4287 paupertatem
3174 4232 3325 4271 vena:
3358 4228 3435 4272 te-

1866 4313 2122 4367 nnissimo
2152 4328 2272 4367 rore
2316 4313 2580 4366 manantis
2622 4310 2908 4377 abjecerit,
2957 4311 3073 4363 sine
3114 4311 3435 4365 verecundia

197 4406 535 4460 melius'esse
585 4412 715 4474 puto
756 4416 1076 4473 quemquam
1118 4400 1374 4454 simulare
1403 4400 1543 4467 quod
1587 4402 1752 4457 sciat.
1788 4385 1837 4444 D
1867 4418 1983 4458 mea
2024 4419 2226 4472 suaque
2265 4404 2566 4473 impietate,
2615 4402 2844 4456 sufﬁciet
2882 4417 2967 4457 me
3003 4402 3435 4472 reprehensionis

273 4562 349 4611 Bis
367 4565 513 4613 maris
531 4563 737 4622 Oceani,
755 4562 831 4609 bis
854 4560 1055 4609 Pontica
1086 4558 1245 4622 littora
1272 4559 1388 4622 vidi,

274 4623 605 4685 Europamque
630 4618 891 4685 Asiamque
914 4633 1149 4685 sequens,
1167 4619 1443 4685 duolimina
1466 4618 1647 4667 mundi.

274 4686 355 4735 His
379 4682 533 4734 eum
549 4686 738 4733 meritis
762 4684 1047 4730 sociavimus
1074 4695 1248 4742 agmen
1276 4682 1526 4727 honorum.

274 4746 433 4793 Autica
454 4750 637 4808 quippe
658 4757 823 4808 comes
846 4746 953 4791 rexi
980 4744 1261 4808 patrimonia
1286 4742 1462 4799 clarus,

280 4808 335 4856 Et
358 4822 462 4855 mea
473 4802 689 4865 patricio
711 4805 951 4855 fulserunt
973 4803 1160 4864 cingula
1185 4802 1334 4849 t'tlIlll.

278 4869 349 4917 Ile
374 4872 551 4928 pietas,
576 4880 656 4916 me
678 4876 842 4915 sancta
866 4866 1003 4923 ﬁdes,
1024 4865 1242 4928 ηιεᾲῒονίι
1264 4864 1507 4911 honestas.

277 4932 422 4978 Saecla
440 4926 614 4978 canant
632 4929 800 4978 titulos
827 4942 839 4977 :
868 4940 975 4975 nam
1002 4926 1219 4974 moribus
1237 4934 1364 4972 astra
1390 4933 1633 4975 tenemus.

260 5007 283 5033 λ
309 5001 440 5053 Aviti
468 5001 532 5052 ad
564 4998 898 5051 llormisdam
926 4996 1169 5064 cpistola,
1204 4996 1433 5061 itemque
1458 4994 1756 5064 llortnisdte

204 5068 257 5119 ad
283 5072 485 5123 Avitum
527 5068 827 5134 responsio,
870 5063 1139 5133 postremo
1179 5065 1295 5134 loco
1334 5078 1361 5115 a
1394 5063 1554 5134 nobis
1593 5066 1752 5119 edita:

201 5150 306 5191 sunt
335 5155 554 5194 numero
582 5133 650 5191 87
681 5148 734 5191 et
772 5138 860 5200 88,
885 5152 948 5190 ex
990 5136 1176 5204 qn-btts
1218 5133 1453 5200 cpistola:
1502 5134 1657 5203 httjus
1700 5144 1755 5189 et

206 5211 423 5274 proxime
448 5208 722 5276 ~eqncntis
749 5207 937 5274 interpt
952 5208 1126 5276 elutitt
1144 5204 1365 5270 petenda
1383 5212 1498 5276 est.

262 5278 284 5316 δ
309 5273 628 5340 Ravennati,
674 5288 729 5331 ttt
758 5273 970 5343 Opinor.
1021 5275 1217 5330 Eude-tt
1262 5273 1491 5340 pertinet
1521 5274 1749 5341 epistola

204 5362 289 5413 quo
316 5351 573 5417 superior.
610 5350 784 5401 Missis
814 5349 953 5400 enim
985 5348 1049 5398 ad
1082 5344 1413 5417 llortttisdatn
1437 5345 1653 5417 legatis,
1691 5354 1752 5399 ut

204 5420 257 5469 de
283 5412 559 5474 Orientalis
592 5417 845 5471 Ecclesiae
869 5425 1003 5468 statu
1036 5416 1230 5468 certiur
1258 5414 1366 5473 iiut,
1401 5412 1468 5465 ab
1498 5418 1751 5479 episcopo

206 5486 505 5551 Ravennate,
536 5505 637 5550 qua
668 5490 765 5541 iter
797 5488 901 5539 illis
928 5488 1156 5539 l'uturntn
1188 5495 1326 5543 erat.
1360 5484 1486 5548 petit
1519 5494 1574 5535 ut
1603 5484 1753 5551 igno-

204 5560 405 5611 rantiam
432 5559 760 5611 Gallicanam
788 5558 1012 5609 erudiat.
1067 5556 1203 5609 l'etri
1248 5555 1404 5621 ltujus
1449 5556 1499 5605 in
1546 5555 1754 5621 synodo

208 5622 419 5680 Romana
440 5628 661 5696 palmari
685 5628 859 5696 διώξει
876 5626 1004 5693 iptio
1029 5626 1220 5696 legitur
1244 5624 1326 5675 his
1344 5623 1548 5675 verbis:
1577 5622 1757 5696 Petrus

206 5694 454 5755 cpiscopus
470 5696 714 5751 Ecclesia!
745 5694 1050 5750 Ravennatis
1090 5694 1205 5749 Ituic
1248 5703 1434 5748 statuto
1480 5704 1672 5755 nostro,
1704 5694 1757 5746 in

1862 4580 1961 4636 quo
1991 4572 2144 4618 totam
2174 4581 2381 4618 causam
2406 4563 2500 4618 Dei
2518 4565 2720 4636 judicio
2749 4565 3112 4636 commisimus,
3137 4564 3432 4629 subscripsi.

1862 4634 1942 4686 Ad
1982 4636 2226 4689 eumdem
2258 4637 2417 4688 etiam
2464 4634 2732 4702 pertinere
2776 4634 3088 4702 conjicimns
3120 4635 3432 4690 Theoderici

1863 4704 2004 4774 regis
2046 4707 2202 4773 epist.
2250 4707 2341 4768 9.7,
2392 4708 2508 4759 libri
2538 4723 2590 4760 ttt
2624 4707 2922 4769 Variarum,
2977 4705 3134 4759 Petro
3179 4706 3433 4774 episcopo

1864 4772 2169 4843 inscriptam
2204 4776 2377 4829 Felice
2404 4779 2645 4838 cnn~ule,
2681 4778 2728 4829 id
2759 4786 2875 4839 est,
2907 4792 3047 4829 anno
3075 4772 3274 4829 ChriSli
3307 4772 3432 4831 5H.

1862 4844 2011 4908 Quod
2044 4848 2085 4898 si
2119 4862 2300 4898 verum
2332 4857 2408 4899 est
2430 4887 2443 4906 .
2483 4857 2665 4900 errant
2695 4848 2781 4914 qui
2818 4846 3029 4900 Petrum
3069 4846 3430 4902 Ravennatem

1862 4924 1985 4967 ante
2017 4916 2065 4968 id
2100 4926 2304 4982 tempus
2330 4916 2637 4970 deittnCtunt
2667 4918 2897 4969 tradunt.

1935 4995 1957 5022 ε
1988 4988 2226 5038 Alexitttn
2271 4988 2635 5056 presbyterum
2682 4994 2736 5039 et
2762 4986 3080 5040 Vettantium
3121 4988 3429 5041 diaconum.

1857 5054 1944 5109 Sic
1971 5058 2111 5109 enim
2143 5054 2479 5120 appellantur
2508 5060 2557 5109 in
2582 5057 2721 5108 Aviti
2752 5057 2941 5112 litteris
2969 5059 3035 5111 ad
3067 5058 3427 5123 Hormisdatn,

1858 5136 1912 5180 et
1945 5127 1994 5178 in
2030 5126 2321 5180 IIttrlnIsdJP
2351 5126 2413 5177 ad
2447 5127 2679 5179 Avitum.

1928 5194 1955 5232 ἀ
1980 5198 2087 5251 Etsi
2121 5196 2354 5265 cpisCopi
2388 5212 2580 5249 nomen
2614 5213 2715 5247 non
2749 5206 2830 5249 est
2859 5199 3184 5265 appositum,
3214 5196 3425 5262 episco-

1858 5282 1981 5333 pum
2012 5278 2185 5321 tamen
2220 5266 2381 5320 fuis~e
2405 5267 2630 5320 dixerint
2666 5266 3053 5330 Arvernorum,
3099 5269 3162 5321 ad
3192 5281 3348 5334 quem
3375 5272 3431 5317 ct

1859 5336 1997 5389 binze
2024 5348 2150 5390 sunt
2178 5338 2419 5402 epistola;
2450 5336 2645 5389 Ruricii
2666 5378 2679 5400 ,
2723 5351 2943 5403 quarum
2974 5338 3023 5389 in
3056 5338 3221 5391 altera
3254 5335 3429 5403 digni-5

1859 5410 1980 5460 tatis
2011 5423 2219 5475 quoque
2248 5422 2438 5459 nomen
2468 5408 2722 5457 omissum
2746 5402 2853 5476 est.
2892 5406 3109 5476 Synodo
3144 5402 3428 5476 .~\gatltensi

1860 5493 1956 5537 per
1987 5473 2238 5529 vicarium
2288 5476 2607 5541 subscripsit
2657 5490 2798 5526 anno
2840 5473 2974 5538 506;
3034 5477 3271 5531 interfuit
3315 5473 3427 5537 ipse

1859 5547 2222 5601 Attri-liaoensi
2251 5561 2265 5597 ι
2292 5560 2432 5597 anno
2453 5546 2576 5597 5H.
2606 5543 2755 5597 Ilnnc
2780 5544 2956 5611 itaque
2985 5558 3129 5614 rogat
3158 5541 3424 5614 ullibrutn

1858 5632 2010 5669 suum
2041 5617 2127 5683 qtti
2159 5618 2209 5667 itt
2240 5616 2355 5680 ejus
2385 5629 2574 5666 manus
2601 5623 2838 5678 vent-rat,
2871 5608 3189 5675 Apollinaris
3218 5608 3425 5668 Sidonii

1862 5687 1969 5740 filio
1992 5686 2375 5741 recensendum
2406 5686 2612 5752 ingerat
2643 5692 2693 5739 ct
2724 5695 2960 5740 excuset.
