4046 6170
568 302 677 360 258

1862 292 1917 348 S.
1961 288 2143 347 AViTl
2189 286 2585 344 VIENNENSIS

3740 288 3846 347 236

567 429 678 469 sua:
727 428 1007 470 censuram
1060 412 1185 467 hinc
1234 407 1606 464 tantummodo
1656 404 1994 460 intellexisse
2019 444 2035 470 ,
2107 401 2155 455 si
2182 400 2232 459 Δ
2262 414 2489 469 gravare
2517 414 2602 453 me
2634 399 2845 465 debeat,
2873 398 3019 454 illum
3051 415 3155 453 non
3181 408 3356 467 potest
3381 400 3687 456 sublevare.
3732 403 3843 471 Ego

569 515 745 562 taceat

1042 593 1374 651 EPISTOLA
1426 591 1668 646 XXXIX.

801 702 991 744 Ανιτυε
1030 701 1333 741 νιεκπεαειε
1363 699 1641 739 ιειηεεοιτυε
1680 692 1705 718 ⁸⁸
1740 696 1928 737 υωικο·

1120 772 1431 813 θυαυεθλοο
1455 771 1599 811 ιιι-ζει.

638 871 788 936 Quod
813 884 1028 925 servum
1057 869 1142 923 cui
1171 869 1437 924 discussio
1468 867 1769 923 necessaria
1796 866 2143 936 credebatur,

565 961 633 1015 de
664 961 949 1015 Viennensi
979 960 1045 1013 ad
1078 960 1488 1028 Lugdunensem
1534 957 1807 1013 basilicam
1834 958 1935 1012 sub
1960 969 2147 1012 custo-

564 1052 650 1107 dia
678 1052 962 1117 destinavi,
981 1053 1192 1106 timoris
1208 1051 1593 1106 etobedientiae
1615 1048 1785 1106 fuisse
1801 1049 2145 1106 manifestum

566 1152 667 1197 est.
726 1143 859 1197 Nam
890 1143 1027 1198 sicut
1054 1158 1177 1197 eum
1232 1141 1318 1198 hic
1365 1142 1732 1197 inaccusatnm
1772 1140 1988 1198 tradere
2038 1157 2150 1197 non

565 1235 901 1303 prtesnmpsi,
946 1235 1016 1288 ita
1044 1234 1153 1289 illic
1185 1232 1693 1302 interrogationibus
1713 1248 1847 1303 quas
1875 1234 2146 1289 audientis

565 1324 889 1392 postulabat,
916 1324 1095 1380 vivum
1121 1324 1234 1380 ﬁeri
1281 1325 1584 1393 procuravi.
1615 1323 1746 1379 Cum
1798 1338 1931 1380 vero
1959 1334 2014 1380 et
2058 1341 2151 1382 re-

563 1414 684 1483 gula
717 1415 915 1485 ubique
940 1430 1045 1471 una
1074 1418 1164 1480 sit,
1188 1425 1243 1471 et
1272 1415 1460 1472 eadem
1488 1430 1584 1470 seu
1616 1416 2025 1485 impossibilitas
2050 1433 2146 1474 seu

564 1505 807 1572 facultas,
841 1522 937 1575 pro
979 1507 1279 1563 communis
1324 1507 1608 1562 ministerii
1636 1506 2015 1565 observatione
2049 1526 2147 1566 nos

575 1606 787 1652 maneat
811 1612 825 1660 ;
859 1613 964 1652 non
993 1612 1092 1669 ego
1118 1599 1494 1669 proprietatem
1525 1599 1893 1669 Lugdunensis
1913 1610 1969 1657 et
1990 1602 2149 1657 Vien-

569 1688 751 1743 nensis
776 1688 1035 1755 basilicae,
1062 1692 1157 1745 sed
1189 1691 1543 1746 reverentiam
1572 1691 1828 1746 Ecclesia:
1867 1694 2148 1763 utriusque

2259 500 2441 547 tamen
2469 506 2798 563 praereptum
2822 503 3015 549 vestra:
3040 494 3251 561 pietatis
3271 498 3542 563 opperior.
3574 497 3841 567 Quidquid

2256 580 2420 637 habet
2447 583 2727 638 ecclesiola
2754 599 2893 650 mea,
2922 585 3027 638 imo
3045 599 3233 638 omnes
3258 586 3501 640 ecclesite
3532 597 3731 643 nostra:
3753 605 3841 645 ve-

2254 682 2423 728 strum
2450 684 2553 740 est,
2586 675 2655 731 de
2678 676 2977 732 substantia
3006 691 3168 745 quam
3202 688 3224 715 ο
3256 678 3337 732 vel
3364 681 3619 734 servastis
3659 681 3841 737 hacte-

2254 778 2356 819 nus
2380 766 2466 820 vel
2498 765 2761 822 donastis.
2787 767 2940 835 Quod
2971 768 3266 837 inspirante
3295 770 3403 825 Deo
3444 774 3835 841 prmceperitis,

2253 853 2307 907 in
2329 864 2587 922 quantum
2616 856 2763 912 vires
2789 857 3052 924 habuero,
3078 874 3266 927 parere
3294 862 3551 917 conabor.
3570 864 3834 920 Czeterum

2253 944 2305 999 di
2313 947 2754 1017 vinaamajestatis
2769 959 3019 1020 aSpectns
3040 951 3171 1007 nihil
3193 962 3366 1021 potest
3385 955 3643 1011 offensam
3658 973 3832 1029 suam,

2251 1050 2410 1105 quam
2436 1049 2669 1093 vestram
2699 1053 2917 1111 semper
2943 1042 3240 1098 timuissem
3269 1053 3543 1101 a-ternam.
3576 1048 3691 1103 Hoc
3711 1066 3836 1120 sup-

2254 1128 2461 1198 pliciter
2489 1146 2696 1201 quteso,
2725 1142 2785 1187 ut
2811 1134 2992 1189 infelix
3025 1134 3112 1191 ille
3133 1135 3200 1190 ad
3233 1137 3386 1204 cujus
3434 1140 3836 1196 accusationem

2250 1223 2383 1278 satis
2412 1222 2608 1279 sufficit
2637 1225 2779 1292 quod
2806 1235 3051 1291 excusat,
3079 1228 3217 1295 apud
3246 1229 3468 1299 justitite
3504 1242 3700 1287 vestra:
3722 1236 3838 1289 ani-

2250 1329 2371 1371 mos
2409 1329 2514 1370 non
2543 1331 2629 1372 me
2680 1317 2838 1372 iaciat
2860 1333 2971 1373 suae
3003 1318 3332 1374 infidelitatis
3361 1322 3596 1392 socium,
3628 1326 3838 1380 etiamsi

2250 1406 2445 1463 viderit
2474 1424 2571 1478 pro
2600 1419 2780 1463 vestra
2812 1412 3178 1466 commotione
3209 1413 3512 1471 multatum.

2786 1520 3118 1576 EPISTOLA
3161 1522 3273 1576 XL.

2471 1627 2661 1668 uirus
2703 1629 3010 1669 VIENNENSIS
3054 1632 3332 1672 EPISCOPUS
3378 1614 3404 1653 ἀ
3452 1633 3624 1673 unum

2940 1700 3270 1742 SIGISIUNDO.

572 1781 832 1834 tractavi:
875 1781 1015 1837 unde
1073 1783 1444 1838 intercessioni
1492 1783 1520 1821 δ
1552 1783 1764 1839 facilius
1808 1784 1878 1841 de
1905 1788 2141 1855 proximo

2326 1778 2403 1834 De
2433 1778 2723 1833 festivitate
2758 1778 2825 1833 ad
2866 1794 3023 1848 quam
3068 1781 3337 1849 profectus
3387 1781 3583 1836 fueram
3623 1797 3838 1836 summa

572 1872 937 1943 suggerendae,
966 1874 1106 1942 quod
1138 1884 1421 1942 utrumque
1463 1883 1703 1930 nostrum
1755 1884 1972 1946 tangere
1994 1889 2147 1946 pote-

575 1973 680 2026 rat,
713 1977 948 2032 pra-sens
969 1964 1254 2032 episCOpus
1282 1966 1557 2034 allegaret.
1586 1964 1861 2036 Siquidem
1894 1967 1945 2021 in
1975 1968 2151 2023 omni-

573 2053 674 2108 bus
711 2054 842 2108 locis
870 2054 1087 2120 sanctis,
1119 2055 1257 2111 sicut
1293 2056 1592 2112 ministerio
1613 2065 1800 2112 nostro
1841 2058 2029 2114 eadem
2060 2073 2151 2114 ca-

568 2147 719 2212 ritas,
746 2147 814 2201 ita
848 2148 1072 2217 imperio
1098 2156 1277 2204 vestro
1298 2164 1447 2217 :equa
1466 2158 1702 2219 potestas
1727 2158 1830 2206 est.
1857 2150 1926 2206 Ut
1944 2159 2147 2207 taceam

566 2238 708 2309 quod
738 2254 924 2293 servus
963 2239 1102 2310 ipse,
1134 2255 1164 2295 a
1210 2241 1423 2296 Domini
1452 2242 1812 2297 collocutione
1850 2242 2146 2313 digressus,

569 2346 675 2385 non
707 2332 889 2387 debuit
918 2347 1015 2401 pro
1044 2333 1358 2389 concitanda
1404 2333 1531 2388 mihi
1557 2333 1759 2389 offensa
1791 2335 2146 2391 Viennensem

570 2434 843 2494 expetere,
890 2425 978 2493 qui
1028 2424 1139 2480 illic
1187 2426 1394 2496 positus
1440 2426 1580 2481 intra
1627 2425 2037 2496 Lugdunensem
2089 2442 2150 2484 se

571 2516 739 2585 potuit
773 2515 1065 2571 Ecelesiam
1118 2516 1413 2572 continere.
1458 2517 1534 2572 De
1577 2532 1739 2573 causa
1778 2533 1931 2581 vero,
1962 2520 2015 2574 in
2046 2535 2147 2589 qua

568 2620 749 2661 coram
776 2611 1022 2665 examine
1042 2611 1376 2667 celsitudinis
1401 2622 1595 2669 vestrm
1639 2614 1867 2669 callidus
1919 2615 2147 2685 depositi

571 2707 795 2767 negator
818 2701 1075 2769 arguitur,
1124 2702 1243 2757 talis
1284 2704 1611 2759 conscientia
1662 2720 1780 2760 mea
1824 2716 1927 2771 est,
1977 2708 2150 2776 qualis

573 2790 681 2845 Deo
729 2802 783 2847 et
835 2792 986 2849 vobis
1028 2796 1082 2850 in
1112 2796 1257 2851 omni
1288 2806 1410 2852 actu
1457 2813 1581 2853 meo
1634 2808 1689 2854 et
1740 2802 2151 2866 conversatione

570 2896 920 2942 monstratur.
948 2889 1260 2959 Quanquam
1300 2892 1462 2945 etiam
1496 2906 1584 2946 me
1612 2900 1845 2948 testante
1889 2894 2148 2962 interpel-

568 2977 729 3032 luitis
756 2979 1093 3050 simplicitas,
1121 2998 1241 3053 qua:
1270 2992 1329 3037 ut
1360 2983 1429 3053 pii
1459 2983 1640 3039 domni
1687 2985 1878 3041 dicatis
1916 3003 2021 3041 non
2049 2987 2147 3042 de-

568 3070 763 3125 vitarer
815 3073 1129 3141 operatione
1192 3073 1432 3141 diffiteri,
1493 3076 1582 3145 qui
1641 3078 1692 3131 in
1737 3076 1852 3146 ejus
1896 3079 2146 3133 cnosola-

568 3161 713 3217 tione
747 3164 1041 3230 volueram,
1067 3167 1109 3219 si
1129 3164 1397 3221 Christum
1425 3166 1660 3234 cogitare
1682 3176 1982 3236 putaretur,
2018 3184 2146 3239 pro-

460 3264 469 3275 ‘
566 3254 724 3308 fiteri.
758 3254 909 3321 Quod
941 3257 1101 3310 etiam
1125 3258 1387 3326 praesenti
1440 3258 1817 3314 testificatione
1858 3264 1925 3316 de
1975 3264 2145 3316 servis

564 3344 777 3409 vestris,
808 3346 1011 3401 civibus
1042 3348 1261 3413 nostris,
1294 3348 1456 3417 aliqui
1488 3359 1880 3418 cognoverunt.
1912 3351 2144 3408 l’ulsatis

561 3442 739 3487 autem
773 3434 1056 3489 laboriosis
1072 3446 1223 3489 extra
1256 3437 1497 3491 ordinem
1522 3454 1677 3493 suum
1707 3454 1920 3495 omnem
1954 3458 2141 3509 parum

558 3524 765 3578 ssabilis
790 3525 983 3580 dicitur
1026 3541 1148 3581 esse
1178 3528 1482 3597 responsio.
1528 3529 1714 3584 Utrum
1764 3531 1834 3586 de
1881 3548 1965 3587 me
2014 3534 2137 3599 erit,

557 3626 807 3685 suggerat
838 3616 976 3672 Deus
997 3618 1190 3683 vobis;
1232 3618 1471 3676 declaret
1519 3631 1573 3677 et
1624 3624 1861 3688 veritas;
1893 3625 2013 3694 quia
2047 3627 2138 3696 qui

556 3707 844 3775 castigatus
873 3724 902 3762 a
934 3724 1039 3774 me,
1088 3724 1155 3765 eo
1185 3711 1321 3765 forte
1370 3712 1558 3781 spiritu
1590 3711 1841 3769 falsitatis
1888 3716 2142 3772 irascitur

556 3813 663 3866 quo
686 3807 871 3852 contra
900 3799 1197 3869 simplicem
1221 3801 1288 3857 de
1313 3801 1543 3869 depositi
1573 3804 1900 3862 inficiatione
1938 3810 2140 3864 menti-

557 3898 664 3955 tur,
691 3890 809 3946 licet
841 3891 951 3946 Deo
974 3894 1232 3964 vobisque
1262 3894 1506 3964 propitiis
1538 3911 1726 3967 parum
1766 3900 1832 3953 ad
1863 3900 2137 3956 defensio-

556 3996 677 4035 nem
700 3998 851 4036 suam
881 3985 1196 4053 proficiente
1223 3996 1554 4055 commento,
1584 3990 1711 4043 dum
1740 4004 1799 4045 se
1826 4006 1855 4045 a
1888 4007 1974 4047 me
2010 3993 2143 4049 dicit

555 4072 888 4126 admonitum
921 4088 988 4128 ne
1041 4074 1312 4141 redderet,
1361 4075 1575 4131 difﬁteri
1630 4093 1732 4134 non
1778 4090 1955 4150 potest
1994 4082 2140 4152 quod

553 4179 599 4218 ac.
619 4166 781 4233 cepit.
813 4166 943 4234 Quae
976 4166 1241 4237 professio
1292 4183 1410 4237 sua,
1458 4170 1666 4227 etiamsi
1705 4174 1972 4229 censeatis
1998 4175 2145 4245 quod

627 4322 906 4398 _|_C:iusam
952 4324 1129 4398 reddit
1155 4340 1253 4380 cur
1296 4341 1510 4382 servum
1552 4328 1778 4396 depositi
1819 4338 2129 4398 negatorem

2253 1869 2468 1939 quidem
2531 1868 2874 1925 festinatione
2915 1885 3165 1927 reversus
3209 1888 3348 1929 sum.
3410 1874 3513 1929 Sed
3555 1875 3677 1942 quia
3725 1877 3837 1941 jam

2252 1965 2389 2017 duce
2418 1959 2636 2016 Christo
2664 1964 3091 2032 processeratis,
3137 1965 3511 2031 lmtificandus,
3541 1977 3599 2021 ut
3626 1968 3695 2022 de
3728 1969 3838 2023 Deo

2251 2054 2543 2120 credimus,
2574 2054 2745 2109 reditu
2771 2064 2974 2121 vestro,
3014 2055 3297 2112 immodice
3344 2068 3517 2113 tamen
3567 2061 3830 2115 attonitus

2251 2147 2449 2202 reddor
2485 2148 2773 2202 abscessu:
2804 2147 2947 2217 quod
2996 2147 3202 2203 scilicet
3246 2149 3299 2203 in
3329 2149 3444 2217 ipso
3497 2164 3831 2206 successum

2252 2241 2621 2311 prosperitatis
2653 2255 2923 2309 regressu.
2959 2239 3169 2295 advolvi
3198 2241 3423 2310 genibus
3456 2242 3657 2297 domini
3700 2244 3827 2310 mei,

2254 2331 2594 2400 permulcere
2621 2331 2821 2386 osculis
2852 2347 3067 2398 manus,
3092 2342 3145 2387 et
3174 2333 3225 2387 in
3248 2343 3435 2388 sancto
3474 2335 3564 2389 illo
3616 2345 3836 2404 pectore

2248 2408 2439 2479 isedem
2475 2423 2600 2478 ﬁdei
2635 2433 2832 2479 nostra:
2871 2424 3097 2480 adorare
3143 2441 3249 2480 non
3280 2428 3469 2481 merui.
3500 2426 3611 2483 Nec
3660 2437 3836 2485 tamen

2251 2516 2432 2573 dicere
2459 2515 2712 2581 audeam,
2761 2515 2900 2571 istud
2944 2516 3073 2571 mihi
3127 2527 3351 2587 peccato
3398 2517 3677 2575 fraudante
3719 2535 3839 2575 ces-

2251 2608 2416 2663 sisse:
2446 2608 2726 2664 nedivinte
2747 2608 2932 2677 gratia:
2952 2624 3070 2678 quae
3094 2609 3224 2664 mihi
3253 2610 3428 2665 taliter
3450 2620 3679 2666 vestram
3694 2628 3837 2681 pm-

2250 2700 2431 2766 sentit,
2466 2699 2658 2755 reddar
2694 2700 2955 2770 ingratus.
2998 2699 3282 2755 Nanrcum
3312 2703 3561 2758 omnibus
3584 2706 3839 2773 generale

2248 2794 2557 2864 justumque
2576 2795 2664 2861 sit,
2697 2795 2748 2848 in
2773 2794 2956 2863 gloria:
2984 2803 3179 2849 vestra:
3200 2795 3395 2850 cultum
3420 2797 3557 2866 quod
3576 2796 3837 2853 debemus

2252 2886 2489 2952 ambire,
2542 2885 2670 2940 illud
2699 2885 3044 2955 singulariter
3080 2886 3358 2954 accepisse
3388 2902 3473 2940 me
3508 2887 3737 2957 gaudeo,
3780 2898 3839 2942 ut

2252 2995 2374 3037 cum
2407 2995 2503 3047 pro
2533 2980 2725 3034 eil‘ectu
2753 2979 3086 3034 voluntatum
3111 2987 3293 3034 tenere
3325 2993 3505 3034 secum
3533 2995 3563 3033 a
3597 2995 3683 3035 me
3713 2996 3836 3036 ser-

2255 3073 2367 3129 vitii
2395 3073 2634 3129 debitum
2656 3072 3061 3142 impossibilitas
3103 3087 3207 3127 non
3238 3072 3375 3128 ferat
3416 3073 3637 3143 porrigi,
3694 3074 3837 3145 apud

2252 3180 2350 3223 vos
2380 3166 2548 3236 pictas
2591 3173 2807 3220 censeat
2850 3163 3106 3232 impendi.
3156 3164 3263 3220 Sed
3320 3180 3419 3233 ego
3462 3167 3609 3219 solus
3636 3164 3837 3220 damno

2253 3257 2537 3330 pcrcellor,
2581 3257 2791 3324 quoties
2840 3254 3192 3309 consolationi
3243 3269 3375 3309 mea:
3423 3254 3683 3310 interesse
3726 3274 3834 3311 non

2252 3364 2499 3406 mereor:
2533 3348 2747 3414 quoties
2775 3362 3033 3403 accensus
3076 3346 3475 3401 tribulationum
3506 3358 3667 3402 astus
3696 3350 3835 3405 intra

2252 3458 2339 3498 me
2363 3443 2557 3505 solum,
2587 3457 2615 3495 a
2662 3440 2929 3496 sermonis
2961 3442 3126 3495 vestri
3151 3440 3430 3509 refrigerio
3451 3442 3723 3511 exc‘usus,
3750 3444 3834 3498 in-

2251 3536 2518 3591 cluditur:
2550 3534 2761 3601 quoties
2783 3533 2914 3587 mihi
2947 3533 3159 3587 dolores
3181 3532 3419 3587 internos
3458 3534 3652 3588 medici
3684 3535 3827 3589 illius

2249 3640 2438 3680 manus
2458 3633 2678 3694 experta
2694 3638 2797 3677 non
2816 3622 3086 3678 confovet.
3103 3622 3203 3689 Qui
3222 3623 3533 3690 pro:tuendo
3552 3625 3692 3679 inter
3707 3625 3832 3679 talia

2249 3718 2446 3773 famulo
2472 3732 2570 3771 suo
2598 3716 2792 3785 pietate
2844 3714 3088 3780 studens,
3139 3714 3332 3768 virtute
3364 3714 3679 3783 persistens,
3708 3730 3831 3770 cum

2248 3811 2377 3865 satis
2407 3817 2552 3863 esset
2580 3809 2622 3862 si
2648 3807 2881 3861 favorem
2924 3804 3087 3861 vellet
3130 3804 3348 3870 oilerre,
3379 3804 3616 3861 laborem
3646 3806 3833 3875 digna-

2249 3912 2335 3957 tur
2359 3916 2649 3971 apponere.
2692 3898 2795 3953 Sed
2850 3912 3118 3968 praesumo
3152 3898 3430 3967 majeSIate
3459 3897 3660 3962 divina,
3706 3898 3832 3955 hinc

2249 4002 2499 4063 respectu
2524 3991 2629 4045 mei
2656 3990 2905 4045 sensibus
2941 3991 3132 4044 vestris
3183 3989 3425 4043 tenacius
3464 3988 3829 4056 adhaesurnm,

2246 4100 2352 4154 quo
2396 4100 2516 4138 enm
2563 4083 2717 4137 nobis
2756 4097 2908 4135 amor
2959 4080 3236 4135 catholica:
3285 4081 3417 4149 legis
3466 4080 3674 4135 infudit.
3718 4081 3832 4136 Sub

2245 4177 2400 4245 cujus
2424 4173 2721 4231 occasionis
2750 4182 2936 4229 saneto
2964 4182 3263 4241 prmventu,
3282 4182 3391 4226 tum
3417 4186 3577 4242 penes
3606 4186 3703 4227 vos
3731 4173 3838 4225 ini-

2317 4341 2340 4369 ο
2367 4328 2559 4385 Libera
2582 4336 2637 4382 et
2667 4326 2895 4395 ingenua
2928 4326 3211 4395 professio.
3238 4326 3573 4396 Principibus
3605 4337 3835 4393 accepta

551 4394 643 4475 qni
671 4394 927 4464 Lngdnno
954 4395 1209 4475 Yiennam
1234 4408 1474 4464 venerat,
1504 4394 1816 4475 Lugdunum
1844 4394 1914 4451 ad
1921 4400 2134 4475 _disqui-
2165 4415 2216 4475 Ι)
2243 4401 2485 4475 feruntur
2504 4400 2643 4475 bona
2664 4394 3070 4466 ecclesi:e,’qnae
3098 4399 3179 4452 vel
3211 4394 3477 4475 donarunt
3495 4397 3630 4475 ipsi,
3658 4399 3831 4475 velut

554 4467 805 4537 sit'ornem
834 4465 1105 4537 remiserit
1156 4477 1449 4534 purgatque
1485 4465 1626 4537 quod
1675 4468 1766 4523 ille
1797 4484 1855 4523 se
1884 4469 1952 4522 ab
1976 4465 2133 4525 Avito

552 4536 761 4589 diccbat
787 4534 1116 4588 admonitum
1144 4549 1211 4588 ne
1234 4537 1500 4592 redderet.

628 4604 653 4642 ιι
684 4604 921 4676 Solemni
975 4606 1350 4672 episcoporum
1408 4622 1576 4671 more,
1634 4608 1718 4676 qni
1752 4617 1806 4662 et
1836 4625 1932 4675 pro
1960 4612 2132 4666 servis

555 4674 694 4742 apud
723 4675 1003 4745 dominos,
1022 4684 1076 4745 et
1106 4689 1200 4741 pro
1225 4676 1331 4728 reis
1359 4674 1789 4745 quibuscun’qne,
1820 4674 2029 4734 miseris
2053 4683 2133 4735 vel

553 4746 845 4810 Oppressls,
868 4744 1007 4809 apud
1033 4744 1243 4811 judices
1269 4756 1359 4799 attt
1390 4746 1531 4812 apud
1575 4744 1845 4815 principes
1870 4756 2026 4804 enixe
2057 4755 2135 4803 in-

554 4815 830 4886 tercedere
856 4814 1121 4886 solebant.
1173 4815 1445 4886 Ennodins
1490 4816 1540 4869 in
1572 4814 1675 4868 vita
1711 4814 1990 4885 Epiphanii
2023 4821 2136 4886 epi-

552 4885 721 4950 scopi,
750 4892 860 4937 tum
889 4884 1063 4939 adhuc
1089 4884 1298 4939 diaconi
1328 4903 1342 4939 :
1372 4884 1801 4939 Intercessionuin
1834 4890 1983 4940 etiam
2015 4884 2135 4942 tum:

552 4953 830 5007 certamina
885 4956 1205 5024 proludebat.
1260 4955 1399 5008 Nam
1446 4956 1730 5022 ubicunque
1766 4975 1858 5026 pro
1895 4961 2133 5014 remediis

552 5026 853 5100 misenorum
882 5026 1105 5094 episcopi
1137 5026 1424 5100 mittebatur
1457 5028 1699 5100 imperio,
1735 5037 1876 5100 tanta
1903 5032 2133 5100 exigebat

553 5094 848 5154 beneﬁcium
873 5107 983 5147 arte
1011 5097 1355 5164 supplicandi,
1404 5106 1457 5149 ut
1488 5094 1727 5151 sentirent
1758 5098 1849 5151 sibi
1891 5104 1942 5151 in
1966 5094 2132 5154 causis

554 5166 817 5237 profuisse
835 5164 1179 5231 complurimi,
1202 5167 1370 5235 ipsum
1394 5184 1479 5229 per
1508 5184 1562 5220 se
1589 5170 1883 5237 episcopum
1912 5185 2011 5222 non
2042 5187 2130 5224 ve-

554 5234 705 5285 nisse.
764 5233 943 5289 Plena:
988 5246 1111 5288 sunt
1163 5233 1426 5303 exemplis
1470 5233 1775 5291 sanctorum
1832 5239 2130 5296 antistitum

557 5303 814 5375 historiae,
847 5314 901 5358 et
931 5306 1137 5359 illuStre
1172 5305 1435 5375 imprimis
1465 5316 1550 5361 est
1578 5308 1635 5362 S.
1679 5310 1977 5375 Augustini,
2007 5325 2127 5366 cum

554 5388 651 5442 pro
693 5374 1213 5429 circnmcellionibus
1252 5374 1583 5441 Donatistis,
1633 5374 1833 5432 atrocia
1888 5380 2124 5436 facinora

552 5444 833 5520 confessis,
862 5446 1009 5520 apud
1023 5445 1387 5520 Marcellinum
1406 5448 1663 5515 judicem,
1689 5459 1742 5502 et
1769 5450 1907 5517 apud
1937 5454 2131 5520 Aprin-

552 5515 696 5584 gium
731 5515 1124 5588 proconsulem,
1163 5527 1217 5588 ut
1255 5519 1390 5571 citra
1434 5519 1621 5572 mortis
1659 5515 1999 5587 supplicium'
2034 5538 2129 5588 pu-

555 5588 792 5656 niantur,
825 5585 1106 5640 intercedit
1136 5587 1360 5655 epistola
1393 5588 1492 5642 159
1522 5598 1575 5643 et
1605 5585 1738 5651 160,
1756 5590 1844 5656 qui
1871 5600 1923 5645 et
1947 5591 2015 5646 de
2036 5585 2126 5646 in-

557 5655 939 5733 tercessionum
963 5656 1451 5733 istarummquitate
1471 5673 1533 5733 ac
1554 5655 1809 5733 religione
1835 5660 2127 5733 ambigenti

558 5722 867 5783 Macedonio
893 5722 1292 5785 accuratissime
1332 5729 1578 5785 rescribzt
1606 5722 1760 5793 epist.
1792 5729 1881 5786 54.

2240 4474 2442 4525 donare
2502 4470 2707 4535 liceret,
2772 4477 3187 4532 concesserunt,
3223 4484 3283 4523 ex
3329 4469 3444 4538 lege
3489 4466 3824 4522 Constantini

2241 4542 2438 4610 Magni.
2470 4539 2694 4605 Habeat,
2729 4539 2920 4607 inquit,
2954 4540 3301 4610 unusquisque
3322 4539 3824 4610 licentiam_sanctis-

2236 4608 2367 4665 sima
2393 4609 2657 4664 catholica:
2683 4609 3047 4675 venerabilique
3070 4608 3286 4661 concilio
3309 4609 3552 4662 decedens
3574 4608 3825 4661 bonorum

2237 4683 2374 4746 quod
2400 4681 2587 4749 aptavit
2608 4680 2912 4740 relinquere.
2937 4679 3071 4731 Cod.
3096 4678 3301 4731 Theod.
3329 4679 3394 4731 de
3411 4676 3826 4747 episcopis,etc.

2239 4748 2613 4805 Delensionem
2651 4764 2863 4816 quoque
2888 4750 3149 4802 bonorum
3181 4749 3408 4802 subditis
3434 4748 3542 4801 suis
3569 4750 3824 4802 omnibus

2239 4823 2513 4889 principes
2542 4834 2662 4872 cum
2693 4820 2944 4884 debeant,
2977 4821 3298 4887 praecipuam
3328 4818 3529 4873 debent
3556 4817 3825 4889 ecclesia-

2241 4888 2495 4943 sticis.ln
2527 4905 2634 4957 quo
2668 4904 2850 4957 regum
2884 4891 3008 4942 olim
3040 4889 3366 4941 Francorum
3397 4890 3565 4955 pietas
3607 4888 3827 4952 enituit,

2238 4962 2327 5028 qui
2362 4974 2448 5014 res
2471 4968 2524 5012 et
2546 4960 2806 5026 mancipia
2839 4960 3080 5013 ecclesia
3107 4959 3294 5028 eodem
3318 4972 3377 5011 se
3406 4960 3525 5012 loco
3546 4973 3608 5012 ac
3651 4974 3740 5011 res
3770 4970 3829 5011 et

2241 5027 2504 5093 mancipia
2535 5029 2643 5081 fisci
2676 5028 2871 5082 habere
2903 5031 2953 5082 in
2986 5027 3244 5097 Capitulis
3273 5028 3382 5079 suis
3422 5028 3647 5094 professi
3675 5039 3827 5081 sunt.

2311 5099 2337 5136 ἀ
2375 5101 2531 5153 Missa
2574 5114 2695 5153 cum
2738 5100 3114 5168 Sigismundus
3148 5100 3213 5151 ad
3264 5098 3506 5151 bellicam
3535 5098 3831 5166 quamdam

2237 5169 2639 5240 expeditionem
2664 5183 2722 5223 se
2746 5167 3067 5240 accingeret,
3100 5167 3363 5240 incertum
3393 5182 3499 5236 quo
3529 5178 3581 5221 et
3606 5183 3744 5240 quos
3771 5170 3829 5223 in

2237 5237 2438 5295 hostes.
2494 5239 2643 5305 Quod
2674 5254 2801 5292 vero
2831 5239 2980 5292 illum
3025 5239 3256 5293 insinuat
3289 5237 3445 5291 fidem
3477 5238 3834 5307 catholicam,

2235 5326 2355 5365 cum
2390 5311 2504 5363 haac
2533 5309 2795 5362 scriberet
2828 5309 3132 5375 amplctium
3156 5310 3265 5373 jam
3297 5307 3487 5370 fuisse,
3512 5307 3636 5360 facit
3668 5317 3726 5359 nt
3760 5323 3830 5361 ea

2234 5397 2354 5450 qua:
2377 5386 2476 5434 sub
2508 5380 2667 5433 finem
2690 5379 2930 5447 epistola:
2952 5380 3019 5432 de
3041 5381 3262 5433 materia
3288 5377 3833 5450 pretiosioristrium-

2236 5447 2325 5518 plti
2356 5450 2841 5526 sermocinaturum
2870 5465 2928 5505 se
2952 5450 3259 5526 pollicetur,
3278 5450 3351 5526 a_i_l_
3374 5447 3648 5526 liomiliarn
3685 5447 3832 5526 allu-

2234 5516 2368 5577 dere
2391 5521 2701 5585 videantur,
2729 5534 2886 5587 quam
2918 5516 2986 5574 ab
3015 5518 3175 5573 Avito
3203 5519 3255 5573 in
3301 5516 3630 5586 Sigismundi
3672 5516 3828 5583 regis

2235 5592 2608 5653 conversione,
2641 5586 2900 5661 senSuum
2932 5591 3192 5661 suavitate
3219 5586 3605 5661 plenissimam,
3625 5595 3825 5661 civer-

2236 5661 2423 5714 borum
2451 5652 2841 5728 compositione
2869 5652 3255 5729 dulcissimam,
3289 5658 3353 5713 ad
3380 5656 3632 5727 populum
3662 5652 3831 5709 habt.-

2236 5742 2341 5786 tam
2372 5738 2557 5787 auctor
2584 5738 2662 5786 est
2693 5729 3025 5793 Agobardus.
