4024 6172
201 282 302 336 257

1616 285 1940 343 EPISTOLA
1982 284 2116 339 XLI.

3353 288 3455 349 5258

201 388 454 460 possibile
475 392 582 444 erit
604 403 762 458 quem
785 391 1093 458 suscepistis
1109 405 1323 446 servum
1357 393 1600 461 rejicere,
1624 409 1780 465 quem
1809 399 1856 454 Α
1888 407 2006 463 quae
2039 392 2170 446 tanti
2218 392 2456 452 muneris
2504 392 2648 448 dono
2691 394 2803 449 80h
2857 403 3130 453 mereatur
3178 397 3453 467 illustrari.

198 480 524 549 cognovistis
575 479 853 533 dominum
898 495 1002 535 non
1047 495 1251 536 amare.
1304 484 1458 548 Quod
1513 492 1780 554 superest,

199 572 398 640 egressi
429 570 639 635 felices,
665 570 738 625 ile
786 573 1038 640 sospites,
1088 573 1262 630 redite
1304 576 1556 631 victores.
1597 577 1782 631 Fidem

200 671 430 715 vestram
463 661 586 714 telis
618 661 864 726 inserite,
896 663 1260 726 provisionem
1285 665 1516 720 divinam
1556 668 1782 734 promit-

200 751 360 806 tendo
391 750 703 814 admonete,
733 751 928 804 auxilia
954 754 1070 806 coeli
1099 755 1345 820 precibus
1366 755 1583 825 exigite,
1610 757 1784 822 jacula

200 852 377 896 vestra
401 842 540 895 votis
571 847 798 896 armate.
835 842 988 895 Dabit
1021 844 1160 897 Deus
1190 855 1245 897 ut
1275 846 1540 900 bellorum
1587 857 1783 918 tropaea

199 947 317 1002 quae
348 932 504 986 vobis
561 932 676 999 ipse
726 932 1056 1001 prmstiterit,
1107 935 1471 1005 cujuscunque
1521 939 1783 994 sermonis

203 1023 476 1090 obsequio
507 1023 608 1076 sub
638 1023 860 1076 materia
882 1023 997 1093 ejus
1039 1041 1201 1093 quem
1246 1027 1444 1082 dudum
1491 1043 1778 1099 exsequor,

202 1114 459 1183 triumphi
490 1114 826 1183 pretiosioris
856 1130 1195 1184 exaggerem.

733 1248 1064 1304 EPISTOLA
1107 1251 1242 1305 XLI.

273 1378 464 1417 Ανιτυδ
487 1376 791 1417 νιειηδεηειε
834 1378 1105 1419 εριεοορυε
1136 1373 1163 1402 ³³
1191 1380 1532 1421 (ιιιιουονεεο
1561 1384 1701 1423 REGI.

275 1482 292 1511 ¹
334 1481 544 1532 Vestra:
607 1457 922 1532 subtilitatis
946 1479 1294 1532 acrimoniam
1337 1496 1784 1550 quorumcunque

207 1572 558 1625 schismatum
578 1577 870 1624 sectatores
883 1571 1161 1624 sententiis
1181 1572 1490 1637 suis,variis
1509 1574 1780 1640 Opinione,

208 1662 438 1714 diversis
474 1658 841 1720 multitudine,
878 1660 1054 1713 vacuis
1071 1661 1316 1726 veritate,
1358 1660 1646 1716 Christiani
1689 1679 1784 1717 no-

1889 483 2028 552 quod
2053 498 2155 537 non
2174 483 2313 539 desit
2342 493 2397 539 et
2421 485 2626 554 reliquo
2655 486 2769 540 orbi
2797 487 3011 542 claritas
3038 503 3155 544 sua.
3183 489 3459 557 Siquidem

1887 584 1940 629 et
1970 575 2207 629 occiduis
2256 576 2492 644 partibus
2542 577 2593 631 in
2623 593 2746 647 rege
2794 593 2901 633 non
2937 595 3074 634 novo
3107 583 3227 635 novi
3252 581 3462 650 jubaris

1889 665 2067 719 lumen
2098 666 2398 736 effulgurat.
2431 668 2593 735 Cujus
2623 671 2966 738 splendorem
2995 687 3226 740 congrue
3255 675 3463 728 redem-

1889 757 2056 824 ptoris
2084 758 2251 810 nostri
2282 758 2528 811 nativitas
2553 759 2818 813 inchoavit
2851 778 2864 814 :
2895 770 2953 814 ut
2977 775 3370 830 consequenter
3396 779 3462 818 eo

1887 847 1974 900 die
2019 847 2084 900 ad
2131 849 2358 901 salutem
2393 851 2697 916 regenerari
2728 866 2792 903 ex
2826 851 2962 905 unda
2997 868 3094 906 vos
3125 864 3327 921 pareat,
3355 870 3462 924 quo

1887 945 2069 989 natum
2101 936 2456 1005 redemptioni
2483 953 2594 992 sua:
2633 941 2754 994 cceli
2800 941 3076 996 Dominum
3121 944 3347 998 mundus
3373 961 3462 998 ac-

1887 1030 2049 1096 cepit.
2080 1027 2239 1097 Igitur
2265 1029 2354 1098 qui
2393 1031 2608 1085 celeber
2653 1041 2734 1085 est
2781 1035 2973 1088 natalis
3027 1035 3256 1101 Domini,
3301 1038 3368 1090 sit
3407 1045 3460 1092 et

1886 1117 2080 1171 vestri:
2106 1133 2212 1186 quo
2248 1133 2342 1172 vos
2369 1120 2575 1174 scilicet
2605 1121 2841 1186 ChI'ISIO,
2875 1137 2980 1192 quo
3025 1123 3271 1180 Christus
3315 1137 3461 1182 ortus

1885 1218 1941 1263 et
1973 1209 2206 1262 mundo:
2237 1209 2289 1262 in
2319 1225 2425 1278 quo
2456 1225 2550 1265 vos
2574 1213 2805 1265 animam
2832 1215 2962 1281 Deo,
2997 1217 3156 1269 vitam
3181 1219 3461 1286 praesenti-

1887 1298 2008 1362 bus,
2035 1298 2227 1353 famam
2262 1301 2487 1368 posteris
2516 1304 2889 1358 consecrastis.
2936 1304 3072 1370 Quid
3111 1306 3216 1374 jam
3246 1307 3313 1363 de
3348 1309 3460 1377 ipsa

1885 1390 2273 1458 gloriosissima
2304 1391 2731 1458 regenerationis
2761 1402 2954 1447 vestrae
2996 1396 3334 1452 solemnitate
3379 1399 3461 1452 di.-

1884 1480 2077 1533 catur?
2105 1480 2256 1549 cujus
2276 1480 2586 1535 ministeriis
2615 1483 2716 1535 etsi
2745 1485 3095 1551 corporaliter
3115 1503 3219 1539 non
3236 1488 3460 1551 accessi,

1887 1570 2198 1639 gaudiorum
2247 1579 2428 1626 tamen
2477 1575 2852 1628 communione
2891 1590 2996 1628 non
3029 1575 3192 1630 defui.
3224 1578 3464 1642 Quando-

1885 1661 2102 1729 quidem
2137 1661 2238 1715 hoc
2266 1676 2477 1730 quoque
2498 1663 2803 1732 regionibus
2852 1666 3050 1718 nostris
3081 1667 3256 1721 divina
3288 1669 3456 1736 pietas

212 1753 366 1806 minis
394 1752 496 1804 visi
525 1761 653 1805 sunt
679 1751 1091 1807 obumbratione
1113 1753 1313 1808 velare.
1343 1753 1410 1807 At
1438 1754 1564 1808 dum
1608 1766 1782 1812 status
1815 1745 1858 1804 Β
1887 1749 2258 1819 gratulationis
2288 1751 2569 1819 adjeceril,
2619 1761 2677 1806 υι
2705 1762 2829 1808 ante
2873 1753 3195 1822 baplismttm
3227 1767 3464 1812 vestrum

209 1857 418 1900 nostros
443 1845 731 1922 mternitati
754 1845 1153 1908 committimus,
1175 1845 1300 1899 dum
1325 1847 1450 1914 quid
1481 1848 1606 1902 recti
1625 1864 1789 1901 unus-

208 1939 431 2006 quisque
465 1937 662 1989 sentiat
692 1934 869 1988 futuro
894 1935 1128 1989 examini
1157 1950 1513 2005 reservamus,
1546 1941 1706 1992 etiam
1734 1939 1784 1992 in

210 2027 570 2096 pra-sentibus
618 2026 982 2080 interlucentis
1022 2028 1204 2081 radius
1254 2029 1494 2082 veritatis
1534 2029 1774 2084 emicuit.

211 2121 412 2174 Invenit
437 2118 635 2187 quippe
664 2117 886 2186 tempori
918 2127 1100 2170 nostro
1116 2118 1371 2172 arbitrum
1393 2119 1678 2186 quemdam
1706 2119 1786 2172 di-

211 2213 326 2264 vina
362 2209 620 2278 provisio.
655 2207 790 2261 Dum
816 2209 965 2262 vobis
991 2207 1206 2276 eligitis,
1237 2210 1484 2263 omnibus
1512 2209 1784 2277 judicatis,

209 2313 383 2356 vestra
414 2301 550 2355 ﬁdes
577 2309 758 2354 nostra
791 2299 1011 2352 victoria
1059 2308 1159 2354 est.
1212 2301 1396 2354 Solent
1444 2301 1683 2370 plerique
1735 2302 1788 2356 in

212 2393 304 2446 bac
322 2393 516 2446 eadem
544 2407 726 2454 causa,
755 2391 797 2444 si
827 2405 920 2459 pro
941 2390 1235 2456 expetenda
1261 2391 1489 2446 sanitate
1510 2392 1784 2457 credendi,

211 2495 296 2538 aut
320 2484 664 2538 sacerdomm
708 2482 922 2536 hortatu
947 2492 1033 2536 aut
1055 2497 1497 2553 quorumcunque
1525 2484 1786 2539 sodalium

213 2577 552 2644 suggestione
601 2585 942 2639 moneantur,
991 2573 1434 2628 consuetudinem
1472 2575 1692 2644 generis
1733 2583 1788 2630 et

215 2667 369 2720 ritum
425 2675 664 2734 paterna:
717 2666 1108 2720 observationis
1157 2680 1449 2733 opponere.
1505 2666 1576 2719 Ita
1631 2667 1788 2720 saluti

214 2770 497 2813 nocentem
528 2758 906 2811 verecundiam
940 2757 1301 2825 praeferentes,
1331 2758 1456 2810 dum
1481 2758 1788 2825 parentibus

213 2850 263 2903 in
288 2848 677 2904 incredulitatis
725 2848 962 2902 custodia
994 2848 1232 2900 inutilem
1277 2848 1632 2902 reverentiam
1670 2863 1786 2903 ser-

215 2951 336 2994 vant
365 2941 696 2994 confitentur
721 2955 780 2993 se
825 2940 1221 3008 quodammodo
1271 2939 1476 2994 nescire
1518 2940 1643 3008 quid
1691 2941 1789 2994 eli-

213 3041 355 3101 gant.
390 3032 639 3086 Discedat
667 3031 825 3100 igitur
867 3031 934 3086 ab
965 3031 1065 3084 hac
1103 3034 1471 3097 excusatione,
1524 3039 1640 3096 post
1671 3031 1789 3086 talis

1889 1841 1954 1895 ad
1989 1856 2084 1895 nos
2123 1842 2517 1896 sublimissima:
2545 1842 2858 1897 humilitatis
2888 1846 3104 1900 nuntius
3136 1850 3462 1914 perveniret.

1894 1932 2044 1986 Unde
2089 1945 2186 1985 nos
2231 1941 2350 1998 post
2401 1931 2538 1984 hanc
2585 1935 3039 2000 exspectationem
3085 1936 3195 2004 jam
3246 1951 3465 1995 securos

1890 2025 2054 2078 vestri
2081 2037 2232 2077 sacra
2265 2037 2368 2076 nox
2399 2023 2618 2091 reperit.
2647 2022 3067 2078 Conferehamus
3106 2041 3334 2096 namque
3364 2043 3462 2082 uo-

1892 2115 2204 2183 biscumque
2229 2115 2612 2177 tractabamus,
2641 2114 2798 2182 quale
2821 2123 2963 2168 esset
2990 2116 3139 2180 illud,
3171 2133 3292 2172 cum
3331 2119 3466 2173 adu-

1892 2218 2134 2262 natorum
2159 2221 2413 2262 numerus
2431 2205 2760 2275 pontificum,
2785 2221 2940 2260 manu
2960 2209 3148 2274 saneti,
3177 2211 3466 2266 ambitione

1889 2300 2092 2356 servitii
2148 2299 2386 2354 membra
2438 2297 2581 2366 regia
2628 2297 2782 2350 undis
2823 2297 3068 2353 vitalibus
3110 2300 3458 2357 confoveret:

1890 2406 2011 2446 cum
2046 2405 2104 2444 se
2134 2389 2225 2442 Dei
2253 2388 2424 2442 servis
2456 2387 2753 2440 iuflecteret
2774 2387 3063 2442 timendum
3094 2392 3340 2458 gentibus
3370 2409 3460 2446 ca-

1893 2490 1984 2550 put
2010 2499 2022 2533 :
2055 2494 2177 2534 cum
2208 2480 2226 2509 ¹
2251 2478 2349 2532 sub
2375 2476 2581 2532 casside
2609 2477 2786 2530 crines
2811 2479 3038 2532 nutritos
3069 2479 3282 2534 salutari
3313 2484 3464 2549 galea

1891 2589 2057 2629 sacra:
2085 2569 2350 2625 unctionis
2396 2568 2666 2631 indueret;
2699 2584 2817 2622 cum
2870 2569 3178 2624 intermisso
3233 2573 3463 2640 tegmine

1891 2665 2173 2719 loricarum
2202 2659 2530 2715 immaculati
2553 2670 2698 2714 artus
2725 2659 2884 2712 simili
2908 2661 3143 2715 candore
3175 2660 3463 2730 fulgerent.

1891 2751 2095 2819 Faciet,
2124 2752 2166 2806 si
2196 2751 2322 2820 quid
2351 2749 2594 2815 creditis,
2627 2764 2809 2818 regum
2842 2749 3249 2816 florentissime,
3285 2753 3464 2815 faciet.

1892 2846 2128 2912 inquam,
2159 2843 2591 2897 indumentorum
2619 2839 2716 2892 ista
2747 2840 3021 2907 mollities,
3047 2849 3103 2895 ut
3137 2840 3284 2896 vobis
3311 2845 3462 2899 dein-

1891 2951 2018 3005 ceps
2044 2937 2160 3004 plus
2183 2934 2356 2988 valeat
2380 2933 2522 3001 rigor
2551 2946 2854 2996 armorum;
2880 2941 2934 2985 et
2954 2933 3210 3002 quidquid
3237 2935 3464 2989 felicitas

1891 3043 2063 3099 usque
2093 3029 2196 3081 huc
2243 3023 2506 3094 pra:stitit,
2538 3021 2697 3077 addet
2741 3023 2863 3076 hinc
2917 3025 3196 3080 sanctitas.
3256 3025 3454 3081 Vellem

219 3124 339 3178 facti
373 3123 716 3187 miraculum,
749 3123 938 3175 noxius
966 3122 1159 3190 pudor.
1209 3121 1284 3175 De
1313 3129 1424 3175 toto
1467 3121 1656 3189 prisca:
1681 3122 1790 3175 ori-
1817 3109 1862 3171 C
1894 3135 2021 3174 vero
2046 3117 2327 3188 praeconiis
2354 3115 2545 3170 vestris
2583 3112 2832 3182 quiddam
2876 3115 3266 3170 exhortationis
3296 3118 3460 3172 adne-

217 3218 349 3285 giuis
390 3224 682 3270 stemmate
739 3215 851 3268 sola
905 3214 1181 3268 nobilitate
1226 3213 1481 3278 contenti,
1535 3215 1788 3284 quidquid

217 3307 386 3359 omnis
420 3315 598 3374 potest
623 3305 888 3374 fastigium
918 3303 1292 3373 generositatis
1338 3317 1553 3371 ornare,
1609 3319 1788 3372 prosa-

219 3399 311 3463 pice
337 3405 532 3450 vestrze
563 3409 593 3449 a
617 3395 772 3449 vobis
802 3395 1044 3448 voluistis
1073 3409 1382 3463 exsurgere.
1439 3395 1658 3450 Habetis
1688 3396 1786 3450 bo-

220 3502 403 3540 norum
426 3495 698 3550 auctores,
724 3485 968 3539 voluistis
998 3499 1119 3538 esse
1152 3485 1432 3538 meliorum
1457 3502 1470 3537 :
1508 3487 1792 3554 responde-

219 3579 292 3646 tis.
302 3578 515 3644 proavis
536 3577 922 3645 quodregnatis
947 3575 1000 3629 in
1025 3575 1245 3640 saeculo,
1270 3576 1531 3630 instruitis
1553 3584 1792 3644 posteros

218 3669 352 3737 quod
384 3668 621 3737 regnatis
653 3667 703 3720 in
735 3668 892 3721 caelo.
925 3665 1165 3721 Gaudeat
1190 3681 1321 3735 ergo
1349 3665 1564 3735 quidem
1590 3667 1616 3706 δ
1643 3667 1794 3724 στω-

217 3758 289 3811 cia
323 3758 522 3812 habere
552 3771 611 3812 se
643 3756 932 3826 principem
961 3756 1092 3826 legis
1122 3767 1318 3813 nostra:
1360 3760 1494 3815 :sed
1534 3774 1640 3814 non
1677 3758 1788 3827 jam

286 3898 310 3924 ⁸
346 3888 673 3962 Francorum
729 3887 1017 3962 ad_quem_
1038 3888 1352 3944 Theoderici
1397 3906 1605 3962 quoque
1642 3894 1783 3962 regis

218 3960 376 4012 Italia:
407 3959 601 4029 duplex
635 3958 771 4026 apud
800 3957 1176 4029 Cassiodorum
1202 3971 1283 4012 est
1315 3957 1559 4029 epistola,
1587 3957 1728 4016 libro
1749 3979 1782 4016 tt

220 4031 519 4088 Variarum,
545 4027 634 4091 6|,
657 4040 711 4082 et
740 4029 876 4099 libro
909 4044 985 4099 tu,
1023 4027 1078 4089 4,
1102 4029 1193 4082 sed
1231 4027 1454 4099 utraque
1485 4033 1783 4088 Luduinum

218 4111 388 4152 vocat.
438 4099 590 4151 Prior
630 4108 806 4151 autem
830 4097 959 4170 huic
1007 4109 1202 4152 nostra:
1231 4097 1449 4168 Suppar,
1499 4104 1542 4156 si
1579 4114 1787 4170 tempus

218 4172 750 4237 spectetur-:scripta
792 4169 1040 4222 videlicet
1065 4179 1182 4237 post
1215 4170 1492 4224 victoriam
1539 4169 1789 4225 Alaman-

217 4243 409 4305 nivain,
453 4260 571 4309 qua:
612 4239 885 4299 Clodoveo
920 4242 1040 4296 fidei
1072 4239 1388 4292 Christianae
1417 4245 1628 4296 occasio
1661 4242 1783 4304 fuit,

221 4324 272 4366 et
292 4315 564 4382 baptismi,
607 4314 756 4380 cujus
785 4316 866 4365 IllC
897 4328 1140 4380 pompam
1175 4311 1359 4368 Avitus
1387 4312 1780 4382 elegantissime

1891 3219 2059 3275 ctere,
2091 3208 2135 3262 si
2162 3205 2360 3276 aliquid
2381 3204 2466 3260 vel
2493 3203 2768 3258 scientiam
2795 3213 3029 3258 vestram
3058 3205 3138 3259 vel
3177 3207 3462 3262 observan-

1891 3301 2015 3355 tiam
2047 3299 2362 3369 pratteriret.
2406 3299 2649 3368 Nunquid
2679 3300 2837 3355 fidem
2886 3301 3119 3367 perfecto
3147 3303 3452 3371 praadicabi-

1890 3406 2031 3455 mus,
2059 3404 2215 3458 quam
2247 3399 2369 3443 ante
2395 3388 2776 3458 perfectionem
2802 3391 2920 3446 sine
2954 3391 3304 3460 praedicatore
3332 3394 3464 3447 vidi-

1892 3483 2031 3539 stis?
2059 3499 2123 3534 an
2158 3480 2292 3536 forte
2323 3480 2697 3546 humilitatem,
2732 3495 2889 3549 quam
2923 3481 3032 3550 jam
3063 3481 3260 3536 dudum
3309 3483 3462 3537 nobis

1891 3575 2173 3630 devotione
2198 3572 2523 3641 impenditis,
2552 3574 2640 3642 qui
2674 3589 2815 3628 nunc
2853 3575 3081 3642 primum
3131 3573 3463 3642 professione

1891 3666 2132 3722 debetis?
2178 3680 2245 3720 an
2288 3663 2728 3729 misericordiam,
2779 3680 2937 3734 quam
2988 3665 3180 3721 solutis
3228 3682 3256 3719 a
3310 3669 3461 3722 vobis

1892 3757 2067 3813 adhuc
2090 3768 2257 3825 nuper
2287 3754 2511 3825 populus
2562 3755 2802 3820 captivus
2849 3755 3057 3824 gaudiis
3103 3756 3303 3812 mundo
3332 3757 3462 3812 iusi-

1955 3891 1985 3930 ιι
2018 3890 2352 3946 Anastasium
2381 3890 2507 3958 imp.
2539 3887 2899 3961 Christianum
2928 3891 3076 3945 illum
3103 3892 3337 3961 quidem,
3367 3895 3460 3949 sed

1886 3978 1992 4017 non
2023 3966 2154 4014 satis
2201 3961 2578 4014 ortliodoxum.
2630 3959 2810 4014 Romae
2846 3977 2972 4014 vero
2998 3971 3050 4016 et
3099 3959 3149 4014 iit
3182 3965 3324 4015 Italia
3353 3980 3447 4019 rex

1887 4031 2271 4095 Theodericus,
2306 4039 2359 4082 et
2387 4031 2436 4081 in
2468 4028 2635 4081 Gallia
2663 4029 3078 4096 Wisigotltorum
3109 4031 3373 4096 Alaricus,
3400 4043 3456 4088 et

1889 4098 2247 4172 Gundobadus
2286 4099 2754 4172 Burgundionum,
2803 4101 2980 4172 Ariani
3015 4115 3232 4167 prorsus
3279 4114 3458 4172 erant,

1889 4172 2125 4237 itemque
2141 4169 2320 4241 Suevi,
2351 4179 2404 4241 et
2433 4169 2474 4241 si
2507 4183 2594 4241 qut
2624 4168 2714 4224 alii
2741 4170 2796 4224 in
2830 4169 3114 4241 IItSpania;
3145 4177 3196 4228 in
3242 4168 3464 4229 Germa;

1892 4243 1978 4295 nia
2004 4250 2180 4312 autem
2205 4249 2259 4296 et
2280 4240 2332 4296 in
2359 4238 2649 4312 Britannia,
2675 4243 2848 4297 adhuc
2896 4238 3104 4312 pagani.
3136 4246 3202 4299 Ut
3243 4261 3348 4298 non
3381 4247 3464 4300 in-

1891 4311 2165 4384 juriisiut,
2195 4315 2285 4381 qui
2331 4324 2449 4382 p0st
2469 4311 2817 4384 Clodoveum,
2842 4315 2930 4383 qui
2972 4311 3174 4382 primus
3219 4317 3458 4370 omnium

219 4381 488 4438 describit.
523 4385 686 4437 Docet
716 4398 893 4453 porro,
926 4383 1064 4449 quod
1093 4383 1348 4438 hactenus
1387 4381 1780 4452 ignorabamus,
1815 4383 1860 4439 D
1892 4381 1945 4440 in
1973 4386 2210 4438 Ecclesia
2247 4383 2541 4436 catholicus
2592 4398 2685 4436 rex
2729 4381 3094 4453 fuit,'regibus
3138 4385 3463 4440 Francorum

221 4455 270 4525 in
309 4455 491 4521 vigilia
525 4453 714 4525 natalis
747 4451 951 4505 Domini
1003 4452 1352 4525 celebratum,
1381 4451 1491 4525 non
1522 4459 1572 4507 in
1606 4453 1783 4525 vigilia

221 4523 466 4588 Pas-clue;
499 4524 638 4591 quod
671 4522 985 4575 Hincmarus
1016 4521 1296 4577 Remensis
1325 4524 1458 4578 falso
1486 4525 1587 4579 sibi
1613 4521 1784 4580 et're-

219 4609 331 4647 rum
361 4606 668 4648 nostrarum
694 4592 1044 4660 scriptoribus
1071 4601 1424 4661 persuaserat.

283 4714 298 4742 ¹
323 4715 515 4766 Avitus
544 4713 594 4782 in
621 4710 719 4764 hac
748 4710 970 4782 epistola
1013 4711 1271 4778 Clodovei
1314 4712 1635 4781 baptismum
1664 4728 1790 4782 gra-

218 4783 365 4852 phice
389 4781 723 4852 describens,
748 4781 892 4852 haud
911 4782 1152 4852 meminit
1178 4784 1426 4851 ampulla:
1451 4781 1789 4852 rccelitus’de-

219 4851 392 4905 inissa:
450 4867 605 4904 sacro
643 4851 934 4906 chrismate
979 4851 1225 4919 oppletas,
1283 4868 1388 4921 quo
1432 4851 1788 4908 Clodoveusa

217 4932 398 4976 sancto
431 4921 676 4993 Remigio
707 4930 993 4993 perunctus
1018 4923 1179 4993 fuisse
1205 4923 1392 4976 fertur.
1441 4923 1624 4993 Neque
1658 4938 1787 4978 vero

217 4993 372 5045 ullam
423 4991 644 5058 hujusce
705 4992 780 5043 rei
833 4989 1160 5044 admirabilis
1217 4989 1550 5047 mentioneni
1592 4993 1784 5048 factam

217 5063 370 5115 fuisse
404 5059 662 5127 Gregorio
691 5060 1006 5130 Turonensi,
1033 5060 1351 5129 Fredegario
1376 5064 1601 5130 aliisque
1631 5072 1784 5116 vetu-

216 5132 466 5185 stioribus
527 5129 847 5183 Francorum
911 5131 1176 5184 historicis
1225 5129 1600 5198 comperimus.
1665 5133 1780 5198 Quo

217 5203 425 5267 quidem
455 5208 771 5267 argumento
799 5201 1042 5268 negativo
1071 5209 1287 5253 utuntur
1328 5203 1566 5255 nonnulli
1612 5203 1779 5257 critici

217 5274 544 5323 recentiores
593 5269 658 5321 ad
707 5269 1004 5335 ltujusmodi
1056 5270 1276 5336 prodigii
1307 5272 1584 5326 veritatem
1635 5275 1780 5325 infir-

219 5342 482 5392 mandam.
537 5338 725 5391 Verum
784 5341 865 5391 his
913 5340 1144 5393 occorrit
1203 5339 1263 5392 ν.
1299 5339 1357 5392 C.
1396 5341 1492 5393 Dn.
1531 5343 1692 5395 abbas
1718 5343 1780 5396 de

225 5407 394 5461 Vertat
449 5411 500 5461 in
561 5409 933 5462 dissertatione
961 5408 1038 5460 sic
1065 5409 1353 5476 inscripta:
1391 5409 1466 5462 De
1512 5413 1562 5463 la
1613 5413 1779 5467 sainte

216 5479 461 5543 Ampoule
521 5480 781 5530 conservée
825 5479 856 5529 ὰ
908 5477 1079 5529 Iiet'ms
1131 5495 1259 5546 pour
1308 5479 1354 5530 Ie
1401 5497 1545 5533 sacre
1589 5481 1650 5532 de
1687 5499 1776 5535 nos

219 5549 352 5601 Bois.
382 5547 567 5600 Exstat
586 5559 762 5600 autem
779 5547 890 5601 haec
914 5548 1215 5600 dissertatio
1245 5547 1466 5602 iuMém.
1492 5551 1552 5600 de
1573 5550 1770 5606 l‘Acad.

215 5619 298 5670 des
332 5618 573 5681 Inscript.
603 5627 732 5669 tom.
765 5617 828 5686 II.
872 5633 989 5684 pag.
1014 5617 1136 5680 619,
1177 5617 1315 5669 ἰιι-ι.
1362 5615 1774 5686 Disquisitianem

214 5701 424 5756 quoque
461 5687 524 5740 de
546 5689 780 5756 Ampulla
804 5685 1038 5740 Remensi
1069 5695 1222 5740 antea
1264 5688 1502 5743 ediderat
1541 5689 1623 5742 Jo.
1655 5690 1770 5745 Jac.

1891 4456 2120 4524 primum
2151 4455 2290 4506 inter
2318 4453 2652 4506 Christianos
2685 4452 2960 4522 principes
3003 4455 3178 4510 locum
3231 4454 3314 4510 vel
3356 4455 3459 4510 hoc

1886 4523 2104 4581 nomine
2131 4523 2314 4578 deberi
2343 4531 2672 4578 asseverant.

1890 4711 2208 4766 Chiflletius.
2248 4709 2358 4764 Ilac
2399 4709 2526 4766 item
2567 4709 2635 4764 de
2673 4724 2733 4766 re
2777 4709 2937 4764 verba
2987 4708 3112 4764 facit
3160 4707 3465 4766 Hadrianus

1892 4782 2136 4838 Valesius
2167 4791 2298 4836 tom.
2330 4780 2348 4834 I
2379 4778 2499 4834 Rer.
2531 4779 2719 4833 Franc.
2773 4779 2866 4834 lib.
2891 4796 2962 4842 vr,
2999 4795 3117 4848 pag.
3147 4778 3252 4834 260
3272 4791 3323 4834 et
3344 4796 3460 4849 seq.

1961 4855 1980 4884 ³
2014 4853 2340 4906 Francorum
2387 4864 2539 4918 reges
2569 4850 2806 4904 intonsos
2853 4849 3140 4918 perhibent
3199 4850 3460 4907 hiStorici.

1889 4921 2179 4992 Gregorius
2205 4920 2531 4992 Turonensis
2560 4919 2698 4992 Hist.
2732 4918 2927 4972 Franc.
2970 4921 3064 4973 lib.
3101 4933 3174 4983 Vl,
3217 4920 3464 4992 cap._24,

1887 4993 1956 5046 de
1984 4989 2331 5046 Gundovaldo
2359 5007 2372 5043 :
2405 4989 2526 5053 Hic,
2563 4990 2752 5057 inquit,
2784 5006 2896 5042 cum
2936 5000 3086 5043 natus
3118 4992 3317 5042 essetin
3342 4989 3464 5045 Gal-

1888 5063 1997 5126 liis,
2022 5071 2065 5114 et
2086 5061 2319 5129 diligenti
2349 5075 2471 5111 cura
2516 5070 2754 5126 nutritus,
2806 5069 2860 5112 ut
2907 5077 3080 5128 regum
3116 5061 3324 5112 istorum
3359 5077 3464 5114 mos

1888 5141 1979 5195 est,
2013 5132 2228 5183 crinium
2257 5130 2484 5197 ﬂagellis,
2517 5145 2608 5197 per
2639 5141 2780 5196 terga
2811 5130 3061 5193 demissis,
3094 5143 3199 5184 etc.
3246 5130 3311 5182 Et
3361 5131 3454 5185 Iih.

1887 5217 1996 5266 vtn,
2040 5216 2156 5268 cap.
2213 5196 2298 5264 10,
2331 5196 2799 5268 ἀθίϐιοόεῖεεὴο
2858 5202 3136 5252 interfecto
3174 5199 3454 5266 quemdam

1886 5265 1988 5324 ista
2021 5265 2325 5325 narrantem
2352 5267 2581 5321 inducit:
2615 5265 2742 5321 Cum
2765 5270 3049 5333 ignorarem
3096 5265 3205 5330 ait,
3227 5271 3462 5335 quisnam

1885 5351 2032 5405 esset,
2055 5341 2306 5393 accesarie
2328 5341 2529 5406 prolixa
2547 5339 2752 5407 cognovi
2777 5337 3182 5390 C/tloduverltum
3211 5354 3337 5407 esse.
3368 5340 3462 5390 llis

1886 5425 2119 5464 consulta
2161 5411 2322 5464 refert
2348 5406 2991 5476 Agathias’Scholasticus
3021 5407 3113 5476 lib.
3138 5423 3150 5459 I
3183 5407 3245 5459 de
3268 5406 3459 5473 lmper.

1885 5491 1931 5533 et
1966 5481 2088 5533 [ἰθὺ.
2112 5489 2239 5547 gest.
2270 5475 2465 5529 λυδιίηὶ
2491 5477 2612 5547 imp.
2652 5492 2768 5542 pag.
2806 5477 3026 5547 I-i_edit.
3055 5475 3220 5528 Paris.
3248 5479 3458 5547 Qu_a__i_le

1885 5565 1943 5604 re
1971 5543 2164 5603 videsis
2198 5547 2352 5600 Mem.
2404 5547 2465 5598 de
2509 5543 2710 5616 l'Acud.
2742 5547 2830 5601 des
2862 5545 3106 5607 Inscript.
3150 5555 3280 5599 tom.
3325 5543 3458 5616 VIII,

1881 5633 1999 5691 pag.
2035 5618 2162 5685 487,
2195 5616 2322 5684 488,
2346 5616 2476 5674 edit.
2510 5615 2646 5670 in-s.
