4046 6170
206 281 294 340 961
1590 278 1921 334 EPISTULA
1968 279 2123 334 XLV.

3375 284 3481 341 26?.

205 389 405 460 angueti
429 432 445 456 ,
475 404 635 459 quam
669 386 945 459 dignitatis
976 394 1167 441 vestra:
1190 385 1456 456 rescripto
1486 404 1792 443 mereantur
1820 399 1866 455 Α
1897 406 2035 453 sum,
2071 406 2285 445 manum
2314 386 2567 458 vestram,
2599 408 2702 463 qua
2737 408 2883 462 pius,
2914 403 3188 463 paternam
3215 397 3479 454 declama-

204 496 513 552 agnoscere.

710 570 1043 627 EPISTULA
1082 569 1265 625 XLIV.

265 680 416 721 ητῠε
456 677 765 719 τιεηιηειιειε
803 678 1087 718 εριεοοιδυε
1128 672 1154 699 ⁸
1195 678 1373 718 υοιιιιο
1410 678 1741 721 διαιειιυιωο.

257 757 316 815 Si
349 765 407 812 ut
427 757 727 827 dignamini
751 756 980 813 credere
1012 756 1160 826 loqui
1200 772 1447 826 possem,
1488 759 1790 827 importune

201 862 297 909 tum
326 852 670 921 obstreperet
713 850 916 907 Graecis
963 852 1185 907 auribus
1223 868 1403 909 sermo
1451 854 1691 911 Latinus.
1720 857 1790 911 At

198 960 309 999 cum
336 947 389 998 in
418 945 597 1014 lingua
622 954 805 999 nostra
835 945 933 998 hoc
974 946 1145 1015 magis
1180 946 1452 1002 abiturum
1485 950 1556 1003 sit
1586 949 1787 1004 intelli-

199 1036 373 1103 gibile,
406 1036 551 1103 quod
579 1034 759 1089 minus
798 1032 966 1089 fuerit
992 1036 1323 1104 expolitum;
1356 1038 1409 1091 in
1434 1039 1623 1093 litteris
1649 1056 1785 1109 quas

206 1144 290 1197 per
310 1142 637 1183 conseri-uin
656 1142 834 1181 meum
865 1126 1047 1182 oﬂ'erri
1074 1130 1408 1198 praecepistis
1428 1171 1443 1194 ,
1484 1141 1706 1199 possunt
1734 1137 1787 1187 et

207 1220 319 1272 vilia
353 1234 476 1272 cum
512 1218 799 1272 securitate
827 1218 1038 1272 dictari.
1074 1218 1175 1286 lpsi
1207 1226 1354 1273 certe
1382 1219 1511 1288 quid
1557 1222 1786 1276 velimus

206 1311 382 1365 dicere
404 1326 724 1381 quocunque
750 1318 1058 1366 scrutentur
1084 1312 1400 1381 interprete,
1424 1328 1523 1382 ego
1544 1313 1597 1368 in
1625 1315 1785 1369 aifatu

200 1417 454 1459 consueto
474 1405 783 1476 dignatione
821 1405 938 1473 plus
960 1443 976 1469 ,
1006 1406 1049 1458 si
1082 1405 1185 1459 dici
1219 1415 1431 1474 potest,
1463 1422 1621 1475 quam
1660 1406 1785 1475 piis-

200 1501 307 1553 simi
356 1499 540 1552 domni
587 1497 959 1566 experimento
991 1498 1378 1567 interpretante
1427 1500 1675 1569 cognovi.
1712 1500 1786 1553 De

199 1591 436 1658 reliquo,
495 1587 741 1643 Christus
787 1588 938 1642 vobis
991 1603 1089 1657 pro
1145 1591 1542 1657 perseverantia
1599 1593 1785 1661 gratiae

197 1696 339 1749 quam
383 1680 752 1748 peculiaribus
792 1682 963 1735 servis
992 1680 1252 1746 servatis,
1286 1682 1457 1735 vicem
1501 1682 1780 1751 rependat.

1894 482 2137 547 tionem,
2175 497 2278 553 qua
2326 484 2591 549 maxime,
2644 485 3034 541 haereditariatn
3073 486 3478 557 benignitatem.

1890 571 2197 642 Scripsistis
2236 575 2417 643 igitur,
2451 574 2664 629 Christo
2709 585 3028 647 praestante,
3060 578 3168 646 jam
3219 578 3475 644 reduces,

1890 665 2071 719 omnia
2106 675 2216 720 tuta
2245 680 2397 735 esse,
2445 668 2697 738 circaque
2748 683 2845 725 vos
2888 668 3249 738 dignationem
3295 672 3479 727 domui

1892 756 2035 825 regis
2061 756 2262 813 Alarici
2295 758 2516 813 illaesam
2546 768 2602 815 ct
2626 761 2904 828 pristinam
2935 777 3272 830 permanere.
3299 764 3480 831 Quan-

1890 861 2048 916 quam
2079 863 2181 917 ego
2207 863 2492 915 censeam,
2524 852 2665 920 quod
2696 861 2817 921 post
2842 869 3215 923 quamcunque
3247 857 3479 910 nutatio-

1890 953 2048 1004 nem,
2097 941 2268 1009 gratia
2316 940 2502 995 talium
2552 957 2902 1011 personarum
2948 946 3018 998 ita
3048 947 3165 1000 sine
3190 960 3476 1016 augmento

1890 1045 1995 1085 non
2028 1033 2291 1099 redditur,
2317 1035 2456 1089 sicut
2486 1038 2603 1090 sine
2634 1038 2871 1105 periculo
2905 1052 3010 1092 non
3043 1038 3248 1093 linitur.
3280 1040 3478 1095 Volunt

1888 1126 2032 1179 enim
2059 1127 2208 1196 quasi
2242 1128 2558 1183 satisfacere
2589 1129 2907 1184 innocentiae
2936 1131 3221 1195 lacessita},
3258 1142 3478 1199 tumque

1888 1217 2095 1287 eligunt
2122 1218 2420 1274 credidisse
2448 1234 2570 1274 cum
2594 1231 2823 1275 cernunt
2852 1238 2863 1274 :
2896 1230 2951 1276 et
2982 1223 3061 1276 sic
3089 1226 3168 1278 eis
3196 1225 3476 1279 conscieno

1892 1307 1962 1360 tia
1990 1318 2175 1361 nostra
2207 1308 2425 1375 sufficit,
2459 1309 2503 1362 si
2532 1310 2755 1364 scientia
2784 1326 2881 1366 sua
2913 1315 3065 1368 testis
3100 1315 3328 1370 accedit.
3368 1317 3478 1386 Ego

1890 1407 2067 1453 tamen
2097 1399 2285 1452 nuntio
2311 1408 2529 1465 vestrae,
2552 1400 2660 1454 imo
2688 1413 2886 1455 nostra:
2911 1403 3210 1458 securitatis
3232 1417 3476 1475 accepto,

1887 1503 2015 1543 ecce
2056 1488 2169 1545 Deo
2214 1498 2354 1544 teste
2402 1492 2613 1562 loquor,
2662 1492 2714 1547 in
2756 1493 3020 1565 lacrymas
3059 1497 3252 1551 mixtas
3281 1497 3479 1551 laetitim

1888 1583 2285 1648 praeteritorum
2340 1583 2717 1638 recordatione
2762 1585 3000 1652 prorupi.
3048 1585 3298 1641 Animuin
3328 1603 3481 1641 nam-

1887 1686 2012 1738 que,
2038 1682 2095 1726 ut
2120 1676 2193 1727 ait
2220 1682 2399 1728 vester
2434 1684 2585 1743 poeta
2612 1675 2853 1747 (.Eueid.
2885 1677 2975 1749 rt),
3007 1678 3167 1732 subiit
3191 1681 3299 1733 cari
3330 1683 3479 1750 geni-

198 1772 330 1839 ριιηα
384 1774 549 1825 etiam
598 1772 653 1826 in
688 1774 787 1826 hoc
819 1771 938 1840 ipso
984 1772 1325 1827 adolescente
1355 1787 1511 1841 quem
1555 1774 1782 1843 dirigilis
1815 1771 1859 1829 Β
1889 1766 2019 1818 toris
2047 1766 2244 1836 imago,
2277 1776 2334 1821 ut
2364 1768 2622 1822 memoria
2646 1772 2955 1838 retractavi,
2988 1787 3156 1841 usque
3177 1773 3242 1827 ad
3267 1784 3479 1828 nostras

199 1863 284 1917 tale
312 1874 669 1927 monstratur,
710 1863 837 1917 dum
882 1863 1182 1931 cogitantes
1231 1864 1283 1918 in
1326 1873 1519 1919 neutro
1565 1866 1779 1935 quidem

197 1968 375 2008 εειηιιιιι
401 1954 555 2022 dum,
585 1956 678 2008 sed
713 1954 764 2008 in
807 1964 1039 2024 utroque
1081 1955 1418 2023 mercedem,
1451 1958 1600 2023 quasi
1632 1960 1783 2014 vobis

195 2046 423 2099 nutristis
447 2045 655 2110 tilium,
685 2056 739 2100 et
768 2047 919 2116 quasi
950 2050 1083 2115 patri
1110 2046 1647 2106 redditis‘nutritum.

715 2157 1048 2213 EPISTULA
1089 2157 1250 2212 XLV.

254 2262 440 2302 unus
505 2261 811 2302 vmssnusrs
862 2264 1140 2302 EPISCOPUS
1194 2247 1220 2286 δ
1280 2266 1404 2307 vino
1459 2268 1708 2308 ILLUSTRI

814 2334 1153 2373 APOLLINARI.

256 2413 349 2466 Diu
383 2422 468 2467 est
534 2413 578 2466 si
608 2423 698 2466 aut
722 2414 886 2468 verbo
917 2429 1038 2469 meo
1067 2414 1319 2482 creditis,
1363 2426 1452 2471 aut
1491 2418 1558 2473 de
1588 2417 1779 2472 affectu

195 2517 367 2558 mutuo
410 2506 573 2574 digna
619 2507 871 2573 sentitis,
919 2507 1061 2575 quod
1112 2507 1319 2564 litteras
1365 2510 1572 2578 aliquas
1616 2512 1779 2565 vestri

193 2610 396 2650 sumen:
424 2598 764 2656 desiderans.
792 2598 909 2666 plus
932 2605 1109 2653 tamen
1141 2598 1301 2653 cilicii
1327 2602 1427 2654 mei
1459 2599 1655 2656 oll'erre
1687 2618 1781 2655 cu-

193 2689 413 2755 piebam,
457 2692 601 2760 quod
636 2693 685 2745 in
715 2707 940 2761 perseiizi
972 2706 1182 2759 veSIra,
1215 2695 1486 2750 dilectioni
1514 2697 1776 2764 primum,

187 2777 367 2834 deinde
398 2782 817 2846 necessitudini,
849 2783 914 2836 ad
946 2782 1194 2837 ultimum
1233 2784 1475 2854 dignitati
1513 2802 1541 2839 a
1574 2803 1660 2841 me
1685 2789 1780 2844 de-

185 2872 392 2928 bentur.
451 2874 569 2927 Non
625 2889 841 2943 semper
886 2875 1148 2929 debemus
1204 2878 1580 2933 occasionibus
1629 2895 1778 2934 com-

189 2976 455 3018 meantnm
510 2968 767 3019 solvenda
816 2969 1157 3023 committere
1198 2984 1211 3022 :
1257 2973 1378 3037 quia
1409 2969 1532 3024 licet
1559 2980 1613 3025 et
1660 2973 1775 3041 ipsa

188 3056 331 3108 nobis
380 3058 755 3124 opportunitas
801 3061 1120 3127 portitorum
1166 3069 1384 3129 propter
1424 3060 1774 3128 frequentiam

1886 1856 2184 1923 quamlibet
2212 1857 2413 1927 dispari
2460 1859 2798 1927 professione
2843 1876 3136 1929 personas,
3189 1865 3477 1932 quamdam

1889 1956 1913 1985 ε
1948 1956 2227 2016 parentum
2257 1956 2622 2004 communium
2674 1960 2875 2005 sortem
2918 1953 3187 2020 parilitate
3235 1955 3476 2010 laborum

1886 2037 2086 2094 invidia
2117 2052 2448 2111 exsequente
2480 2041 2723 2111 perduci.
2751 2042 2840 2096 Illa
2869 2053 3045 2097 tamen
3071 2047 3121 2099 in
3144 2045 3237 2100 Dei
3262 2049 3477 2101 nomine

1857 2195 1860 2199 ,
1884 2131 2044 2185 etiam
2070 2132 2226 2188 nobis
2254 2134 2521 2203 suppetit,
2553 2149 2672 2202 qua:
2704 2134 2809 2188 illis
2833 2136 3132 2192 consolatio
3161 2138 3257 2192 fuit
3289 2156 3300 2191 :
3329 2142 3471 2205 quod

1885 2230 1999 2277 tuto
2025 2223 2344 2277 armuloruni
2376 2224 2527 2291 nisu,
2584 2234 2698 2279 toto
2742 2226 3194 2283 circumlatrantis
3242 2230 3477 2300 undique

1883 2313 2065 2369 livoris
2095 2316 2254 2370 dente
2285 2324 2481 2371 tentata
2504 2357 2518 2380 ,
2557 2320 2980 2389 quotiescunque
3002 2324 3181 2388 appeti
3215 2323 3326 2376 visa
3350 2333 3431 2377 est
3454 2364 3469 2387 ,

1882 2408 2241 2463 criminationi
2289 2407 2555 2477 suhjacuit
2607 2408 2805 2463 familia
2854 2424 3066 2476 nostra,
3099 2428 3203 2465 thll
3238 2415 3472 2471 crimini.

1885 2497 2148 2562 Quoniam
2189 2500 2232 2551 si
2273 2514 2366 2552 vos
2396 2513 2425 2551 a
2471 2508 2623 2568 patre
2664 2510 2843 2554 vestro
2875 2501 3141 2555 Arcbadio
3171 2503 3431 2559 didicistis
3454 2548 3471 2572 ,

1883 2592 2056 2643 virum
2088 2592 2286 2644 saeculo
2309 2589 2625 2644 militantem
2658 2594 2833 2644 minus
2864 2595 3002 2646 inter
3025 2608 3172 2646 arma
3203 2609 3360 2663 quam
3390 2598 3471 2648 in-

1886 2689 1967 2735 ler
2005 2682 2252 2751 obloquia
2299 2683 2621 2749 periclitari;
2659 2699 2757 2738 nec
2787 2699 2887 2754 ego
2929 2700 3114 2751 parum
3163 2687 3393 2755 exempli
3443 2702 3472 2744 a

1883 2766 2106 2826 Sidohio
2135 2787 2255 2826 meo
2284 2787 2439 2839 quem
2473 2782 2677 2840 patrem
2706 2789 2899 2827 vocare
2929 2790 3032 2827 non
3063 2775 3269 2838 audeo,
3298 2792 3467 2845 quan-

1884 2872 1993 2918 tum
2025 2864 2253 2919 clericus
2298 2867 2499 2934 perpeti
2543 2867 2714 2935 possit
2761 2881 2998 2920 assumo.
3034 2867 3292 2934 Quocirca
3344 2869 3470 2923 illud

1886 2956 2143 3012 Divinitas
2175 2959 2394 3021 tribuat,
2428 2970 2481 3011 ιιι
2508 2959 2660 3012 nobis
2683 2974 2841 3025 quam
2867 2973 3062 3012 novum
3094 2975 3201 3013 non
3223 2972 3305 3013 est
3348 2963 3469 3014 talia

1882 3048 2042 3115 objici
2068 3090 2080 3110 ,
2113 3057 2219 3103 tam
2258 3065 2356 3105 nos
2389 3051 2531 3103 nulla
2566 3051 2778 3103 novitas
2806 3051 2997 3104 merito
3029 3051 3182 3105 faciat
3208 3056 3468 3106 accusari.

184 3148 370 3202 debeat
395 3165 522 3203 9,5,3
547 3154 726 3203 νοιίνε
749 3193 763 3216 9
795 3168 1014 3208 necesse
1046 3164 1221 3208 tamen
1260 3166 1340 3208 ρει
1371 3164 1428 3210 ut
1454 3157 1538 3210 ηις,
1570 3159 1771 3212 δουεοί,
1801 3144 1846 3206 C
1880 3139 1983 3193 Sed
2008 3141 2233 3195 desistat
2265 3158 2404 3195 nunc
2435 3142 2631 3196 latitia
2675 3152 2919 3211 tempOte
2939 3184 2952 3204 ,
2986 3144 3360 3198 amaritudinis
3404 3160 3468 3200 ex

185 3239 303 3291 tudo
334 3242 637 3308 prmcellat,
670 3256 788 3303 qua:
810 3257 869 3296 se
914 3245 1151 3311 appetitu
1182 3245 1427 3314 proprio,
1456 3248 1573 3301 sine
1602 3249 1769 3301 inter-

184 3341 333 3382 ventu
359 3333 553 3384 alii-nae
579 3333 914 3387 necessitatis
940 3334 1190 3388 insinuat.
1218 3336 1385 3403 Hujus
1411 3337 1650 3407 obsequii
1685 3355 1771 3394 me

184 3423 465 3475 otmoxinm
515 3422 732 3488 sciens,
772 3424 1055 3479 intercludi
1114 3425 1529 3482 redhibitionem
1574 3429 1772 3496 justam

183 3512 369 3579 injusto
398 3516 665 3569 obstaculi
698 3516 1076 3585 prmpedientis
1099 3518 1252 3573 obice
1290 3519 1609 3587 jamdudum
1639 3524 1774 3576 taci-

188 3613 263 3657 tus
290 3606 733 3674 ingemiscebam.
765 3607 1089 3664 Pervenerat
1129 3610 1362 3679 quippe,
1402 3626 1505 3664 non
1533 3611 1599 3665 ad
1629 3614 1771 3667 noti-

179 3708 297 3753 tam
332 3702 746 3765 tantummodo,
777 3704 870 3757 sed
905 3702 971 3756 ad
999 3703 1312 3758 maestitiam
1366 3713 1635 3767 nostram.
1665 3705 1775 3759 dis-

180 3792 330 3857 positi
368 3792 549 3844 fumus
579 3791 851 3856 incendii,
883 3791 1022 3860 quod
1074 3804 1315 3847 sanetam
1364 3807 1425 3848 ac
1472 3792 1770 3862 simplicem

179 3880 544 3936 innocentiam
569 3892 825 3949 vestram,
853 3882 1000 3936 velut
1025 3882 1093 3937 de
1122 3882 1297 3937 elletis
1318 3883 1613 3951 cineribus,
1641 3900 1774 3939 con-

176 3969 369 4036 jnratio
428 3972 734 4040 procellosa
789 3974 961 4027 ventis
1011 3973 1362 4028 mendacibus
1412 3974 1669 4041 sufﬂans,
1721 3978 1772 4032 in

176 4076 389 4116 cassum
424 4078 651 4119 movere
690 4071 1010 4119 tentaverat.
1056 4064 1137 4119 Ub
1168 4078 1326 4133 quam
1367 4080 1584 4120 causam
1615 4082 1773 4123 vere-

179 4151 364 4208 bamur
424 4156 714 4210 anxietatis
759 4168 957 4211 vestra:
1007 4158 1276 4211 sarcinam
1330 4168 1458 4213 voto
1504 4158 1775 4216 libaminis

174 4258 469 4313 aggravare
489 4288 505 4313 ,
538 4256 590 4301 et
629 4247 877 4302 mteroris
904 4259 1249 4318 augmentum
1284 4264 1379 4319 pro
1406 4252 1774 4309 consolatione

176 4337 567 4392 transmittere.
621 4338 733 4393 Sub
789 4337 947 4407 hujus
1000 4354 1130 4409 ergo
1185 4340 1547 4409 ambiguitatis
1589 4343 1774 4397 nubilo

172 4429 390 4480 confusa
429 4430 835 4499 exspectatione
867 4429 1226 4499 pendentibus
1248 4474 1263 4499 ,
1297 4432 1501 4486 litteras
1524 4444 1731 4487 vestras
1754 4475 1768 4498 ,

1879 3233 2280 3300 Opportunitate
2307 3248 2489 3287 sermo
2521 3236 2872 3300 perstrictus:
2909 3235 3035 3303 quin
3069 3236 3244 3302 potius
3272 3237 3467 3305 ineptia

1879 3324 2117 3378 vacantis
2161 3324 2401 3378 audaciae
2432 3325 2574 3379 unde
2601 3325 2821 3380 rideatis
2864 3326 3137 3379 exhibeat.
3190 3328 3328 3379 Ante
3371 3328 3468 3380 ali-

1879 3427 2008 3485 quot
2034 3431 2245 3470 menses
2273 3417 2424 3471 datas
2451 3419 2515 3470 ad
2547 3419 2777 3471 amicum
2811 3418 3095 3486 quemdam
3127 3433 3467 3473 communem

1881 3509 2294 3578 magnificentia:
2325 3519 2516 3563 vestrae
2544 3510 2751 3563 litteras
2785 3508 2915 3573 vidi,
2940 3509 3130 3577 quibus
3148 3509 3469 3565 salutatione

1879 3601 2130 3672 piazfata,
2183 3602 2235 3656 in
2286 3602 2527 3671 epistola:
2580 3601 2943 3655 declamantes
2987 3609 3139 3670 parte
3182 3601 3465 3666 succidua,

1878 3694 2199 3749 scribebatis
2231 3693 2257 3730 ά
2292 3696 2557 3763 placuisse
2583 3694 2735 3748 vobis
2767 3695 3008 3760 libellos,
3047 3708 3181 3763 quos
3208 3694 3349 3749 inter
3377 3710 3469 3749 oc-

1875 3789 2187 3857 cupationes
2227 3789 2368 3842 seria
2411 3797 2465 3841 et
2514 3788 2684 3858 magis
2713 3786 3017 3842 necessaria
3048 3787 3460 3855 conscribendi,

1876 3881 2221 3935 nihilominus
2250 3892 2426 3935 tamen
2455 3881 2521 3935 de
2546 3881 2803 3950 spiritalis
2847 3880 3084 3933 historim
3110 3880 3277 3949 gestis
3305 3880 3465 3933 etiam

1878 3973 1995 4042 lege
2018 3976 2276 4039 poematis
2301 3973 2423 4027 lusi.
2461 3972 2556 4025 Hic
2587 3987 2727 4026 nunc
2751 3971 2881 4025 nihil
2915 3972 3050 4025 falso
3072 4012 3086 4036 ,
3120 3971 3252 4024 nihil
3283 3985 3467 4025 assen-

1876 4066 2069 4121 tatorie
2110 4080 2196 4119 me
2228 4066 2405 4133 loqui,
2437 4080 2619 4119 coram
2655 4067 2966 4119 sinceritate
2995 4075 3169 4118 vestra
3201 4063 3468 4131 imprecor

1876 4167 2065 4212 testem
2100 4157 2303 4221 Deum,
2345 4165 2547 4210 tantum
2600 4171 2688 4211 me
2734 4164 2824 4209 tuo
2868 4156 3073 4224 judicio
3103 4155 3462 4222 delectatum,

1874 4249 2042 4303 veluti
2072 4251 2116 4304 si
2148 4248 2367 4301 auribus
2395 4247 2577 4300 dotnni
2612 4247 2716 4301 mei
2749 4247 2913 4317 patris
2946 4248 3019 4300 tui
3057 4247 3307 4302 meditata
3338 4261 3466 4302 con-

1873 4341 2078 4404 fessus,
2132 4339 2500 4408 cujuscunque
2542 4338 2717 4393 laudis
2768 4349 3041 4392 momento
3094 4339 3194 4393 sub
3242 4353 3467 4394 censore

1876 4433 2125 4488 donarer.
2171 4431 2406 4485 Primum
2437 4444 2670 4498 namque
2697 4428 2995 4499 gaudebam
3016 4470 3032 4495 ,
3064 4430 3205 4498 quod
3248 4444 3464 4485 sensum

174 4523 484 4575 serenitatis
509 4523 772 4590 pristinae,
802 4522 1013 4591 pictatis
1036 4532 1294 4592 expertas,
1319 4523 1615 4592 inopinanti
1642 4525 1769 4579 mihi
1802 4521 1853 4581 D
1879 4535 2113 4580 vestrum
2140 4522 2262 4577 huic
2293 4522 2515 4577 liberius
2538 4537 2698 4592 quam
2720 4520 2875 4576 alteri
2901 4522 3233 4590 pendebatis.
3266 4522 3466 4577 Deinde

178 4607 315 4664 Deus
360 4612 579 4666 obtulit.
644 4611 957 4684 Recognovi
1008 4613 1150 4679 illic,
1181 4630 1285 4684 qua
1318 4615 1449 4668 satis
1474 4616 1773 4671 deleatatus

242 4817 268 4844 ⁸
302 4809 561 4871 Dictarat.
590 4809 806 4880 Opinor.
826 4808 1017 4863 Avitus
1036 4807 1253 4880 nomine
1280 4808 1632 4879 Sigismundi,
1660 4826 1764 4864 non

171 4879 343 4932 solum
376 4879 686 4949 superiores
718 4882 925 4935 litteras
964 4881 1028 4932 ad
1066 4879 1418 4942 Vitalianum,
1460 4882 1552 4933 sed
1587 4882 1770 4948 proxi-

175 4964 289 5019 mas
316 4952 483 5003 etiau‘t
516 4952 582 5003 ad
606 4950 876 5004 Celerem.
905 4950 984 5004 Ad
1024 4954 1116 5003 has
1143 4966 1270 5019 ergo
1304 4966 1352 5004 in
1383 4951 1643 5003 Graeciam
1667 4992 1680 5011 .
1711 4962 1769 5007 ut

170 5017 377 5074 Grecis
405 5023 629 5075 auribus
658 5023 1003 5089 obstrepant,
1036 5017 1271 5074 abituras
1301 5021 1518 5088 alludit,
1552 5028 1605 5075 et
1634 5021 1770 5077 Lau-

170 5091 330 5159 rentii
360 5092 531 5144 filium
566 5097 699 5157 patri
730 5093 996 5145 reddituut
1026 5091 1338 5159 gratulatur.

240 5158 268 5198 δ
302 5162 519 5215 Sidonii
553 5163 695 5225 filio,
746 5162 790 5217 si
839 5172 985 5217 recte
1016 5158 1079 5214 ad
1111 5164 1391 5229 epistolam
1430 5159 1501 5214 2:2
1530 5163 1763 5231 eonjeci-

164 5245 310 5295 mus,
334 5248 467 5285 cum
494 5233 539 5285 is
564 5233 634 5285 ab
664 5233 876 5302 Alarico
906 5248 1029 5301 rege
1056 5232 1195 5300 apud
1227 5247 1385 5302 quem
1416 5234 1624 5287 delatus
1654 5235 1769 5288 l'ue—

164 5313 268 5365 rat,
299 5303 477 5355 illzesa
508 5303 677 5370 gratia
704 5301 972 5357 rediisset.

239 5382 264 5411 ε
304 5373 467 5437 Mox,
512 5375 683 5441 appeti
716 5375 820 5426 t‘im
849 5384 922 5427 est
959 5374 1155 5441 familia
1194 5380 1388 5425 nostra.
1436 5372 1602 5426 Tanta
1653 5383 1768 5428 erat

162 5444 311 5497 Aviti
338 5443 563 5498 familia:
594 5460 716 5497 cum
752 5444 1039 5499 Siden-ana
1068 5444 1409 5509 conjunctio,
1444 5453 1499 5496 ut
1523 5444 1766 5498 eamdi-tn

163 5512 366 5573 faciat.
406 5512 750 5581 vicissimque
790 5515 1004 5567 nomina
1051 5512 1334 5567 transferat
1364 5523 1417 5566 et
1446 5526 1762 5569 commutet.

157 5584 269 5637 Cor
300 5598 448 5651 ergo
473 5584 753 5638 Sidonium
787 5597 990 5652 patrem
1020 5601 1176 5638 suum
1205 5583 1349 5635 dicat
1370 5587 1582 5648 Avitus,
1613 5599 1770 5649 aper-

159 5663 276 5706 tum
330 5663 461 5720 est,
508 5653 629 5723 quia
675 5654 721 5708 is
766 5665 916 5721 pater
955 5654 1053 5708 fuit
1095 5653 1439 5723 Apollinaris.
1469 5654 1767 5709 Archadius

161 5737 297 5781 vero
349 5739 521 5794 quem
564 5725 860 5795 Apollinari
888 5735 1091 5797 patrem
1139 5726 1374 5793 attingit,
1414 5725 1531 5793 quis
1574 5723 1763 5791 fuerit,

1883 4614 2025 4685 quod
2054 4613 2278 4685 agnovi,
2315 4626 2412 4668 vos
2450 4612 2670 4683 aliquod
2701 4614 2898 4668 bonum
2927 4613 2996 4668 de
3018 4624 3213 4668 conatu
3245 4614 3465 4669 fraterni

1873 4817 1966 4863 aut
1995 4823 2116 4879 quae
2137 4803 2407 4879 oblaquia
2453 4822 2645 4877 passus
2691 4808 2790 4872 sit,
2823 4808 3170 4877 quaerendum
3201 4819 3305 4865 εει.
3334 4809 3465 4869 Nam

1873 4881 1942 4934 de
1962 4877 2186 4948 Sidonio
2217 4894 2283 4933 ex
2309 4877 2429 4948 ejus
2452 4882 2556 4933 vita
2586 4891 2638 4932 et
2668 4882 2910 4947 epistolis
2938 4890 3101 4948 patet.

1946 4947 1972 4986 ἀ
2005 4950 2275 5004 Plaettisse
2318 4947 2617 5017 Apollinari
2672 4947 2976 5016 poematum
3025 4966 3244 5004 suorum
3296 4952 3467 5009 libros

1873 5021 2108 5090 gaudet,
2142 5023 2208 5073 de
2236 5022 2427 5089 quibus
2460 5021 2666 5091 trepide
2706 5022 2756 5074 in
2801 5023 3025 5088 epistola
3059 5024 3127 5076 55
3159 5022 3300 5074 illius
3321 5023 3465 5091 judi-

1873 5094 2014 5145 cium
2047 5093 2417 5157 exspeczahat.
2452 5090 2560 5145 Nec
2600 5094 2868 5145 immerito
2904 5111 2915 5145 :
2948 5093 3167 5145 Sidonio
3194 5090 3337 5146 enim
3375 5110 3465 5159 pa-

1878 5172 1957 5216 Ire
1988 5178 2092 5215 non
2144 5160 2396 5231 indignus
2426 5162 2597 5228 filius,
2642 5164 2705 5215 ad
2758 5178 2914 5232 quem
2942 5163 3186 5216 si-rihens
3214 5164 3464 5218 Ruricius

1875 5232 1970 5287 lib.
2001 5248 2066 5299 tt,
2101 5244 2258 5301 epist.
2293 5234 2391 5295 25,
2426 5233 2586 5300 Cujus
2622 5250 2740 5297 vos,
2775 5235 2976 5301 inquit,
3022 5249 3126 5286 esse
3174 5233 3310 5299 ﬁlios
3359 5252 3461 5288 non

1872 5306 2040 5356 solum
2068 5304 2406 5375 generositate
2434 5307 2719 5375 prosapiae,
2760 5320 2931 5355 verum
2957 5304 3110 5356 etiam
3143 5315 3189 5355 et
3223 5306 3462 5371 eloquen-

1874 5376 1957 5427 tia:
2002 5375 2161 5443 ﬂore,
2211 5385 2257 5444 et
2301 5375 2440 5426 omni
2485 5374 2727 5426 virtutum
2771 5388 2953 5443 genere
3002 5378 3361 5444 comprobatis.
3399 5376 3463 5428 Et

1875 5453 1992 5512 post
2040 5444 2139 5498 alia
2176 5461 2188 5495 :
2227 5443 2385 5509 Quem
2437 5444 2483 5495 si
2532 5445 2705 5496 divina
2747 5444 3007 5496 clementia
3057 5443 3215 5505 usque
3260 5447 3326 5495 ad
3368 5444 3464 5496 hoc

1873 5522 2071 5579 tempus
2100 5529 2363 5581 superesse
2406 5514 2676 5576 voluisset,
2719 5514 2851 5566 sicut
2887 5518 3001 5582 jam
3045 5524 3151 5568 tum
3192 5513 3256 5565 de
3297 5522 3463 5566 vestra

1871 5582 2157 5637 imitatione
2179 5586 2471 5647 leuabatur,
2502 5584 2574 5636 ita
2601 5599 2732 5636 nunc
2758 5585 2820 5637 de
2849 5587 3156 5652 perfectione
3177 5582 3420 5651 gauderet
3442 5599 3462 5646 ς

1873 5670 1987 5706 cum
2013 5669 2155 5719 spem
2179 5655 2247 5705 tul
2275 5670 2380 5708 rem
2411 5666 2631 5707 cerneret
2658 5655 2958 5717 pervenisse,
2990 5670 3077 5706 nec
3102 5654 3193 5707 sibi
3216 5652 3466 5707 inutderet

1872 5723 2137 5793 wqualem,
2169 5739 2318 5793 quem
2346 5734 2607 5794 optaverat
2628 5740 2735 5779 esse
2766 5722 3042 5779 meliorem.
