4046 6170
541 269 650 323 263

1815 260 1874 315 S.
1917 259 2106 318 AVITI
2146 260 2550 317 VIENNENSIS

3693 262 3797 317 $64

543 379 721 447 cperEs
751 391 854 431 non
882 376 1061 430 minus
1087 374 1225 432 velle
1257 389 1416 445 quam
1439 372 1661 428 credere
1693 389 1706 425 :
1738 383 1885 426 certe
1911 373 2118 427 meritis
2140 377 2195 436 Α
2223 385 2276 428 et
2312 375 2611 444 linguarum
2655 371 2979 427 mordacium
3007 371 3147 427 dolis
3181 373 3523 430 sibilantibus
3544 415 3560 440 ,
3589 374 3797 430 blandi-

544 467 795 523 dictionis
839 482 943 520 non
987 475 1242 534 quantum
1273 463 1534 518 volebatis
1582 463 1841 525 inventis,
1871 462 2119 530 supplere

542 574 637 613 vos
667 567 790 611 voto
819 559 960 627 quod
993 572 1096 611 non
1125 559 1386 624 poteratis
1430 554 1653 622 implere
1687 552 1911 621 judicio.
1946 552 2120 606 Libel-

544 650 652 704 lum
685 661 860 703 tamen
908 649 1140 709 amicus.
1191 647 1280 715 qui
1322 655 1379 699 ttt
1422 657 1548 714 puto
1590 646 1657 698 ad
1688 659 1786 698 vos
1834 643 2118 713 pervenire

543 742 700 806 fecit,
734 755 836 793 non
869 739 934 792 de
976 738 1213 806 librarii,
1255 739 1348 791 sed
1380 739 1555 791 adhuc
1581 752 1643 790 ex
1674 737 1864 790 notarii
1918 751 2113 800 manu,

541 832 675 885 adeo
717 830 845 883 mihi
899 830 1292 884 inemendatum
1335 828 1664 895 crudumque
1711 827 2020 894 praeripuit,
2063 835 2119 879 ut

541 935 648 974 non
679 919 833 973 facile
862 919 1114 981 denotes,
1143 919 1375 971 auctoris
1404 917 1570 984 magis
1611 913 1954 983 scriptorisve
1977 915 2117 968 vitiis

543 1010 812 1063 irascaris.
843 1010 1179 1077 Quapropter
1208 1008 1520 1075 opusculum
1564 1007 1736 1073 ipsum
1769 1006 1822 1058 in
1851 1005 2118 1058 membra-

545 1104 628 1157 nis
660 1102 952 1166 redactum,
987 1115 1085 1154 nec
1111 1099 1284 1151 adhuc
1305 1109 1497 1166 quanta
1521 1097 1796 1150 volueram
1828 1098 2118 1150 correctio—

542 1208 611 1247 ne
645 1192 883 1259 politum,
902 1207 967 1244 ne
997 1206 1198 1243 moram
1240 1189 1507 1243 desiderio
1537 1204 1656 1242 meo
1687 1187 1943 1250 facerem,
1973 1187 2113 1242 cele-

543 1284 677 1337 riter
707 1282 994 1335 destinavi.
1025 1279 1082 1334 Si
1115 1293 1305 1332 revera
1332 1295 1437 1332 non
1467 1277 1640 1330 solum
1670 1278 1988 1340 amantibus,
2020 1276 2113 1330 sed

541 1383 597 1428 et
621 1372 981 1442 iudicantibus
1010 1369 1159 1423 vobis
1182 1370 1375 1438 placet,
1402 1369 1651 1436 quoniam
1675 1365 1814 1434 apud
1832 1375 2116 1422 extraneos

544 1465 680 1516 forte
699 1478 804 1515 non
836 1461 1005 1514 deerit
1025 1473 1181 1528 quem
1207 1458 1421 1511 audacis
1445 1466 1666 1510 conatus
1690 1464 1868 1523 tangat
1892 1455 2112 1523 invidia,

543 1554 757 1608 abunde
806 1553 938 1606 mihi
987 1552 1210 1614 sufficit,
1255 1560 1314 1604 ut
1359 1564 1455 1603 vos
1484 1550 1622 1619 quod
1652 1552 1810 1617 cupio
1837 1549 2110 1615 sentiatis,

542 1646 662 1710 quia
695 1646 833 1696 sicut
873 1657 977 1696 non
1024 1643 1200 1695 minus
1245 1639 1310 1694 ad
1353 1654 1528 1693 meam
1554 1653 1710 1707 quam
1742 1647 1972 1692 vestram
2003 1641 2115 1708 glo-

2224 473 2402 519 menta
2435 478 2743 533 venenaque
2772 463 3217 527 machinantibus,
3251 463 3459 518 doctius
3492 477 3611 533 p05t
3637 481 3797 535 expts

2223 557 2452 611 rimenta
2483 573 2588 610 non
2619 556 2846 612 credite.
2894 555 3001 610 Nec
3033 557 3208 610 minus
3244 571 3339 610 vos
3378 559 3591 611 solertia
3643 561 3798 616 faciat

2222 655 2442 712 cautos,
2475 655 2634 716 quam
2683 648 2983 701 innocentia
3015 659 3229 715 praestat
3253 661 3490 702 securos.
3523 650 3796 718 Siquidem

2221 738 2514 794 intercluso
2564 737 2748 805 probis
2788 739 3097 806 explorandi
3143 739 3476 808 nocendique
3505 742 3676 805 aditu,
3714 747 3793 797 vel

2221 829 2290 884 ob
2329 830 2428 883 hoc
2453 831 2657 898 gratius
2685 829 2892 883 debetis
2929 829 3255 884 debellandis
3295 846 3480 885 eorum
3516 833 3794 888 conatibus

2223 919 2470 974 laborare
2491 963 2504 984 ,
2535 919 2676 989 quod
2707 919 2962 973 ultionem
2994 920 3174 973 divino
3194 919 3395 988 judicio
3421 935 3789 990 reservantes,

2219 1008 2499 1064 debellatis
2547 1024 2764 1077 semper
2811 1009 3070 1063 Statuistis
3109 1009 3403 1080 ignoscere.
3441 1012 3786 1082 Quanquam,

2221 1109 2278 1152 ut
2332 1113 2493 1168 supra
2544 1099 2653 1167 jam
2711 1099 2882 1152 fassus
2919 1115 3069 1168 sum,
3110 1115 3217 1154 non
3251 1117 3316 1155 ex
3360 1111 3468 1157 toto
3502 1103 3790 1173 impunitus

2218 1191 2378 1246 abeat
2405 1204 2562 1260 quem
2594 1191 2762 1260 gloria
2793 1191 3100 1246 lacessistis.

2715 1282 3046 1337 EPISTULA
3083 1283 3289 1338 XLVII.

2315 1390 2504 1430 Ανιτιῐε
2551 1390 2853 1429 νιεΝΝεΝδιε
2898 1391 3171 1432 EPISCOPUS
3210 1376 3237 1414 1³
3277 1392 3401 1431 νιιιο
3448 1394 3691 1434 ιιιοετιυ

2874 1461 3152 1500 ΠειιΑειιο.

2290 1555 2424 1610 Dum
2451 1556 2784 1611 incessabilis
2814 1555 2882 1610 de
2911 1557 3203 1611 amicorum
3228 1557 3330 1612 fide
3375 1573 3436 1613 ac
3464 1560 3633 1615 salute
3662 1577 3786 1617 cura

2218 1647 2348 1701 mihi
2400 1657 2509 1712 est,
2557 1663 2724 1714 nuper
2767 1649 3139 1716 prosperitatis
3182 1660 3375 1702 vestrae
3423 1650 3563 1703 inter
3616 1657 3788 1719 prima

540 1736 675 1787 riam
711 1732 968 1800 pervenit,
1011 1731 1307 1784 communis
1345 1729 1495 1783 Sollii
1534 1743 1668 1796 Opus
1697 1728 1963 1781 illustrare
1996 1745 2009 1779 ε
2044 1729 2113 1782 ita
2146 1743 2191 1801 Β
2219 1739 2479 1793 sollicitus
2509 1739 2722 1807 agnovi,
2778 1741 2919 1807 quod
2951 1754 3072 1794 cum
3119 1739 3362 1794 familiari
3391 1744 3648 1798 catholico
3676 1746 3789 1810 cpi.

541 1825 691 1877 vobis
711 1865 725 1889 ,
759 1826 967 1876 favente
995 1820 1229 1886 Christo,
1256 1819 1474 1872 militari
1497 1828 1620 1871 actu
1647 1816 1815 1884 magis
1844 1817 2117 1884 magisque

541 1914 888 1980 florentibus,
920 1912 964 1965 si
997 1913 1047 1964 in
1087 1911 1321 1964 minimis
1363 1910 1611 1963 subtilius
1655 1908 1851 1972 aliquid
1897 1907 2114 1976 dignum

540 2010 769 2060 lectione
809 2002 1136 2061 confecerit,
1169 2001 1328 2054 etiam
1373 2002 1491 2054 sine
1523 2013 1608 2052 tne
1638 1989 1990 2067 quodcunque
2019 2001 2117 2050 Ar-

539 2098 785 2152 chadium
809 2111 914 2148 non
949 2095 1194 2163 puderet.

1049 2181 1381 2236 EPISTULA
1423 2178 1604 2233 X‘L‘v’l.

654 2295 766 2334 Ανιι
782 2292 840 2332 US
878 2289 1180 2330 VIENNENSIS
1219 2287 1490 2326 EPISCOI’US
1528 2281 1553 2306 ⁸
1599 2283 1720 2324 νιιιο
1768 2282 2007 2322 ιιιυετιιι

1170 2357 1502 2396 APOLLINARI.

614 2459 894 2513 Communi
935 2455 1151 2525 quidem
1191 2453 1286 2507 sed
1333 2452 1506 2506 veraci
1552 2465 1798 2505 sermone
1844 2451 2114 2518 vulgatum

539 2563 652 2613 est,
687 2551 826 2616 quod
864 2561 983 2602 sese
1007 2555 1202 2599 mutate
1231 2543 1530 2597 dilectionis
1559 2543 1750 2596 intuitu
1783 2542 2114 2595 concordan-

545 2642 673 2694 tium
705 2649 932 2694 cernunt
961 2649 1135 2690 mutus
1172 2635 1491 2687 animorum.
1530 2635 1678 2688 l’atet
1709 2648 1937 2701 namque
1960 2673 1974 2696 ,
2007 2644 2112 2685 tam

541 2749 698 2789 unam
745 2731 895 2785 nobis
938 2727 1350 2782 sollicitudinem
1400 2726 1568 2779 nostri
1609 2740 1764 2792 esse,
1820 2736 1875 2777 ut
1926 2725 2113 2778 litteris

539 2843 670 2896 quas
703 2830 886 2876 harum
917 2821 1140 2891 portitor
1169 2818 1309 2871 filius
1343 2831 1493 2870 meus
1517 2816 1722 2880 attulit,
1754 2822 1879 2869 ante
1907 2816 1950 2867 si
1980 2815 2113 2868 bene

541 2918 837 2975 nietiamiui
867 2913 1278 2983 responderem,
1310 2926 1467 2980 quam
1498 2909 1761 2963 venirent.
1794 2909 1921 2960 Nam
1949 2908 1998 2960 in
2023 2922 2114 2975 pa-

449 3051 466 3064 .
539 3011 659 3082 gina
692 3009 969 3062 famulatus
999 3020 1154 3072 quam
1187 3017 1279 3071 per
1305 3016 1454 3056 meos
1482 3015 1552 3055 ex
1581 3014 1738 3053 causa
1770 2998 2071 3052 direxerant
2093 3037 2109 3063 ,

2217 1842 2411 1897 scopus
2441 1838 2616 1882 tacere
2643 1843 2748 1880 non
2772 1827 2995 1882 debeam
3025 1843 3039 1880 :
3074 1827 3300 1882 fructum
3335 1840 3508 1884 tamen
3555 1834 3605 1884 in
3637 1833 3790 1885 vobis

2217 1920 2484 1975 mercedis
2521 1919 2700 1973 taliter
2744 1919 3054 1987 acquisita,
3107 1935 3211 1973 non
3265 1930 3368 1972 tam
3415 1923 3592 1976 verbis
3639 1925 3788 1978 valeo

2216 2024 2538 2078 exaggerare
2568 2025 2724 2076 quam
2753 2009 2977 2078 gaudiis.
3008 2009 3137 2063 Nam
3168 2011 3267 2063 nisi
3302 2026 3395 2064 vos
3443 2027 3471 2064 a
3520 2016 3783 2079 praeconio

2222 2109 2401 2154 vestro
2433 2100 2736 2154 maturitate
2785 2100 3054 2153 senatoria
3103 2101 3529 2168 temperatissimi
3574 2103 3782 2167 pudoris

2216 2189 2364 2244 frena
2394 2190 2726 2252 cohiberent,
2772 2189 3015 2244 effectum
3062 2189 3368 2244 certaminis
3415 2190 3785 2258 gloriosissimi

2218 2280 2436 2334 forsitan
2470 2281 2644 2349 lingua
2693 2279 2852 2348 digne
2899 2280 3142 2336 laudaret
3186 2280 3323 2348 apud
3371 2284 3631 2349 proprios,
3671 2299 3789 2350 qua:

2217 2372 2537 2428 mirabiliter
2582 2371 2849 2426 convincit
2896 2371 3170 2426 adversos.
3216 2372 3482 2427 llabuistis
3525 2374 3703 2442 igitur,
3733 2386 3788 2428 ut

2215 2461 2397 2527 audio,
2431 2476 2552 2516 cum
2580 2476 2708 2530 rege
2754 2469 3060 2526 tractatum,
3093 2460 3160 2514 de
3199 2476 3325 2530 quo,
3357 2471 3609 2530 quantum
3641 2479 3787 2517 com-

2216 2552 2352 2620 peri,
2376 2553 2496 2620 quia
2520 2567 2625 2605 non
2652 2567 2709 2606 se
2729 2552 2992 2606 ducebant
3016 2551 3246 2618 lenibus,
3273 2553 3537 2606 transistis
3564 2552 3628 2605 ad
3656 2569 3789 2619 pr.»

2217 2645 2364 2699 lium.
2397 2644 2675 2698 Discussus
2720 2651 2800 2697 est
2834 2654 2963 2697 nutu
2994 2642 3202 2705 divino,
3254 2644 3342 2711 qui
3387 2644 3537 2697 caelis
3580 2644 3787 2696 dudum

2216 2743 2396 2796 notus,
2425 2735 2535 2802 jam
2569 2744 2622 2786 et
2657 2732 2958 2786 hominibus
3001 2741 3280 2800 appareret
3311 2732 3573 2802 religionis
3609 2747 3789 2786 asser-

2219 2839 2322 2883 tor.
2357 2829 2428 2882 Os
2475 2829 2747 2882 Sa'mtlaris
2791 2827 3104 2895 eloquentia:
3157 2827 3363 2895 pompis
3412 2836 3701 2889 assuetum,
3739 2836 3790 2882 et

2217 2923 2428 2978 fluentis
2459 2921 2852 2976 exundantibus
2879 2920 3151 2975 Romulea:
3175 2918 3546 2988 profunditatis
3569 2919 3787 2986 irriguo,

2216 3015 2491 3070 alacritate
2520 3013 2698 3072 debita
2729 3012 2945 3066 missam
2989 3011 3090 3066 sibi
3121 3011 3190 3066 de
3219 3012 3463 3078 supernis
3508 3010 3787 3064 materiam

538 3111 594 3157 et
621 3100 866 3170 gaudium
910 3100 978 3152 de
1017 3105 1196 3150 vestra
1237 3094 1592 3163 prosperitate
1631 3099 1948 3160 conceptum
1991 3089 2110 3158 plus

2217 3107 2390 3174 digna:
2418 3104 2793 3173 disputationis
2823 3103 3046 3170 arripuit
3075 3120 3086 3154 :
3121 3112 3174 3156 et
3205 3101 3500 3156 facundiam
3528 3116 3645 3168 quae
3666 3116 3789 3154 cum

537 3192 906 3248 affectionibus
934 3203 1094 3259 quam
1120 3186 1456 3241 sermonibus
1485 3185 1727 3239 exhalavi
1745 3224 1758 3249 ,
1798 3192 1853 3237 et
1881 3181 2112 3237 net-essi-

539 3296 700 3339 tatem
733 3293 969 3336 nostram
993 3287 1309 3348 patrumque
1329 3275 1716 3337 communium,
1749 3273 1913 3327 mixta
1942 3274 2110 3341 laery-

539 3377 641 3428 niis
669 3371 1027 3427 exsultatione
1068 3368 1377 3437 perstrinxi.
1424 3366 1498 3418 De
1537 3375 1732 3419 ca-tcro
1769 3374 1947 3417 autem
1971 3405 1985 3428 ,
2019 3364 2114 3416 tri-

539 3466 665 3519 buat
704 3465 881 3517 divina
917 3459 1224 3522 miseratio,
1256 3472 1374 3526 qua:
1409 3470 1556 3524 Spem
1589 3455 1899 3522 reparandae
1932 3467 2112 3522 prosa-

539 3559 638 3627 piae
680 3558 733 3610 in
775 3567 1019 3623 persona:
1061 3562 1252 3604 vesrrae
1294 3549 1497 3600 honore
1532 3545 1849 3608 constituit,
1881 3553 1934 3597 et
1957 3557 2111 3597 secu-

541 3661 674 3705 tura:
705 3645 1034 3717 posteritatis
1072 3649 1269 3697 nostrae
1319 3651 1370 3693 te
1406 3655 1510 3692 uno
1549 3638 1789 3706 genitore
1817 3638 1975 3691 e.iam
2015 3649 2113 3689 nos

539 3753 719 3810 patres
746 3752 868 3793 esse
908 3735 1205 3800 COIIClSSII,
1261 3742 1317 3786 ut
1363 3731 1581 3785 calcatis
1626 3728 1842 3797 iugiter,
1894 3741 2112 3796 prospe-

539 3839 692 3887 rante
721 3843 1008 3891 successu,
1062 3826 1397 3879 inimicorum
1449 3823 1817 3889 eoi-juratione
1855 3829 1908 3873 et
1955 3821 2114 3887 perli-

540 3925 727 3978 dorutn
772 3920 969 3982 livore,
1018 3917 1220 3986 primus
1259 3913 1496 3968 victorias
1546 3923 1735 3966 vestra:
1777 3912 1971 3981 gradus
2013 3912 2107 3977 sit,

541 4013 901 4081 integritatem
930 4010 981 4062 in
1007 4010 1334 4062 conserentur
1371 4019 1660 4072 reponere,
1695 4001 1960 4056 secundus
1990 4015 2110 4054 cum

543 4101 827 4158 distutitur
858 4100 909 4152 in
955 4098 1228 4150 audientia
1256 4095 1641 4163 comprobare,
1697 4094 1883 4146 tertius
1935 4092 2111 4146 crimi-

543 4193 794 4248 nantibus
853 4199 971 4259 post
1024 4189 1340 4250 sententiain
1394 4186 1720 4254 pepercisse.
1778 4185 2112 4252 Torqueatur

542 4287 751 4339 animus
781 4284 942 4338 etiam
984 4295 1077 4350 pro
1105 4279 1430 4348 indulgentia
1462 4277 1562 4331 sibi
1591 4280 1785 4332 collata
1818 4278 1983 4332 hostis
2012 4292 2111 4346 op-

543 4377 752 4445 pressi,
795 4383 847 4426 et
886 4371 1085 4439 duplii-i
1118 4379 1300 4423 nostro
1330 4369 1503 4434 bono,
1539 4369 1798 4436 supplicio
1826 4384 1954 4432 suo,
1985 4385 2107 4424 cum

2218 3195 2475 3255 interfuit.
2502 3205 2586 3247 aut
2619 3193 2954 3247 describendi
2999 3191 3179 3246 mundi
3221 3191 3665 3259 iucunditatibus,
3698 3199 3790 3244 aut

2215 3288 2470 3356 regalium
2501 3286 2889 3352 triumphorum
2914 3285 3195 3354 praeconiis
3220 3282 3670 3351 patrocinabatur,
3696 3281 3788 3334 ubi

2215 3380 2442 3446 primum
2491 3374 2681 3429 melior
2725 3387 2846 3442 pars
2896 3373 3184 3442 poposcit,
3233 3370 3531 3424 astruendm
3580 3372 3790 3423 veritati

2214 3468 2417 3522 servire
2448 3482 2551 3518 non
2577 3465 2777 3533 puduit.
2803 3463 2983 3532 Itaque
3008 3464 3144 3516 sicut
3169 3462 3298 3514 alias
3324 3460 3581 3513 laudando
3605 3474 3788 3527 regem

2217 3556 2524 3612 reddidistis
2555 3555 2748 3609 Cinsari
2772 3554 2913 3622 quod
2944 3551 3170 3606 Caesaris
3196 3561 3328 3613 erat,
3358 3551 3426 3603 ita
3460 3550 3544 3605 hic
3583 3558 3638 3602 ut
3662 3550 3792 3602 red-

2215 3649 2416 3702 deretis
2450 3647 2557 3699 Deo
2587 3659 2703 3712 quae
2749 3643 2836 3697 Dei
2880 3651 3022 3706 sunt,
3072 3654 3170 3694 nec
3213 3640 3406 3694 Cresari
3452 3638 3790 3708 peperi-istis.

2213 3738 2550 3806 Quapropicr
2588 3736 2745 3789 habet
2793 3732 2878 3788 hic
2928 3733 2977 3786 in
3027 3732 3202 3796 vobis,
3249 3731 3347 3784 etsi
3379 3745 3482 3783 non
3528 3729 3791 3796 sequitur,

2215 3841 2453 3902 potestas
2502 3831 2642 3898 regia
2693 3827 2832 3896 quod
2881 3826 3122 3887 miretur,
3151 3838 3268 3893 quze
3307 3838 3366 3877 se
3397 3822 3675 3890 aliquoties
3698 3821 3793 3873 de-

2215 3923 2567 3979 clamantibus
2600 3923 2771 3983 vobis,
2805 3934 2947 3972 nunc
2986 3917 3287 3984 evidentius
3335 3914 3495 3968 sentit
3523 3920 3791 3967 ornatam.

2213 4014 2489 4085 Siquidem
2521 4013 2731 4066 nescire
2774 4026 2868 4063 vos
2899 4007 3276 4064 assentationis
3311 4005 3634 4065 illecebram,
3667 4017 3792 4054 cum

2213 4121 2301 4162 res
2341 4106 2658 4170 admonuit,
2699 4103 2858 4157 etiam
2904 4100 3205 4155 resistendo
3254 4097 3609 4152 moustra~tis.
3664 4094 3796 4146 Illos

2212 4200 2371 4267 igitur
2395 4197 2616 4251 denotet
2645 4193 2905 4261 sapientia
2951 4200 3297 4262 potestatum,
3348 4188 3503 4242 facile
3542 4187 3743 4239 human
3771 4199 3798 4237 s

2214 4289 2371 4343 fidem
2427 4301 2583 4356 po~se
2632 4299 2860 4347 mutare,
2909 4297 3041 4351 quos
3090 4280 3284 4334 divinis
3352 4277 3533 4331 vident
3578 4285 3796 4328 terrena

2215 4393 2545 4447 praeponere.
2575 4375 2837 4428 Caeterum
2861 4373 3106 4436 cognosci
3139 4373 3189 4424 in
3216 4377 3460 4436 promptu
3479 4375 3580 4432 est,
3604 4376 3791 4419 casm-

543 4481 637 4520 vos
662 4463 923 4534 gemuerit
961 4476 1066 4514 non
1103 4474 1261 4527 posse
1287 4458 1494 4528 decipi,
1526 4459 1704 4512 doleat
1745 4475 1901 4528 posse
1951 4462 2111 4515 mise-

2217 4471 2335 4524 dem
2367 4471 2651 4537 primarum
2679 4468 2906 4534 partium
2937 4464 3096 4518 etiam
3128 4477 3246 4529 qua:
3284 4469 3406 4513 sunt
3434 4457 3644 4512 residua
3671 4471 3794 4510 ser-

543 4561 672 4616 reri.
704 4560 791 4613 Sic
821 4552 1064 4624 potestati
1094 4561 1284 4606 vestra:
1311 4552 1376 4604 ad
1407 4551 1508 4604 hoc
1538 4560 1738 4604 tantum
1765 4551 2001 4606 redditus
2041 4568 2108 4606 ne

544 4652 770 4721 periret,
800 4648 925 4700 dum
955 4643 1144 4698 oblata:
1185 4643 1325 4697 ultro
1369 4644 1536 4696 VCDIEB
1584 4658 1797 4698 amarus
1845 4645 2124 4716 irascitur,_

544 4745 666 4799 vitae
691 4736 1082 4811 quodammodo
1112 4749 1222 4789 sua:
1251 4733 1493 4788 invidere
1519 4744 1757 4804 cogatur.
1788 4737 1863 4790 De
1883 4737 2106 4804 reliquo,

546 4836 760 4889 domine
791 4845 1002 4898 semper
1031 4827 1270 4898 piissime
1310 4825 1491 4889 frater,
1539 4840 1666 4879 cura
1712 4829 1940 4894 pectoris
1978 4829 2110 4892 mei,

547 4942 738 4994 pompa
760 4924 974 4994 generis
1006 4922 1104 4989 tui,
1135 4918 1216 4974 fer
1248 4917 1512 4987 paulisper
1539 4919 1892 4986 trepidantem
1925 4917 2116 4973 frater-

544 5036 629 5078 na:
667 5014 1046 5072 admonitionis
1074 5011 1346 5077 ineptiam.
1376 5006 1573 5062 Cavete
1615 5016 1818 5062 attente
1857 5022 1886 5060 a
1925 5009 2110 5076 malis,

617 5181 643 5209 ι
675 5169 859 5224 Eidem
883 5162 1084 5219 Sidonii
1117 5159 1243 5227 filio,
1268 5158 1333 5212 de
1358 5173 1416 5211 re
1437 5156 1658 5227 eadem,
1683 5155 1733 5208 id
1765 5163 1866 5221 est,
1898 5154 1963 5209 de
1996 5170 2118 5222 pro-

547 5258 704 5312 spero
735 5241 874 5292 exitu
904 5226 1396 5295 discriminisquod
1436 5228 1572 5306 apud
1618 5226 1894 5312 Alaricum.
1933 5239 2107 5312 regem

546 5296 747 5368 adierat
777 5324 791 5360 :
826 5315 1108 5370 monetque
1151 5314 1338 5366 porro,
1381 5309 1438 5370 ut
1482 5296 1815 5370 inimicorum
1866 5296 2017 5370 dolos
2060 5304 2114 5347 et

549 5365 765 5439 in~idias
789 5377 898 5446 jam
929 5365 1208 5440 expertus,
1251 5384 1341 5423 eas
1370 5369 1672 5436 diligentius
1709 5373 1896 5420 Caveat
1922 5365 1977 5418 in
2004 5379 2114 5431 po-

579 5465 771 5508 terum.

546 5471 947 5574 suibrusuenatori,
981 5525 1084 5562 non
1116 5508 1165 5562 in
1198 5507 1364 5571 Italia,
1393 5507 1474 5559 vel
1508 5508 1557 5559 in
1591 5505 1815 5569 Graecia,
1863 5512 1921 5556 ut
1950 5502 2109 5572 pleri-

546 5607 650 5663 que
672 5586 1021 5663 superiorum,
1047 5579 1136 5663 sed
1171 5579 1219 5629 in
1248 5575 1440 5654 Gallia,
1484 5586 1538 5628 ct
1571 5579 1620 5628 in
1651 5579 1766 5627 aula
1801 5577 1938 5663 regis
1973 5577 2114 5652 ,κητ-

542 5644 894 5726 gaudio-tium,
928 5649 1088 5707 nubili
1120 5650 1336 5711 oratori,
1363 5651 1443 5699 cui
1469 5662 1564 5713 pro
1590 5655 1831 5712 suscepta
1866 5644 1984 5696 litlei
2023 5658 2111 5696 ca-

2218 4571 2485 4614 vaturum.
2513 4559 2633 4611 llazc
2657 4558 2813 4624 igitur
2834 4554 2969 4608 dicta
2990 4563 3115 4608 sunt
3137 4567 3257 4606 cum
3285 4552 3351 4605 de
3378 4547 3614 4604 :znculari
3640 4556 3798 4616 parte

2217 4657 2528 4702 tractamus.
2568 4645 2623 4699 Si
2655 4660 2780 4699 vero
2825 4643 2893 4697 ad
2932 4641 3268 4696 sacerdotum
3309 4653 3523 4694 causam
3554 4635 3796 4701 venitur,

2217 4751 2442 4806 quorum
2472 4735 2643 4789 adhuc
2673 4750 2779 4787 non
2809 4731 3012 4802 augetis
3050 4731 3309 4796 scholam,
3335 4729 3606 4783 sustinetis
3643 4726 3798 4795 inju-

2218 4829 2372 4893 riam,
2406 4837 2564 4894 atque
2604 4826 2894 4880 ornandam
2917 4824 3263 4879 contubernio
3295 4823 3442 4892 prius
3489 4821 3802 4874 informatis

2219 4918 2497 4986 exemplo;
2530 4915 2651 4986 quis
2681 4916 2869 4970 horum
2893 4931 3010 4980 vos,
3042 4916 3180 4984 quis,
3205 4915 3438 4982 inquam,
3463 4911 3692 4980 nesciat,
3724 4911 3798 4963 ad

2218 5019 2488 5063 certamen
2521 5006 2678 5074 hujus
2724 5004 2978 5075 spiritalis
3028 5009 3307 5073 patrestrm,
3348 5016 3454 5056 non
3500 5000 3664 5055 rudes
3701 5009 3805 5055 aut

2223 5154 2435 5208 tholicte
2463 5169 2644 5206 coram
2695 5150 3020 5205 Gundobado
3050 5149 3378 5213 defensione,
3427 5149 3802 5218 episcopalem

2221 5225 2529 5277 cathedram
2559 5225 2890 5274 vaticinatur.
2915 5221 3064 5286 Quod
3089 5223 3132 5272 si
3159 5236 3350 5271 vanum
3378 5234 3659 5282 augurium
3685 5235 3807 5272 non

2218 5295 2339 5357 fuit,
2368 5294 2667 5347 lleraclium
2703 5293 2840 5343 hunc
2862 5306 3051 5357 opinor
3081 5289 3385 5357 episcopum
3422 5291 3565 5340 illum
3596 5289 3807 5342 Trica-

2217 5366 2530 5422 SIiuensem,
2557 5363 2708 5429 cujus
2739 5375 2930 5414 nomen
2957 5360 3008 5412 in
3039 5360 3281 5412 c0nciliis
3310 5361 3507 5426 aliquot
3538 5359 3814 5411 subnota-

2218 5443 2327 5486 tum
2353 5428 2640 5496 cernimus,
2689 5443 2744 5482 ut
2791 5431 2842 5483 in
2889 5430 3352 5493 Carpentoratensi
3404 5441 3455 5482 et
3491 5428 3542 5480 in
3576 5432 3815 5482 Arausi-

2217 5518 2370 5566 cano,
2397 5513 2448 5554 et
2470 5499 2692 5554 Vasensi
2718 5515 2772 5560 ll,
2801 5515 2863 5552 ac
2883 5499 3112 5566 denique
3135 5501 3185 5551 in
3212 5514 3264 5551 iv
3287 5499 3688 5553 Aurelianensi.
3719 5501 3813 5554 Ad

2218 5572 2464 5625 eumdem
2507 5575 2700 5637 scripta
2754 5571 2880 5625 item
2926 5568 3151 5638 epistola
3191 5569 3278 5636 86,
3329 5569 3412 5622 cui
3452 5568 3668 5623 subdita
3719 5580 3817 5628 est

2219 5643 2384 5707 ipsius
2415 5657 2451 5692 rt
2473 5642 2710 5706 sponsio.
