4046 6170
258 325 361 377 965

1585 321 1908 378 EPISTULA
1953 319 2135 374 XLIX.

3423 322 3526 380 266

258 434 470 501 ignaros
498 430 652 500 legis,
676 432 771 486 sed
800 433 897 487 sub
923 432 1082 501 longe
1098 430 1407 485 salutarium
1432 431 1837 485 meditationum
1867 432 1919 493 Α
1947 443 2187 496 vacuam,
2222 428 2388 483 veteri
2418 428 2742 497 oblitterata,
2788 444 2905 499 quae
2936 432 3006 486 ita
3037 444 3097 487 se
3145 431 3527 493 circumductis

255 524 534 593 gymnasio
564 525 916 592 pervenisse?
942 525 1203 590 Quocirca
1240 538 1435 578 novum
1462 524 1533 578 sit
1571 523 1708 587 aliis,
1741 538 1839 579 vos

258 611 630 667 necessitatem
648 613 775 668 belli
800 611 957 683 hujus
983 628 1011 665 a
1040 613 1371 682 perfectione
1398 613 1609 667 virtutis
1635 613 1798 667 ordiri
1822 630 1836 678 ;

255 718 352 773 ego
395 715 577 757 autem
625 703 680 757 in
710 703 866 771 cujus
912 702 1091 757 animo
1126 704 1366 758 caritatis
1410 717 1590 758 arcem
1621 703 1835 769 tenetis,

253 794 359 864 jam
389 793 592 847 dudum
646 793 1021 849 incunctanter
1049 808 1398 863 agnoverant,
1431 796 1497 848 ad
1543 792 1838 848 catholicos

256 902 449 942 sensus
479 887 769 941 intuendos
799 901 893 955 per
920 886 1177 950 studium,
1211 886 1542 955 tuendosque
1582 899 1677 953 per
1719 899 1839 938 ver-

257 981 401 1047 bum,
456 980 679 1048 probato
724 980 778 1033 in
811 979 962 1033 vobis
1013 978 1313 1033 devotionis
1358 978 1537 1033 ardori
1580 993 1688 1031 non
1733 988 1837 1029 tam

258 1070 520 1123 desideria
548 1070 740 1124 deesse
760 1084 917 1139 quam
946 1080 1205 1137 tempora.
1225 1067 1561 1137 Quapropter
1582 1068 1838 1121 famulatu

260 1162 597 1215 salutationis
615 1160 815 1228 oblato,
842 1170 994 1230 pastu
1017 1176 1122 1230 quo
1149 1169 1381 1215 mentem
1403 1171 1635 1214 vestram
1655 1158 1839 1229 jejuno

261 1269 487 1323 corpore
534 1254 800 1317 satiastis,
856 1254 1168 1323 signiﬁcans
1219 1253 1377 1307 etiam
1422 1267 1509 1307 me
1558 1252 1837 1316 refectum,

261 1347 395 1401 unde
429 1347 651 1415 paucula
684 1349 798 1400 haec
824 1347 1121 1401 saturitatis
1145 1361 1276 1401 mea:
1298 1346 1587 1412 gratulatio
1609 1355 1838 1408 eructat,

262 1436 431 1491 Deum
465 1436 607 1507 quod
638 1446 809 1490 restat
842 1451 1095 1505 exposco,
1130 1447 1185 1490 ut
1213 1437 1297 1490 cui
1326 1436 1688 1504 pracdicatoris
1718 1434 1837 1490 ofﬁ-

260 1528 396 1580 cium
443 1526 553 1595 jam
601 1526 873 1595 imposuit,
930 1527 1191 1580 honorem
1235 1526 1561 1596 subjungat,
1606 1535 1659 1580 et
1697 1525 1837 1593 quod

260 1626 547 1671 exercetur
578 1627 719 1679 actu,
756 1618 1069 1671 ostendatur
1114 1626 1169 1672 ct
1211 1617 1421 1683 habitu;
1470 1631 1567 1672 nec
1609 1617 1837 1671 docilem

262 1707 349 1761 sed
391 1708 633 1773 doctum,
680 1722 779 1762 nec
818 1708 1112 1763 discentem
1145 1708 1237 1762 sed
1269 1708 1543 1764 doctorem
1584 1708 1838 1762 eatbedra

1946 520 2200 574 irridebat
2229 520 2523 586 erroribus,
2556 531 2613 575 ut
2654 521 2800 577 salva
2846 524 3221 592 reSpondentis
3251 524 3527 597 libertate,

1945 612 2318 681 propositionis
2342 614 2573 681 pravitas
2601 614 2805 669 exitum
2828 629 2934 668 non
2958 616 3198 681 haberet,
3225 626 3280 673 et
3307 633 3373 674 ex
3396 633 3523 689 pro-

1942 703 2074 771 priis
2102 702 2467 759 instrumentis
2515 706 2565 757 in
2603 704 2844 774 jugulum
2880 721 3032 761 suum
3072 706 3343 763 resistenti
3372 724 3525 766 arma

1942 806 2273 864 suggereret.
2316 796 2453 862 Quid
2504 798 2719 852 multis?
2750 798 2939 867 pagina
2973 814 3091 868 qttze
3120 799 3224 868 legi
3259 813 3523 871 cceperat,

1942 885 2006 938 ad
2038 885 2307 940 silentium
2339 886 2584 942 conferre
2621 903 2679 943 se
2710 889 2897 942 maluit
2926 906 2939 943 :
2969 897 3024 943 ut
3046 890 3293 947 omnibus
3322 893 3525 961 proha—

1943 975 2119 1030 biliter
2165 977 2499 1041 innotescat,
2550 994 2709 1047 quam
2758 980 2828 1034 sit
2874 978 3065 1044 divisa,
3114 994 3277 1049 quam
3323 981 3521 1052 facilis,

1942 1080 2098 1132 quam
2127 1067 2424 1134 spernenda
2460 1070 2758 1135 persuasio,
2781 1083 2900 1138 qua:
2922 1069 3233 1138 excogitatis
3262 1072 3523 1141 multipli-

1943 1155 2093 1210 cibus
2113 1159 2438 1225 argumentis
2460 1158 2653 1212 divina)
2676 1159 3040 1214 instructionis
3065 1160 3277 1228 inopem
3304 1162 3523 1217 turbare

1944 1264 2049 1304 non
2073 1250 2257 1304 valuit.
2289 1250 2414 1305 Haec
2444 1252 2624 1321 itaque
2652 1251 2871 1320 replico,
2897 1259 2955 1305 ut
2984 1252 3241 1321 quidquid
3269 1260 3351 1308 est
3378 1254 3521 1325 quod

1946 1340 1996 1392 in
2028 1354 2188 1393 causa
2230 1341 2323 1395 Dei
2371 1342 2609 1408 placeat,
2659 1342 2811 1397 vobis
2860 1343 3043 1412 procul
3089 1343 3251 1400 dubio
3291 1345 3522 1400 sentiam

1945 1433 2339 1488 ascribendum.
2379 1435 2663 1489 Enimvero
2693 1436 2743 1488 in
2765 1436 3047 1504 propatulo
3086 1435 3335 1503 habetur,
3380 1436 3526 1507 quod

1944 1541 2030 1579 mc
2060 1526 2139 1581 sic
2164 1527 2291 1580 olim
2323 1527 2697 1582 collocutionis
2724 1538 2915 1581 vestra:
2946 1527 3071 1581 lima
3102 1529 3393 1597 componit,
3409 1543 3526 1585 om-

1942 1616 2131 1685 nisque
2158 1617 2208 1671 in
2239 1632 2525 1673 commune
2554 1619 2990 1687 prmtlicationum
3021 1628 3317 1673 vestrarum
3347 1620 3526 1676 cultus

1946 1708 2210 1774 inuberat,
2248 1718 2303 1761 ut
2332 1709 2491 1763 sedes
2518 1710 2603 1761 illa
2637 1710 2721 1763 cui
2755 1725 2851 1764 vos
2884 1710 3110 1765 contulit
3137 1710 3357 1765 cmleste
3382 1709 3526 1779 judi-

259 1798 536 1865 suscipiat.
568 1797 623 1851 In
652 1814 781 1867 qua,
802 1797 947 1852 velut
972 1798 1366 1866 triumphatore
1408 1798 1699 1866 conspicuo
1726 1811 1841 1851 ser~
1873 1790 1915 1848 Β
1944 1798 2083 1852 cium
2105 1842 2117 1865 ,
2167 1800 2391 1853 nmltum
2443 1799 2860 1855 administratori
2906 1801 3146 1855 muneris
3187 1799 3525 1870 przestitisse.

260 1890 326 1942 tis
354 1889 538 1958 gloria:
559 1890 797 1944 victricis
820 1890 1055 1958 evincta,
1073 1890 1214 1944 inter
1234 1890 1624 1944 acclamantum
1647 1889 1840 1958 gaudio

257 1995 521 2035 censonas
550 1998 728 2047 vuccs,
760 1993 988 2052 quantus
1020 1982 1072 2036 in
1099 1983 1346 2053 clypeum
1378 1996 1645 2051 assurges,
1680 1982 1839 2037 edam

257 2072 445 2125 nolens
475 2072 795 2142 astipuletur
824 2072 993 2128 hostis
1030 2083 1304 2141 expertus,
1338 2087 1608 2141 nunquam
1656 2073 1837 2126 inven-

259 2175 409 2219 turus
439 2166 583 2235 quod
616 2165 681 2219 de
702 2164 957 2235 qualitate
987 2166 1163 2219 meriti
1190 2163 1536 2231 contradicat,
1571 2163 1665 2219 sed
1692 2164 1841 2216 habi-

256 2266 407 2311 turus
435 2272 651 2326 semper
676 2257 744 2311 de
770 2256 943 2326 praelii
964 2255 1329 2325 inaequalitate
1359 2254 1501 2325 quod
1529 2254 1729 2309 timeat.

742 2345 1077 2402 EPISTOLA
1117 2345 1348 2401 XLVIII.

506 2451 833 2493 BESCIIIPTUI
870 2453 976 2492 VIBI
1015 2450 1286 2492 ιιιιιετιιις
1326 2450 1589 2490 ιιεῐιΑειιι.

326 2530 542 2585 Utinam
586 2529 715 2584 mihi
756 2530 983 2586 subinde
1031 2530 1306 2599 contingat
1334 2540 1391 2583 ut
1426 2528 1647 2597 alloquii
1680 2530 1841 2582 vestri

259 2621 585 2679 fecunditate
611 2636 833 2691 augear,
864 2622 1169 2677 eruditione
1209 2620 1553 2676 corroborer.
1604 2619 1843 2689 Duplieis

258 2715 295 2767 si
319 2714 521 2779 pridem
553 2713 738 2783 gloriae
766 2713 968 2767 fructus
999 2713 1091 2767 tali
1120 2712 1361 2767 succedit
1388 2720 1607 2777 eventu,
1636 2710 1761 2765 dum
1792 2720 1846 2766 et

259 2803 386 2858 fides
435 2812 628 2873 tepore
673 2802 907 2858 marcida
955 2802 1210 2858 ferventis
1254 2802 1574 2857 hortaminis
1623 2802 1846 2857 calescit

259 2896 439 2964 aifatu,
495 2904 553 2950 et
601 2895 871 2964 ingenium
938 2894 1167 2949 naturali
1232 2902 1544 2964 paupertate
1608 2892 1844 2963 jejunum

260 2984 528 3054 perSpicui
576 2985 797 3038 cultoris
843 2999 944 3053 ope
988 2983 1221 3039 ditescit.
1268 2983 1418 3039 Unde
1441 2984 1487 3038 si
1529 2982 1843 3052 dignamini,

261 3080 550 3132 comitante
571 3076 906 3131 salutationis
927 3076 1124 3140 ofﬁcio,
1143 3075 1401 3130 maximas
1422 3076 1621 3145 gratias
1645 3077 1847 3131 referre

1942 1892 2036 1945 sed
2068 1906 2173 1944 non
2211 1892 2387 1945 minus
2432 1891 2484 1944 in
2516 1891 2943 1946 administrantis
2982 1906 3213 1960 persona
3264 1892 3527 1949 meruisse

1942 1981 2203 2035 videatur.
2254 1980 2506 2035 Incumhe
2551 1996 2679 2051 ergo
2721 1981 2991 2045 orationi,
3038 1981 3252 2036 domine
3296 1981 3528 2050 pectoris

1944 2074 2071 2141 mei,
2104 2083 2158 2129 et
2186 2074 2443 2127 auxilium
2473 2074 2588 2136 Dei,
2612 2082 2867 2142 quantum
2899 2086 2995 2141 pro
3022 2080 3074 2127 te
3095 2080 3202 2125 tam
3227 2086 3326 2141 pro
3354 2073 3528 2127 omni-

1944 2165 2063 2227 bus,
2112 2164 2252 2219 sicut
2297 2163 2477 2219 facere
2521 2162 2812 2229 consuesti,
2859 2162 2978 2231 pius
3017 2170 3072 2217 et
3102 2161 3353 2234 pervicax
3383 2170 3528 2217 tutor

1944 2245 2189 2325 impl'ora,
2221 2266 2282 2309 ut
2326 2255 2447 2311 fidei
2478 2270 2663 2309 murus
2706 2254 2849 2308 nulla
2881 2251 3275 2322 Oppugnatione
3308 2267 3529 2323 quasse-

1946 2357 2049 2401 tur.
2101 2346 2504 2401 Procurandum
2546 2356 2725 2400 autem
2776 2352 2861 2399 est
2908 2353 2965 2398 ut
3012 2343 3148 2398 filios
3179 2343 3530 2414 alumnosque

1946 2451 2065 2493 tuos
2094 2438 2303 2507 vulgata
2332 2436 2697 2491 indesinenter
2725 2435 3074 2504 castigatione
3104 2436 3327 2502 tuearis,
3353 2440 3410 2489 et
3437 2449 3528 2487 va.

1943 2527 2213 2582 lidissimis
2235 2528 2491 2582 doctrina:
2518 2528 2702 2593 armis,
2735 2526 2872 2581 sicut
2916 2524 3164 2596 legimus,
3196 2532 3376 2581 tecum
3404 2524 3524 2584 vin-

1945 2632 2069 2673 cere
2091 2632 2265 2687 cogas.

2460 2708 2790 2763 EPIS'I'OLA
2834 2707 3019 2761 XLIX.

2074 2814 2260 2853 AVITUS
2303 2814 2609 2854 VIENNENSIS
2648 2813 2923 2854 EPISCOPUS
2950 2807 2976 2835 ⁸
3010 2812 3135 2855 vnto
3172 2813 3409 2856 thS'rlu

2571 2884 2907 2927 ANSEMUNDO.

2020 2981 2308 3035 Plurimum
2342 2980 2508 3035 miror
2536 2981 2677 3050 quod
2700 2995 2927 3051 persona
2951 2997 3049 3050 pro
3069 2996 3172 3053 qua
3195 2982 3532 3041 intercedere

1948 3072 2257 3143 dignamini,
2290 3071 2420 3126 mihi
2458 3072 2697 3142 Lugduni
2726 3072 2898 3141 posito
2924 3074 3040 3129 sola
3069 3084 3288 3145 negaret
3326 3077 3534 3133 crimen

264 3182 553 3234 przesumo,
580 3166 719 3236 quod
755 3167 1031 3235 I‘CSponSIO
1076 3181 1191 3221 mea
1221 3165 1358 3236 apud
1405 3164 1700 3235 principem
1754 3166 1846 3219 ha-
1875 3161 1920 3224 C
1950 3167 2091 3237 quod
2123 3165 2441 3221 universitas
2468 3166 2863 3235 conclamabat,
2886 3175 2940 3223 et
2966 3176 3088 3230 post
3112 3167 3179 3222 ad
3209 3167 3312 3225 hoc
3341 3170 3537 3239 resipi-

267 3258 387 3323 bita,
415 3268 471 3313 et
502 3258 571 3311 ad
601 3273 697 3311 vos
721 3266 781 3311 ut
817 3258 1091 3313 indicastis
1124 3273 1343 3312 rumore
1371 3258 1598 3327 perlata,
1632 3271 1850 3326 compe-

268 3360 376 3403 tens
401 3350 690 3419 judicium,
721 3364 826 3402 non
856 3365 917 3402 es
951 3363 1071 3404 meo
1102 3364 1218 3417 ore,
1245 3350 1339 3403 sed
1365 3364 1430 3403 ex
1463 3359 1642 3403 vestro
1668 3364 1852 3405 amore

270 3441 586 3508 promeruit.
637 3438 952 3509 Quanquam
1008 3439 1533 3508 prmcellentissimus
1579 3439 1849 3508 princeps,

272 3544 383 3585 cum
413 3533 485 3585 sit
514 3531 582 3584 ad
614 3529 993 3585 inveniendum
1025 3532 1233 3600 igneus,
1268 3530 1506 3599 profluus
1552 3530 1617 3582 ad
1665 3529 1849 3584 dicen-

273 3621 415 3687 dum,
446 3624 523 3676 ita
555 3636 747 3676 sensus
774 3630 1042 3676 scrutatur
1084 3622 1368 3685 humanos,
1397 3632 1455 3674 ut
1478 3635 1693 3691 semper
1718 3635 1851 3674 con-

275 3713 522 3768 ventibus
555 3712 839 3766 mitissimo
868 3722 1052 3781 pareat
1081 3713 1261 3765 auditu
1291 3729 1307 3769 ς
1332 3722 1507 3765 tamen
1532 3712 1728 3767 laboris
1750 3711 1856 3767 mei

276 3805 464 3859 seriem
496 3813 774 3873 amputato
802 3820 1017 3874 aequore
1067 3806 1383 3874 prolixitatis
1416 3807 1646 3860 insinuo.
1679 3805 1856 3860 Labo-

278 3912 384 3952 rem
413 3898 636 3966 inquam
666 3896 805 3963 dico,
840 3897 961 3965 quia
1007 3898 1271 3967 procellas
1317 3898 1605 3967 inopinatis
1648 3898 1861 3953 ﬂatibus

281 3989 549 4043 irruentes
597 3990 877 4057 imperitus
921 3998 1079 4043 nauta
1117 3991 1201 4042 vix
1249 3991 1494 4045 sustinet.
1545 3991 1686 4060 Ergo
1715 4004 1858 4056 cum,

283 4080 367 4135 Dei
398 4079 668 4135 beneficio
715 4080 930 4134 tandem
972 4090 1219 4135 cessante
1269 4081 1451 4144 taedio,
1503 4080 1863 4148 tranquillitas

283 4170 486 4237 publica
516 4169 786 4231 rediissct,
812 4169 963 4238 quasi
986 4172 1205 4225 mutatis
1225 4171 1313 4224 diu
1330 4172 1518 4225 castris
1540 4170 1863 4224 destinatum

284 4268 549 4313 certamen
584 4259 781 4313 inveni.
815 4260 1039 4328 Semper
1076 4260 1218 4313 enim
1251 4260 1469 4329 ignavas
1510 4260 1864 4327 imbellesque

287 4365 541 4417 personas
569 4351 893 4421 petulantior
928 4351 1205 4406 conﬂictus
1251 4352 1580 4421 aggreditur.
1629 4351 1863 4406 Primum

290 4447 495 4515 quidem
542 4462 575 4500 e
622 4446 830 4500 diversa
883 4455 1035 4515 parte
1081 4447 1281 4515 proprii
1330 4446 1631 4500 luctaminis
1687 4460 1866 4500 sermo

1956 3258 2156 3331 scendo
2180 3257 2445 3324 pervenit,
2465 3267 2522 3312 ut
2546 3258 2698 3313 vobis
2722 3273 2818 3329 pro
2839 3260 2991 3314 venia
3015 3258 3356 3329 supplicaret.
3382 3260 3537 3329 Quod

1956 3351 2000 3403 si
2033 3347 2348 3417 simpliciter
2374 3348 2531 3418 petit,
2575 3360 2788 3405 constat
2832 3349 3105 3405 hominem
3153 3352 3311 3406 etiam
3357 3361 3540 3410 reatus

1956 3438 2198 3493 ordinem
2232 3440 2497 3495 confiteri.
2532 3440 2794 3505 Quocirca
2828 3440 2955 3495 licet
2986 3442 3039 3494 in
3071 3441 3321 3498 omnibus
3344 3444 3539 3509 causis,

1960 3547 2053 3599 pro
2084 3532 2391 3601 dignatione
2433 3546 2589 3601 quam
2636 3531 2763 3585 mihi
2796 3532 3123 3600 impenditis,
3166 3533 3393 3589 liberum
3436 3550 3542 3591 non

1959 3621 2185 3677 habeam
2226 3622 2370 3677 aliud
2404 3621 2582 3677 facere
2611 3638 2769 3690 quam
2793 3622 2993 3690 jnbetis
3020 3639 3035 3677 :
3064 3638 3169 3677 non
3210 3639 3428 3694 possum
3460 3636 3544 3680 ta-

1961 3730 2105 3780 men,
2135 3715 2254 3784 quia
2283 3714 2362 3769 sic
2392 3716 2542 3769 vobis
2576 3715 2749 3769 visum
2773 3726 2875 3781 cst,
2907 3716 3227 3771 remissurus
3256 3719 3356 3772 nisi
3398 3719 3547 3787 prius

1961 3818 2285 3873 exaggerare
2315 3804 2456 3873 quod
2485 3802 2659 3857 doleo.
2694 3803 2808 3859 Scit
2834 3806 2977 3858 enim
3000 3806 3169 3873 pietas
3192 3815 3390 3871 vestra,
3416 3819 3470 3861 et
3494 3809 3549 3862 in

1963 3897 2190 3952 ecclesia
2211 3896 2310 3965 legi
2341 3897 2646 3965 frequenter
2668 3895 2892 3962 audivit,
2920 3896 2973 3949 in
2996 3896 3111 3964 ipso
3132 3896 3377 3951 adulterii
3406 3898 3549 3954 malo

1964 3994 2193 4056 quantos
2239 3985 2517 4054 Scriptura
2565 3984 2746 4037 divina
2794 3985 2992 4053 gradus
3038 3986 3326 4052 exprimat.
3366 3984 3550 4043 Primo

1966 4076 2262 4133 fornicandi
2297 4077 2449 4143 lapsu
2481 4076 2747 4145 peccavit,
2779 4077 2869 4144 qui
2899 4076 3152 4130 feminam
3182 4076 3435 4147 eonjugio
3459 4092 3550 4132 ca-

1968 4182 2175 4227 rentem
2224 4169 2443 4224 libidine
2482 4168 2841 4223 inflammatus
2881 4168 3124 4236 appetiit.
3155 4168 3404 4224 Secundo
3444 4184 3552 4239 quo

1971 4261 2159 4331 pejori,
2202 4260 2290 4329 qui
2335 4260 2475 4314 furto
2514 4274 2675 4327 super
2720 4269 2909 4314 cuneta
2954 4260 3246 4315 damnabili
3290 4259 3551 4330 simplicis

1970 4354 2072 4410 tori
2104 4350 2415 4423 pudicitiam
2455 4350 2692 4406 violavit.
2743 4351 2987 4422 Cumque
3031 4351 3164 4406 nihil
3193 4353 3409 4418 gravius
3452 4353 3553 4409 hac

1974 4444 2162 4513 injuria
2189 4444 2448 4497 humanus
2476 4443 2687 4496 animus
2720 4452 2889 4511 putet,
2920 4457 3015 4498 vos
3044 4442 3294 4513 conjicite
3324 4445 3553 4513 qualiter

286 4539 538 4603 praelusit.
568 4537 769 4590 Deinde
791 4537 935 4591 velut
962 4538 1029 4593 ab
1056 4537 1261 4592 insidiis
1284 4540 1578 4607 repentinis
1608 4540 1756 4593 l'usns
1779 4547 1865 4593 est
1890 4522 1941 4580 Ῑ)
1967 4536 2203 4590 caelestis
2246 4534 2467 4602 justitize
2516 4534 2735 4587 castitas
2780 4544 3078 4599 moveatur,
3121 4532 3148 4572 δ
3199 4534 3244 4589 si
3297 4549 3552 4604 sponsam

289 4632 508 4685 vomitus
555 4630 967 4684 transmarinus.
1028 4631 1266 4701 Denique
1317 4632 1475 4686 incidi
1530 4632 1581 4686 in
1626 4634 1866 4685 chartam

361 4778 382 4804 ³
420 4769 625 4823 Nomen
657 4768 759 4821 hoc
782 4783 909 4823 vero
933 4768 1087 4836 plane
1116 4769 1391 4830 Celticum,
1415 4782 1477 4822 ac
1509 4769 1732 4823 fortasse
1759 4766 1861 4820 hoc

289 4840 403 4894 loco
429 4838 827 4908 Burgundii-um
854 4855 866 4891 :
892 4840 1045 4907 cujus
1075 4838 1287 4907 generis
1327 4839 1465 4893 inter
1513 4836 1861 4908 comitesqui

289 4907 718 4977 Burgundionum
768 4909 973 4977 legibus
1017 4910 1401 4975 subscripsere,
1447 4907 1858 4977 Auuetnundus,

286 4974 686 5046 Andemundus,
733 4974 1109 5048 Fredcgundus
1150 4987 1206 5033 et
1234 4974 1649 5033 'Godemundus.
1692 4974 1862 5048 Ause-

287 5054 478 5105 mundo
507 5049 682 5105 eidem
716 5047 987 5117 inscripta:
1015 5059 1141 5102 sunt
1180 5049 1340 5103 etiam
1370 5050 1614 5118 epistula:
1641 5049 1732 5114 7i,
1766 5047 1857 5100 7:3.

349 5119 376 5158 δ
416 5122 472 5175 lu
502 5135 599 5174 eos
630 5121 718 5184 qui
750 5118 851 5173 sibi
897 5134 1077 5173 sacras
1108 5119 1340 5184 virgines
1372 5124 1422 5173 in
1465 5118 1857 5173 matrimonium

284 5189 544 5258 jungunt,
576 5187 969 5243 Gallicanorum
1017 5190 1337 5253 antistitum,
1383 5204 1450 5243 ne
1478 5190 1613 5243 alios
1660 5204 1863 5243 memo-

286 5275 416 5326 rem,
450 5269 653 5327 apertae
698 5269 825 5312 sunt
874 5261 1175 5313 sententiae.
1223 5261 1278 5314 In
1311 5261 1538 5314 concilio
1584 5260 1787 5313 'l‘urou.
1820 5274 1858 5320 ι.

284 5344 396 5383 can.
423 5330 458 5383 6
496 5347 511 5381 :
548 5328 653 5400 Qui
679 5345 733 5382 se
768 5331 981 5382 sacratis
1010 5329 1287 5398 virginibus
1318 5347 1407 5400 per
1450 5330 1862 5394 conjunctionem

286 5400 557 5470 nefandam
586 5399 897 5464 misruerint,
928 5401 1004 5454 vel
1032 5401 1351 5469 propositum
1382 5402 1624 5468 professa:
1658 5400 1864 5470 religio-

284 5469 357 5523 nis
400 5470 805 5538 dereliquerint,
849 5472 1049 5539 utrique
1094 5487 1126 5522 a
1182 5472 1532 5523 communione
1578 5469 1862 5522 habeantur

284 5542 432 5593 alieni
457 5556 475 5593 :
499 5543 619 5609 quia
644 5542 695 5592 si
733 5541 842 5603 quis
887 5544 1129 5609 templum
1157 5539 1249 5594 Dei
1290 5541 1571 5605 violaverit,
1603 5540 1863 5608 disperdet

286 5612 423 5663 illuni
459 5612 617 5671 Deus,
648 5610 807 5662 donec
836 5614 1180 5676 resipisccutes
1203 5617 1267 5662 ad
1291 5611 1540 5664 auxilium
1564 5610 1863 5679 paenitentia:

287 5692 617 5734 revertantur.
656 5681 718 5732 Et
750 5684 798 5732 in
831 5684 1056 5734 concilio
1090 5683 1374 5735 l’artsiensi
1412 5696 1485 5743 Ill,
1518 5695 1635 5733 can.
1670 5681 1701 5732 5
1727 5697 1737 5733 :
1766 5679 1866 5733 Sa-

288 5766 540 5805 tratarum
572 5752 821 5818 virginum
853 5768 1009 5817 neque
1035 5768 1122 5816 per
1151 5760 1376 5819 raptum,
1416 5765 1572 5817 neque
1606 5766 1693 5817 per
1724 5766 1864 5803 com—

527 5842 800 5901 PATROL.
847 5840 1009 5899 LIX.

1970 4629 2183 4684 Christo
2212 4626 2483 4693 devotam,
2509 4636 2563 4681 et
2589 4627 2641 4680 in
2669 4627 2837 4681 sancti
2868 4626 3051 4683 altaris
3067 4625 3302 4684 thalamo
3331 4627 3553 4684 benedi-

1967 4763 2233 4832 petitioues
2262 4761 2480 4832 aliquas,
2509 4759 2777 4832 quisquam
2812 4758 3052 4832 conjugia
3092 4762 3357 4832 sortiatur.
3401 4762 3553 4826 Quod

1964 4830 2008 4889 si
2038 4843 2213 4888 contra
2253 4831 2523 4886 interdicta
2564 4830 2677 4896 quis
2715 4830 2928 4894 venerit,
2960 4840 3007 4883 et
3044 4831 3360 4884 sacerdotem
3399 4849 3553 4889 suum

1964 4905 2145 4974 audire
2175 4904 2471 4974 neglexerit,
2496 4911 2543 4955 et
2568 4901 2623 4954 in
2657 4900 2896 4968 praesenti
2924 4915 2957 4952 a
2986 4901 3346 4974 communione
3369 4903 3553 4957 catho-

1966 4976 2081 5028 ticw
2101 4971 2347 5027 Ecclésice
2374 4973 2616 5025 habeatur
2642 4979 2933 5040 extraneus,
2956 4980 3003 5022 et
3030 4971 3082 5022 in
3107 4982 3404 5040 perpetuum
3427 4990 3553 5025 ana.

1967 5045 2183 5099 themate
2206 5044 2440 5113 feriatur.
2472 5042 2526 5096 Iu
2545 5038 2849 5113 Turonensi
2879 5038 3113 5108 denique
3142 5038 3207 5113 t_l,7
3229 5055 3437 5099 canone
3456 5043 3550 5109 20,

1966 5110 2220 5183 similiter
2238 5121 2527 5183 statutum,
2544 5110 2613 5183 Ut
2640 5112 2812 5183 nullus
2856 5121 3108 5164 sacratam
3122 5110 3245 5183 _Deo
3280 5114 3551 5183 virginem,

1966 5202 2081 5255 qua:
2120 5186 2173 5237 in
2203 5176 2447 5236 honorem
2491 5182 2689 5255 Christi
2719 5191 2903 5255 vestem
2928 5180 3182 5255 mutavit,
3223 5192 3311 5235 aut
3349 5176 3551 5253 rap.re,

1967 5251 2056 5309 aut
2110 5264 2418 5321 competere,
2469 5262 2558 5305 aut
2596 5251 2691 5304 sibi
2732 5251 2970 5321 coujugio
3011 5251 3207 5304 sociare
3252 5251 3550 5321 praesumat.

1970 5326 2117 5392 Quod
2147 5326 2190 5377 si
2218 5333 2469 5391 pastorem
2492 5338 2642 5375 suum
2661 5321 2857 5394 audire,
2889 5330 2937 5373 et
2963 5335 3019 5373 se
3046 5322 3110 5373 de
3136 5321 3289 5394 vetita
3313 5325 3553 5394 conjugio

1967 5390 2575 5466 separarciidespexeript,
2611 5390 2820 5466 perenni
2847 5392 3379 5466 excommunicatione
3400 5390 3548 5466 ne)...

1967 5459 2169 5520 uéntur.
2203 5459 2471 5517 Ilactenus
2496 5460 2641 5528 leges
2664 5459 3067 5515 ecclesiasticae.
3100 5461 3232 5514 Nam
3256 5460 3380 5527 jure
3404 5464 3551 5517 civili

1968 5539 2129 5591 etiam
2157 5532 2294 5601 apud
2320 5546 2439 5599 nos,
2470 5531 2557 5599 qui
2587 5539 2853 5584 sacratam
2876 5531 3136 5599 virginem
3163 5530 3263 5583 sibi
3286 5531 3338 5583 in
3362 5537 3554 5585 matri-

1971 5608 2151 5660 monio
2171 5606 2421 5662 sociarat,
2450 5602 2661 5670 capitali
2690 5601 2953 5655 sententia
2988 5602 3153 5655 l'erieh
3172 5610 3294 5659 itur.
3329 5616 3392 5670 es
3425 5601 3560 5657 Clu-

1975 5679 2092 5731 tarii
2121 5678 2159 5730 ll
2192 5676 2330 5743 regis
2361 5668 2764 5743 constitutione,
2798 5688 2931 5743 qum
2952 5672 3090 5725 inter
3118 5670 3343 5725 concilia
3367 5668 3557 5731 Gallia

1973 5747 2210 5802 subnexa
2240 5742 2318 5801 cst
2345 5743 2570 5802 concilio
2592 5758 2621 5797 v
2652 5742 2955 5797 Parisiensi.

3082 5832 3121 5889 9
