4024 6172
526 340 632 397 267

1802 338 1854 393 s.
1898 334 2081 415 AVlTl
2123 336 2525 393 vtENNENsts

3681 344 3790 397 368

529 458 700 512 ctione
728 455 979 517 dotatam.
1014 462 1070 509 ut
1094 453 1223 508 nihil
1257 452 1481 521 amplius
1504 452 1699 515 dicam,
1735 452 1819 505 vel
1850 452 2099 520 petulan-
2133 455 2182 512 Α
2210 452 2480 521 peperisse
2522 452 2629 521 jam
2676 451 2851 506 tloleo.
2891 452 2957 505 Et
2993 452 3206 523 quidem
3250 452 3380 507 mihi
3411 453 3526 508 haec
3561 456 3786 523 paucula

530 554 609 601 ter
635 544 918 612 aspexerit.
959 544 1132 597 Audio
1177 554 1352 597 tamen
1380 543 1561 596 dicere
1604 542 1858 609 juvenem
1895 541 2093 608 ipsum,

524 650 632 690 non
652 650 709 689 se
737 634 994 702 virginem
1018 641 1324 698 temerasse,
1348 633 1500 700 cujus
1523 632 1766 703 turpibus
1788 632 1923 685 votis
1948 632 2095 699 prior

524 727 810 780 multorum
833 724 1206 779 carnalitassit
1232 725 1411 778 abusa.
1430 725 1782 793 Quapropter,
1800 738 1921 778 cum
1948 738 2093 776 reum

524 815 777 869 facinoris
808 814 1091 876 manifesti,
1124 814 1223 867 nisi
1253 814 1547 868 satisfactio
1580 829 1672 867 sua
1704 823 1759 868 et
1785 812 2098 867 intercessio

520 913 695 959 vestra
729 919 834 957 non
859 904 1064 970 liberet,
1093 904 1195 959 dici
1221 918 1322 957 non
1355 912 1528 972 potest
1554 911 1814 973 quantum
1844 904 2094 956 miserum

522 993 611 1058 sit,
635 1007 730 1061 pro
756 992 1185 1046 reconciliatione
1212 1007 1306 1046 sua
1332 992 1558 1045 aliorum
1583 993 1808 1046 crimina
1830 991 2092 1047 conﬁteri.

524 1088 730 1139 Accusa
771 1086 823 1136 in
855 1084 953 1137 hac
997 1093 1149 1151 parte
1203 1084 1369 1137 nostri
1415 1083 1673 1151 temporis
1722 1082 2093 1152 negligentiam

524 1175 931 1229 sacerdotalem.
960 1173 1073 1227 Non
1099 1164 1219 1228 nos
1250 1175 1349 1226 ista
1394 1174 1757 1242 perquirimus
1792 1191 1805 1227 :
1835 1172 1992 1226 ofl'ert
2036 1185 2095 1226 se

520 1268 676 1323 nobis
707 1267 1033 1335 inexplorata
1062 1264 1344 1318 criminum
1378 1264 1706 1331 magnitudo.
1740 1263 1870 1329 Qttis
1902 1264 1952 1316 in
1984 1276 2096 1325 ma—

523 1358 589 1411 lis
618 1357 819 1411 soriutn
850 1356 1094 1422 quaerat?
1124 1355 1241 1422 quis
1272 1356 1321 1406 in
1365 1354 1483 1406 aliis
1515 1353 1735 1407 maculis
1764 1366 1823 1407 se
1851 1351 2094 1407 inserat?

522 1450 694 1519 Atque
722 1450 919 1502 utinam
942 1455 995 1500 et
1024 1446 1188 1513 ipsius
1219 1446 1299 1499 vel
1330 1445 1406 1498 sic
1430 1460 1489 1500 se
1519 1451 1873 1512 temperasset
1903 1441 2093 1499 obsec-

525 1540 662 1593 nitas
685 1546 740 1591 ut
772 1537 979 1591 lateret.
1006 1534 1205 1589 Deinde
1228 1551 1291 1587 ex
1321 1534 1528 1587 duobus
1552 1534 1711 1602 eligat
1734 1541 1911 1586 utrum
1944 1531 2089 1585 velit.

523 1631 578 1682 Si
612 1630 814 1696 primus
844 1628 895 1680 in
940 1625 1171 1694 puellam
1204 1639 1363 1678 carne
1402 1624 1666 1691 peccavit,
1698 1622 1872 1676 adhuc
1901 1635 2091 1686 exspe-

522 1726 631 1773 ctat
669 1717 807 1785 quod
840 1716 1079 1785 prtrdicit
1120 1714 1405 1781 Apostulns
1431 1728 1447 1767 :
1477 1713 1537 1767 Si
1564 1714 1677 1782 quis
1705 1712 1948 1777 templum
1994 1708 2089 1763 Dei

2202 557 2355 596 error
2400 544 2651 597 extorsit.
2704 542 2807 596 Sed
2864 557 2958 598 vos
3007 544 3199 610 quibus
3227 558 3452 599 summa:
3502 548 3787 611 potestatis

2202 630 2480 699 privilegio
2507 632 2679 699 major
2723 630 2947 685 facultas
2974 634 3209 701 suppetit
3252 633 3567 702 castigandi,
3610 635 3786 690 homi-

2200 736 2325 775 nem
2347 720 2608 776 violenter
2628 721 3307 790 arguite.Conciliationcm
3331 723 3407 778 illi
3435 739 3632 791 meam,
3656 728 3785 794 quia

2198 810 2269 864 ita
2300 812 2608 879 prtecipitis,
2658 811 2889 866 indicate
2932 829 2946 865 :
2980 828 3189 882 meque.
3235 828 3302 868 ne
3331 815 3527 869 malum
3559 815 3660 872 hoc
3688 820 3782 872 vel

2199 899 2468 954 mandatis
2492 907 2584 954 aut
2609 901 2809 955 nuntiis
2836 911 3146 967 renovetur,
3167 910 3473 957 curaturum
3500 918 3619 958 esse
3642 920 3781 973 pra:-

2197 989 2356 1044 dicitc
2401 998 2500 1044 :ut
2538 990 2612 1053 ei,
2660 992 2705 1045 si
2746 1006 2849 1045 non
2897 991 3218 1061 corrigendo
3266 1007 3361 1061 per
3406 994 3777 1057 voluntatem,

2198 1086 2343 1134 certe
2367 1078 2449 1132 vel
2481 1093 2575 1147 per
2605 1080 2900 1133 custodiam
2930 1080 3293 1149 reprimendo,
3324 1081 3515 1137 saltem
3548 1083 3781 1137 facultas

2196 1168 2364 1237 culpae
2395 1170 2556 1237 possit
2578 1170 2714 1237 erui,
2739 1170 2781 1224 si
2807 1168 3137 1237 pmnitentize
3167 1170 3456 1227 salubritas
3474 1188 3581 1228 non
3610 1175 3780 1243 possit

2201 1259 2533 1329 persuaderi.
3726 1250 3729 1253 ¹

2759 1349 3091 1405 EPISTOLA
3130 1350 3194 1404 L.

2194 1455 2379 1495 AVITUS
2405 1454 2709 1494 VIENNENSIS
2730 1456 3006 1495 EPISCOPUS
3037 1451 3058 1479 θ
3085 1456 3210 1497 νιιιο
3232 1456 3468 1497 ιιιυετιιι
3497 1458 3775 1501 ιιεεευιιςο.

2271 1530 2533 1584 Maximus
2559 1529 2826 1585 desiderio
2860 1540 3046 1585 nostro
3078 1532 3322 1585 cumulus
3351 1539 3528 1600 optata
3553 1535 3777 1603 gaudio-

2193 1639 2309 1677 rum
2341 1624 2579 1678 nbertate
2601 1623 2891 1686 confertur,
2923 1623 2965 1675 si
3012 1624 3345 1693 magnificum
3371 1634 3565 1680 vestra:
3595 1626 3767 1695 pieta-

2194 1716 2258 1767 ti~
2285 1722 2480 1768 statum
2512 1714 2720 1768 florenti
2754 1713 3107 1782 prosperitate
3131 1714 3417 1782 pollentem
3441 1715 3596 1771 avida
3617 1718 3770 1772 solli~

521 1810 799 1873 violaverit,
848 1809 924 1861 dis
936 1808 1108 1873 perdet
1151 1806 1296 1859 illum
1337 1803 1472 1857 Deus
1509 1803 1563 1873 (1
1593 1802 1713 1857 Car.
1745 1816 1825 1867 nt,
1873 1802 1982 1869 l7).
2030 1799 2086 1855 Si
2121 1796 2165 1854 B
2192 1805 2439 1859 citudinis
2468 1813 2664 1860 nostrae
2690 1815 2811 1859 vota
2838 1806 3212 1874 cognoverint,
3245 1806 3368 1877 quia
3390 1807 3489 1861 hoc
3512 1808 3771 1878 profecti-

522 1910 695 1954 autem
724 1898 1121 1967 corruptionem
1144 1910 1299 1965 quam
1326 1911 1427 1948 non
1459 1894 1823 1957 inchoaverat,
1846 1891 2087 1961 gravavit

521 1998 829 2060 augmento,
860 1987 985 2057 quid
1017 1987 1305 2055 excogitari
1353 1985 1578 2052 turpius,
1609 1981 1735 2051 quid
1780 1980 2090 2035 horribilius

521 2092 717 2151 potc5t,
765 2094 923 2148 quam
971 2087 1027 2131 ut
1056 2076 1201 2131 illum
1233 2090 1332 2129 nec
1376 2075 1477 2129 hoc
1519 2073 1824 2141 prohiberet
1854 2086 1882 2124 a
1914 2086 2084 2126 merc-

524 2176 682 2234 tricc,
731 2178 996 2240 proptera
1029 2168 1168 2238 quod
1223 2168 1394 2221 solum
1442 2166 1580 2220 Deus
1629 2164 1864 2232 separari
1916 2162 2088 2216 virum

523 2265 776 2333 permittit
804 2278 831 2315 a
872 2260 1136 2329 conjuge?
1178 2257 1284 2310 Nec
1311 2257 1477 2318 solus,
1507 2256 1551 2309 si
1583 2253 1869 2323 respicitis,
1899 2267 1963 2306 ex
1993 2252 2091 2306 hac

522 2365 672 2425 parte
700 2365 1057 2409 commoveor.
1102 2348 1331 2403 Gemunt
1360 2344 1594 2414 religiosi
1625 2352 1874 2413 parentes
1914 2343 2089 2397 scelus

521 2448 833 2507 admissum,
864 2450 918 2496 ct
945 2440 1095 2510 quasi
1121 2438 1383 2509 perditam
1414 2435 1617 2505 prolem
1647 2436 1911 2505 lugentes,
1940 2433 2091 2489 orbi-

524 2546 685 2591 ta'em
714 2537 766 2589 in
797 2532 1091 2604 planctibus
1121 2530 1458 2601 profitentur.
1480 2528 1614 2596 Quid
1643 2528 1709 2582 de
1736 2527 1922 2582 matris
1950 2542 2087 2581 moe-

522 2627 664 2681 stitia
696 2627 900 2691 loquar,
923 2637 1079 2690 quam
1109 2620 1346 2690 prtedicti
1370 2619 1477 2687 jam
1506 2616 1704 2672 dudum
1738 2617 1916 2671 mariti
1946 2616 2089 2670 omni

523 2724 697 2771 morte
741 2713 973 2767 deterius
1022 2710 1190 2779 turpis
1236 2708 1339 2763 vita
1390 2706 1661 2768 viduavit?
1692 2707 1757 2761 Et
1784 2720 2087 2775 quanquim

522 2810 669 2864 coitu
714 2806 919 2862 moveri
967 2803 1177 2867 solitus,
1207 2810 1392 2856 tamen
1431 2800 1693 2869 patienter
1724 2800 1839 2853 haec
1874 2798 2084 2861 tulerat,

524 2901 663 2953 illius
692 2898 807 2951 sine
849 2896 1061 2965 pietate,
1095 2892 1319 2948 maritus
1364 2892 1480 2947 sine
1524 2891 1729 2954 sobole,
1774 2898 1927 2959 pater
1971 2889 2088 2942 sine

525 2988 850 3043 literedczct
884 2985 1138 3039 nutritum
1166 2984 1382 3052 insuper
1425 2982 1541 3050 ejus
1578 2981 1755 3035 studio
1801 2978 2092 3048 quamlibet

522 3088 695 3134 ortum
726 3091 792 3132 ex
818 3077 1092 3146 generosis
1135 3074 1390 3128 adulteris
1421 3072 1597 3128 nobile
1639 3072 1866 3135 malum;
1904 3070 1981 3124 sic
2014 3079 2087 3122 ta-

2189 1897 2287 1951 hus
2317 1897 2515 1952 nostris
2539 1896 2857 1966 compendio
2896 1896 3129 1952 indubia:
3170 1898 3441 1953 felicitatis
3481 1902 3769 1965 accrescit,

2190 1987 2441 2057 quidquid
2483 1988 2788 2042 eminentiae
2827 1995 3021 2043 vestra:
3047 1988 3344 2045 caelestium
3374 1989 3765 2047 beneficiorum

2192 2083 2359 2151 pictas
2386 2081 2573 2135 diffusa
2602 2079 2909 2136 contulerit.
2928 2081 3058 2135 Nam
3082 2082 3133 2135 in
3152 2095 3218 2135 eo
3243 2082 3494 2137 metimur
3520 2082 3775 2138 felicibus

2193 2172 2532 2228 incrementis
2569 2180 2875 2227 nostrorum
2913 2174 3352 2243 propagationem
3398 2188 3769 2240 successuum,

2192 2265 2245 2318 in
2267 2279 2371 2333 quo
2411 2263 2639 2319 actionis
2679 2270 2872 2318 vestra:
2900 2266 3096 2319 crescit
3143 2266 3260 2319 sine
3311 2265 3413 2319 fine
3432 2263 3769 2335 suffragium.

2191 2355 2531 2422 Quapropter
2558 2352 2912 2408 honorificum
2941 2353 3090 2409 salve
3115 2354 3443 2423 persolvens,
3470 2368 3602 2424 rogo
3626 2355 3772 2424 quod

2191 2447 2260 2512 si,
2290 2454 2347 2498 ut
2372 2444 2637 2514 cupimus,
2667 2444 2834 2500 felicia
2865 2460 2990 2515 erga
3015 2459 3110 2500 vos
3133 2455 3322 2501 cuncta
3343 2458 3623 2516 geruntur,
3659 2463 3772 2501 ma-

2191 2534 2412 2605 gnitudo
2435 2544 2608 2590 vestra
2637 2536 2971 2590 occurrentis
3000 2537 3207 2605 paginae
3234 2537 3539 2594 elocutione
3578 2537 3770 2608 perdo-

2190 2634 2328 2681 eoat.

2754 2715 3085 2772 EPISTOLA
3123 2717 3209 2771 Ll.

2195 2819 2377 2861 AVITUS
2421 2820 2722 2860 VIENNENSIS
2774 2822 3049 2862 EPISCOPUS
3080 2804 3106 2843 δ
3138 2822 3455 2863 νινεκτιοιο
3509 2825 3769 2865 ιιιιετοῐιιέ

2262 2899 2453 2954 Audivi
2494 2899 2638 2969 quod
2698 2898 2748 2953 in
2807 2898 3021 2953 homilia
3047 2913 3147 2968 qua
3194 2913 3364 2967 nuper
3408 2899 3474 2954 ad
3514 2904 3771 2969 populum

2197 2991 2605 3061 Lugdunensem
2635 2991 2687 3043 in
2717 2989 3050 3045 dedicatione
3080 2990 3314 3045 basilica:
3336 2990 3521 3047 videor
3551 2993 3772 3048 concio-

2194 3092 2372 3148 natus,
2403 3080 2789 3134 barbarismum
2816 3095 2900 3134 me
2926 3078 3215 3136 incurrisse
3239 3080 3449 3147 dicatis,
3473 3081 3645 3151 palam
3666 3083 3775 3137 sci-

524 3185 645 3225 men
687 3168 828 3237 quod
876 3168 927 3222 in
974 3164 1263 3222 desiderati
1295 3164 1568 3219 nativitatc
1594 3160 1849 3233 portenti,
1876 3176 1981 3217 non
2010 3168 2091 3216 est

2199 3172 2320 3226 licet
2346 3171 2665 3242 castigantes
2693 3170 2835 3239 quod
2878 3171 3088 3240 publica
3122 3173 3365 3226 oratione
3411 3170 3772 3240 peccaverint.

524 3268 865 3329 augmentum
894 3259 1176 3328 prosapiae,
1207 3256 1301 3311 sed
1333 3256 1562 3310 infamia:
1593 3254 1995 3309 documentum.
2028 3252 2093 3306 Et

525 3351 736 3415 quidem
760 3351 904 3404 salva
931 3364 1088 3419 quam
1119 3347 1252 3401 mihi
1282 3347 1421 3401 Deus
1451 3347 1504 3399 in
1532 3344 1681 3399 vobis
1711 3344 1959 3413 prasstitit
1997 3343 2091 3397 de-

527 3443 788 3505 fensione,
838 3442 955 3510 plus
1010 3440 1222 3508 culpam
1273 3437 1476 3506 praefati
1520 3450 1678 3504 quam
1722 3435 2090 3503 paenitentiam

527 3533 868 3596 pertimesco.
897 3530 1003 3586 Sed
1048 3543 1177 3598 rogo
1206 3543 1274 3583 ne
1301 3529 1558 3583 irascatur
1586 3527 1685 3582 ista
1712 3525 1932 3581 dicenti.
1960 3526 2095 3595 Spe-

527 3626 734 3681 culator
776 3639 915 3690 sum,
959 3622 1138 3678 tubam
1179 3631 1356 3685 teneo,
1407 3630 1581 3677 tacere
1632 3617 1761 3672 mihi
1792 3632 1897 3672 non
1946 3617 2091 3673 licet.

531 3720 703 3785 Atque
730 3715 930 3767 utinam
960 3724 1185 3781 peccans
1217 3710 1448 3765 humano
1468 3709 1645 3764 animo
1677 3706 1855 3773 fuerit,
1894 3706 1978 3760 cui
2008 3720 2093 3759 so-

531 3808 680 3861 litum
710 3813 792 3859 est
823 3803 926 3858 labi
955 3817 1050 3872 per
1090 3801 1417 3866 facilitatem,
1450 3809 1503 3854 et
1549 3813 1645 3868 per
1676 3796 2092 3851 satisfactionem

530 3897 724 3951 reverti
749 3912 763 3949 :
792 3902 1041 3949 caeterum
1068 3890 1340 3946 iracundia
1366 3890 1563 3953 calere,
1587 3898 1793 3942 tumere
1822 3887 2092 3956 superbia,

522 3989 743 4046 lascivia
780 3987 943 4042 fetere
974 3986 1236 4040 taurinum
1279 3992 1382 4038 est.
1414 3984 1674 4050 Quocirca
1702 3981 1829 4035 licet
1856 3980 2096 4035 diversas

530 4083 585 4135 in
609 4094 694 4135 me
722 4079 914 4134 iterum
946 4076 1186 4130 flammas
1225 4082 1457 4137 evomat,
1487 4079 1542 4126 ct
1565 4069 1593 4109 δ
1614 4070 1681 4125 ad
1708 4070 1963 4124 Romanae
1989 4069 2097 4123 for-

529 4171 666 4225 sitan
698 4167 951 4223 Ecclesize
977 4164 1300 4221 audientiam
1328 4170 1508 4230 vocet,
1532 4170 1585 4218 et
1612 4164 1658 4217 si
1695 4161 1869 4216 adhuc
1900 4161 2094 4231 placet,

534 4263 692 4316 etiam
722 4258 857 4315 filios
896 4257 1093 4313 habere
1130 4271 1216 4310 me
1244 4255 1406 4318 dicat,
1442 4270 1540 4309 nec
1577 4254 1747 4308 minas
1776 4268 1899 4309 suas
1923 4268 2099 4309 assen-

533 4355 735 4410 tatione
762 4351 1002 4422 placabo,
1048 4365 1147 4405 nec
1191 4350 1526 4418 fatigationes
1554 4348 1807 4404 itinerum
1843 4349 2094 4420 verebor,

531 4445 621 4516 qui
670 4442 852 4498 civicis
892 4438 1205 4495 criminibus
1248 4439 1302 4491 in
1350 4439 1519 4505 patria
1558 4438 1677 4507 plus
1725 4437 1941 4509 fatigor,
1997 4454 2098 4493 nec

2196 3263 2389 3318 Fateor
2410 3262 2549 3317 iStud
2572 3262 2804 3330 petuisse
2818 3260 3152 3331 contingere,
3183 3263 3478 3330 prmsertim
3504 3261 3655 3325 mihi,
3683 3264 3772 3317 cui

2194 3353 2239 3407 si
2262 3367 2364 3421 qua
2393 3352 2444 3406 in
2468 3353 2622 3406 annis
2648 3350 2983 3405 viridioribus
3013 3350 3225 3405 fuerunt
3248 3352 3418 3405 studia
3445 3352 3769 3411 litterarum,

2196 3444 2372 3497 omnia
2407 3442 2507 3495 fert
2534 3452 2663 3495 tetas
2691 3441 2866 3510 (Virg.
2898 3442 2991 3495 ecl.
3023 3439 3101 3508 6).
3133 3440 3441 3509 Ambieram
3470 3450 3647 3496 tamen
3674 3443 3778 3495 hoc

2197 3535 2369 3602 ipsum
2393 3546 2422 3584 a
2451 3529 2607 3584 vobis
2632 3544 2813 3584 coram
2842 3531 3047 3600 positus
3072 3529 3276 3599 audire,
3300 3530 3400 3585 etsi
3425 3531 3535 3599 jam
3564 3529 3775 3585 sciendi

2197 3626 2251 3679 in
2280 3639 2366 3678 me
2390 3623 2614 3678 facultas
2640 3624 2913 3678 minuitur.
2938 3624 3044 3680 Sed
3067 3623 3190 3693 quia
3205 3637 3300 3678 vos
3319 3623 3568 3677 absentes
3592 3624 3777 3677 dicere

2197 3714 2457 3783 comperi,
2485 3728 2783 3783 quanquam
2808 3713 2999 3769 absens
3026 3713 3350 3782 respondere
3378 3713 3580 3767 curavi.
3611 3712 3775 3779 Igitur

2196 3807 2441 3876 culpasse
2468 3820 2562 3860 vos
2590 3805 2786 3872 ferunt,
2811 3805 2950 3876 quod
2973 3803 3181 3859 Patitur
3199 3805 3370 3859 media
3395 3805 3548 3874 longa
3568 3804 3775 3875 syllaba

2196 3900 2445 3966 dixerim,
2466 3898 2743 3969 Virgilium
2776 3898 2829 3953 in
2860 3896 2960 3954 hoc
2983 3897 3148 3953 verbo
3170 3896 3373 3952 scilicet
3400 3911 3505 3950 non
3530 3905 3773 3960 secutus,

2198 3995 2288 4063 qui
2327 3989 2529 4061 syllaba
2560 3990 2676 4058 ipsa
2704 3997 2949 4057 correpta
2990 4002 3118 4043 usus
3139 3997 3222 4041 est
3263 3988 3446 4041 dicens
3488 3986 3535 4039 vi
3578 3988 3775 4054 potitur

2198 4081 2359 4156 (Ain.
2394 4081 2496 4151 ιιι).
2519 4079 2626 4135 Sed
2647 4079 2786 4137 istud
2815 4078 3133 4133 remissibile
3152 4087 3233 4131 est
3257 4077 3514 4147 poematis
3540 4076 3777 4129 necessi-

2200 4182 2330 4237 tate,
2359 4169 2503 4241 quod
2549 4171 2603 4224 in
2641 4184 2805 4239 opere
2845 4184 2941 4224 suo
2989 4183 3131 4237 saepe
3170 4169 3470 4222 invenimus
3498 4166 3775 4233 Virgilium

2201 4260 2628 4333 praesumpsisse,
2675 4269 2736 4313 ut
2780 4258 2989 4315 scilicet
3027 4258 3183 4313 metri
3224 4258 3415 4327 legem,
3441 4256 3612 4310 sicubi
3640 4271 3777 4325 opth

2202 4363 2304 4416 est,
2345 4351 2678 4407 barbarismo
2707 4358 2989 4405 contentus
3029 4347 3299 4418 expediat,
3338 4357 3393 4402 et
3449 4346 3775 4416 syllabarum

2203 4455 2446 4501 naturam
2469 4445 2630 4501 certis
2649 4442 2947 4512 quibusque
2978 4442 3111 4497 locis
3129 4452 3297 4496 artem
3321 4439 3538 4494 minime
3561 4450 3778 4493 secutus

534 4536 729 4590 multos
775 4532 912 4587 filios
952 4529 1151 4583 habere
1194 4543 1281 4581 tne
1325 4528 1551 4598 negabo,
1592 4528 1681 4598 qui
1731 4545 1893 4584 unum
1925 4545 1990 4585 es
2021 4534 2098 4586 eis
2130 4510 2179 4570 θ
2204 4538 2441 4592 invertat
2464 4554 2478 4589 :
2503 4510 2771 4604 qualeiest
2796 4510 2949 4598 illud,
2982 4534 3102 4586 Non
3129 4533 3313 4585 erimus
3342 4544 3494 4599 regno
3514 4529 3777 4583 indecores

607 4696 630 4722 τι
671 4685 801 4738 lliuc
827 4688 970 4750 patet
996 4692 1306 4751 persuasum
1336 4679 1508 4751 adhuc
1538 4679 1642 4734 illis
1672 4684 1999 4751 temporibus
2044 4688 2094 4741 in

536 4757 700 4809 Gallia
742 4748 925 4817 fuisse,
969 4748 1187 4818 propter
1227 4748 1629 4804 fornicationem
1659 4748 1894 4816 separari
1922 4756 2093 4810 virum

533 4828 602 4879 ab
626 4838 816 4882 uxore,
836 4832 889 4875 et
909 4821 1065 4875 aliam
1094 4818 1522 4882 ducere,Christi
1554 4821 1811 4884 permissu
1841 4822 2092 4880 licuisse:

532 4897 671 4963 quod
700 4910 763 4949 ex
793 4890 1018 4963 concilio
1044 4902 1254 4963 quoque
1286 4888 1771 4963 Veneticocanone
1797 4890 1833 4942 2
1875 4896 2096 4949 manife-

534 4958 673 5019 stum
716 4972 800 5016 e~t
836 4980 848 5013 :
892 4958 994 5013 Eos
1029 4961 1112 5027 qui
1161 4958 1346 5013 relictis
1391 4958 1634 5010 uxoribus
1688 4960 1814 5025 suis,
1858 4964 1989 5016 sicut
2041 4966 2093 5017 in

540 5033 814 5101 Evangelia
857 5030 1067 5092 dicitur,
1114 5039 1320 5101 (incepta
1370 5044 1526 5101 causa
1573 5028 1939 5101 fornicationis,
1990 5034 2117 5089 sine’

534 5099 770 5158 adulterii
792 5100 1086 5172 probatione
1101 5099 1229 5151 alias
1256 5099 1514 5163 duxerint,
1539 5100 1803 5151 statuimus
1827 5118 1859 5154 a
1874 5118 2098 5157 comma-

535 5177 687 5230 nione
708 5171 972 5224 arcendos.

607 5244 633 5281 ιι
662 5242 812 5308 Quod
836 5243 891 5294 in
917 5238 1100 5292 Gallia:
1120 5252 1332 5307 quoque
1361 5236 1644 5307 provinciis
1665 5238 1915 5308 usitatum
1940 5241 2097 5297 docet

538 5315 645 5368 Leo
688 5306 906 5380 Magnus
932 5350 946 5374 ,
989 5310 1054 5363 ad
1092 5306 1373 5377 episcOpos
1422 5308 1705 5380 provincia:
1758 5306 2091 5366 Viennensis.

542 5378 836 5445 Nobiscum,
870 5379 1060 5448 inquit,
1083 5388 1249 5433 vestra
1288 5378 1578 5447 fraternitas
1607 5391 1945 5446 recognoscat,
1970 5398 2097 5449 apo-

538 5455 764 5508 stolicam
791 5454 958 5504 sedem
986 5465 1076 5517 pro
1101 5449 1181 5501 sui
1208 5448 1501 5511 reverentia,
1535 5464 1566 5501 α
1588 5459 1761 5500 vestra:
1794 5452 1947 5503 etiam
1979 5448 2097 5517 pro-

539 5526 713 5577 cateia:
739 5519 1078 5575 sacerdotibus
1102 5520 1380 5572 innumeris
1408 5517 1734 5571 relationibus
1757 5534 1864 5573 esse
1894 5524 2100 5575 consul-

540 5608 660 5658 tam,
694 5603 738 5646 et
782 5608 869 5661 per
906 5591 1234 5661 diversarum,
1264 5588 1686 5657 quemadmodum
1714 5596 1850 5643 vetus
1894 5606 2101 5645 consue-

540 5665 660 5716 tudo
684 5660 934 5731 poscebat,
965 5660 1352 5731 appellationem
1388 5673 1676 5726 causarum,
1708 5667 1795 5711 aut
1829 5670 2100 5715 retractata

543 5743 627 5786 aut
656 5730 954 5801 conﬁrmata
979 5730 1364 5800 [utssejudicia.

2278 4700 2300 4727 ο
2329 4688 2571 4743 Messiani
2612 4701 2707 4756 per
2733 4686 2846 4742 haec
2875 4694 3116 4754 templira
3152 4686 3257 4740 dno
3286 4696 3480 4753 praeter
3517 4687 3676 4740 istum
3720 4688 3773 4741 in

2203 4759 2428 4813 Galliam
2461 4758 2591 4811 noti.
2627 4757 2773 4812 Unus
2802 4757 2940 4810 Aviti
2970 4757 3101 4824 imp.
3130 4756 3408 4825 patricius,
3433 4770 3590 4824 quem
3635 4757 3780 4811 Rici-

2204 4843 2339 4892 mer,
2372 4842 2491 4881 cum
2521 4830 2730 4881 Avitum
2757 4826 3035 4880 Placentia:
3056 4827 3305 4892 spoliaret
3334 4827 3578 4893 imperio,
3608 4842 3640 4879 e
3668 4828 3774 4879 vita

2202 4897 2447 4959 sustulit;
2479 4898 2611 4950 alter
2640 4896 2697 4951 S.
2740 4896 2952 4949 Cazsarii
2989 4896 3223 4963 episcopi
3276 4897 3534 4959 n0tarius,
3588 4905 3776 4962 postca

2204 4968 2502 5037 presbyter,
2537 4966 2628 5033 qui
2658 4978 2757 5037 una
2787 4980 2907 5018 cum
2949 4966 3223 5037 Stephano
3248 4965 3471 5037 diacono
3514 4969 3779 5031 posterio-

2204 5051 2317 5090 rem
2352 5035 2515 5105 ipsius
2544 5037 2662 5087 vitze
2703 5036 2897 5088 librum
2936 5035 3271 5103 conscripsit.
3318 5036 3458 5089 Inter
3492 5044 3783 5104 utrumque

2205 5108 2290 5159 hic
2322 5116 2524 5169 noster,
2564 5105 2812 5159 omnibus
2853 5106 3117 5174 antiquior
3157 5105 3453 5159 Messianus
3491 5106 3778 5172 proconsul

2204 5176 2394 5229 Africte
2425 5184 2544 5243 post
2573 5174 2904 5228 consulatum
2932 5176 3198 5239 Bautonis,
3227 5175 3293 5228 de
3314 5190 3419 5243 quo
3443 5175 3498 5227 S.
3524 5174 3781 5243 Augusti-

2204 5260 2302 5299 ttus
2326 5246 2461 5299 libro
2494 5261 2506 5297 t
2533 5254 2717 5298 contra
2747 5244 2949 5298 litteras
2980 5245 3219 5298 Pctiliani
3253 5260 3369 5309 cap.
3394 5247 3483 5297 '25.

2278 5312 2302 5351 ά
2333 5314 2543 5369 Rcfellit
2570 5313 2800 5367 hominis
2827 5313 3056 5381 imperiti
3088 5313 3371 5381 inscitiam,
3401 5318 3488 5382 qui
3522 5314 3775 5367 vitiosum

2205 5385 2361 5439 Avito
2389 5394 2665 5439 accentum
2702 5384 2972 5448 obiecerat
3007 5382 3058 5437 iu
3092 5384 3308 5437 homilia
3340 5399 3497 5451 quam
3534 5382 3779 5451 Lugduni

2208 5456 2259 5507 in
2283 5455 2515 5508 basilica:
2535 5453 2867 5507 dedicatione
2897 5456 3281 5521 pronuntiarat.
3310 5455 3536 5508 llomilia
3565 5463 3678 5507 tunc
3700 5456 3780 5507 in—

2206 5525 2367 5578 teriit.
2401 5523 2601 5577 Laudat
2630 5538 2756 5577 vero
2779 5527 2934 5577 etiam
2960 5523 3137 5577 Fausti
3168 5523 3409 5577 lieiensis
3437 5524 3693 5590 episcopi,
3725 5523 3780 5576 in

2205 5592 2442 5659 ejusdem
2473 5593 2714 5647 ecclesire
2756 5592 3120 5661 Lugdunensis
3160 5592 3418 5648 dedicatae
3462 5594 3611 5646 festis
3643 5605 3782 5659 prae-

2204 5663 2494 5742 dicationes
2517 5662 2762 5717 Sidonius
2790 5663 2885 5717 lib.
2913 5678 2967 5728 ιι,
2998 5665 3158 5733 epist.
3194 5664 3248 5729 3,
3275 5679 3394 5734 qua:
3420 5665 3548 5734 ipsae
3578 5663 3780 5739 pariter

2205 5734 2541 5788 interierunt.
3670 5734 3687 5739 “
