4024 6172
214 316 309 374 969

1610 312 1936 370 EPISTOLA
1974 310 2111 365 LW.

3357 320 3468 379 270

215 429 367 491 (ίΕη.
391 427 512 497 vn),
541 427 627 484 vel
657 426 877 481 Fervere
899 425 1169 480 Leucatam
1190 423 1346 495 (Ain.
1369 421 1510 493 vin),
1531 425 1613 475 vel
1641 422 1789 487 illud,
1822 425 1872 484 Α
1901 422 2150 491 quisitum
2198 420 2500 490 diligentius
2552 429 2931 491 repertumque
2985 423 3232 493 pandatis
3272 443 3285 479 :
3327 430 3472 498 quod

220 522 449 591 Namque
475 528 531 573 ut
561 534 853 589 supremam
891 515 1026 587 falsa
1055 516 1183 569 inter
1208 514 1401 585 gaudia
1434 522 1631 565 noctem
1662 512 1797 582 Egc-

214 614 372 667 rimus
415 609 573 681 (Ᾱζη.
618 610 718 680 ix).
772 608 959 662 Nullus
1004 608 1361 660 litteratorum
1404 602 1616 657 inﬁcias
1652 602 1795 668 ierit,

216 704 505 770 productas
536 700 851 755 naturaliter
880 698 1202 767 penultimas
1241 695 1473 767 syllabas
1498 694 1566 749 ab
1586 702 1799 748 oratore

222 792 521 863 ponendas.
550 790 800 860 Virgilius
831 803 958 843 usus
1003 785 1218 841 licentia
1266 795 1565 856 poetarum,
1606 798 1799 839 secun-

212 892 341 941 dum
361 899 424 941 ea
446 898 565 954 quae
589 894 755 951 supra
774 880 1029 947 diximus,
1053 877 1356 948 corripiens
1386 876 1613 931 mediam
1642 874 1803 945 sylla-

214 978 338 1032 bam
370 974 736 1045 presumpsit,
778 971 830 1027 id
864 978 947 1026 est
990 970 1206 1042 potitur.
1252 968 1405 1037 Quod
1438 968 1681 1035 verbum,
1717 980 1803 1023 se-

212 1075 491 1138 questrata
514 1064 784 1135 paulisper
808 1063 1014 1132 poetica
1044 1061 1309 1127 libertate,
1337 1059 1466 1114 artis
1490 1058 1665 1128 potius
1687 1058 1804 1128 lege

215 1168 532 1215 tractemus.
588 1155 883 1212 Commune
935 1154 1178 1219 verbum,
1234 1164 1477 1222 tempore
1528 1152 1801 1221 praesenti,

216 1262 447 1305 numero
486 1247 766 1316 singulari,
810 1260 1052 1315 persona:
1092 1246 1278 1313 primae
1319 1245 1507 1314 potior,
1554 1242 1806 1297 secundae

216 1355 467 1408 persona:
511 1340 667 1408 longa
702 1340 877 1392 media
907 1338 1127 1407 potiris;
1167 1344 1332 1391 restat
1374 1348 1516 1390 nunc
1562 1348 1806 1404 personze

218 1434 423 1498 ιρτιὶω,
466 1431 520 1486 id
556 1440 638 1487 est
682 1432 895 1498 potitur,
955 1429 1201 1484 similiter
1252 1429 1410 1497 longa
1449 1428 1518 1481 sit
1564 1440 1803 1481 necesse.

217 1526 376 1581 Sicut
414 1524 664 1588 dicimus,
712 1523 931 1587 sortior,
989 1520 1221 1586 sortiris,
1258 1520 1525 1575 sortitur:
1568 1520 1647 1573 sic
1677 1527 1807 1572 tem-

220 1630 355 1679 pore
407 1615 683 1683 praeterito
731 1614 989 1684 perlecta,
1051 1612 1260 1682 primae,
1312 1610 1582 1674 secundm,
1640 1610 1809 1664 tertiae

221 1720 490 1782 personae,
519 1706 718 1773 potitus
749 1721 889 1769 sum,
920 1718 998 1767 es,
1026 1712 1107 1759 est
1134 1720 1146 1755 :
1180 1706 1259 1758 sic
1284 1703 1598 1772 imperativo
1624 1701 1803 1765 modo,

222 1808 467 1866 tempore
502 1796 778 1864 praesenti,
828 1796 892 1849 ad
937 1795 1228 1850 secundam
1279 1809 1563 1863 personam
1613 1796 1805 1862 potire,
1841 1788 1885 1847 Β

222 1888 360 1941 sicut
393 1886 610 1941 sortire.
642 1885 899 1941 Similiter
926 1886 1163 1955 optativo
1191 1885 1371 1949 modo,
1402 1894 1642 1954 tempore
1665 1900 1805 1954 pra:-

221 1979 365 2034 senti
395 1987 451 2034 et
478 1980 754 2049 praeterito
788 1978 1120 2048 imperfecto,
1146 1978 1247 2034 sub
1283 1979 1408 2032 totis
1430 1977 1598 2033 tribus
1627 1991 1811 2046 perso-

223 2074 330 2135 nis,
354 2086 508 2140 mque
530 2070 733 2140 syllaba
757 2070 1037 2140 producta,
1059 2071 1259 2125 utinam
1285 2073 1508 2141 potirer,
1534 2070 1810 2140 potireris,

226 2167 512 2229 potiretur.
547 2162 812 2216 Caeterum
849 2164 891 2216 si
925 2163 1096 2216 tertiae
1127 2176 1372 2231 personae
1402 2170 1459 2216 ut
1481 2162 1675 2229 potitur
1697 2160 1811 2216 bre-

226 2271 348 2310 vem
369 2269 560 2324 ponas,
584 2254 724 2309 idem
748 2253 922 2309 iacere
946 2254 1151 2324 cogeris
1173 2264 1224 2309 et
1244 2253 1513 2318 secundae,
1546 2261 1605 2307 ut
1629 2253 1812 2324 potiris

224 2346 409 2400 dicas:
445 2344 591 2415 quod
624 2343 809 2411 utique
838 2344 904 2399 ab
929 2345 1072 2399 omni
1098 2343 1348 2413 exemplo
1371 2352 1530 2413 atque
1554 2357 1653 2397 usu
1676 2343 1813 2397 inte-

223 2440 393 2506 gritas
433 2435 737 2490 Latinitatis
767 2436 1014 2489 excludit.
1055 2436 1191 2490 Ecce
1242 2436 1466 2491 verbum
1513 2450 1609 2505 pro
1647 2450 1751 2504 quo
1782 2449 1811 2489 a

224 2529 381 2585 vobis
410 2528 775 2598 reprehensus
805 2528 1029 2592 fueram,
1057 2526 1125 2582 de
1142 2541 1244 2595 qua
1274 2526 1447 2581 audeo
1472 2525 1680 2582 ratione
1695 2541 1814 2581 mu-

224 2620 385 2675 tuari.
436 2618 591 2673 Nunc
636 2627 836 2684 autem,
884 2617 1239 2672 honoriﬁcum
1281 2616 1432 2671 salve
1480 2616 1810 2685 persolvens,

223 2710 488 2781 impensis
520 2709 793 2779 precibus,
818 2722 1002 2778 quasso
1033 2716 1109 2773 ut,
1140 2708 1262 2777 quia
1293 2720 1394 2777 ego
1421 2706 1812 2779 amicitizejure

222 2802 353 2871 quid
378 2800 512 2856 mihi
536 2799 809 2855 videretur
833 2799 974 2869 stylo
1015 2798 1219 2867 paginae
1246 2796 1516 2852 liberioris
1546 2798 1811 2867 expressi,

223 2908 319 2948 vus
349 2907 569 2963 quoque
599 2890 666 2944 ad
698 2890 891 2952 vicem,
930 2888 1159 2956 sublato,
1190 2896 1246 2941 ut
1287 2902 1445 2955 supra
1467 2885 1672 2943 dictum
1711 2899 1814 2955 est,

228 2984 543 3054 Virgilianae
569 2980 903 3036 auctoritatis
927 2981 1204 3051 exemplo,
1234 2995 1392 3049 quem
1425 2981 1507 3035 vel
1536 2981 1604 3035 ob
1633 2981 1732 3035 hoc
1759 2981 1814 3034 in

222 3074 692 3130 barbarismorum
722 3073 1069 3141 usurpatione
1108 3086 1215 3126 non
1247 3070 1505 3125 debemus
1531 3071 1810 3139 consequi,

225 3172 352 3226 licet
380 3169 531 3224 idem
568 3166 821 3237 Virgilius
849 3165 1004 3237 (zEn.
1036 3164 1112 3235 vt)
1141 3166 1345 3234 potitus
1375 3166 1458 3219 vel
1498 3165 1646 3234 potiti
1688 3179 1811 3233 pro-
1837 3145 1883 3206 (ἶ

222 3259 383 3313 ducte
416 3258 677 3328 posuerit,
702 3256 840 3311 sicut
858 3263 942 3311 est
967 3254 1093 3309 illud
1115 3271 1343 3326 auroque
1368 3256 1545 3324 potiti;
1568 3269 1663 3309 vos
1682 3255 1811 3310 mihi

225 3354 492 3407 rationem
530 3364 689 3420 quam
736 3347 883 3419 sequi
925 3347 1169 3413 debeam,
1204 3346 1468 3416 rescripto
1512 3356 1814 3416 exponente

223 3444 472 3499 tradetis.
505 3444 612 3497 Aut
645 3441 690 3495 si
728 3450 874 3496 certe
907 3440 1266 3495 sciscitantem
1300 3440 1590 3496 testimonii
1634 3441 1813 3509 cuius-

224 3549 441 3606 cunque
468 3532 664 3601 eligitis
684 3532 879 3587 docere
897 3531 1235 3599 compendio,
1267 3545 1427 3600 spero
1453 3540 1512 3585 ut
1537 3531 1605 3586 de
1623 3532 1813 3601 priscis

226 3627 400 3697 magis
427 3623 734 3680 oratoribus
760 3636 894 3694 quos
922 3622 1197 3693 discipulis
1221 3625 1411 3680 merito
1435 3624 1665 3693 traditis,
1694 3642 1814 3696 per-

300 3795 323 3821 ε
359 3784 663 3853 Sequentes
690 3782 889 3853 aliquot
906 3780 1145 3853 epistolae
1165 3795 1229 3853 ex
1250 3796 1455 3853 genere
1484 3792 1605 3836 sunt
1628 3796 1809 3853 earum

226 3871 324 3919 per
355 3851 493 3921 quas
521 3853 757 3921 episcopi
783 3851 935 3917 Olim,
959 3851 1369 3907 solemnissimis
1390 3853 1580 3907 diebus
1610 3852 1810 3906 Natalis

227 3925 447 3977 Domini
480 3933 536 3977 et
570 3922 996 3976 Resurrectionis
1024 3921 1363 3976 consalutare
1392 3936 1451 3977 se
1485 3923 1733 3986 invicem,
1761 3931 1815 3976 et

223 4008 393 4062 quam
449 4007 711 4060 prospere
760 3990 1101 4047 festivitatem
1143 3991 1525 4062 celebrassent,
1570 3993 1817 4046 nuntiare

226 4060 504 4117 solebant.
529 4062 839 4129 Huiusmodi
873 4063 1175 4128 complures
1203 4061 1341 4115 inter
1362 4060 1681 4116 Theodoreti
1703 4062 1818 4127 epi-

228 4133 405 4187 stolas
430 4133 483 4185 in
516 4132 688 4185 lucem
732 4146 902 4199 nuper
926 4132 1097 4185 editas
1136 4132 1330 4197 passim
1359 4145 1593 4199 aspersae
1633 4132 1819 4199 legun-

226 4212 341 4263 tur,
368 4218 492 4270 qua:
520 4216 725 4255 morem
764 4201 905 4255 hunc
940 4201 1211 4269 morisque
1250 4214 1459 4270 causas,
1493 4213 1692 4254 mutuae
1719 4201 1826 4255 sci—

228 4272 367 4326 licet
408 4271 804 4325 benevolentia:
842 4272 1184 4339 caritatisque
1220 4269 1485 4335 studium,
1528 4284 1827 4339 repraesen-

227 4350 392 4422 tant:
440 4352 497 4393 ut
536 4342 694 4422 epist.
804 4356 817 4393 ζ
851 4348 1221 4422 ἰξορταστικοξς
1266 4342 1497 4422 συνήθως
1533 4342 1827 4422 κξχρήμερα

1900 517 2015 570 sine
2040 525 2353 585 argumento
2380 518 2532 582 artis,
2577 529 2676 571 nec
2703 518 2959 585 oratorio,
2995 518 3296 577 invenietur
3321 533 3475 592 pater

1901 616 1957 663 et
1984 608 2283 663 communis
2311 608 2470 674 ﬁlius,
2503 623 2724 678 quorum
2752 608 2964 678 ingenia
2986 611 3198 667 mallem
3226 616 3478 683 praesenti

1904 706 2143 766 tempore
2181 705 2238 751 ut
2293 697 2495 767 primus
2536 712 2693 767 quam
2739 699 2887 753 solus
2927 699 3201 768 imbueris,
3234 702 3337 760 hoc
3369 720 3477 762 uno

1902 797 2108 843 tantum
2146 785 2275 842 vitio
2304 800 2421 841 esse
2454 794 2757 844 contentus.
2787 787 2888 855 Qui
2924 796 3102 846 tamen
3134 805 3207 847 ex
3250 793 3342 849 illo
3370 809 3478 865 quo

1904 876 2165 947 proﬁuitis
2196 876 2345 932 uberi
2377 876 2522 932 fonte
2546 878 2805 933 doctrinae
2827 878 2936 947 jam
2972 894 3114 935 nunc
3156 881 3296 938 inter
3330 884 3479 939 initia

1904 980 1997 1021 sua
2029 981 2138 1021 non
2171 966 2346 1021 minus
2368 981 2523 1036 quam
2571 967 2776 1022 litteras
2820 968 3025 1036 bibant,
3060 971 3203 1039 quod
3246 973 3476 1029 amicum

1906 1056 2177 1111 attrahere
2208 1058 2375 1126 magis
2397 1057 2585 1112 studiis
2610 1073 2767 1127 quam
2797 1060 3100 1128 detrahere,
3126 1070 3181 1118 et
3205 1071 3474 1121 oratorem

1906 1150 2079 1217 eloqui
2114 1149 2287 1217 potius
2316 1164 2475 1219 quam
2500 1150 2711 1221 obloqui
2740 1150 2913 1206 decet.

2431 1271 2457 1298 α
2489 1262 2818 1318 EPISTOLA
2857 1264 2963 1319 LII.

1910 1388 2093 1427 Ανιτυε
2142 1386 2448 1428 vmuscusrs
2485 1387 2761 1429 EPISCOPUS
2794 1373 2821 1412 δ
2852 1390 3172 1433 νινεκτιοιο
3212 1386 3481 1435 ενιεεοίιοδ

1980 1461 2275 1517 Festivitati
2306 1470 2505 1517 sancta:
2536 1463 2801 1531 cumulus,
2831 1478 2991 1534 quam
3022 1480 3280 1537 prospere
3307 1481 3480 1524 vestra

1910 1551 2295 1607 intercessione
2322 1555 2697 1624 transegimus,
2721 1553 2959 1610 caritatis
2978 1556 3217 1625 apicibus
3236 1573 3373 1628 quos
3398 1560 3482 1614 di-

1912 1642 2126 1698 rexistis
2147 1644 2411 1699 accrevit:
2449 1654 2502 1699 et
2540 1645 2611 1700 ob
2639 1645 2691 1700 id
2729 1645 3092 1717 multipliciter
3118 1649 3350 1705 reddidit
3391 1651 3483 1705 lac-

1914 1735 2099 1801 tiores,
2125 1736 2267 1806 quod
2296 1734 2588 1792 Ecclesiam
2631 1753 2751 1808 quae
2797 1738 2992 1809 ubique
3019 1751 3125 1794 una
3162 1746 3266 1809 est,
3312 1742 3484 1797 unitas

1913 1827 2287 1897 complectitur
2328 1828 2664 1898 gaudiorum.
2695 1828 2916 1884 Tribuat
2958 1828 3221 1897 Christus,
3247 1840 3306 1887 ut
3348 1833 3485 1890 sicut

1912 1936 2054 1976 anno
2097 1922 2347 1991 praesenti
2380 1921 2645 1977 desideria
2682 1931 2861 1977 nostra
2910 1921 3153 1977 felicibus
3179 1922 3486 1993 complestis

1914 2012 2148 2078 indiciis,
2191 2015 2261 2069 ita
2293 2028 2505 2084 quoque
2548 2023 2790 2084 tempore
2827 2025 3077 2070 secuturo
3121 2015 3481 2073 visitationem

1913 2120 2126 2175 semper
2152 2106 2436 2175 optandam
2469 2104 2757 2160 Viennensi
2786 2103 3041 2161 Ecclesiae
3069 2098 3376 2163 conferatis.

2451 2208 2778 2271 EPISTOLA
2814 2215 2943 2271 LIII.

1915 2366 2098 2407 AVITUS
2154 2365 2458 2405 VIENNENSIS
2511 2364 2789 2407 EPISCOPUS
2842 2362 2864 2390 θ
2908 2360 3149 2409 οειιειιο
3215 2364 3486 2411 εριεεοῐτσ.

1988 2443 2220 2498 Litteras
2259 2442 2606 2498 beatitudinis
2637 2450 2827 2499 vestra:
2851 2457 2982 2512 quas
3011 2443 3329 2501 diuturnitas
3351 2454 3489 2500 tem-

1914 2534 2061 2605 poris
2091 2533 2290 2591 lacerat
2319 2533 2729 2600 desiderabiles,
2760 2534 2933 2591 vicina
2964 2534 3220 2592 festivitas
3249 2536 3486 2593 reddidit

1914 2626 2195 2696 gratiores,
2221 2640 2378 2694 quam
2421 2625 2476 2680 in
2516 2624 2612 2681 Dei
2650 2625 2868 2682 nomine
2904 2639 3159 2699 prospere
3201 2628 3491 2685 celebravi-

1915 2732 2055 2783 mus,
2078 2724 2132 2772 et
2156 2731 2185 2771 a
2210 2716 2362 2773 vobis
2390 2716 2671 2773 commode
2694 2725 3014 2774 transactam
3038 2733 3159 2775 esse
3177 2721 3488 2790 gaudemus.

1914 2812 2075 2867 Orate
2112 2810 2241 2865 illud
2286 2822 2502 2877 semper
2555 2809 2810 2864 Ecclesia)
2863 2811 3143 2866 catholicae
3185 2820 3490 2869 sanctorum

1915 2903 2167 2972 suﬁ‘ragio
2197 2899 2502 2970 provenire,
2535 2900 2675 2969 quod
2709 2899 2965 2958 Divinitas
3010 2904 3206 2973 regulae
3242 2905 3391 2961 novit
3427 2921 3491 2961 ac

1917 2994 2054 3063 paci,
2074 2992 2217 3049 salva
2234 2991 2287 3046 in
2308 2990 2555 3045 omnibus
2569 2990 2916 3047 fraternitatis
2930 2992 3152 3049 caritate
3169 3003 3489 3065 congruere.

2446 3132 2779 3189 EPISTOLA
2817 3133 2948 3189 LIV.

1919 3265 2104 3308 unus
2149 3260 2454 3305 VIENNENSIS
2524 3259 2799 3301 EPISCOPUS
2852 3254 3165 3302 APOLLINARI
3220 3258 3486 3305 EPISCOPO.

1986 3343 2113 3398 Post
2163 3348 2346 3396 sancta
2396 3335 2677 3392 dominicae
2727 3335 3026 3395 Nativitatis
3077 3339 3251 3395 ofﬁcia
3298 3340 3492 3411 quibus

1918 3434 2229 3507 :rgcrriinns
2266 3438 2321 3487 et
2350 3444 2478 3485 vere
2519 3428 2634 3497 plus
2673 3442 2832 3498 quam
2877 3428 3049 3484 fessus
3087 3431 3323 3500 interfui,
3352 3434 3493 3503 quod

1918 3529 2049 3584 mihi
2080 3535 2201 3597 post
2243 3524 2411 3579 Deum
2455 3521 2685 3591 primum
2716 3530 2779 3575 ac
2815 3520 3084 3591 singulare
3107 3533 3208 3591 est,
3248 3526 3492 3581 nuntium

1918 3630 2153 3677 vestrum
2174 3622 2455 3686 exspecto;
2490 3624 2648 3682 quem
2690 3610 2735 3667 si
2782 3626 3032 3669 meruero
3062 3626 3300 3683 sumere,
3350 3630 3496 3688 quat-

1921 3779 2301 3835 triarcharum.
2344 3772 2537 3841 quibus
2580 3772 2804 3841 proximi
2848 3771 3068 3828 Pascha
3105 3773 3245 3829 diem
3287 3776 3497 3832 caeteris

1921 3851 2169 3905 ecclesiis
2200 3845 2603 3901 denuntiabant.
2635 3841 2739 3897 Sed
2780 3841 2884 3896 illae
2914 3842 3197 3897 Paschalcs
3236 3844 3360 3897 ideo
3405 3861 3499 3911 ap-

1923 3922 2151 3989 pellataa,
2180 3916 2299 3989 quia
2325 3915 2401 3989 de
2419 3911 2505 3966 die
2532 3911 2749 3989 Pascha}
2773 3926 2961 3989 omnes
2986 3929 2999 3965 :
3034 3914 3127 3967 has
3155 3928 3283 3967 vero
3307 3918 3499 3989 partim

1924 3981 2084 4046 etiam
2115 3981 2325 4041 Natales
2352 3983 2533 4038 dicere
2565 3981 2733 4045 licuit,
2763 3982 2885 4047 quia
2920 3996 3014 4049 per
3043 3992 3322 4048 utramque
3352 3984 3501 4038 festi-

1924 4061 2142 4113 vitatem
2173 4055 2542 4116 mittebantur,
2574 4060 2633 4104 ut
2661 4056 2713 4104 lu
2754 4050 2924 4104 Natali
2957 4049 3151 4105 Christi
3175 4053 3400 4117 epistola
3429 4054 3496 4108 54

1924 4140 1978 4184 ct
1998 4128 2066 4181 56
2088 4128 2255 4185 Aviti,
2292 4125 2345 4177 in
2392 4123 2807 4175 Resurrectionc
2829 4122 2919 4181 58,
2944 4120 3128 4186 63,154
3149 4121 3496 4177 Theodoreti.

1996 4197 2023 4237 ι)
2058 4193 2417 4264 Lugdune-nsi,
2441 4193 2528 4264 cui
2562 4190 2758 4264 adhuc
2783 4190 3096 4264 presbytero
3134 4190 3497 4264 episcopatum

1927 4259 2212 4336 auguratus
2238 4273 2324 4336 est
2358 4259 2794 4336 Avitus_epistola
2945 4259 3286 4336 Lugdunensi
3313 4259 3498 4336 Cathe-

1930 4330 2039 4391 dra:
2066 4334 2341 4405 praefuisse
2373 4331 2662 4405 ostendunt
2701 4330 3144 4405 conciliaAquibus
3191 4331 3500 4405 subscribit,

225 4413 512 4483 γράμμᾳᾳι
550 4398 831 4463 z'chtivas
868 4398 943 4462 de'
973 4426 1110 4463 more
1161 4398 1354 4483 litteras
1384 4398 1715 4483 scripsimus:
1760 4410 1829 4464 Et
1859 4408 1907 4471 D
1939 4398 2250 4483 Epaonense
2288 4412 2347 4483 et
2396 4400 2749 4483 Lugdunense
2793 4398 3284 4483 sub'Sigismundo.
3332 4398 3502 4483 Quam

229 4481 401 4556 ςρἰῑ.
436 4481 469 4533 5
496 4482 910 4556 χτῆςίιλίαςῌτρ
941 4483 1115 4556 μέτρον
1151 4482 1388 4551 ἐτίνομεν,
1410 4485 1540 4556 itero}
1569 4481 1718 4549 νόμον
1739 4491 1829 4556 fni;

230 4551 422 4636 ξρρτῆς
447 4568 460 4601 ;
492 4550 744 4636 Amicitia:
770 4551 929 4636 oﬁicio
957 4550 1241 4636 fungimur,
1259 4550 1315 4602 ut
1333 4550 1447 4636 festi
1477 4552 1558 4635 lex
1582 4552 1823 4636 postulat.

1935 4470 2228 4547 eiquisitae
2262 4481 2439 4547 autem
2468 4470 2740 4547 doctrinm
2782 4470 2862 4547 vir
2899 4470 3075 4547 fuerit,
3113 4486 3188 4547 eis
3218 4470 3504 4547 Ago_l_iardo

1932 4540 2185 4602 discimus
2217 4545 2269 4599 in
2296 4543 2431 4597 libro
2453 4542 2517 4596 de
2540 4540 2772 4596 Judaicis
2798 4540 3290 4609 Superstitionibus.
3322 4540 3507 4596 Viven-

1937 4618 2109 4680 tiolus,
2140 4614 2330 4681 inquit,
2374 4611 2610 4665 Ecclesia:
2650 4610 3001 4678 Lugdunensis
3039 4613 3324 4679 episcopus,
3363 4615 3507 4680 cujus

232 4620 303 4673 Ei
327 4620 499 4692 epist.
529 4621 601 4672 26
627 4626 832 4674 ;,Τοῦτο
853 4622 949 4692 ’γᾴρ
979 4620 1004 4674 ὀ
1034 4629 1126 4678 τῆς
1157 4620 1329 4692 ἑορτῆς
1360 4624 1444 4692 καὶ
1470 4621 1493 4673 ὁ
1517 4631 1607 4692 τῆς
1632 4623 1829 4692 ἀγάπης

234 4640 303 4673 ιιι
327 4640 417 4687 ερι
431 4640 499 4671 SI.
530 4640 601 4672 Ζο
627 4640 832 4674 ;.”ιόυτο
853 4640 949 4741 ’ναΐ
979 4642 1004 4674 ο
1034 4641 1126 4678 της
1157 4640 1329 4692 εορτης
1360 4640 1444 4674 και
1470 4643 1493 4673 ο
1517 4643 1607 4680 της
1632 4642 1829 4691 αγαπης

234 4691 644 4763 «uendiderat
666 4692 809 4763 νόμος
836 4706 848 4742 ;
882 4690 909 4742 Ι
941 4705 997 4741 oc
1024 4692 1155 4763 enim
1186 4703 1233 4741 et
1266 4691 1379 4763 festi
1408 4700 1454 4742 et
1493 4690 1718 4742 caritatis
1751 4690 1832 4742 lea:

232 4758 450 4812 suadet.
481 4758 718 4826 Denique
745 4760 845 4812 hoc
872 4774 1032 4812 unum
1072 4760 1276 4812 illarum
1308 4759 1405 4811 fuit
1436 4769 1828 4827 argumentum,

236 4831 392 4895 quod
425 4845 488 4882 ex
520 4829 745 4896 epistola
777 4828 847 4884 56
875 4828 1059 4882 videre
1083 4838 1183 4891 est,
1212 4843 1368 4894 quam
1400 4828 1685 4897 integram,
1709 4828 1832 4897 quia

236 4899 490 4960 brevior,
520 4898 854 4969 subjicimus.
884 4906 1275 4969 EOP’I‘ASTIKH.
1299 4899 1527 4968 Ἀκμάζει
1555 4902 1643 4969 μὲν
1668 4898 1743 4953 ἔτι
1770 4901 1835 4953 τὰ

223 4978 325 5029 τῆς
576 4972 661 5043 atati
694 4968 937 5043 χαλετςῶς
968 4968 1097 5026 αὕτη
1134 4970 1448 5043 προσϐᾴλλςρ
1490 4968 1562 5043 τῷ
1587 4970 1829 5043 λιέγισμῷ,

221 5043 320 5091 τὶν
354 5036 421 5111 νδέ
458 5045 549 5096 τῆς
585 5036 763 5111 ἕοραὲἧς
808 5039 1078 5111 πληρῶσαι
1128 5036 1277 5110 νόμον
1325 5036 1573 5092 ὑπέλαϐὸν
1622 5036 1830 5111 distortos.

224 5110 441 5183 ᾼύιιξίκα
458 5114 581 5177 γοῦν
605 5109 688 5162 steti
712 5116 814 5183 rei;
842 5109 1110 5183 7po'tptyaa't
1150 5109 1429 5183 xéxpnftott,
1466 5112 1547 5162 καὶ
1568 5114 1665 5183 Δττόιιξ
1690 5109 1832 5183 εὐλάτ

222 5180 380 5231 Caeni
422 5197 529 5251 σογ-
558 5180 1111 5251 προσφθέγγομαιίκαί
1165 5180 1261 5238 τῆξ
1303 5180 1504 5251 dcc/arm;
1561 5180 1731 5232 ἐκτίνω
1776 5180 1835 5231 τὸ

220 5252 429 5319 χρέος.
484 5245 640 5315 Urget
671 5245 887 5319 quidem
925 5248 1093 5319 adhuc
1130 5264 1223 5319 me
1253 5245 1481 5319 tristitia,
1531 5256 1579 5319 et
1620 5256 1837 5319 mentem

216 5317 467 5385 graviter
481 5317 699 5387 concutit
713 5332 731 5369 :
754 5327 977 5371 attamen
992 5318 1093 5370 diei
1111 5318 1225 5386 festi
1244 5317 1401 5387 legem
1419 5318 1629 5387 implere
1640 5318 1837 5381 iustum

217 5384 558 5441 existimati.
586 5384 743 5439 Nunc
761 5388 948 5455 itaque,
980 5396 1027 5439 et
1056 5384 1239 5450 scribo,
1269 5384 1317 5439 et
1343 5384 1673 5440 reuerentiam
1696 5394 1836 5439 tuam

216 5458 459 5519 saluto,
505 5463 552 5508 et
590 5458 822 5510 caritatis
862 5458 1080 5508 debitum
1134 5457 1357 5510 exsolve.
1409 5457 1485 5510 Ex
1537 5456 1619 5509 his
1668 5464 1830 5524 patet,

215 5529 616 5600 Eopzacanxec.
657 5527 770 5600 hoc
804 5535 891 5600 est
936 5525 1321 5600 lestivasusive
1371 5526 1604 5591 festales,
1660 5540 1724 5578 ex
1769 5539 1836 5600 eo

215 5595 446 5657 dictas,
480 5596 617 5661 quod
653 5596 802 5649 festis
843 5597 1030 5649 diebus
1070 5596 1429 5649 scriberentur
1463 5611 1477 5648 :
1524 5610 1629 5662 quo
1675 5595 1836 5649 modo

215 5666 385 5733 apud
425 5665 814 5739 alesandrinos
842 5666 1166 5739 ἐρρταστιῃᾳί
1200 5666 1689 5739 itcmuuuucupata:
1712 5673 1835 5719 sunt

214 5736 499 5805 epistula
525 5736 826 5800 I‘aschalcs,
856 5734 1163 5803 Theophili,
1190 5734 1373 5803 Cyrilli
1401 5747 1453 5791 et
1484 5735 1704 5790 aliorum
1735 5749 1830 5803 pa-

1936 4687 2180 4739 doctrime
2204 4685 2376 4753 fuerit,
2406 4698 2508 4735 non
2534 4682 2697 4734 solum
2725 4684 2904 4748 ipsius,
2934 4681 3022 4735 scd
3042 4690 3087 4733 et
3113 4682 3332 4734 aliorum
3359 4684 3419 4735 de
3449 4698 3507 4736 eo

1935 4758 2123 4826 scripta
2154 4762 2414 4806 testantur.

2012 4819 2046 4864 ε’
2070 4826 2449 4877 Vasionensem
2492 4821 2798 4886 episcopum
2849 4819 3013 4873 fuisse
3042 4821 3193 4873 docet
3231 4819 3345 4888 ejus
3385 4821 3509 4874 sub-

1937 4895 2157 4962 scriptio
2185 4894 2234 4945 in
2264 4892 2495 4945 concilio
2514 4889 2833 4962 Epaouensi.
2863 4889 2927 4943 Ut
2948 4890 3213 4962 dversom
3243 4899 3417 4962 autem
3441 4892 3509 4944 ab

1938 4982 2001 5020 eo
2029 4960 2265 5019 Gcmello
2286 4962 2585 5021 credamus,
2614 4974 2769 5028 quem
2801 4960 2852 5012 in
2874 4960 3058 5012 eadem
3086 4960 3350 5026 provincia
3369 4975 3500 5028 prm-

1941 5038 2196 5089 lectorum
2229 5032 2484 5085 vicarium
2510 5030 2740 5083 vidimus
2775 5029 2825 5082 in
2857 5029 3077 5095 cpistola
3106 5029 3193 5093 5‘2,
3224 5031 3506 5098 facitquod

1940 5106 1991 5159 in
2022 5121 2083 5159 ea
2116 5103 2319 5173 synodo
2343 5116 2461 5173 qua;
2490 5101 2671 5168 paucis
2698 5099 2992 5173 postannis
3027 5109 3206 5154 secuta
3237 5111 3339 5166 est,
3365 5110 3511 5173 vete-

1938 5189 2099 5229 ranus
2133 5168 2413 5241 episc0pus
2444 5170 2552 5238 jam
2583 5178 2716 5234 erat,
2749 5168 3144 5241 principemque
3182 5172 3321 5241 inter
3346 5170 3507 5241 colle-

1937 5259 2031 5313 gas
2080 5239 2250 5313 locum
2282 5240 2741 5313 obtinebat._Qua_
2751 5241 2912 5313 etiam
2938 5239 3010 5313 de
3039 5253 3198 5313 causa
3241 5240 3341 5293 hoc
3389 5240 3506 5313 loco

1937 5306 2252 5379 Apollinari,
2286 5311 2540 5373 Victoria,
2581 5306 2803 5379 Claudio
2838 5314 2891 5361 et
2928 5308 3184 5375 Gregorio
3214 5310 3504 5379 anteponi—

1939 5377 2045 5448 tur,
2069 5384 2154 5451 qui
2186 5382 2373 5438 eodem
2406 5379 2591 5451 ordine
2620 5379 2671 5433 in
2701 5377 2889 5451 eadem
2917 5379 3121 5447 synodo
3143 5377 3504 5451 subscribunt.

1940 5446 2300 5522 Apollinarem
2334 5450 2671 5522 Valentin_um
2690 5446 3010 5522 episcopum
3037 5446 3512 5522 novimuseg‘epi-

1939 5512 2072 5577 stola
2108 5522 2189 5583 ll,
2236 5520 2524 5573 Victorium
2557 5512 3101 5584 Gratianopolitanum
3134 5532 3197 5569 ex
3230 5515 3316 5569 lti.
3349 5512 3508 5584 Clau-

1940 5594 2059 5647 dius
2108 5582 2237 5643 vero
2274 5598 2328 5642 et
2361 5585 2669 5654 Gregorius,
2708 5582 2929 5641 illustris
2976 5587 3133 5639 ambo
3180 5582 3407 5654 nominis
3455 5595 3510 5638 et

1940 5663 2112 5725 fama’,
2148 5660 2282 5712 alter
2330 5652 2669 5712 Vesuntinam
2712 5657 2850 5712 rexit
2880 5656 3188 5722 Ecclesium,
3227 5656 3364 5707 alter
3386 5652 3511 5711 Lin-

1941 5746 2248 5801 goncuscun
