4046 6170
433 411 439 416 .
514 358 613 415 271

1780 350 1835 407 S.
1873 348 2057 405 AVITI
2100 350 2503 409 VIENNENSIS

3666 350 3774 406 272

517 484 726 541 cunque
756 468 841 523 illa
865 480 967 538 qua
987 466 1176 534 dignus
1203 476 1319 518 sum
1348 461 1469 526 fuit,
1501 469 1560 516 ut
1591 476 1690 532 ego
1716 462 1928 517 confido
1954 471 2089 518 tem-
2116 466 2165 522 Λ
2193 463 2388 518 videtis
2409 463 2474 517 ad
2508 462 2612 516 mei
2636 460 2801 516 solius
2829 461 3099 529 pertinere
3130 460 3489 532 dispendium,
3517 462 3657 532 quin!
3680 478 3774 518 nc-

522 561 806 631 perabitur,
838 566 897 612 ut
920 570 1017 611 vos
1044 553 1326 609 meremini
1357 553 1665 622 detergetur
1685 552 1969 621 asperitas.

1058 645 1391 701 EPISTULA
1426 645 1539 699 LV.

612 754 799 796 AVITUS
827 749 1127 791 VIENNENSIS
1149 749 1423 790 EPISCOPUS
1448 748 1698 788 VICTORIO
1726 747 1994 787 EPISCOPO.

593 834 847 901 Prospera
870 830 980 885 Deo
1004 827 1237 898 prepitio
1260 826 1561 882 festivitatis
1586 824 1834 890 exordia,
1856 826 1978 893 quia
1999 823 2096 879 oh-

525 924 799 977 tinueratis
847 919 1117 987 sull'ragio,
1158 917 1414 971 visitastis
1444 917 1659 969 affectu.
1704 914 1831 967 Nam
1868 913 1994 967 dum
2042 922 2097 968 et

525 1029 702 1068 curam
729 1012 863 1079 patri
899 1011 1057 1064 solito
1086 1007 1291 1077 geritis,
1324 1015 1379 1062 et
1420 1006 1485 1060 de
1529 1005 1893 1059 incolumitate
1918 1010 2097 1058 vestra

528 1119 644 1174 qua:
666 1103 805 1157 vctis
831 1100 1149 1156 conveniant
1170 1098 1444 1158 nuntiatis,
1470 1096 1611 1164 quod
1639 1095 1928 1164 gaudemus
1944 1094 2098 1147 offer-

527 1202 615 1265 tis,
644 1197 860 1267 etquod
890 1196 1147 1250 debemus
1174 1190 1399 1261 exigitis.
1433 1190 1651 1244 Tribuat
1678 1189 1919 1243 Christus
1940 1188 2097 1258 huius

529 1291 695 1360 ipsius
717 1288 925 1358 pietatis
953 1299 1016 1339 ac
1039 1282 1358 1352 dignationis
1378 1290 1570 1335 vcstrc
1593 1280 1809 1333 uberem
1831 1292 2101 1333 commea-

527 1393 658 1442 tum.
692 1381 744 1432 in
774 1392 877 1447 quo
910 1391 939 1429 a
965 1376 1119 1430 vobis
1148 1388 1369 1428 munere
1410 1370 1703 1439 magisterii
1734 1370 2011 1439 geminati,
2046 1378 2099 1424 et

529 1466 1007 1541 persollicitudinis
1023 1464 1337 1519 beneﬁcium
1355 1460 1724 1515 confortentur
1741 1475 1897 1516 senes
1910 1460 2095 1524 vestri,

528 1572 579 1614 et
610 1572 705 1628 per
731 1556 965 1611 caritatis
988 1553 1291 1620 exemplum
1317 1554 1515 1619 posteri
1548 1551 1856 1606 doceantur.

1058 1641 1339 1695 EI‘ISTOL
1354 1646 1384 1692 At
1426 1639 1563 1695 LVI.

637 1748 822 1789 Ανιτυε
848 1745 1146 1785 VIENNENSIS
1168 1744 1439 1784 EPISCOPUS
1470 1744 1691 1784 CLAUDIO
1722 1744 1987 1785 EPISCOI‘O.

2194 569 2333 625 queo
2363 553 2585 622 implere
2618 562 2964 620 praeceptum.
3000 552 3079 605 Ita
3114 567 3344 621 namque
3376 552 3513 621 apud
3542 566 3638 607 nos
3680 569 3775 621 per

2197 656 2465 700 momenta
2510 645 2713 712 singula
2750 654 3071 712 potestatum
3114 652 3364 711 speratur
3403 644 3683 711 adventus,
3716 656 3775 699 ut

2196 734 2297 788 nisi
2331 734 2432 787 illis
2460 732 2796 795 uenientibus
2842 747 3079 801 prmsens
3113 747 3235 788 esse
3274 748 3555 800 curavero,
3598 737 3665 788 ab
3693 738 3774 792 eis

2196 829 2285 895 qui
2307 828 2483 883 snleut
2525 828 2577 881 in
2608 828 2761 882 nobis
2789 828 2949 881 etiam
2982 828 3176 882 leviora
3215 829 3451 898 culpare,
3484 833 3775 900 quamlibet

2197 920 2419 987 simplex
2451 919 2731 974 abscessus
2762 934 2934 981 meus,
2958 933 3063 973 non
3088 919 3256 974 solum
3290 921 3647 990 negligentiae,
3674 923 3770 976 sed

2198 1010 2358 1064 etiam
2389 1011 2742 1064 contumacia:
2770 1009 3075 1077 deputetur.
3107 1010 3467 1078 Quapropter,
3498 1014 3767 1065 communi

2200 1102 2517 1156 necessitate
2542 1111 2838 1169 perspecta,
2883 1100 3293 1169 impossibilitati
3327 1117 3459 1156 mea:
3478 1103 3773 1158 clementer

2199 1192 2475 1260 ignoscite,
2505 1201 2559 1245 et
2589 1200 2646 1245 ut
2670 1191 2952 1245 desideriis
2981 1191 3199 1257 nostris,
3229 1192 3273 1246 si
3300 1208 3405 1246 non
3439 1193 3653 1263 iugiter,
3687 1197 3769 1250 vel

2199 1281 2463 1337 interdum
2485 1282 2793 1336 satisfacere
2816 1281 3081 1349 possimus
3106 1290 3273 1335 orate.

2718 1360 3045 1426 EPISTOLK
3089 1372 3225 1427 LIX.

2571 1476 2911 1516 VIVENTIOLUS
2942 1479 3097 1516 Ανιτο
3126 1478 3395 1519 EPISCOI‘O.

2271 1558 2350 1612 Ad
2394 1555 2793 1612 similitudinem
2836 1556 3028 1610 divinze
3074 1557 3413 1625 benignitatis
3453 1557 3773 1615 deliberatio

2202 1661 2372 1706 vestra
2401 1652 2665 1706 cultorum
2691 1665 2908 1705 suorum
2936 1651 3283 1719 petitionibus
3330 1661 3675 1723 temperetur,
3710 1667 3767 1708 ut

2201 1744 2255 1797 in
2282 1743 2621 1797 solemnitate
2664 1743 2831 1796 sancti
2864 1740 3000 1797 Justi
3029 1742 3355 1811 plebeculam
3379 1758 3525 1800 suam
3554 1756 3773 1816 aposto-

599 1825 703 1878 Pro
727 1820 1108 1876 consuetudine
1130 1818 1394 1874 desideria
1443 1829 1625 1872 nostra
1657 1821 1846 1874 votivis
1891 1820 2098 1875 indiciis
2128 1821 2174 1880 Β
2204 1836 2339 1889 [aius
2365 1835 2523 1889 νοειτί
2553 1834 2783 1889 visitatio
2808 1832 3111 1889 benedicai.

530 1914 739 1984 pietatis
752 1911 926 1965 studio
940 1910 1246 1973 cumulatis;
1267 1924 1489 1977 quorum
1508 1908 1808 1963 visitatione
1826 1919 2093 1980 suscepta,

528 2002 829 2057 Naaivitatis
858 2000 1135 2054 dominica}
1166 1998 1320 2052 nobis
1349 1999 1478 2052 festa
1504 1999 1876 2067 prosiieritatis
1904 2009 2099 2055 vestra:

526 2096 858 2165 geminantur
886 2100 1193 2160 augmento.
1222 2089 1325 2143 Pro
1351 2104 1452 2159 qua
1480 2090 1651 2157 gratia
1674 2105 1830 2159 quam
1854 2105 1978 2160 erga
2001 2105 2099 2147 nos

526 2185 795 2243 beatitudo
816 2194 989 2239 vestra
1018 2181 1228 2236 assidua
1252 2180 1559 2250 dignatione
1588 2182 1927 2251 multiplicat,
1960 2198 2096 2251 pra:-

528 2277 753 2333 sentiam
786 2282 1018 2329 vestram
1056 2272 1452 2326 succedentium
1498 2285 1760 2327 annorum
1802 2274 2099 2329 numerosi-

528 2374 638 2424 tate
661 2364 923 2420 Diviuitas
954 2360 1231 2431 propitiata
1262 2358 1597 2428 longaevitet.

1040 2449 1369 2505 EPISTOLA
1409 2450 1561 2503 LVII.

614 2558 802 2599 AVITUS
831 2553 1130 2621 νιεκκεδδιε
1160 2553 1431 2593 EPISCOPUS
1462 2554 1721 2594 GREGORIO
1744 2554 2005 2595 EPISCOPO.

597 2636 797 2705 Magna:
842 2630 1057 2701 quidem
1100 2639 1153 2684 et
1191 2630 1348 2683 nimis
1381 2630 1707 2684 admirandae
1736 2643 1858 2685 sunt
1886 2630 2093 2687 deliciae

528 2741 660 2798 quas
702 2722 951 2795 misistng
971 2719 1145 2789 copia,
1179 2727 1438 2787 tempore,
1476 2718 1761 2788 dignitate;
1793 2720 1886 2774 sed
1920 2730 2095 2776 tamen

528 2815 759 2877 effectui,
784 2811 982 2882 pietati,
1008 2807 1350 2864 sollicitudini
1391 2822 1494 2861 non
1524 2818 1819 2877 aequantur.
1848 2809 1950 2864 Per
1980 2824 2097 2878 qua:

528 2908 803 2980 probatur,
837 2918 942 2959 non
972 2910 1077 2956 tam
1106 2900 1340 2970 dignatio
1368 2909 1545 2954 vestra
1584 2900 1738 2955 nobis
1763 2915 1921 2970 quam
1955 2916 2096 2970 pra:-

527 3000 696 3055 sentia
722 2996 976 3051 defuisse.
1009 2993 1270 3061 Expedita
1301 2999 1383 3047 est
1403 2990 1775 3061 sulI‘ragiorum
1796 3002 2094 3048 vestrorum

526 3087 875 3161 prosperitate
898 3085 1184 3141 festivitas:
1210 3082 1292 3138 cui
1312 3093 1565 3152 quantum
1587 3083 1811 3138 accessit
1839 3098 2093 3152 corpora-

2719 1924 3049 1981 EPISTOLA
3088 1926 3200 1981 LX.

2236 2032 2423 2073 Ανιτυε
2457 2031 2759 2074 VIENNENSIS
2791 2032 3065 2074 EPISCOPUS
3106 2034 3426 2075 VIVENTIOLO
3466 2034 3734 2074 EPISCOPO.

2271 2108 2347 2164 Ad
2381 2110 2682 2163 firmitatem
2710 2108 3079 2177 promissionis
3105 2109 3319 2176 divinae,
3346 2110 3416 2164 sit
3443 2110 3583 2179 quod
3612 2121 3770 2164 antea

2199 2199 2539 2253 conccssistis
2588 2198 2716 2263 Est,
2764 2199 2894 2265 Est,
2936 2198 3077 2266 quod
3112 2208 3291 2269 postea
3327 2199 3594 2268 repetistis
3630 2198 3773 2264 Non,

2197 2289 2347 2353 Non;
2381 2290 2502 2356 quia
2531 2289 2575 2343 si
2606 2290 2741 2344 bene
2768 2290 3116 2357 occupatione
3158 2290 3500 2359 prtcsentium
3538 2290 3771 2360 qualitas

2201 2388 2579 2449 pcrtractatur,
2607 2381 2964 2437 conditionem
2996 2383 3136 2437 inter
3180 2396 3273 2438 vos
3300 2382 3563 2444 habitam,
3610 2382 3773 2437 etiam

2198 2471 2242 2526 si
2291 2481 2414 2525 tunc
2460 2486 2564 2525 non
2616 2471 2887 2528 debuisset
2925 2472 3211 2539 interseri,
3264 2473 3423 2528 modo
3471 2472 3775 2543 Specialiter

2196 2563 2412 2620 deceret
2436 2562 2675 2633 impleri.

2730 2651 3060 2708 EPISTOLA
3098 2650 3236 2709 LXI.

2198 2760 2382 2801 Ανιτυε
2424 2760 2727 2800 VIENNENSIS
2763 2760 3039 2800 EPISCOPUS
3072 2743 3099 2783 δ
3130 2757 3455 2799 εοκετλιιτιο
3497 2756 3765 2797 EPISCOPO.

2267 2837 2497 2892 Litteras
2533 2836 2830 2891 sanctitatis
2876 2845 2978 2890 tua:
3027 2834 3079 2889 in
3128 2832 3333 2889 Pascha
3378 2831 3625 2902 quidem,
3673 2831 3773 2885 sed

2197 2940 2301 2980 non
2351 2925 2627 2995 paschales
2670 2925 2884 2994 accepi,
2919 2923 3052 2978 nihil
3103 2924 3283 2991 utique
3324 2921 3393 2976 de
3428 2922 3652 2976 caritate
3681 2929 3773 2975 aut

2195 3014 2559 3069 sollicitudine
2594 3014 2970 3083 praeferentes;
2999 3013 3094 3068 sed
3120 3012 3309 3082 quibus
3328 3011 3548 3080 iubebas
3578 3021 3634 3065 ut
3660 3011 3771 3065 fra-

2197 3114 2330 3160 trem
2360 3114 2415 3160 et
2439 3105 2874 3160 consacerdotem
2901 3114 3143 3160 nostrum
3169 3102 3576 3169 Candidianum,
3608 3116 3769 3171 quem

525 3182 673 3243 lium,
704 3186 905 3232 tantum
938 3191 968 3230 a
1002 3174 1397 3266 consuetudine
1415 3173 1735 3266 spiritalium
1767 3173 1933 3229 defuit
1958 3189 2086 3243 epu-
2120 3173 2167 3240 ο
2197 3210 2295 3266 ego
2325 3196 2476 3266 quasi
2508 3195 2830 3266 peculiarem
2876 3194 3398 3257 commendavenm.
3444 3207 3549 3248 non
3595 3191 3771 3246 solum

528 3273 732 3326 larum:
757 3284 885 3339 quas
906 3266 1035 3321 mihi
1057 3265 1198 3321 Deus
1225 3263 1272 3320 si
1298 3263 1351 3317 in
1374 3262 1550 3319 futuro
1572 3265 1755 3319 tribuit
1770 3276 2091 3331 commeatu,

526 3364 665 3419 sicut
696 3374 838 3415 nunc
875 3373 970 3427 per
1008 3370 1106 3412 vos
1139 3356 1522 3424 transmittere,
1555 3355 1626 3409 ita
1658 3364 1782 3411 tunc
1816 3357 2090 3413 vobiscum

526 3451 780 3508 exhibere
808 3448 1078 3516 dignetur.

1039 3534 1365 3591 EPISTULA
1408 3534 1586 3588 LVIII.

524 3646 710 3691 unus
736 3640 1038 3685 VlENNENSlS
1075 3640 1348 3681 EPISCOPUS
1391 3634 1418 3663 α
1457 3640 1773 3680 νινεκτιοιο
1821 3640 2086 3684 EPISCOPO.

591 3723 703 3778 Nisi
732 3722 1035 3788 frequenter
1068 3726 1189 3771 vota
1211 3716 1523 3785 communia
1568 3727 1901 3784 peccatorum
1925 3718 2091 3787 impe-

522 3817 761 3871 direntur
796 3812 1028 3880 obiectu,
1071 3808 1297 3877 iussioni
1332 3809 1817 3863 consuetudinarite
1856 3811 2090 3868 caritatis

521 3906 679 3960 solito
706 3903 975 3957 volueram
1009 3913 1198 3967 parere
1217 3898 1458 3953 servitio.
1498 3898 1630 3953 Nam
1659 3914 1778 3955 cum
1814 3900 2089 3961 festivitati

524 3997 781 4066 vobisque
819 4006 1102 4049 occurrere
1138 3989 1363 4061 duplicis
1398 3992 1701 4063 compendii
1744 4008 1833 4050 res
1875 3996 2082 4067 fuisset,

592 4168 618 4197 ι
646 4151 1022 4227 Invitatusad
1054 4150 1424 4220 Lugdunensis
1453 4151 1696 4227 ecclesia:
1744 4152 2083 4227 festivitatem

522 4222 758 4290 excusat,
788 4223 929 4293 quod
967 4222 1413 4295 Vieuua_pr0pter
1451 4223 1735 4276 adventum
1782 4226 2083 4295 principum

520 4302 707 4353 abesse
728 4290 831 4348 non
862 4291 1025 4364 possit
1041 4290 1378 4364 {eodemque
1406 4300 1609 4364 spectat
1630 4303 1683 4364 et
1707 4290 1937 4364 sequens
1958 4290 2085 4364 'epi-

520 4368 679 4422 stola.
706 4364 839 4418 Nam
865 4360 923 4416 S.
945 4360 1079 4414 Justi
1100 4360 1408 4413 solemnitas
1435 4360 1673 4428 Lugduni
1695 4360 2041 4418 celeberrima
2066 4382 2079 4416 :

521 4438 589 4521 do
632 4429 1227 4521 quaet-Sidoniusnlib:
1257 4428 1509 4521 viepist:
1533 4429 1665 4521 il:-
1684 4430 2086 4521 (genaeneramus

520 4506 588 4559 ad
626 4498 687 4559 S.
717 4502 855 4556 Iusti
896 4499 1219 4571 sepulcrum;
1258 4498 1717 4571 processiofuerat
1761 4503 2084 4571 antelucana,

522 4574 817 4641 solemnitas
845 4564 1213 4641 anniversaria,
1256 4564 1477 4641 populus
1518 4564 1722 4641 ingens,
1752 4585 1898 4641 quem
1936 4564 2090 4641 cupa;

521 4644 724 4697 cissima
752 4638 959 4709 basilica
984 4652 1083 4709 non
1112 4645 1330 4709 caperet.
1363 4634 1472 4688 Hoc
1491 4634 1630 4709 vero
1659 4637 1724 4691 ad
1753 4634 1897 4709 allud
1922 4634 2087 4709 perti-

522 4720 614 4767 net
637 4723 803 4777 geuus
822 4705 1184 4777 epistolarum,
1215 4704 1405 4777 quibus
1425 4704 1667 4777 solebant
1694 4704 1937 4777 episcopi
1960 4711 2088 4765 vici-

524 4773 708 4834 narum
739 4773 943 4833 aedium
974 4774 1202 4842 collegas
1228 4773 1507 4842 episcopos
1532 4774 1598 4827 ad
1628 4773 1836 4831 urbium
1875 4773 2088 4835 suarum

522 4848 858 4918 celebritates
885 4840 1135 4918 invitare}
1158 4840 1320 4909 Cujus
1349 4840 1512 4918 moris
1540 4847 1841 4918 egemplum
1878 4850 2088 4918 iu_signe

521 4927 605 4973 est
632 4917 768 4983 apud
796 4914 1041 4969 Basiliam
1074 4912 1315 4983 magnum
1350 4914 1507 4978 epist.
1538 4913 1667 4980 29l,
1698 4912 1783 4967 ubi
1820 4918 1885 4971 ad
1913 4912 2091 4973 Caesa-

521 4981 776 5043 riensium
800 4990 1087 5051 martyrum
1110 4981 1248 5034 diem
1272 4983 1718 5047 anniversarium,
1745 4999 1850 5039 non
1882 4988 2087 5044 vicinos

522 5058 701 5118 modo,
722 5054 816 5122 sed
842 5055 1001 5106 totius
1025 5051 1254 5103 Ponticae
1275 5052 1521 5105 dieeccsis
1543 5057 1822 5122 episcopos
1843 5055 2087 5112 advocat.

519 5131 659 5182 Ἐπιί
686 5121 773 5179 οὖν
794 5122 1156 5191 ἐπισημότατοι
1185 5124 1477 5195 μαρτύρων,
1502 5124 1767 5248 Εὺὲύγιος
1800 5130 1882 5181 καὶ
1920 5130 2089 5198 Δάμας·

520 5200 603 5248 καὶ
633 5196 658 5248 ὁ
684 5198 801 5248 περὶ
822 5194 1004 5248 αὐτοὺς·
1030 5193 1208 5248 γυρὸς.
1236 5190 1303 5246 ὧν
1331 5196 1361 5248 ἡ
1394 5196 1558 5248 μνήμη
1618 5193 1648 5247 ι’
1663 5181 1811 5248 ἔτους
1834 5199 1977 5248 παρά
1996 5207 2089 5248 τῆς

520 5200 604 5285 sui
633 5196 658 5250 ὁ
684 5198 801 5285 περὶ
817 5181 1208 5281 ειύτοῦςχοξὸξ,
1236 5181 1303 5246 ὧν
1331 5181 1367 5249 ἦ
1392 5181 1565 5285 ituan
1578 5181 1811 5280 δι”ξτοῖδς
1834 5181 2089 5285 impigris

520 5268 708 5325 πόλεως
736 5260 894 5333 ήμῶν,
918 5260 1036 5336 ’καί
1056 5260 1159 5336 is;
1192 5260 1500 5336 tfsptoqtidoe
1536 5261 1606 5336 δέΔ
1631 5266 1802 5326 πάσης
1844 5260 2085 5335 τελεῖται,

518 5329 887 5405 ὑπομιμνήσκει
905 5333 1061 5402 ὑμᾶς,
1096 5334 1179 5387 τὸν
1200 5329 1324 5388 ἴδιον
1351 5332 1535 5405 ἑαυτῆς
1555 5332 1740 5405 κόσμον
1766 5336 1796 5393 ἠ
1828 5329 2083 5404 inimici,

519 5403 741 5479 adeo;
780 5404 1026 5479 ἡμετέρας
1063 5408 1228 5479 peiuri;
1277 5403 1661 5479 reparabile-ct,
1723 5409 1813 5463 τήν
1846 5409 2085 5479 ρερχᾳίαν

519 5471 943 5532 ἁποὶαϐιῑὶτῆς-
978 5471 1286 5540 ἐπισκέψεως
1329 5471 1463 5541 ήμῶν
1504 5475 1787 5541 συνήθειαν.
1831 5471 2086 5540 Quocirca

520 5561 633 5598 cum
662 5547 792 5598 inter
815 5551 1058 5613 martyres
1082 5540 1375 5594 nobilissimi
1413 5542 1511 5594 sint
1546 5540 1866 5613 Eupsychius
1898 5554 1945 5598 et
1978 5544 2085 5597 Da-

520 5631 630 5667 mas
657 5616 876 5681 sociique
896 5611 1143 5681 ipsorum,
1161 5626 1375 5681 quorum
1398 5611 1741 5665 anniversaria
1764 5614 2004 5666 memoria
2028 5615 2082 5667 in

523 5684 645 5735 urbe
670 5679 845 5737 nostra
874 5690 1075 5747 totaque
1102 5679 1283 5732 vicinia
1302 5679 1603 5745 celebratur,
1627 5682 1862 5733 admonet
1886 5698 1970 5736 vos
1991 5700 2080 5749 pe-

524 5752 712 5808 culiare
736 5752 888 5808 decus
915 5765 1064 5807 suum
1102 5750 1332 5813 ecclesia.
1361 5764 1575 5817 voceque
1614 5760 1785 5804 nostra
1825 5752 2071 5808 hortatur.

2114 4474 2169 4537 D

2197 3287 2262 3341 ad
2292 3288 2607 3342 clericorum
2629 3328 2643 3352 ,
2676 3302 2858 3342 verum
2887 3288 3048 3340 etiam
3084 3296 3107 3324 ο
3136 3285 3201 3339 ad
3249 3284 3502 3338 laicorum
3549 3281 3773 3337 audien-

2200 3379 2323 3432 tiam
2365 3378 2726 3443 desﬁnarem,
2778 3393 2807 3431 a
2844 3379 3036 3448 quibus
3081 3385 3291 3432 constat
3339 3377 3617 3430 diaconum
3652 3373 3773 3443 eius

2200 3485 2295 3536 pro
2343 3471 2488 3525 civili
2535 3485 2695 3526 causa
2742 3471 2923 3525 servili
2969 3469 3223 3525 custodia:
3274 3467 3657 3536 mancipatum.
3702 3465 3774 3520 Et

2198 3560 2342 3627 ideo,
2370 3562 2417 3617 si
2453 3563 2685 3618 censetis
2712 3563 2888 3617 omnia
2918 3564 2987 3617 de
3028 3561 3237 3615 clericis
3281 3559 3472 3616 vestris
3511 3559 3771 3613 laicorum

2198 3651 2506 3706 testimonio
2535 3652 2833 3721 credenda,
2874 3650 3171 3706 rescribite.
3202 3650 3551 3720 Consequens
3580 3648 3684 3703 erit
3711 3654 3771 3701 ut

2195 3734 2323 3790 dum
2350 3736 2685 3791 saecularium
2717 3737 2960 3791 notitiam
2988 3749 3054 3790 ex
3081 3733 3326 3789 omnibus
3358 3748 3475 3805 qua:
3512 3732 3564 3786 iu
3589 3746 3772 3786 mmo-

2195 3839 2309 3880 rem
2361 3826 2581 3881 veniunt
2636 3826 3022 3892 consulamus,
3072 3824 3389 3880 clericorum
3464 3822 3769 3876 libertatem

2194 3914 2504 3984 prodamus.
2550 3914 2685 3971 Illud
2732 3924 2908 3971 tamen
2957 3915 3108 3985 quasi
3149 3927 3300 3969 amor
3328 3920 3449 3967 tuus
3483 3925 3771 3982 suggerere

2198 4018 2262 4060 ac
2291 4019 2512 4062 monere
2550 4020 2839 4077 praesumo,
2869 4004 2897 4045 ιι
2925 4020 2995 4062 ne
3021 4013 3240 4076 propter
3280 4004 3428 4060 leves
3467 4016 3658 4057 causas
3682 4042 3697 4067 ,
3715 4010 3771 4055 et

2190 4170 2245 4213 ut
2275 4163 2534 4230 antiquam
2561 4161 2799 4215 uisitandi
2828 4174 2919 4213 nos
2944 4154 3359 4230 consuetudinem
3380 4152 3641 4218 repetatis.

2261 4230 2288 4268 ι’
2313 4225 2425 4285 Duo
2456 4232 2613 4300 huius
2636 4227 3117 4300 nominisepiscepi
3147 4225 3245 4279 sub
3274 4225 3610 4300 bootempus
3629 4235 3763 4300 co_n-

2189 4299 2313 4353 cilio
2345 4292 2646 4369 Epaonensi
2675 4292 3318 4369 subscripseruntpunus
3361 4292 3764 4369 Octodorensis,

2192 4368 2330 4423 alter
2351 4361 2718 4439 vapincensis.
2750 4361 2986 4439 Quorum
3014 4365 3165 4421 alteri
3195 4364 3321 4439 quin
3350 4361 3664 4439 ascrihenda
3695 4364 3768 4415 sit

2191 4432 2681 4508 episto'a'dubium
2723 4432 2829 4493 non
2860 4437 3100 4508 videtur;
3132 4434 3249 4508 ⁸ιιι,ιοί
3278 4441 3454 4485 autem
3480 4432 3767 4508 incertum.

2267 4518 2288 4546 ο
2319 4508 2645 4564 Clericorum
2688 4508 2880 4577 quippe
2917 4504 3164 4577 libertati
3198 4510 3456 4577 repugnat
3469 4541 3513 4577 ,_
3534 4512 3588 4554 et
3627 4502 3771 4577 allii-

2191 4578 2449 4646 quissimo
2479 4593 2665 4634 eorum
2694 4569 2992 4647 privilegio,
3014 4572 3167 4647 quod
3190 4587 3219 4625 a
3252 4569 3620 4647 Valentiniano
3644 4570 3768 4623 Cae-

2190 4640 2310 4701 sare
2334 4657 2453 4715 post
2479 4640 2795 4703 exstinctam
2838 4640 3058 4715 Joannis:
3086 4640 3419 4715 tyrannidem
3447 4648 3763 4715 renovatum

2189 4726 2290 4786 est,
2336 4710 2455 4786 lege
2498 4719 2683 4772 ultima
2728 4715 2848 4771 cod.
2875 4713 3086 4786 Theod._
3109 4710 3230 4786 'De_
3253 4710 3518 4786 episcopis
3542 4719 3711 4786 ,_etc.
3749 4726 3765 4761 :

2190 4778 2417 4856 Clericos
2437 4788 2606 4851 etiam,
2655 4802 2782 4856 quos
2825 4782 3137 4839 indiscretim
3164 4780 3230 4832 ad
3257 4779 3542 4856 cruentares
3557 4778 3768 4856 judices

2190 4855 2366 4908 debere
2398 4857 2578 4909 deduci
2593 4848 2859 4923 infaustus
2888 4860 3222 4923 praesumptor
3252 4848 3524 4911 indixerat,
3567 4848 3769 4923 ep_isco-_

2189 4924 2292 4992 pali
2315 4925 2588 4979 audientiae
2606 4917 2937 4979 reservamus.
2973 4920 3079 4976 Fas
3106 4917 3239 4975 enim
3276 4934 3376 4971 non
3405 4927 3500 4983 est,
3528 4917 3768 4992 utdirini

2188 4985 2410 5115 mzneris
2462 4996 2680 5049 ministri
2733 4992 3089 5065 temporalium
3133 4995 3437 5059 potestatum
3478 4985 3769 5041 subdantur

2190 5080 2248 5115 ar
2283 5074 2422 5115 uno.

2190 5065 2422 5119 arbitrio.

2259 5131 2285 5169 ά
2313 5133 2463 5201 Quod
2494 5147 2725 5189 canones
2755 5132 2952 5203 passim
2980 5129 3270 5203 inculcant,
3301 5141 3364 5182 ac
3392 5127 3593 5203 diserte
3618 5125 3768 5203 inter

2189 5196 2487 5258 Gallicanos
2529 5214 2709 5272 postea
2748 5196 2923 5258 sanxit
2961 5198 3228 5256 secundus
3256 5198 3467 5259 concilii
3513 5196 3766 5272 Aurelia:

2189 5274 2367 5343 [tensis
2394 5288 2425 5326 ν
2458 5291 2470 5325 :
2495 5266 2562 5327 U't
2592 5272 2767 5327 nullus
2788 5272 3106 5343 sacerdotum
3131 5283 3429 5343 quamquam
3456 5274 3609 5320 recite
3637 5266 3768 5343 [ἱάεὶ

2186 5342 2438 5396 hominem
2469 5358 2558 5412 pro
2598 5344 2767 5410 paruis
2809 5350 2854 5396 et
2883 5342 3071 5395 levibus
3099 5338 3266 5412 causis
3314 5355 3347 5391 a
3396 5338 3768 5412 communione

2186 5404 2480 5481 suspendat;
2506 5404 2688 5481 praeter
2708 5428 2793 5465 eas
2814 5412 3012 5481 culpas,
3033 5425 3126 5478 pro
3146 5407 3327 5481 quibus
3346 5408 3540 5481 antiqui
3569 5404 3769 5481 _Patrcs

2185 5482 2247 5534 ab
2274 5476 2486 5535 ecclesia
2506 5476 2675 5534 'arceri
2702 5476 2964 5550 jusserunt
3006 5476 3386 5550 committentes.
3413 5476 3680 5550 Quocirca
3704 5484 3769 5529 ut

2189 5552 2289 5605 hoc
2320 5551 2436 5605 loco
2465 5545 2831 5605 Constantium
2860 5549 3066 5609 Avitus.
3090 5549 3166 5602 sic
3192 5548 3445 5601 Hilarium
3477 5545 3771 5599 Arelaten-

2185 5632 2297 5674 sem
2329 5620 2430 5675 ltoc
2465 5622 2680 5689 nomine
2710 5627 2853 5689 taxat
2882 5619 2989 5673 Leo
3026 5617 3244 5687 Magnus
3268 5618 3423 5689 epist.
3470 5616 3538 5689 89
3566 5652 3583 5679 ν
3614 5614 3765 5684 quod

2184 5691 2612 5748 communionem
2641 5688 2797 5746 facile
2825 5688 3133 5759 denegaret.
3304 5688 3344 5695 "
3381 5688 3395 5695 ’
3462 5688 3515 5696 ““
