4024 6172
288 162 351 214 ’ἱὸ
1558 149 1886 208 EPISTULA
1928 150 2111 206 LXVI.

3395 156 3500 208 274

251 291 350 328 non
389 275 454 327 ad
488 274 674 338 Deum,
708 272 803 327 sed
829 270 897 326 ad
927 270 1181 326 saeculum
1215 269 1564 339 pertinentes,
1594 281 1662 321 ne
1704 264 1823 319 laici
1851 267 1903 323 Α
1931 275 2218 322 convertor
2237 267 2301 322 ad
2330 281 2535 337 preces,
2568 268 2803 323 divinam
2834 267 3255 323 misericordiam
3280 283 3496 337 rogans,

246 364 480 434 quidem,
512 379 621 417 non
650 363 827 417 dicam
858 362 1062 429 clerici,
1091 371 1278 416 sancta
1307 360 1682 416 communione
1711 356 1819 425 pri-

251 462 440 507 ventur
470 471 482 504 :
512 451 636 521 quia
668 452 839 506 nescit
868 451 1023 518 cujus
1043 450 1313 520 dignitatis
1342 451 1412 504 sit
1439 450 1552 517 ipsa
1572 462 1816 502 commu-

249 545 355 609 nio,
376 544 465 613 qui
488 558 595 598 non
625 558 767 607 eam,
797 543 942 597 omni
971 544 1309 597 animositate
1338 543 1594 611 seposita,
1622 550 1817 595 etcum

247 647 436 702 magno
458 632 648 688 dolore
676 632 974 701 suspendit,
997 642 1195 687 etcum
1226 632 1457 686 maxima
1482 631 1817 685 festinatione

248 722 495 777 restituit.

736 821 761 848 ⁸
803 810 1130 865 EPISTULA
1169 810 1328 864 LXII.

470 918 812 959 APOLLINLBIS
833 916 1106 956 EPISCOPUS
1132 916 1291 955 AVITO
1313 913 1576 955 EPISCOPO.

311 994 563 1066 Cogitans
610 1006 770 1063 atque
816 1004 1187 1064 pertractans,
1237 992 1684 1048 inofficiositatem
1729 1008 1818 1047 vce

246 1096 405 1141 stram
443 1102 549 1154 qua
579 1086 781 1139 ultione
808 1085 1181 1154 percellerem,
1214 1085 1288 1138 nil
1328 1084 1814 1153 digninsjudicavi,

245 1190 399 1243 quam
435 1176 481 1229 si
519 1174 785 1229 declinata
822 1174 1013 1242 injuria
1045 1174 1178 1229 nihil
1219 1175 1433 1243 segnius
1479 1174 1816 1228 intentarent.

246 1267 317 1321 Ne
340 1282 501 1336 quam
523 1266 688 1335 igitur
739 1268 789 1320 in
820 1275 1090 1335 posterum
1120 1265 1437 1331 vereamini,
1469 1266 1560 1336 qui
1598 1267 1819 1322 cernitis

247 1366 563 1427 prmsentem
596 1372 788 1411 noxam
821 1358 1065 1426 protinus
1092 1357 1319 1426 expiari.

756 1445 1081 1501 EPISTULA
1127 1445 1313 1501 LXIII.

289 1553 483 1594 AVITUS
509 1553 814 1593 “ENNENSIS
846 1553 1118 1592 EPISC‘IPUS
1148 1553 1462 1592 APOLLINARI
1492 1551 1763 1592 EPISCOPO.

1926 366 1983 409 nt
2007 357 2204 412 caritas
2243 358 2395 426 cujus
2432 360 2729 428 profectum
2766 360 2943 415 studio
2967 359 3231 426 asseritis,
3255 359 3403 414 vobis
3432 361 3496 413 ad

1924 450 2219 515 praemium,
2255 449 2384 503 milii
2431 449 2497 503 ad
2549 449 2842 520 gaudium,
2892 452 3100 507 cunctis
3148 449 3389 522 proficiat
3430 451 3496 506 ad

1922 541 2248 609 exemplum.

2437 631 2769 687 EPISTULA
2809 633 2967 687 LXV.

1978 734 2166 773 Ανιτυε
2206 736 2509 776 VIENNENSIS
2551 736 2828 779 EPISCOPUS
2867 723 2893 762 1³
2934 739 3135 779 lIAXIIIO
3174 737 3438 778 EPISCOPO.

1992 810 2262 875 Quantum
2290 811 2356 865 ad
2408 811 2672 866 infernum
2717 822 2924 881 spectat
2948 822 3002 869 et
3031 814 3221 880 ﬁnem,
3249 814 3490 884 aliquan-

1923 897 2049 952 tnlis
2077 900 2380 967 corpusculi
2412 901 2613 955 viribus
2655 900 2840 970 vigco.
2889 903 3077 956 anxius
3109 912 3305 967 tamen,
3350 904 3491 971 quod

1921 990 1990 1042 de
2038 993 2234 1046 domno
2282 1001 2305 1030 ο
2338 992 2445 1046 filio
2489 1004 2704 1057 vestro,
2742 992 2823 1046 vel
2862 994 3198 1049 absolutionc
3244 994 3491 1064 colloquii

1922 1082 1996 1135 nil
2025 1098 2278 1151 agnosco.
2310 1084 2449 1153 quod
2483 1100 2581 1139 nec
2610 1100 2677 1140 eo
2717 1086 2817 1139 loci
2863 1085 3050 1140 fuerim
3096 1096 3153 1140 ut
3205 1100 3491 1155 agnoscere

1924 1174 2238 1242 potuissem.
2270 1174 2401 1227 Nam
2426 1175 2762 1229 monasteriis
2789 1173 2814 1211 ἀ
2846 1175 3309 1230 Grenencensibus
3336 1190 3489 1230 occu-

1924 1274 2100 1333 patus,
2133 1265 2438 1335 aliquandiu
2463 1264 2571 1335 jam
2616 1266 2919 1320 habitacula
2948 1268 3179 1323 civitatis
3197 1266 3489 1321 abfueram.

1925 1354 2197 1423 Siquidem
2246 1354 2451 1408 delicia:
2481 1368 2615 1423 quas
2655 1355 2959 1424 dignatione
3004 1356 3155 1410 Solita
3199 1355 3489 1419 direxistis,

1922 1444 1976 1498 iu
2007 1446 2195 1501 itinere
2222 1461 2309 1501 me
2336 1454 2388 1499 et
2416 1446 2589 1501 adhuc
2612 1446 2681 1501 ab
2706 1447 2834 1500 urbe
2864 1446 3118 1500 remotius
3153 1447 3381 1515 positum
3410 1462 3490 1500 re~

1924 1547 2201 1606 pererunt.
2248 1538 2529 1607 Quasque,
2561 1540 2702 1608 quod
2749 1537 3113 1608 multipliciter
3142 1539 3354 1600 mirum,
3383 1551 3490 1591 ser~

309 1632 389 1686 Ne
441 1631 712 1686 festivitati
763 1644 1102 1684 occurrerem
1151 1629 1441 1683 necessitas
1480 1630 1717 1695 obstitit;
1762 1639 1820 1686 nt
1848 1623 1894 1682 Β
1924 1642 2022 1681 vus
2065 1638 2241 1682 vester
2289 1628 2617 1697 Leonianns,
2650 1629 2874 1683 multum
2924 1642 3171 1699 gemens,
3216 1628 3491 1682 minimttm

246 1725 370 1777 mihi
419 1723 679 1777 festivitas
725 1732 1071 1788 occurreret,
1122 1721 1427 1776 humanitas
1486 1724 1816 1791 procuravit.

244 1813 488 1868 Scribitis
513 1828 642 1881 ergo
674 1812 1066 1867 indevotionem
1091 1827 1264 1867 meam
1289 1811 1508 1867 marinis
1529 1828 1627 1868 vos
1651 1814 1819 1883 copiis

246 1904 429 1958 luisse.
481 1904 707 1973 Dignum
752 1902 960 1957 scilicet
1000 1917 1168 1972 genus
1210 1903 1494 1973 supplicii,
1543 1906 1684 1973 quod
1733 1922 1819 1961 me

244 1994 521 2053 faciat.....
552 2008 672 2047 eum
720 1993 988 2048 desiderio
1016 1994 1151 2063 gula:
1180 1993 1511 2049 conflictum.
1553 1994 1696 2050 Satis
1726 2012 1819 2050 vo-

244 2092 317 2146 bis
341 2092 660 2160 prazsentari
692 2104 966 2159 cuperem,
1000 2089 1046 2143 si
1090 2104 1195 2143 non
1230 2089 1403 2144 taliter
1439 2091 1699 2159 puniretis
1726 2093 1819 2145 ab-

242 2193 446 2237 sentes.
480 2182 691 2238 Utinam
732 2196 975 2235 censurae
1016 2190 1205 2237 vestra:
1240 2181 1293 2237 in
1321 2191 1636 2238 contumace
1663 2200 1817 2252 poena

244 2288 343 2327 non
379 2275 609 2327 desinat.
635 2273 775 2329 Nihil
806 2274 972 2343 magis
1003 2273 1162 2329 timeo
1192 2290 1347 2344 quam
1388 2277 1528 2346 quod
1558 2292 1643 2331 me
1664 2278 1818 2347 jube—

243 2368 305 2419 tis
335 2366 396 2420 in
426 2373 699 2435 postetum
746 2366 819 2419 nil
847 2366 1040 2420 vereri.
1073 2365 1459 2435 lndulgentiam
1504 2367 1580 2422 illi
1612 2370 1699 2438 qui
1731 2385 1816 2424 ro-

240 2458 449 2517 gaverit
500 2456 655 2521 date,
714 2455 800 2509 cui
855 2456 1000 2510 avari
1045 2470 1165 2510 esse
1210 2456 1486 2511 volueritis
1534 2458 1814 2525 ignoscite.

237 2549 507 2602 Caeterum
546 2562 649 2610 me,
682 2547 988 2616 qualitatem
1033 2546 1381 2603 districtionis
1406 2559 1708 2620 expertum,
1740 2552 1819 2605 of-

241 2638 447 2692 fensam
483 2636 650 2703 magis
678 2646 909 2691 vestram
943 2646 1154 2691 constat
1191 2636 1497 2693 desiderare
1532 2653 1689 2708 quam
1725 2655 1819 2696 ve~

240 2728 402 2782 niam.
451 2724 530 2781 De
575 2737 790 2789 caetero,
842 2728 1172 2782 orationibus
1212 2730 1406 2783 vestris
1438 2730 1635 2784 tribuat
1679 2731 1818 2785 Dens

238 2826 448 2881 noster,
476 2824 536 2870 ut
560 2816 645 2883 qui
678 2814 949 2869 festivitati
980 2816 1137 2886 hujus
1166 2818 1443 2885 praesentis
1470 2819 1596 2873 anni
1625 2819 1817 2875 ofﬁciis

239 2908 403 2977 magis
434 2922 596 2975 quam
627 2907 832 2961 deliciis
862 2908 1035 2973 abfui,
1064 2907 1116 2962 in
1148 2917 1387 2977 tempore
1418 2910 1595 2966 futuro
1620 2913 1816 2968 vestris

1924 1732 2163 1784 sumens,
2194 1718 2350 1772 avido
2380 1719 2615 1787 quidem,
2640 1719 2732 1774 sed
2762 1734 2928 1774 vacuo
2960 1728 3147 1775 ventre
3179 1718 3487 1773 transmisit.

1924 1809 2175 1863 Putasses
2201 1809 2436 1878 eulogias
2465 1818 2671 1865 vestras
2700 1812 2871 1866 tenaci
2909 1826 3190 1867 corvorum
3222 1818 3398 1865 rostro
3427 1809 3491 1863 ad

1924 1905 2053 1957 Elite
2102 1903 2221 1968 (III
2273 1906 2398 1975 Iteg.
2456 1920 2586 1971 xvii,
2636 1906 2691 1975 6)
2742 1916 2948 1973 pastum
2997 1906 3189 1975 bajulis
3229 1903 3491 1975 unguibus

1920 1996 2186 2051 exhiberi.
2236 1996 2385 2051 Adeo
2424 1997 2490 2053 ab
2531 1997 2875 2052 insultatione
2913 2011 3027 2051 mea
3073 1998 3127 2049 in
3171 2010 3265 2050 vos
3297 1995 3490 2064 justius

1920 2090 2249 2155 exercenda,
2293 2089 2439 2145 misit
2478 2091 2753 2159 esuriens,
2797 2091 2939 2161 quod
2969 2106 3157 2145 vorare
3183 2103 3288 2142 non
3321 2088 3490 2159 potuit

1921 2182 2326 2249 concupiscens.
2378 2180 2579 2236 Vellem
2626 2197 2766 2236 nunc
2807 2180 2947 2236 scire
2978 2180 3101 2250 quid
3150 2179 3314 2250 prosit
3348 2178 3489 2247 quod

1921 2274 2055 2343 gulae
2084 2272 2366 2342 peculiaris
2398 2273 2580 2327 famuli
2604 2271 2681 2327 sic
2705 2272 2951 2339 studetis,
2975 2272 3059 2327 cui
3092 2288 3158 2326 ne
3186 2271 3314 2326 mihi
3340 2270 3491 2326 datas

1920 2380 1949 2418 a
1981 2366 2090 2419 Deo
2117 2364 2371 2433 vobisque
2400 2366 2583 2433 epulas
2624 2366 2691 2420 de
2730 2380 2822 2419 ore
2854 2365 2938 2419 vel
2981 2364 3226 2421 tuanibus
3256 2374 3488 2433 raperet,

1918 2457 2173 2529 optabilis
2209 2457 2520 2511 absentandi
2566 2472 2724 2512 causa
2751 2473 2837 2512 me
2883 2457 3039 2526 rapit.
3073 2456 3335 2512 Caeterum
3369 2467 3393 2495 °
3423 2457 3492 2512 de

1892 2544 2249 2613 recentibus,
2281 2549 2404 2617 quia
2433 2548 2740 2617 praecipitis,
2775 2558 2829 2604 et
2858 2563 3009 2604 meas
3048 2558 3226 2619 partes
3252 2549 3408 2615 cedo,
3438 2558 3491 2607 et

1920 2641 2239 2709 multiplices
2282 2655 2422 2694 snas.
2474 2642 2665 2696 Utatur
2708 2652 3007 2709 paterarum
3054 2642 3350 2710 capacitate
3395 2656 3491 2712 pro

1918 2737 2103 2805 capis:
2136 2742 2331 2789 atterat
2378 2733 2541 2789 labris
2590 2733 2825 2804 phialas,
2867 2749 2999 2803 quas
3036 2734 3329 2789 circumdet
3354 2733 3491 2802 pita-

1919 2829 2123 2883 ciorum
2167 2825 2432 2881 densitate
2495 2839 2593 2893 pro
2648 2824 2883 2879 circulis.
2950 2824 3084 2878 Nam
3144 2824 3343 2879 curabo
3392 2839 3490 2892 ego

1918 2932 2153 2988 quoque,
2185 2916 2327 2985 quod
2358 2930 2479 2971 eum
2524 2915 2662 2970 velle
2709 2929 2999 2985 cognosco,
3031 2930 3152 2969 cum
3192 2915 3365 2969 simile
3393 2914 3489 2969 ali-

236 3015 319 3053 me
336 2998 679 3054 orationibus
704 2998 895 3052 affectu
922 3014 1026 3053 non
1054 2998 1216 3053 simili
1244 3003 1596 3067 praesentetis,
1620 3013 1813 3060 etcum
1843 2991 1890 3054 C
1921 3008 2047 3079 quid
2077 3008 2143 3062 de
2171 3015 2341 3061 vestra
2372 3005 2749 3060 benedictione
2795 3020 3007 3071 eruere,
3030 3004 3097 3059 ad
3120 3004 3481 3073 multiplican-

236 3090 485 3155 rediero,
513 3090 798 3144 severitate
841 3088 1003 3144 simili
1051 3091 1365 3146 absentasse
1401 3092 1649 3149 credatis.
1681 3096 1813 3152 Octo

235 3182 505 3249 palustres
531 3180 649 3249 quis
676 3181 799 3250 quia
830 3196 888 3234 se
909 3180 1017 3234 duo
1039 3182 1185 3251 paria
1212 3182 1501 3254 solearum,
1529 3200 1647 3256 quae
1676 3188 1813 3244 den-

234 3274 372 3331 tibus
410 3276 735 3341 maceretis,
760 3275 1096 3345 aliquatenus
1124 3288 1456 3342 commotus,
1490 3295 1595 3333 non
1634 3289 1809 3336 tamen

229 3382 293 3422 ex
313 3368 531 3438 integro
559 3368 759 3422 malum
784 3384 877 3436 pro
902 3368 1042 3423 malo
1068 3369 1297 3423 reddens
1324 3370 1524 3427 direxi.

738 3457 1068 3513 EPISTULA
1113 3458 1298 3513 LXIV.

275 3562 468 3603 AYI‘I’US
510 3562 816 3603 VIENNENSIS
843 3562 1116 3603 EPISCOPUS
1144 3564 1457 3605 VIVENTIOLO
1487 3566 1749 3609 EPISCOPO.

297 3639 541 3695 Servatis
560 3639 856 3707 dulcedinis
878 3655 1102 3707 morem,
1126 3641 1255 3708 imo,
1285 3651 1344 3696 ut
1372 3644 1548 3698 verius
1577 3646 1803 3713 dicatur,

228 3731 459 3799 augetis.
493 3730 772 3785 Refecistis
815 3730 1230 3786 sollicitudinem
1279 3742 1513 3788 nostram
1545 3735 1613 3791 de
1655 3737 1805 3792 vobis

232 3838 485 3891 prospera
514 3823 802 3877 nuntiando
835 3841 846 3875 :
882 3824 1133 3879 visitastis
1161 3823 1502 3881 festivitatem
1530 3826 1599 3881 de
1636 3828 1794 3884 nobis

224 3931 341 3982 quae
370 3917 643 3985 optabatis
672 3932 961 3987 agnoscere
990 3919 1275 3987 cupiendo.
1307 3919 1454 3975 Inter
1497 3921 1593 3976 has
1624 3932 1799 3978 tamen

226 4007 548 4075 multiplices
586 4008 772 4076 epulas
818 4008 1119 4063 animorum
1150 4049 1168 4075 ,
1214 4010 1375 4065 etiam
1433 4014 1803 4080 corporalibus

223 4112 436 4166 quoque
466 4098 666 4152 deliciis
694 4099 925 4153 ornastis
968 4108 1022 4155 et
1053 4114 1315 4168 mensam,
1348 4104 1438 4171 qui
1471 4103 1802 4170 Spiritalibus

225 4188 493 4255 paveratis
540 4188 853 4243 Ecclesiam.
903 4192 1238 4260 Quapropter
1262 4192 1433 4262 impar
1481 4194 1547 4248 ad
1577 4194 1800 4263 gratias,

290 4335 315 4363 ι
359 4326 615 4380 Fratrum
657 4342 840 4382 amore
885 4327 1077 4396 dignus
1125 4326 1423 4383 conflictus.
1474 4329 1797 4396 Apollinaris
1826 4335 1875 4394 Ι)

224 4396 359 4450 Aviti
408 4397 592 4468 fratris
634 4398 1110 4468 inofficiositatem,
1156 4398 1300 4463 sive,
1354 4409 1409 4452 ut
1454 4400 1640 4455 Avitus
1684 4400 1797 4468 ipse

223 4476 403 4529 vocat,
458 4467 886 4531 indevotionem,
936 4467 1075 4535 quod
1115 4468 1182 4521 ad
1214 4469 1508 4523 Valentinze
1554 4467 1797 4525 ecclesia:

223 4536 567 4590 ll-Stivitatem
612 4552 719 4590 non
762 4538 991 4603 venerit,
1046 4537 1338 4601 ulciscens,
1382 4539 1627 4606 supplicii
1678 4543 1795 4594 loco

223 4618 445 4679 munera
499 4606 761 4659 miserat:
801 4608 1018 4679 Avitus,
1073 4608 1291 4661 fraterni
1339 4610 1583 4679 supplicii
1628 4626 1794 4679 gentts

220 4672 466 4735 laudans.
498 4680 612 4743 pari
637 4692 755 4729 eum
787 4677 962 4729 studio
993 4687 1386 4731 remuneratur.

286 4744 311 4781 δ
353 4747 682 4800 Genavensi.
730 4745 891 4814 Cujus
944 4762 1134 4799 nomen
1184 4747 1322 4801 inter
1372 4747 1653 4815 episcopos
1704 4750 1793 4815 qui

221 4811 523 4879 Epaonensi
563 4811 1131 4869 concilio'adfuerunt.
1178 4818 1260 4872 Ab
1302 4811 1667 4886 lioc'eulugias
1698 4811 1791 4872 seu

218 4899 443 4955 munera
466 4927 480 4947 ,
515 4886 721 4953 opimas
759 4887 943 4955 epulas
980 4901 1097 4939 cum
1130 4888 1457 4953 accepisset,
1503 4888 1554 4941 in
1605 4888 1790 4942 barum

217 4952 440 5007 latorem
474 4952 683 5007 Maximi
715 4952 965 5009 famulum
999 4956 1171 5023 lepide
1192 4957 1423 5024 jocatur.

286 5034 310 5061 ⁸
340 5025 689 5092 Sigismundo
716 5040 860 5093 rege,
894 5041 1049 5093 quem
1074 5026 1308 5081 Genava:
1336 5028 1386 5081 in
1416 5036 1564 5082 sorte
1594 5042 1689 5081 sua
1721 5028 1794 5081 la-

214 5106 325 5165 rem
356 5095 611 5150 habuisse
650 5094 702 5149 in
730 5098 950 5163 epistola
977 5096 1046 5150 29
1072 5097 1507 5165 conjiciebamus.

281 5164 309 5199 ά
340 5167 420 5217 De
473 5166 668 5234 quibus
721 5165 972 5221 Sidonius
1022 5167 1114 5221 lib.
1152 5182 1244 5230 vtt,
1290 5168 1446 5235 epist.
1506 5169 1615 5221 l7:
1664 5166 1794 5220 Flu-

209 5241 473 5307 ctuantent
493 5237 721 5307 regulam
749 5237 967 5307 fratrum
988 5236 1345 5289 destitutorum
1374 5237 1653 5289 secundum
1687 5246 1790 5290 sta~

211 5315 323 5376 ruta
353 5303 698 5358 Lirinensium
737 5306 813 5358 vel
840 5303 1250 5359 Grinincensium
1287 5309 1499 5375 festinus
1540 5308 1787 5376 informa.

209 5374 648 5429 Grinincensium
680 5377 1057 5434 monachorum
1089 5374 1300 5429 familiae
1334 5392 1499 5445 prepe
1531 5374 1786 5431 Viimnam

208 5459 412 5511 magno
440 5447 565 5499 olim
600 5460 821 5500 numero
863 5445 1094 5507 fuerunt,
1135 5447 1234 5499 sub
1262 5460 1388 5498 cura
1429 5455 1484 5500 et
1510 5446 1785 5513 disciplina

207 5515 455 5583 episcopi
498 5516 814 5570 Viennensis
858 5531 872 5567 :
913 5515 1105 5583 quibus
1145 5515 1368 5582 proinde
1396 5515 1675 5571 visitattdis
1696 5530 1785 5572 0c-

206 5596 467 5651 tupatum
496 5598 551 5643 se:
575 5587 676 5643 hoc
706 5595 944 5651 tempore
965 5585 1128 5641 fuisse
1147 5584 1426 5652 significat.

1916 3101 2012 3155 das
2035 3106 2278 3153 recentes
2306 3097 2445 3168 gula:
2466 3096 2693 3163 calenti,
2734 3098 2779 3151 si
2808 3111 2912 3152 non
2939 3096 3270 3167 excogitatur
3296 3096 3486 3151 modus

1916 3192 1968 3247 in
1995 3189 2276 3258 calicibus,
2306 3196 2534 3259 ponatur
2564 3189 2614 3241 in
2640 3188 2893 3256 piscibus.

2422 3278 2749 3335 EPISTULA
2789 3278 2987 3333 LXVI.‘

1986 3386 2175 3427 AVITUS
2212 3386 2513 3426 VIENNENSIS
2553 3384 2828 3424 EPISCOPUS
2865 3383 3109 3423 \‘lCTOIllO
3149 3383 3411 3422 EPISCOPO.

1988 3463 2206 3517 Factum
2248 3462 2388 3531 quod
2418 3461 2608 3515 litteris
2653 3460 2951 3525 indicastis,
3000 3458 3102 3512 levi
3146 3460 3212 3512 ad
3254 3475 3339 3513 me
3365 3465 3488 3513 ante

1915 3555 2131 3611 all‘atum
2162 3565 2398 3611 vestrum
2428 3569 2647 3609 rumore
2676 3560 3010 3622 pervenerat.
3045 3550 3207 3620 Cujus
3248 3566 3343 3620 per
3368 3567 3489 3605 san-

1913 3658 2056 3704 ctum
2111 3645 2421 3703 Archidiam
2472 3645 2763 3701 acerbitate
2817 3652 3127 3711 comperta,
3176 3643 3220 3696 si
3267 3641 3487 3697 credere

1910 3740 2238 3810 dignamini,
2288 3753 2396 3792 non
2444 3736 2621 3790 minus
2668 3749 2825 3804 quam
2862 3748 2956 3788 vos
3007 3732 3245 3787 dolorem
3298 3742 3487 3787 vestra:

1911 3830 2284 3886 commotionis
2316 3827 2574 3898 ingemui.
2604 3824 2880 3894 Siquidem
2910 3824 3037 3877 satis
3056 3821 3233 3891 gravis
3255 3823 3484 3890 exempli

1908 3932 2012 3987 est,
2040 3930 2097 3975 ut
2121 3936 2262 3975 nunc
2290 3917 2637 3973 sacerdotalis
2660 3916 2922 3971 ordinatio
2949 3929 2977 3967 a
3011 3915 3220 3983 pepulis
3252 3915 3483 3983 regenda

1909 4013 2115 4067 dicatur
2144 4029 2156 4065 :
2189 4025 2308 4064 cum
2332 4008 2530 4063 idcirco
2563 4015 2766 4060 tantum
2788 4005 2840 4059 in
2867 4005 3245 4059 consecrandis
3271 4004 3481 4073 episco-

1908 4104 1990 4174 pis
2030 4101 2272 4172 plebibus
2300 4107 2549 4155 servetur
2580 4098 2791 4160 electio,
2823 4106 2883 4150 ut
2911 4096 3196 4151 assiduitas
3224 4097 3483 4153 constitu-

1910 4194 2068 4249 tionis
2093 4191 2238 4246 velut
2286 4205 2381 4260 per
2430 4187 2699 4258 quoddam
2746 4187 3057 4241 mandatum
3098 4187 3283 4242 electis
3324 4188 3482 4243 liceat

1984 4339 2006 4366 ε
2038 4329 2297 4382 Recentes
2326 4326 2558 4395 appellat
2606 4322 2833 4395 recentis
2864 4331 2956 4375 aut
2998 4323 3283 4395 recentati,
3317 4323 3368 4377 id
3400 4336 3481 4378 est

1909 4400 1974 4454 ad
2016 4400 2246 4463 rigorem
2297 4393 2528 4462 redacti,
2560 4397 2665 4449 viui
2702 4394 2974 4462 potiones,
3019 4408 3148 4462 quas
3182 4393 3480 4448 Leonianus

1908 4471 2118 4523 calente
2159 4470 2279 4534 gula
2311 4468 2696 4535 frequentabat.
2730 4465 2815 4519 Sic
2841 4464 3063 4531 epistola
3091 4464 3181 4535 _77
3216 4483 3226 4513 :
3264 4464 3478 4517 Summa

1905 4539 2286 4605 importunitate
2325 4533 2541 4607 perago,
2581 4547 2635 4589 ut
2665 4548 2761 4588 tres
2797 4544 3018 4607 recentes
3048 4533 3162 4587 aliis
3203 4534 3317 4600 plus
3341 4549 3477 4601 pra:-

1904 4604 2124 4662 surnam.
2158 4610 2235 4661 Eo
2256 4604 2661 4675 ita'que'spcctut
2690 4606 2830 4674 quod
2862 4604 3118 4675 sequitur,
3144 4612 3317 4656 utatur
3337 4612 3478 4675 pate—

1904 4694 2079 4731 rarum
2110 4673 2387 4745 capacitate
2414 4673 2505 4741 pro
2534 4678 2673 4741 capis
2705 4673 2718 4727 ;⁷
2750 4673 2901 4745 quasi
2924 4675 3080 4735 dicat,
3127 4689 3223 4742 pro
3252 4674 3478 4729 vasculis

1905 4749 2130 4815 exiguis,
2174 4744 2372 4815 pateris
2418 4747 2559 4800 bibat
2593 4744 2996 4815 capacioribus,
3032 4744 3118 4797 ubi
3160 4745 3475 4815 capis‘nova

1908 4813 2196 4871 inllexiuue
2243 4817 2422 4885 posuit
2470 4832 2567 4884 pro
2616 4814 2910 4880 cajidibus.
2961 4814 3186 4882 Capides
3235 4813 3379 4885 enim
3425 4823 3479 4868 et

1905 4889 2111 4955 capulm
2155 4883 2294 4956 apud
2330 4883 2651 4949 Varronem,
2691 4886 2862 4949 poculi
2904 4900 3072 4953 genus
3116 4899 3223 4956 quo
3263 4883 3478 4956 deplere

1908 4952 2029 5010 νοέω
2057 4952 2252 5011 olearia
2292 4957 2559 5010 solebant.
2591 4956 2789 5009 Eodem
2837 4952 3047 5023 quoque
3079 4954 3306 5023 pertinet
3333 4952 3474 5023 quod

1902 5029 2205 5097 Subjnngit,
2235 5036 2417 5081 atterat
2448 5026 2602 5079 labris
2638 5022 2866 5097 phialas,
2893 5040 3017 5097 quas
3048 5022 3325 5097 circumdet
3345 5022 3476 5089 pita—

1903 5089 2368 5151 ciurumvdensitate
2390 5114 2480 5165 pro
2506 5089 2728 5149 circulis.
2762 5096 2879 5165 Quo
2908 5095 3024 5147 loco
3052 5094 3134 5165 cui
3159 5089 3478 5165 usuiforent

1906 5168 2116 5233 pitacia,
2152 5162 2399 5221 Petronii
2434 5166 2632 5220 Arbitri
2666 5165 2718 5219 in
2741 5164 2959 5233 satirico
2994 5163 3153 5216 verba
3180 5162 3472 5233 declarant.

1907 5228 2296 5291 Statim'allata:
2319 5246 2456 5299 sunt,
2491 5236 2680 5303 inquit,
2717 5232 2976 5301 amphora:
3014 5234 3181 5285 vitrea:
3210 5228 3479 5303 diligenter

1939 5317 2153 5374 ypsatw,
2183 5323 2397 5377 quarum
2424 5311 2473 5358 in
2494 5305 2763 5377 cervicibus
2788 5303 2974 5370 pitacia
3001 5312 3143 5355 erant
3170 5302 3332 5366 afﬁxa
3359 5316 3481 5358 eam;

1921 5376 2000 5429 ioc
2027 5374 2203 5445 titulo,
2226 5375 2503 5429 Falernum
2529 5374 2866 5445 Opimianum
2883 5387 3135 5445 annorum
3158 5379 3388 5445 sentum.
3427 5377 3487 5435 tu

1906 5448 2047 5499 vasis
2077 5438 2204 5515 ergo
2250 5445 2485 5507 vinariis,
2520 5442 2661 5495 affixi
2715 5440 3212 5515 pitaeiornmtituli,
3246 5438 3356 5515 vini
3390 5464 3497 5512 ρη,

1886 5514 2081 5639 iniqu?
2118 5507 2362 5583 patriam,
2394 5521 2629 5579 aetatem,
2653 5507 2881 5581 pretium
2911 5522 2965 5569 et
2996 5507 3306 5579 dignitatem
3342 5507 3509 5595 iul“,

1887 5600 1946 5639 ea
1988 5601 2054 5638 an
2084 5623 2097 5637 .

1887 5600 2097 5639 canant.
