4046 6170
497 248 605 308 T15

1760 250 1815 305 S.
1860 247 2042 304 AVITI
2086 246 2376 302 VIENNEN
2398 270 2401 273 ι
2424 249 2478 301 IS

3660 250 3763 312 276

498 369 676 438 legere
694 367 833 436 quod
866 367 1093 422 videtur.
1124 366 1237 420 Non
1268 374 1445 419 autem
1479 379 1573 419 vos
1616 378 1713 431 pro
1745 377 1885 417 novo
1907 362 2073 417 debc-
2104 367 2149 423 Α
2180 372 2354 415 vestra
2380 370 2431 415 ct
2483 361 2851 417 incolumitate
2898 362 3178 428 sollicitis,
3210 362 3334 417 licet
3364 359 3602 419 Caesares
3625 367 3760 428 sitis,

500 458 568 513 tis
596 456 868 528 accipere,
899 458 1023 528 quid
1055 446 1368 512 tribuiandis
1414 456 1568 511 nobis
1624 456 1797 510 valeat
1848 455 2073 509 commi-

500 550 631 605 nisci
678 549 943 605 clericalis
989 547 1261 618 nequitia,
1312 547 1438 602 fulta
1488 547 1727 602 subsidio
1777 547 2079 603 insolentia:

499 641 789 699 smcularis.
836 640 971 694 Puto
1014 654 1141 694 sane
1185 638 1509 694 districtioni
1558 638 1937 695 ecclesiasticae
1985 639 2079 692 lilii

497 733 661 786 vestri
684 732 859 800 expeti
883 732 1079 789 debere
1100 746 1441 801 consensum,
1475 741 1692 803 propter
1714 733 1833 788 illos
1853 746 2077 802 quorum

496 824 742 879 abusioni
785 824 1267 879 consuetudinarite
1306 840 1492 896 parum
1540 825 1607 880 de
1650 824 2081 879 excommunica-

497 914 731 973 tionibus
773 929 961 969 curare
988 916 1260 970 decretum
1303 926 1406 971 est.
1436 916 1667 970 Litteras
1695 930 1908 985 quoque
1948 930 2079 985 quas

496 1004 562 1060 ad
590 1006 958 1076 presbyterum
992 1006 1170 1061 illicita
1194 1016 1603 1077 praesumentem
1637 1021 1740 1061 non
1782 1008 1957 1062 minus
1994 1007 2080 1077 pie

496 1111 657 1166 quam
686 1098 1001 1168 regulariter
1031 1099 1324 1165 direxistis,
1355 1100 1562 1170 inspexi
1592 1118 1603 1151 :
1637 1101 1689 1153 in
1718 1101 1911 1169 quibus
1953 1115 2078 1154 vere

498 1187 619 1257 plus
638 1203 797 1257 quam
821 1203 1047 1259 persona
1071 1190 1263 1245 meruit
1291 1192 1563 1259 patientiae
1588 1192 1920 1246 rcservastis.
1940 1191 2079 1254 Qua-

496 1290 734 1350 propter,
766 1281 893 1336 licet
909 1281 1038 1335 satis
1062 1281 1276 1335 diabolo
1308 1283 1361 1334 in
1387 1291 1491 1335 tam
1520 1281 1761 1335 horribili
1785 1280 2078 1337 rebellione

497 1371 729 1440 licuerit,
749 1387 843 1428 vos
861 1381 1036 1428 tamen
1054 1374 1170 1428 sine
1190 1374 1363 1443 aliqua
1380 1373 1541 1427 animi
1563 1372 1964 1441 perturbatione
1983 1373 2076 1428 Dei

495 1477 559 1517 ac
584 1472 815 1518 vestram
840 1463 1089 1533 injuriam
1113 1464 1391 1533 castigate.
1414 1465 1475 1516 Et
1497 1479 1563 1519 ne
1584 1463 1709 1533 quid
1729 1465 1779 1517 in
1805 1474 2074 1532 posterum

495 1553 685 1617 similis
705 1569 867 1613 ausus
887 1555 1130 1623 arripiat,
1158 1555 1396 1624 impensa
1418 1553 1752 1609 districtione
1766 1555 2071 1625 perapicite.

1004 1644 1336 1706 EPISTULA
1376 1644 1581 1699 LXVII.

540 1751 727 1799 AVITUS
762 1750 1066 1793 YIENNENSIS
1106 1751 1384 1792 EPISCOPUS
1424 1745 1450 1773 ³
1490 1752 1663 1792 Ι)οΜΝο
1702 1749 2028 1794 ειςιειιῦμυο.

563 1828 701 1884 Dum
729 1828 817 1881 alii
844 1829 1042 1883 sanctis
1071 1843 1134 1882 ac
1160 1829 1368 1883 serenis
1392 1830 1694 1903 prtesentia:
1721 1838 1911 1882 vestra:
1936 1843 1983 1894 εί
2008 1843 2071 1878 υ-

493 1922 690 1985 lantur,
714 1933 814 1988 ego
843 1918 1181 1973 sterilitatem
1213 1918 1467 1974 desiderii
1500 1918 1603 1972 mei
1636 1927 1879 1971 sustento
1907 1916 2074 1984 magis

492 2009 743 2089 pauperis
770 1994 932 2065 ofiloii
963 2009 1223 2065 tenuitate
1269 2024 1428 2080 quam
1478 2010 1711 2064 ratione.
1766 2008 1916 2064 Unde
1953 2017 2075 2078 post

490 2099 859 2170 festivitatem,
889 2100 1095 2156 cunctis
1121 2100 1335 2171 quidem
1379 2115 1594 2170 semper
1632 2099 1915 2153 amabilem
1937 2138 1951 2165 ,
1978 2098 2072 2153 sed

492 2204 634 2247 nunc
658 2190 1106 2257 Cabilonensibus
1132 2191 1485 2261 singularem,
1524 2189 1738 2243 famulae
1760 2190 2073 2244 sollicitudi-

493 2283 576 2339 nis
605 2284 814 2343 litteras
840 2283 1128 2339 destinavi.
1160 2282 1292 2348 Qua:
1321 2284 1364 2337 si
1409 2283 1927 2351 quantulamcuuque
1954 2296 2074 2349 par-

493 2377 706 2439 ticulam
736 2376 953 2443 laudum
982 2385 1285 2432 vestrarum
1318 2376 1618 2431 niterentur
1660 2376 1947 2445 attingere,
1976 2390 2074 2429 nec

493 2468 595 2525 hoc
642 2467 860 2539 quidem
890 2468 1221 2523 sufficienter
1264 2467 1611 2534 excolerent,
1673 2467 1812 2534 quod
1865 2480 1957 2520 eas
1993 2466 2072 2519 vel

492 2559 783 2613 humilitati
808 2573 942 2614 mea:
971 2559 1092 2613 licet
1122 2558 1420 2629 porrigere,
1449 2558 1534 2613 vel
1561 2556 1853 2627 dignationi
1884 2565 2074 2611 vestrae

493 2664 708 2705 sumere
751 2649 902 2705 libet.
947 2649 1255 2720 Conjiciens
1307 2664 1434 2719 ergo
1463 2650 1529 2704 de
1581 2656 1846 2703 tantorum
1894 2647 2074 2703 laetitia

494 2744 862 2813 multipliciter
886 2758 984 2799 vos
1016 2743 1127 2799 Deo
1157 2744 1386 2813 propitio
1437 2744 1612 2808 laetos,
1644 2752 1769 2813 pcto
1800 2742 2075 2812 paschales

496 2834 653 2891 nobis
680 2834 796 2890 dies
824 2835 968 2891 felici
991 2836 1165 2891 reditu
1193 2835 1399 2891 faciatis
1424 2852 1437 2888 :
1461 2834 1585 2904 quia
1608 2850 1728 2889 cum
1756 2835 1808 2888 in
1835 2834 2075 2891 absentia

497 2934 674 2989 vestra
703 2927 944 2997 quaedam
971 2928 1127 2983 nobis
1155 2926 1589 2997 Quadragesimze
1613 2925 1863 2997 perduret
1892 2935 2075 2983 auste-

494 3020 648 3091 ritas,
680 3020 930 3077 omnibus
948 3019 1226 3077 catholicis
1247 3020 1545 3091 principem
1568 3019 1953 3088 Christianum,
1984 3034 2077 3088 pe-

2183 453 2320 522 qqu
2350 453 2563 509 domuis
2591 453 2823 524 exigitis,
2856 453 3061 509 reddite
3096 454 3301 522 pietati.

2689 567 3029 625 EPISTOLA
3066 568 3256 623 LXIX.

2185 678 2247 716 ΑΒ
2278 678 2435 717 AVITO
2468 677 2745 717 VIENNENSI
2776 678 3025 717 EPlSCOPO
3070 680 3315 727 BICTA'I‘A,
3348 681 3439 719 SUB
3466 680 3659 720 ΝΟΜΙΝΕ
3690 681 3760 720 51·

2570 747 2835 799 GISMUNDI,
2857 734 2882 771 ιι
2898 751 2965 787 ao
2998 750 3394 788 lMPEBATOitEM.
3778 762 3781 763 ν

2253 824 2308 879 Si
2349 823 2691 879 devotionem
2743 832 2979 879 nostram
3009 841 3111 896 qua
3155 827 3308 880 vobis
3340 828 3520 881 animo
3567 826 3766 882 milita-

2184 930 2325 980 mus,
2355 915 2513 969 etiam
2543 915 2897 984 corporaliter
2944 918 3257 985 praesentari
3298 918 3435 972 obex
3466 927 3762 988 temporum

2184 1008 2568 1078 regionumque
2608 1023 2713 1063 non
2761 1011 2984 1077 patitur,
3032 1010 3172 1079 quod
3205 1019 3382 1065 tamen
3426 1009 3684 1067 habemus
3710 1012 3764 1069 in

2183 1102 2319 1156 vetis
2339 1142 2353 1166 ,
2380 1115 2631 1157 exserere
2662 1110 2930 1156 tentamus
2958 1100 3173 1157 ofﬁciis.
3213 1102 3493 1157 Credimus
3517 1104 3660 1157 enim
3684 1111 3765 1156 to-

2183 1192 2283 1248 ties
2313 1206 2493 1247 coram
2516 1195 2683 1248 sacris
2714 1193 2898 1261 gloria:
2930 1203 3121 1248 vestrae
3157 1194 3430 1250 obtutibus
3460 1194 3761 1256 intromitti,

2181 1285 2390 1356 quoties
2403 1284 2779 1341 sollicitudinis
2799 1286 3034 1341 debitum
3051 1287 3227 1341 studio
3244 1288 3444 1357 paginae
3458 1288 3763 1345 famulantis

2181 1376 2485 1432 offerimus.
2532 1377 2664 1431 Nam
2706 1377 2828 1433 licet
2858 1378 3112 1432 mundum
3145 1379 3308 1434 latere
3335 1390 3565 1448 nequeat
3588 1391 3764 1435 vestra

2182 1469 2528 1537 prosperitas,
2575 1476 2631 1522 et
2671 1469 2852 1523 orbem
2885 1469 3235 1541 suumvradiis
3277 1471 3569 1539 perstricuaz
3607 1472 3763 1526 clari-

2180 1561 2303 1615 tatis
2334 1563 2586 1629 illustret,
2616 1564 2769 1619 dulce
2816 1572 2992 1619 tamen
3039 1575 3143 1628 est,
3193 1565 3237 1618 si
3288 1564 3532 1635 hisquos
3558 1567 3764 1620 militia:

2180 1653 2409 1710 fascibus
2436 1664 2491 1711 et
2514 1654 2796 1726 peculiaris
2821 1656 3006 1726 gratia:
3038 1656 3234 1727 pietate
3284 1657 3593 1723 sustollitis,
3624 1671 3762 1724 quos

2111 1736 2152 1793 Β
2183 1748 2235 1803 in
2264 1749 2517 1804 extremis
2544 1758 2807 1805 terrarum
2838 1749 3076 1817 partibus
3111 1749 3248 1804 aula:
3297 1749 3540 1818 pollentis
3567 1758 3761 1802 contu-

2182 1840 2367 1894 bernio
2397 1850 2452 1895 et
2482 1840 2782 1894 veneranda
2813 1840 3035 1895 Romani
3084 1839 3315 1894 nominis
3350 1840 3761 1910 participatione

2176 1931 2375 1995 ditatis,
2426 1931 2733 2000 specialiter
2763 1930 2951 2001 gaudia
2983 1941 3177 1986 vestra:
3221 1930 3572 2000 perennitatis
3596 1946 3763 2000 agno-

2177 2030 2466 2092 scantqu
2492 2022 2820 2094 generaliter
2849 2024 3055 2077 cunctis
3079 2021 3219 2076 fama
3259 2021 3622 2079 concelebrat.
3658 2023 3760 2074 0r-

2180 2126 2266 2170 nat
2291 2117 2484 2186 quippe
2511 2116 2719 2185 imperii
2747 2115 2907 2170 vestri
2949 2114 3355 2185 amplitudinem
3402 2113 3765 2184 longinquitas

2177 2208 2561 2278 subiectorum,
2592 2217 2647 2264 et
2677 2207 3025 2263 diﬂ'usionem
3056 2207 3365 2275 reipublicae
3394 2214 3589 2261 vestra:
3616 2218 3765 2258 asse-

2176 2300 2246 2354 rit
2275 2300 2414 2371 quod
2447 2301 2707 2355 remotius
2738 2299 3101 2372 possidemur.
3144 2297 3299 2353 Unde
3338 2297 3593 2367 suscipite
3637 2312 3765 2366 pro-

2176 2391 2292 2461 pitii
2320 2405 2441 2445 cum
2471 2391 2728 2461 obsequio
2757 2389 3091 2457 portitorem.
3126 2389 3192 2447 Et
3222 2404 3526 2459 quanquam
3546 2388 3763 2443 univer-

2176 2478 2251 2531 sis
2284 2476 2658 2543 expetcnlihus
2685 2475 2749 2528 ad
2778 2474 2996 2528 honoris
3023 2473 3230 2543 apicem
3272 2473 3538 2539 sufficiat,
3589 2473 3634 2527 si
3667 2488 3765 2527 vos

2180 2578 2457 2623 merentur
2502 2567 2775 2635 aspicere;
2825 2574 2880 2620 et
2937 2579 3036 2619 nos
3082 2574 3261 2619 tamen
3312 2565 3585 2619 insinuent
3629 2578 3764 2631 quos

2176 2659 2616 2729 prmsumpsimus
2639 2656 3037 2712 commendare.
3060 2656 3296 2723 Quorum
3318 2656 3482 2710 etiam
3510 2670 3762 2710 carorum

2176 2749 2625 2818 familiariumque
2652 2763 2932 2818 personas,
2955 2750 3056 2802 hoc
3086 2747 3479 2803 intercurrendi
3506 2763 3766 2803 commer-

2175 2842 2262 2898 cio
2289 2842 2441 2898 nobis
2468 2855 2680 2911 quoque
2723 2840 2935 2911 profore
2976 2839 3299 2910 iudicantes,
3349 2839 3603 2896 desiderii
3637 2854 3767 2908 pro-

2179 2934 2395 2991 siliente
2428 2931 2750 3003 compendio
2792 2932 2845 2985 in
2878 2931 2962 2987 bis
2993 2946 3128 3001 quos
3153 2930 3483 2985 destinamus
3529 2929 3767 2983 occurri-

2181 3039 2319 3079 mus.
2349 3024 2481 3079 lllud
2512 3038 2672 3091 super
2690 3022 2869 3076 omnia
2896 3022 3266 3090 deprecantes,
3292 3031 3347 3075 ut
3375 3020 3495 3088 quia
3523 3020 3765 3088 dignatio

493 3112 682 3176 culiari
703 3114 916 3167 servulo
943 3112 1241 3181 piissimum
1269 3111 1547 3179 domuum,
1576 3111 1736 3167 etiam
1764 3125 1859 3181 per
1882 3109 2075 3165 solem-
2105 3095 2151 3159 C
2181 3114 2514 3171 celsitudinis
2542 3122 2731 3170 vestrae
2754 3112 2996 3167 oblivisci
3019 3127 3122 3166 non
3152 3119 3326 3180 potest
3356 3110 3613 3166 benelicia
3642 3124 3763 3173 sua,

495 3204 718 3259 nitatem
742 3203 943 3259 vidisse
963 3203 1204 3259 solemne
1227 3212 1333 3257 est.

993 3294 1325 3359 EPISTOLA
1364 3293 1595 3349 LXVIII.

567 3403 757 3455 Ανιτυε
794 3402 1099 3444 VIENNENSIS
1143 3400 1418 3442 EPISCOPUS
1454 3399 1628 3441 ΒοκΝο
1666 3398 1996 3440 SIGISIIUNDO.

569 3477 972 3536 Celebravimus
1019 3477 1318 3541 vobiscum,
1362 3476 1642 3530 divinitate
1671 3475 1937 3544 propitia,
1985 3487 2079 3527 vo-

497 3569 728 3635 hiscum,
757 3568 996 3638 inquam,
1028 3582 1137 3622 non
1184 3568 1321 3633 loco,
1369 3566 1465 3621 sed
1510 3566 1722 3629 animo,
1769 3564 2076 3634 pauperculi

498 3666 834 3732 Viennenses
855 3664 1017 3718 vestri
1047 3662 1297 3732 paschale
1320 3663 1591 3717 festivum.
1621 3660 1678 3715 Si
1709 3667 1885 3714 autem
1917 3660 2080 3713 inter-

498 3759 698 3832 rogetis
726 3766 781 3813 et
819 3758 1048 3827 qualiter
1076 3775 1089 3812 :
1116 3757 1238 3828 quia
1288 3754 1522 3811 vicinum
1553 3770 1871 3831 queinquam
1896 3794 1911 3821 ,
1955 3753 2076 3823 quia

498 3852 690 3911 adesse
711 3851 919 3906 facilius
942 3859 1169 3920 poterat,
1200 3849 1318 3919 plus
1346 3848 1529 3904 doleat
1575 3846 1833 3905 defuisse.
1864 3845 1973 3901 Nec
2000 3854 2080 3899 ta-

498 3959 663 4009 men,
710 3959 832 3999 cum
879 3943 977 3998 ista
1008 3942 1289 4008 deflemus,
1316 3940 1628 4011 discrepare
1671 3953 1770 3995 nos
1822 3953 1854 3993 a
1902 3947 2080 3993 vestra

498 4037 774 4092 voluntate
817 4035 1027 4091 dicatis.
1059 4033 1177 4090 .lam
1209 4033 1409 4089 dudum
1439 4032 1507 4087 ab
1534 4032 1657 4097 illo,
1686 4040 1869 4086 sancte
1906 4030 2080 4085 credi-

499 4144 641 4195 mus,
673 4128 895 4193 affectus
918 4126 1026 4183 illic
1053 4125 1290 4193 cohibet,
1318 4139 1426 4180 non
1450 4123 1575 4178 hinc
1590 4123 1875 4193 despectus
1900 4119 2082 4175 exclu-

499 4219 599 4284 dit,
626 4218 793 4274 Unam
833 4218 884 4271 in
908 4226 1135 4287 utraque
1176 4216 1394 4272 civitate
1444 4223 1619 4271 vestra
1650 4214 1928 4269 ecclesiam
1962 4225 2082 4280 per-

500 4310 625 4365 inde
665 4309 916 4378 diligitis;
958 4308 1052 4363 sed
1099 4307 1190 4377 pio
1220 4308 1397 4376 patri,
1437 4306 1493 4359 in
1540 4312 1794 4374 quantum
1843 4301 2079 4371 expedit,

498 4399 674 4454 donec
700 4414 797 4454 vos
831 4398 897 4453 ad
928 4397 1221 4467 quamlibet
1248 4397 1399 4467 sequi
1431 4397 1750 4458 consentiat,
1772 4393 2079 4447 adhaeretis.

2181 3222 2277 3276 pro
2299 3207 2590 3276 gratiarum
2619 3205 2830 3259 actione
2859 3218 2961 3280 qua
2990 3201 3281 3271 fungimur,
3335 3215 3492 3268 quam
3527 3201 3764 3270 primum

2179 3298 2509 3358 serenissimi
2540 3298 2650 3353 oris
2680 3312 2935 3365 responsa
2968 3308 3291 3349 mereamur.

2706 3386 3035 3443 EPISTULA
3079 3384 3241 3440 LXX.

2251 3496 2439 3537 AVITUS
2467 3494 2771 3535 VIENNENSIS
2794 3492 3071 3534 EPISCOPUS
3103 3488 3125 3516 ο
3157 3490 3329 3532 DOMNO
3358 3487 3691 3531 SIGISHUNDO.

2251 3572 2543 3628 Praesentia
2591 3569 2775 3625 domni
2829 3570 2995 3640 patris
3045 3567 3226 3639 gloria:
3280 3574 3475 3621 vestrm
3532 3563 3764 3619 biduaua

2180 3666 2534 3731 occupatione
2565 3661 2815 3717 detentus
2854 3661 3192 3730 aliquatenus
3221 3659 3532 3729 portitorem
3561 3656 3766 3711 tardius

2181 3755 2461 3820 ordinavi,
2522 3768 2620 3824 per
2674 3768 2833 3823 quem
2886 3766 3122 3806 annuum
3173 3751 3239 3805 de
3285 3749 3454 3805 sancti
3496 3747 3764 3802 Vincentii

2183 3844 2526 3902 solemnitate
2555 3842 2833 3898 servitium
2863 3839 3350 3897 consuetudinariae
3388 3836 3767 3892 sollicitudinis

2182 3951 2312 3991 cura
2355 3933 2717 4002 dependerem
2756 3950 2769 3986 :
2820 3940 2873 3987 et
2910 3931 3050 3986 inter
3079 3930 3318 3985 actiones
3355 3928 3545 3999 quibus
3586 3938 3767 3982 vester

2186 4042 2283 4098 pro
2329 4027 2504 4082 salute
2546 4032 2727 4080 nostra
2779 4024 2929 4078 labor
2958 4022 3238 4092 invigilat,
3292 4019 3503 4074 debitus
3553 4032 3769 4083 semper

2186 4121 2397 4194 animus
2441 4119 2647 4173 cultum
2697 4114 2902 4169 meritae
2938 4113 3236 4169 devotionis
3274 4110 3509 4165 offerret.
3552 4107 3770 4163 Sufﬁcit

2186 4226 2316 4282 ergo
2360 4209 2427 4264 ad
2471 4208 2895 4264 consolationem
2947 4204 3198 4261 desiderii
3248 4202 3386 4271 mei,
3436 4202 3481 4256 si
3523 4200 3765 4254 omnium

2188 4313 2429 4359 nostrum
2477 4300 2676 4353 sanitas
2722 4299 2773 4351 in
2818 4305 2998 4351 vestra
3046 4304 3165 4365 post
3201 4294 3368 4349 Deum
3411 4289 3769 4361 prosperitate

2186 4392 2452 4447 consistit.
2472 4389 2738 4444 Caeterum
2761 4402 2867 4441 non
2891 4388 3090 4456 absque
3105 4382 3354 4453 scrupulo
3378 4390 3551 4449 potest
3571 4378 3766 4445 accipi,

500 4491 655 4547 Unde
681 4489 819 4545 sicut
844 4464 1054 4559 iussum
1080 4497 1183 4555 est,
1208 4464 1438 4557 primum
1472 4487 1581 4540 Deo
1629 4487 1696 4541 de
1720 4486 2078 4549 solemnitate,
2108 4464 2161 4525 Ῑ)
2188 4481 2332 4553 quod
2356 4479 2385 4519 ά
2416 4480 2484 4535 de
2524 4478 2789 4548 Sapaudia
2822 4477 3100 4533 itineribtts
3127 4474 3407 4544 exquisitis
3433 4472 3676 4527 videmur
3700 4468 3767 4523 ad

502 4594 612 4644 tum
642 4581 783 4652 quod
814 4580 1038 4635 debetur
1075 4578 1335 4667 solvimus
1370 4577 1591 4630 Caesari.
1628 4576 1733 4630 Vos
1784 4575 1851 4630 de
1898 4573 2080 4629 laetitia

573 4841 603 4870 ι
625 4829 835 4898 Scripta
864 4836 1085 4898 utraque
1123 4832 1242 4898 post
1268 4825 1386 4898 dies
1417 4819 1692 4898 paschales
1718 4834 1820 4898 non
1849 4826 2073 4898 uncta-

504 4916 624 4954 men
646 4889 807 4954 anno.
833 4889 1147 4961 Prior,'cum
1173 4892 1544 4961 Sigismundus
1567 4889 1907 4961 festivitatem
1932 4890 2076 4942 illam

502 4969 743 5025 Cabiloni
770 4959 1113 5037 transegisset
1131 4981 1148 5037 ;
1178 4959 1466 5037 posterior,
1498 4975 1617 5037 cum
1664 4959 1903 5025 Lugduni
1931 4974 2078 5013 eam-

504 5043 624 5097 dem
653 5031 981 5094 Gundebadi}
1009 5035 1146 5105 patri
1171 5031 1456 5105 adltmrens
1473 5031 1822 5105 celebrasset.

577 5110 605 5149 ι’
637 5108 975 5165 Anastasium
1011 5100 1024 5158 Ξ
1058 5107 1125 5161 ab
1146 5105 1303 5159 Avito
1349 5101 1675 5171 Sigismundi
1722 5100 1937 5153 nomine
1968 5108 2080 5152 tum

505 5182 702 5249 scripta
724 5219 740 5245 ,
769 5193 888 5233 cum
915 5174 1284 5249 Sigismundus
1326 5172 1489 5226 officii
1534 5186 1692 5249 causa
1724 5171 2076 5249 legatos__c_u_m

507 5239 700 5305 litteris
726 5239 1064 5303 mitteret-ad
1103 5246 1503 5314 imperatorem.
1534 5240 1687 5314 Quod
1726 5239 1851 5314 vero
1876 5239 2077 5314 militiae

506 5319 761 5387 fascibus,
807 5318 1048 5385 aulasque
1087 5309 1461 5387 contubernio,
1510 5320 1564 5366 et
1591 5311 1815 5387 Romani
1848 5309 2078 5387 nominis

506 5380 915 5458 participatione
936 5380 1180 5458 ornatum
1208 5399 1266 5438 se
1288 5383 1479 5458 scribit
1498 5424 1512 5449 ,
1551 5381 1856 5458 comitivam
1887 5380 2077 5458 opinor

508 5450 792 5517 militarem
822 5466 878 5512 et
906 5456 1239 5524 patriciatum
1269 5453 1531 5522 designat,
1559 5450 1629 5524 de
1652 5452 1842 5524 quibus
1869 5450 2072 5524 dictum

509 5542 591 5587 est
612 5528 876 5597 superius.
909 5518 1027 5597 Quo
1058 5526 1183 5579 item
1215 5518 1457 5597 alludens
1488 5518 1716 5597 epistola
1755 5523 1823 5574 85
1854 5518 2077 5597 :uConjfi-

509 5582 787 5659 Elaﬁus;
804 5582 1003 5664 inquit.
1021 5600 1277 5662 quantum
1293 5582 1674 5664 debeant-quos
1699 5583 1985 5638 honoribus
2002 5582 2095 5649 Τα-

510 5670 738 5753 sligalis,
756 5660 1069 5739 quos-socius
1087 5662 1465 5733 triumphorum
1484 5660 1714 5714 omnium
1731 5669 2095 5711 successuum-

2187 4571 2512 4643 provinciam
2548 4569 2829 4639 praeteriri.

2178 4834 2276 4888 que
2303 4827 2607 4888 uestrorum,
2635 4814 2942 4888 dignitatum
2961 4813 3136 4888 titulis
3153 4812 3443 4888 applicatis.

2259 4886 2617 4965 {Cabilonem
2667 4882 3033 4965 frequentasse
3085 4882 3485 4965 Sigismund‘tlm
3532 4896 3596 4935 ex
3652 4882 3771 4950 epi-

2181 4958 2316 5012 stola
2351 4957 2417 5011 67
2454 4956 2708 5025 colligere
2746 4953 2913 5009 licuit.
2948 4953 3091 5008 Idem
3116 4968 3255 5006 nunc
3280 4954 3566 5025 confirmat
3588 4966 3773 5025 annua

2183 5029 2497 5083 solvmnitas
2522 5022 2608 5082 Sf
2621 5024 2884 5080 Vincentii
2916 5025 3166 5093 martyris
3184 5037 3383 5093 .rqucm
3409 5022 3684 5093 praecipuo
3713 5024 3772 5075 in

2184 5099 2330 5153 cultu
2363 5106 2417 5151 et
2440 5097 2676 5163 honore,
2709 5104 2767 5149 ut
2794 5091 3095 5162 patronum,
3135 5092 3330 5163 habent
3356 5091 3769 5163 Cabilonenscs.

2187 5169 2292 5226 Sed
2346 5177 2401 5222 et
2452 5161 2738 5222 concilium
2794 5161 3147 5220 Cabilonense
3197 5161 3667 5228 quod,Clndovco
3727 5162 3772 5215 ll

2184 5248 2463 5301 regnante,
2494 5245 2842 5291 convocatum
2898 5245 3011 5294 cst,
3051 5237 3101 5286 in
3130 5234 3359 5287 ecclesia
3405 5231 3463 5286 S.
3500 5232 3774 5286 Vincentii

2179 5310 2508 5378 celebratum
2539 5307 2729 5378 synodi
2752 5305 2908 5378 docet
2940 5304 3207 5378 prtel‘atio.

2246 5376 2272 5414 ἀ
2300 5378 2414 5431 Non
2461 5370 2602 5448 quod
2634 5378 2686 5430 in
2722 5370 3163 5448 provi_nciam__de
3203 5370 3472 5448 Sapaudia
3519 5370 3781 5448 proficis-

2175 5450 2420 5502 centibus
2452 5441 2655 5502 rectum
2688 5441 2790 5500 iter
2838 5446 2906 5498 sit
2934 5460 3031 5512 per
3059 5444 3340 5507 Viennam,
3370 5441 3465 5497 sed
3502 5442 3624 5512 quia
3662 5458 3775 5496 non

2176 5534 2425 5586 magnum
2448 5527 2530 5573 est
2551 5514 2858 5580 divortium,
2886 5511 3065 5569 studio
3088 5516 3414 5583 prteleritam
3444 5511 3613 5568 videri
3640 5528 3781 5571 cou-

2176 5591 2433 5657 queritur.
