4024 6172
274 245 372 302 277

771 354 1096 411 EPISTULA
1138 353 1323 407 LXXI.

371 462 550 503 Ανιτυε
592 462 898 507 VIENNENSIS
946 460 1221 498 EPISCOPIIS
1261 454 1285 480 “
1339 459 1456 499 VlIlO
1496 460 1729 500 ILLUSTRI

878 530 1204 569 ΔΝΕΕΜυΝυΟ.

341 630 562 683 Tantum
614 626 863 682 servulus
910 634 1088 680 vester
1133 625 1315 679 domui
1346 624 1513 679 nostri
1554 636 1834 686 recenset,

274 730 514 791 quantum
538 719 714 773 sentio
749 736 763 772 :
790 716 1025 771 nondum
1052 717 1203 785 plene
1226 716 1434 770 detersa
1458 714 1835 784 inaequalitate,

276 824 494 867 attentos
541 809 717 864 reddit
757 818 809 863 et
850 808 1039 863 anxios
1086 825 1099 859 :
1146 816 1202 862 ut
1246 822 1341 876 pro
1386 807 1841 875 contemplatione

278 903 476 972 pietatis
505 901 651 955 illius
676 914 831 969 quam
862 898 1009 953 festis
1035 898 1320 967 Speciaiius
1346 906 1531 967 Optare
1557 898 1841 952 consuevi-

279 1008 421 1058 mus,
478 991 727 1045 suflicere
766 989 922 1043 nobis
967 989 1401 1042 commoditatem
1456 994 1691 1041 vestram
1751 1003 1843 1053 pro

277 1084 409 1136 muni
434 1080 754 1136 solemnium
774 1079 1107 1147 jucunditate
1128 1077 1425 1133 credamus.
1449 1076 1601 1131 Unde
1625 1090 1842 1129 servans

278 1185 387 1243 pest
434 1173 636 1226 cultum
682 1170 884 1225 Natalis
941 1169 1199 1224 dominici
1254 1168 1425 1223 solita:
1475 1166 1845 1221 sollicitudinis

275 1265 599 1328 servitutem,
630 1269 739 1315 tota
762 1275 921 1315 nosse
945 1274 1035 1314 vos
1056 1260 1161 1314 voti
1187 1260 1476 1314 ambitione
1502 1258 1775 1322 desidero.
1799 1259 1843 1311 si

276 1356 429 1409 decus
459 1366 748 1407 commune
776 1350 915 1419 quod
942 1350 1258 1405 Viennensis
1287 1350 1565 1405 ecclesiola
1596 1352 1843 1418 praesenti

278 1449 383 1500 vice
414 1459 523 1498 non
561 1445 775 1507 meruit,
800 1443 880 1497 vel
914 1443 1344 1511 Lugdunensium
1372 1442 1685 1510 populorum
1713 1455 1843 1509 gau-

276 1540 352 1593 dia
391 1536 710 1604 duplicavit.
744 1535 871 1588 Nam
920 1535 965 1589 si
993 1550 1118 1603 vos,
1154 1534 1366 1589 Christo
1399 1535 1641 1598 favente,
1684 1542 1739 1586 ut
1778 1532 1842 1585 ad

277 1629 553 1684 ecclesiam
576 1628 813 1696 potuisse
841 1628 1128 1694 procedere
1154 1637 1247 1680 aut
1266 1627 1602 1681 devotionem
1621 1640 1846 1679 consue-

1556 236 1880 295 EI'ISTOLA
1920 236 2171 293 LXXVII.

1864 358 1912 415 Α
1942 363 2095 419 nato,
2133 355 2294 410 etiam
2324 355 2581 409 devincee
2612 354 2740 408 mihi
2773 354 3084 408 sublimitati
3119 365 3303 412 vestra:
3330 358 3504 413 ofﬁcia

3396 244 3501 300 278

1941 459 2149 513 semper
2170 444 2410 499 debenda
2438 444 2682 513 persolvo
2707 462 2719 497 :
2745 444 3005 508 suadens,
3034 446 3139 500 imo
3160 448 3279 514 quia
3304 455 3505 501 tantum

1942 536 2268 590 obduruistis
2293 544 2349 590 et
2373 535 2700 604 supplicans,
2732 544 2787 587 ut
2811 536 3115 590 stomachos
3144 535 3325 591 multis
3345 538 3509 592 Saxo-

1944 628 2043 681 nia:
2091 627 2296 681 deliciis
2351 626 2659 680 nausiantcs
2707 625 2922 679 tandem
2966 626 3297 695 parcioribus
3343 628 3511 681 iatria:

1948 727 2137 771 vestrae
2162 715 2379 785 jejuniis
2402 718 2664 769 atteratis.
2706 715 2856 781 Quod
2886 717 2928 769 si
2962 717 3096 771 adeo
3126 718 3341 773 nescitis
3368 718 3507 773 desi-

1944 809 2077 865 derii
2124 809 2545 864 vicissitudinem
2593 822 2917 876 repensare,
2965 817 3022 861 ut
3064 809 3299 864 nondum
3364 811 3514 865 vobis

1946 902 2189 956 videatur
2241 901 2479 955 absentia
2522 908 2695 954 vestra
2740 900 3016 967 sufficere,
3066 901 3256 969 injuria
3299 914 3514 958 coactus

1948 992 2048 1046 hoc
2069 1000 2215 1060 opto,
2241 1006 2433 1059 meque
2455 991 2644 1044 baculo
2666 990 2824 1055 hujus
2855 991 3248 1059 imprecationis
3263 993 3511 1059 ulciscor,

1947 1094 2003 1135 ιιι
2034 1091 2306 1136 mutentur
2334 1082 2635 1151 praesentia:
2664 1082 2835 1146 vices,
2867 1091 2921 1135 et
2954 1083 3093 1151 quod
3124 1083 3322 1137 Vienna
3347 1085 3513 1139 abun-

1948 1171 2056 1234 dat,
2086 1172 2355 1225 Cabilmtis
2389 1171 2646 1225 obtineat.
2682 1169 2748 1224 Ut
2777 1171 2820 1225 si
2852 1172 2936 1226 hic
2962 1187 3065 1225 non
3094 1173 3349 1229 habemus
3374 1176 3512 1242 quod

1947 1261 2139 1315 debeat
2178 1260 2389 1328 expeti,
2439 1261 2547 1314 illic
2574 1262 2847 1315 mittamus
2874 1263 3017 1330 quod
3048 1264 3210 1319 libeat
3238 1264 3512 1320 declinari.

1951 1354 2015 1405 Et
2046 1353 2168 1421 quia
2191 1351 2330 1419 quod
2362 1352 2484 1405 dico
2524 1351 2576 1404 in
2606 1351 2685 1404 via
2714 1360 2827 1417 est,
2856 1354 2898 1405 si
2930 1353 3103 1407 adhuc
3133 1356 3182 1409 in
3209 1357 3326 1410 loco
3352 1366 3522 1411 retar—

1946 1444 2104 1511 datis,
2127 1444 2357 1512 excipite
2385 1460 2397 1495 :
2426 1443 2472 1499 si
2489 1443 2598 1511 jam
2624 1442 2799 1497 redire
2826 1442 3126 1513 disponitis,
3152 1447 3437 1515 prmtcritc.

2452 1600 2777 1655 EPISTULA
2818 1602 3023 1657 LXXV.

278 1721 594 1775 ludinariam
622 1718 1005 1786 rescripseriﬁs
1034 1718 1307 1785 impjcsse’
1342 1717 1625 1785 participes
1654 1714 1843 1769 redditi
1882 1726 1923 1783 Β
1952 1705 2135 1745 Ανιῖυε
2160 1705 2461 1745 VIENNENSIS
2493 1706 2763 1747 EPISCOPUS
2796 1708 2916 1745 VIIlO
2979 1708 3211 1747 ILLUSTRI
3242 1710 3518 1750 HELLAIlIt).

277 1813 470 1867 izetitia:
499 1810 819 1873 vicinorum,
849 1811 1156 1877 epulaturos
1186 1824 1282 1863 nos
1310 1810 1620 1877 profitemur
1640 1806 1844 1869 auditu,

275 1902 316 1956 si
357 1900 486 1955 illos
525 1900 716 1969 quibus
744 1898 1024 1967 praesentia
1050 1907 1224 1952 vestra
1250 1898 1443 1952 donata
1476 1906 1593 1963 est,
1622 1896 1850 1951 refectos

275 1992 681 2062 cognoverimus
710 1990 923 2045 intuitu.

779 2077 1103 2133 EPISTOLA
1144 2077 1352 2132 LXXII.

412 2184 606 2225 Αγιτυε
645 2184 946 2224 VIBNNENSIS
985 2182 1261 2222 EPISCOPUS
1314 2181 1437 2221 \‘IRO
1478 2180 1710 2220 ILLUSTRI

900 2252 1227 2293 ΔΝεειιυΝυο.

340 2352 481 2408 Cum
510 2350 861 2421 peculiarium
888 2349 1228 2403 vernularum
1255 2346 1585 2402 abscntando
1622 2361 1847 2415 suspen-

276 2444 394 2498 ditis
433 2452 595 2509 vota,
629 2441 801 2495 facitis
850 2455 947 2495 nos
974 2455 1079 2494 non
1130 2440 1193 2493 ad
1229 2439 1440 2507 plenum
1467 2438 1721 2507 consequi
1767 2439 1850 2492 vel

277 2536 525 2590 nuntiare
548 2534 748 2591 votiva.
772 2531 942 2587 Festis
964 2547 1090 2601 ergo
1117 2529 1317 2585 Natalis
1337 2530 1571 2594 Domini,
1602 2530 1655 2584 in
1685 2546 1847 2599 quatt-

278 2638 378 2682 tum
411 2628 535 2680 sine
561 2626 712 2679 vobis
740 2623 936 2693 potuit,
961 2623 1273 2678 solemniter
1301 2620 1602 2684 celebratis,
1633 2633 1851 2688 prospe—

275 2719 489 2772 ritatem
521 2716 750 2787 piissimi
780 2714 964 2769 domui
1002 2713 1194 2777 nostri,
1222 2728 1381 2782 quam
1415 2712 1559 2782 justo
1586 2712 1851 2766 desiderio

278 2817 656 2876 optaveramus
684 2804 897 2870 videre,
948 2815 1053 2858 tam
1085 2803 1337 2873 dignabili
1373 2802 1605 2872 alloquio
1633 2814 1851 2872 przesto-

279 2899 453 2953 lantur
504 2910 825 2967 agnoscere.
872 2895 1022 2950 Illam
1072 2896 1282 2965 plebem
1325 2895 1584 2951 Γοῖυςίδῑίε
1621 2898 1849 2966 gaudio,

278 2990 431 3044 istam
457 2990 630 3045 ditate
662 2990 921 3057 rescripto
946 3005 961 3043 :
994 3003 1152 3058 quam
1179 3002 1273 3056 per
1303 3003 1388 3042 me
1418 2997 1597 3042 vester
1620 2989 1850 3044 illustret

277 3084 518 3149 affectans,
548 3082 720 3139 donec
748 3083 900 3138 vobis
924 3082 1040 3150 ejus
1070 3080 1346 3136 servitium
1385 3096 1535 3137 meus
1566 3090 1851 3151 praesentet
1879 3088 1926 3150 C

278 3188 556 3232 meum"
768 3242 1099 3299 EPISTULA
1136 3241 1369 3297 Lxxm.

281 3351 469 3392 Αυτυε
500 3349 808 3391 VIENNENSIS
834 3348 1111 3391 EPISCOPUS
1136 3350 1257 3389 VIRO
1281 3349 1519 3389 ILLUSTRI
1540 3349 1854 3389 VALERIANO.

344 3450 805 3505 Consuetudinem
863 3448 1239 3504 sollicitudinis
1285 3462 1398 3503 sure
1454 3448 1622 3517 pietas
1674 3458 1854 3504 vestra

282 3539 540 3604 custodit,
574 3553 674 3593 nos
702 3538 1009 3608 dignatione
1032 3538 1231 3607 pariter
1258 3553 1321 3592 ac
1350 3539 1541 3593 litteris
1566 3539 1854 3593 visitando.

290 3631 585 3685 Addidistis
605 3630 929 3685 solemnitati
952 3645 1109 3698 quam
1127 3628 1419 3699 gaudenter
1442 3630 1550 3685 Deo
1574 3639 1860 3699 praestante

284 3724 646 3793 susrcpimus,
677 3731 730 3778 et
753 3723 894 3791 quod
913 3722 1250 3791 spectabatur
1266 3721 1317 3775 in
1344 3722 1517 3775 votiva
1539 3722 1713 3776 cultus
1734 3737 1862 3777 con-

286 3817 644 3871 summatione
697 3815 1005 3883 supplestis.
1046 3814 1168 3868 Mihi
1218 3822 1395 3868 autem
1447 3813 1516 3868 de
1558 3814 1775 3877 laztitia,
1808 3816 1863 3867 in

282 3916 539 3973 quantum
571 3920 687 3960 eam
710 3919 1038 3974 cognovero,
1063 3904 1349 3972 gratulanti
1371 3919 1476 3957 non
1512 3904 1684 3958 minus
1707 3904 1861 3958 dulce

283 4006 394 4061 est,
421 4004 545 4066 post
572 3995 788 4063 longum
836 4003 1043 4061 tempus
1072 3993 1330 4047 absentiae
1361 4007 1613 4061 prospere
1656 4008 1749 4047 vos
1778 4008 1862 4047 re-

285 4085 457 4152 disse,
498 4100 658 4155 quam
691 4084 825 4140 festa
856 4083 1122 4151 paschalia
1150 4099 1271 4139 cum
1312 4084 1664 4139 exsultatione
1692 4093 1863 4139 trans-

286 4192 457 4246 ἐπ’
776 4243 1104 4298 EPISTOLA
1144 4241 1381 4298 LXXIV.

290 4352 475 4391 ινιτυε
540 4351 845 4391 νιιῑηκεμειε
883 4349 1154 4390 EPISCOPUS
1184 4350 1303 4390 νιηο
1333 4350 1569 4391 ILLUSTRI
1613 4352 1862 4391 CAERTIO.

356 4428 439 4482 Ad
475 4426 734 4481 domuum
766 4442 1098 4482 communem
1122 4427 1417 4481 litterarum
1449 4427 1666 4482 servitio
1696 4429 1864 4483 desti-

2024 1803 2155 1855 Cum
2184 1802 2249 1856 ad
2290 1801 2525 1856 ofﬁcium
2556 1814 2747 1856 vestras
2794 1804 3139 1870 magnitudini
3174 1804 3520 1861 deferendum

1954 1902 2205 1961 perpetua
2241 1907 2454 1959 semper
2476 1907 2632 1945 causa
2668 1903 2913 1961 suppetat
2946 1896 3201 1959 caritatis,
3234 1906 3288 1950 ct
3315 1898 3522 1963 specia-

1952 1982 2398 2036 lem‘devotionis
2442 1982 2836 2036 observantiam
2878 1983 3000 2051 jure
3048 1984 3267 2039 debeam
3316 1986 3525 2040 obnixa:

1952 2072 2243 2141 impensius
2291 2073 2474 2140 pietati
2517 2089 2530 2124 :
2573 2088 2713 2126 nunc
2758 2084 2935 2127 tamen
2987 2075 3340 2131 desideratam
3393 2079 3524 2132 mibi

1954 2164 2327 2217 necessitatem
2357 2165 2493 2217 ratio
2522 2164 2819 2218 festivitatis
2842 2165 3059 2233 indixit,
3092 2177 3147 2220 ut
3168 2167 3377 2222 effectui
3406 2183 3520 2223 ves-

1954 2266 2035 2309 tro
2063 2257 2143 2310 vel
2169 2258 2461 2311 litterarum
2484 2266 2834 2326 prazsentarer
2854 2261 3051 2326 officio,
3083 2262 3170 2329 qui
3193 2277 3444 2329 cuperem
3472 2272 3525 2317 et

1953 2361 2197 2401 occursu.
2234 2347 2442 2402 Idcirco
2471 2349 2767 2402 reverentia
2796 2351 3101 2417 supplicans
3122 2352 3296 2406 debita
3317 2397 3331 2419 ,
3364 2369 3522 2421 quam

1953 2452 2015 2491 ev
2062 2446 2186 2492 voto
2238 2438 2371 2492 festa
2421 2439 2818 2493 celebravi-ritis
2866 2441 3115 2509 inquiro,
3158 2442 3527 2512 Redemptoris

1956 2528 2122 2581 nostri
2157 2527 2531 2583 inexhaustum
2562 2529 2858 2596 deprecans
2888 2530 3184 2600 largitatem
3206 2574 3220 2596 ,
3264 2540 3321 2586 ut
3360 2549 3527 2601 usque

1954 2619 2016 2670 ad
2056 2626 2266 2672 aetatem
2307 2619 2671 2674 centenariam
2719 2634 2811 2673 sua
2865 2623 3192 2692 protertionc
3219 2637 3314 2676 vos
3340 2639 3524 2691 prove-

1956 2709 2043 2761 hat
2066 2749 2080 2773 ,
2124 2719 2177 2763 et
2225 2710 2289 2763 ad
2320 2721 2562 2765 ornatum
2598 2721 2862 2775 nostrum,
2895 2714 3034 2768 sicut
3082 2714 3336 2769 hactenus
3366 2714 3520 2777 fecit,

1954 2800 2107 2856 bonis
2139 2801 2385 2856 omnibus
2417 2814 2783 2857 remuneratos
2813 2805 3041 2858 attollat.

2437 2950 2761 3005 EPISTULA
2808 2951 3035 3007 LXXVI.

1956 3057 2148 3098 Λνιτυε
2200 3057 2503 3097 VIENNENSIS
2554 3058 2828 3098 EPISCOPUS
2868 3058 2986 3096 νηιο
3042 3058 3278 3098 ILLUSTRI
3333 3058 3523 3099 RICONI.

2028 3152 2153 3207 Post
2185 3152 2522 3207 festivitatem
2566 3154 2616 3206 in
2656 3168 2758 3221 qua
2786 3152 2853 3207 de
2888 3155 3168 3221 prmseutia
3198 3155 3279 3209 vel
3329 3155 3526 3208 incolu-

1960 3244 2142 3298 mitate
2172 3242 2350 3296 domui
2383 3244 2548 3296 nostri
2569 3252 2689 3296 vota
2709 3254 2882 3296 vestra
2905 3252 2959 3298 et
2985 3244 3173 3299 merita
3202 3245 3529 3309 claruerunt,

1958 3332 2166 3401 paginis
2200 3332 2263 3385 ad
2297 3333 2467 3400 ipsum
2494 3332 2685 3386 ofﬁciis
2712 3333 3011 3398 destinatis,
3037 3334 3157 3404 jure
3192 3336 3341 3389 vobis
3372 3351 3531 3405 pecu-

1959 3423 2182 3479 liaribus
2233 3426 2464 3494 pectoris
2494 3425 2598 3478 mei
2637 3426 2797 3480 etiam
2846 3428 3188 3493 przescntium
3239 3428 3532 3495 litterarum

1961 3515 2242 3569 famulatus
2281 3516 2505 3570 effertur
2536 3533 2548 3569 :
2582 3531 2678 3585 per
2716 3532 2872 3582 quem
2921 3532 3018 3572 nos
3056 3518 3196 3572 inter
3228 3528 3435 3586 tantos,
3479 3530 3535 3581 ut

1961 3606 2075 3660 ﬁeri
2107 3605 2296 3673 potuit,
2330 3622 2508 3660 rerum
2556 3621 2799 3662 rumores
2830 3608 3031 3663 Pascha
3061 3624 3315 3680 prOSpcrc
3364 3620 3533 3666 trans-

1960 3700 2138 3768 egisse
2166 3701 2405 3770 significo
2430 3719 2443 3755 :
2473 3702 2551 3755 sic
2586 3686 2712 3756 mihi
2737 3702 2979 3771 judicans
3005 3704 3121 3773 ejus
3152 3705 3532 3774 plenitudinem

1962 3794 2126 3848 divini
2179 3793 2418 3847 muneris
2462 3794 2733 3850 beneﬁciis
2793 3806 3224 3864 proventuram,
3279 3800 3321 3850 si
3374 3799 3535 3853 vestri

1963 3898 2173 3954 quoque
2199 3885 2450 3954 colloquii
2487 3886 2849 3953 dignationem
2878 3902 2999 3942 cum
3029 3889 3187 3942 sitnili
3221 3891 3537 3957 prosperita-

1966 3976 2033 4030 tis
2051 3975 2321 4045 agnitione
2351 3991 2619 4031 meruero.

2440 4067 2773 4122 EI’ISTOLA
2820 4068 3075 4122 LXXVII.

1968 4195 2031 4235 ΑΒ
2085 4194 2240 4233 AVITO
2278 4194 2548 4232 VIENXFNSI
2613 4193 2856 4234 EPISCOPO
2910 4196 3156 4243 IlIG'I'ATA,
3211 4196 3303 4234 SUB
3347 4197 3536 4234 NOMINii

2041 4264 2284 4303 LEONIANI
2333 4264 2728 4314 ARCIIIDIACONI,
2779 4249 2804 4288 δ
2855 4267 2921 4304 ΔΙ)
2979 4266 3137 4304 νΠῖυΙΙ
3186 4266 3536 4305 διιεςτλιηιιεκι

2039 4333 2311 4373 SAPAUDUM
2324 4360 2335 4373 .

2054 4431 2201 4486 Licet
2238 4446 2482 4498 pompam
2507 4431 2734 4486 convivii
2755 4430 3079 4501 principalis,
3102 4431 3317 4484 marinis
3340 4430 3542 4485 deliciis

358 4598 772 4679 ξᾼξιιειξητίξεὶςῃ
818 4597 1567 4679 Burgundionum_principi_,
1614 4601 1679 4679 ad
1708 4617 1867 4679 quem
1899 4608 1952 4668 D
1980 4607 2184 4679 urhttna
2221 4608 2335 4661 (ede
2361 4607 2435 4679 iS.
2472 4609 2633 4673 Petri,
2679 4624 2797 4662 cum
2828 4608 3118 4677 epitaphio,
3150 4612 3266 4664 rudi
3305 4613 3535 4679 quidem,

290 4668 512 4737 epistola
534 4669 624 4739 ῥυ.
660 4668 884 4739 Scripta:
910 4671 1080 4723 amba:
1108 4679 1227 4738 post
1255 4669 1371 4723 dics
1398 4671 1598 4724 Natalis
1630 4668 1861 4739 Domini,

287 4736 437 4804 cujus
492 4736 815 4791 solemnitati
870 4741 987 4803 quia
1037 4736 1127 4792 rei
1176 4740 1389 4792 Vienna:
1431 4756 1535 4793 non
1587 4736 1860 4806 adfuerat,

290 4810 425 4860 srire
455 4818 581 4862 avet
620 4822 687 4859 an
720 4807 957 4868 Lugduni
998 4808 1250 4863 adfuerit.
1303 4816 1416 4871 Quo
1453 4819 1575 4877 post
1632 4812 1862 4879 priorem

287 4887 591 4947 uintperto,
617 4880 963 4947 posteriorem
992 4880 1273 4947 epistolam
1305 4879 1523 4947 adjecit.

360 4944 389 4986 δ
418 4944 664 5018 Diversi
687 4948 755 4999 ab
801 4947 938 5012 hoc,
991 4944 1299 5018 aitatenon
1334 4944 1500 5001 niuito
1539 4949 1859 5018 inferiores,

288 5018 570 5088 Sapaudus
581 5015 865 5090 episcopus
878 5017 1230 5090 Arelatensis,
1258 5018 1454 5072 Placidi
1474 5022 1678 5089 patricii
1699 5015 1859 5090 ﬁlius,

285 5101 345 5146 et
369 5087 661 5156 ’Sapaudus
689 5087 854 5141 abbas
891 5088 981 5155 qui
1009 5088 1236 5143 concilio
1269 5087 1638 5144 Aurelianensi
1674 5106 1706 5144 v
1735 5087 1863 5145 sub;

288 5159 503 5227 scripsit
529 5171 630 5226 pro
648 5156 837 5211 Albino
858 5159 1111 5227 episcopo
1138 5159 1527 5227 Andegavensi.
1559 5159 1865 5215 Leonianus

288 5244 444 5293 vero,
494 5241 636 5279 nunc
676 5227 1083 5282 archidiac0nus
1102 5268 1117 5291 ,
1165 5229 1304 5282 idem
1332 5229 1542 5281 videtur
1569 5246 1692 5283 cum
1725 5231 1834 5286 Leo
1854 5263 1866 5272 -

287 5299 446 5352 niano
471 5296 671 5349 famulo
686 5297 909 5367 AMaximi
933 5298 1190 5365 episcOpi,
1225 5299 1275 5352 in
1308 5298 1463 5366 cujus
1490 5299 1664 5367 gulam
1706 5302 1861 5354 lude-

286 5368 381 5421 bat
407 5367 641 5438 epistoia
674 5365 764 5438 65.
811 5366 1070 5438 Convenit
1108 5370 1247 5422 enim
1292 5365 1523 5421 hominis
1572 5369 1784 5438 ingenio
1809 5382 1863 5425 et

286 5437 523 5511 moribus
560 5436 788 5511 epistola
814 5437 929 5511 ejus
962 5438 1527 5511 norninegctimposita.
1573 5436 1673 5492 Sed
1707 5443 1860 5511 longe

282 5507 528 5561 diversus
562 5519 616 5561 et
648 5506 956 5574 dissimilis,
995 5509 1237 5576 quamvis
1268 5523 1364 5562 nec
1388 5517 1544 5563 aetate
1566 5548 1581 5569 ,
1616 5519 1671 5562 ut
1718 5506 1852 5565 lania

282 5586 367 5631 est
392 5618 407 5641 ,
459 5591 555 5630 nec
603 5576 929 5630 habitatione
958 5579 1253 5645 disjttnctus
1274 5623 1286 5641 ,
1314 5577 1615 5631 Leonianus
1653 5580 1850 5643 abbas,

282 5646 437 5716 cujus
455 5646 758 5717 sepulcrum
784 5647 999 5704 Vienna:
1031 5664 1197 5718 nuper
1221 5648 1619 5706 observavimus
1650 5650 1700 5705 in
1724 5654 1850 5707 sub-

1975 4678 2067 4798 lsed
2100 4679 2267 4801 saucbti
2325 4678 2421 4731 viri
2456 4682 2622 4748 gratia
2673 4680 3076 4749 haudquaquam
3119 4678 3456 4752 spernendo,
3490 4687 3541 4740 in

1995 4761 2089 4800 nec
2120 4761 2210 4801 ver
2250 4762 2299 4800 a.

1995 4761 2089 4800 ιωο
2120 4761 2299 4801 νει-ιω.

2318 4818 2729 4874 ΕΡΙΤΑΡΙΙΙΗΜ
2769 4819 2826 4875 S.
2866 4819 3200 4876 LEONIANI.

1978 4884 2031 4937 11
2037 4886 2083 4938 ic
2094 4885 2170 4958 vir
2189 4889 2450 4958 sanctitate
2463 4893 2759 4958 conspicuus
2782 4892 2833 4942 in
2857 4892 2950 4945 hac
2967 4891 3088 4944 urbe
3111 4890 3191 4945 Vit
3204 4893 3382 4946 nnensi
3394 4894 3544 4947 abbas

2044 4956 2232 5033 exstitit
2256 4956 2509 5033 Sabbaria
2531 4956 2812 5033 Pannonia:
2825 4970 2985 5024 ortus,
3012 4977 3045 5013 a
3074 4961 3298 5015 barbaris
3321 4965 3542 5033 captiva-

2044 5034 2141 5101 ιρις,
2175 5025 2440 5101 Gallorum
2462 5028 2649 5101 ﬁnibus
2666 5030 2858 5083 devenit
2885 5046 2903 5083 :
2926 5033 3281 5099 Augustoduni
3301 5025 3545 5101 primum,

2042 5096 2227 5169 deinde
2268 5096 2473 5169 Vienna:
2520 5097 2742 5151 claustro
2773 5096 3042 5169 peculiaris
3070 5102 3209 5169 cella:
3237 5096 3537 5166 conclusus,

2043 5166 2386 5237 quadraginta
2411 5166 2527 5237 plus
2555 5171 2702 5223 armis
2729 5166 2818 5223 tali
2854 5171 3031 5224 ordine
3051 5168 3249 5224 Christo
3275 5173 3530 5232 militavit,

2044 5246 2199 5309 tantm
2219 5238 2571 5301 districtionis,
2590 5251 2641 5292 ut
2658 5257 2781 5301 pene
2802 5241 2942 5293 vultu
2963 5241 3193 5293 omnibus
3210 5242 3542 5309 undequaquo

2039 5308 2349 5378 venientibus
2374 5309 2578 5378 ignotus
2604 5311 3079 5375 introvixerit,cum
3104 5320 3227 5364 esset
3252 5311 3398 5363 verbo
3421 5308 3542 5362 dac-

2040 5377 2193 5449 trinae,
2233 5377 2405 5431 multis
2450 5381 2516 5431 ad
2557 5380 2769 5449 salutem
2813 5381 3126 5433 notissimus.
3174 5381 3257 5432 Ita
3298 5388 3359 5449 ut
3387 5382 3543 5449 juxta

2040 5446 2277 5499 cellulam
2297 5464 2444 5499 suam
2477 5448 2877 5516 quamplurimas
2900 5449 3172 5502 monachos
3198 5446 3403 5508 rexerit;
3435 5463 3540 5498 mo-

2036 5516 2225 5568 nachos
2256 5532 2369 5569 vero
2390 5518 2583 5569 ambitu
2622 5520 2915 5573 monasterii
2944 5521 3079 5640 in{ra
3117 5519 3286 5570 urbem
3319 5517 3539 5568 inclusos

2036 5585 2101 5637 ad
2126 5587 2511 5640 scxuuenurium
2530 5602 2792 5640 numerum
2811 5590 2986 5640 mirabi
3015 5591 3027 5640 i
3050 5589 3365 5640 ordinatione
3388 5603 3539 5640 nave-

2034 5585 2101 5656 ad
2126 5587 2511 5656 sexagenttriunt
2530 5602 2792 5640 numerum
2811 5585 3027 5642 mirabili
3050 5589 3365 5641 ordinatione
3388 5603 3541 5656 pavir-
3574 5652 3577 5655 _

2033 5655 2126 5719 rit,
2160 5664 2206 5707 ct
2238 5654 2675 5725 tlisciplinabiliter
2698 5658 3009 5715 custodierit.
