4024 6172
457 228 562 283 279

1718 220 1772 271 S.
1821 218 1996 271 AVITI
2038 212 2435 269 VIENNEXSIS

3598 208 3705 260 ‘280

454 340 899 409 terrestribusque
938 335 1262 406 fulgentem,
1314 333 1583 389 luculento
1614 345 1864 387 sermone
1922 332 2018 386 dc-
2050 337 2101 394 Λ
2128 327 2361 384 inediam
2386 325 2577 393 patior,
2602 330 2691 375 aut
2714 318 2912 389 aliquid
2935 319 3174 388 rapuisse
3189 318 3483 388 contingor;
3498 333 3706 373 summa

453 431 754 501 scripseris,
784 430 1152 484 incunctanter
1179 432 1354 479 tamen
1389 423 1661 478 declarare
1689 432 1836 477 tuum
1859 436 2012 475 amo-

450 538 566 581 rem
615 531 929 580 consuetum
978 530 1079 577 est.
1122 519 1353 575 Securus
1398 518 1537 572 enim
1564 518 1760 585 taliter
1788 517 2019 579 recitas,

451 624 733 688 postquam
779 615 957 669 datam
1012 612 1107 668 tibi
1135 610 1414 665 materiam
1462 623 1567 663 non
1613 608 1877 672 versibus,
1925 607 2020 660 sed

450 708 700 764 dentibus
719 704 980 775 expedisti
1014 720 1029 758 :
1072 717 1193 757 cum
1237 703 1288 755 in
1319 716 1423 754 uno
1452 699 1707 769 prandio,
1740 696 1880 765 quod
1923 696 2014 750 vix

448 797 658 855 duobus
686 796 986 852 lturdonnm
1017 802 1159 864 terga
1186 792 1517 857 detulerant,
1562 804 1697 844 unus
1722 802 1909 842 venter
1940 788 2021 841 in-

449 891 611 947 clusit
667 909 681 944 :
726 902 847 943 cum
879 887 931 941 in
977 899 1173 956 pransn
1218 884 1491 955 negligens
1552 882 1790 944 crimen,
1840 880 2017 933 alvum

450 981 721 1037 nimietate
752 988 1055 1035 concrctam
1085 976 1383 1047 pectinibus
1417 972 1665 1043 pexnisti.
1711 972 1860 1039 Quod
1895 971 2019 1025 licet

448 1074 517 1129 ad
555 1071 919 1129 insultantium
945 1070 1073 1124 mihi
1111 1080 1458 1137 exaggerasse
1489 1074 1540 1119 te
1570 1072 1776 1133 pateat.
1811 1078 1911 1130 ego
1942 1070 2020 1114 ta-

446 1179 569 1221 men
597 1171 905 1218 constanter
931 1161 1171 1224 affirmo,
1204 1158 1407 1212 nullum
1438 1155 1665 1209 similem
1699 1154 1888 1217 nostri,
1923 1166 2018 1206 seu

448 1258 648 1313 esuriat
676 1257 787 1321 ille,
816 1270 911 1311 seu
934 1252 1201 1318 comedat,
1231 1252 1445 1305 beatum
1476 1247 1668 1302 merito
1699 1245 2014 1313 nuncupari.

447 1348 577 1404 Nam
616 1358 675 1402 ut
696 1347 765 1401 de
797 1346 969 1414 primo
998 1343 1137 1414 quod
1180 1340 1472 1411 exposuisti
1521 1337 1723 1392 ferculo
1748 1336 2017 1406 colloqua-

448 1456 604 1508 mur,
661 1452 878 1507 parvum
917 1434 1010 1489 tibi
1048 1448 1220 1503 poema
1261 1446 1429 1501 genus
1456 1431 1679 1499 putabas
1723 1427 1974 1481 afllictum
2000 1467 2013 1489 ,

447 1531 588 1600 quod
639 1527 928 1598 appetitum
980 1522 1323 1578 interioribus
1376 1520 1668 1574 inhiantem
1722 1516 2017 1572 devorabili

449 1620 686 1689 tegmine
712 1630 874 1686 pavus
906 1624 929 1653 ι
960 1614 1111 1668 isicio
1159 1612 1444 1668 conclusus
1465 1608 1722 1673 exclusit,
1749 1618 1804 1662 et
1847 1608 2016 1676 trepi-

447 1688 581 1765 dans
634 1709 871 1763 accensis
920 1705 1158 1759 faucibus
1214 1706 1331 1774 gula
1389 1701 1711 1770 aliquantula
1764 1688 2097 1768 temporisB

448 1816 599 1857 mora
624 1801 723 1854 sub
743 1799 770 1837 δ
801 1798 942 1854 docti
985 1796 1230 1851 incisoris
1273 1792 1526 1863 pependit
1557 1789 1796 1844 arbitrio.
1829 1789 2023 1857 Sicque

447 1893 648 1947 factum
674 1899 775 1959 est,
810 1899 865 1943 ut
891 1886 1121 1942 bibendo
1141 1885 1310 1952 cibos,
1345 1883 1530 1952 pocula
1556 1880 1891 1944 ruminando,
1914 1882 2023 1948 pri-

448 1998 588 2036 mam
620 1980 827 2051 prandii
858 1988 1062 2049 partcm
1094 1976 1334 2031 esuriens
1372 1973 1605 2042 querelis
1626 2013 1639 2037 ,
1673 1970 1905 2025 mediam
1932 1985 2021 2025 co-

446 2074 666 2132 medens
714 2072 946 2142 rapinis,
989 2070 1227 2124 ultimam
1268 2076 1414 2120 satur
1464 2066 1713 2134 laerymis
1755 2063 2016 2134 exegeris.

446 2170 556 2226 Nec
586 2167 683 2224 tibi
718 2166 944 2222 dixerim
983 2162 1243 2232 profuisse
1274 2159 1414 2230 quod
1441 2158 1603 2213 defui.
1634 2157 1729 2211 Vel
1754 2158 1804 2212 id
1836 2158 2017 2222 nobis,

446 2270 704 2333 quantum
734 2259 828 2314 tibi
847 2256 1127 2326 superfuit,
1160 2252 1408 2308 omnibus
1437 2250 1715 2305 satisfecit.
1745 2248 1875 2303 Nam
1898 2265 2018 2301 cum

447 2360 506 2406 tu
549 2350 601 2404 in
630 2357 775 2404 tanta
804 2346 1034 2401 convivii
1080 2341 1409 2397 beatitudine
1438 2340 1722 2393 deliciatus
1759 2339 2016 2403 maxime,

450 2441 753 2497 tardissime
783 2438 1026 2502 satiatus,
1058 2434 1144 2489 vix
1185 2443 1236 2487 te
1282 2432 1457 2500 possis
1500 2431 1727 2500 froliare
1774 2428 2017 2495 felicem;

446 2532 574 2602 quid
603 2532 669 2586 dc
698 2545 784 2585 me
827 2529 1026 2583 misero
1068 2540 1289 2581 censeas
1340 2524 1670 2590 interrogare
1722 2536 2015 2591 praesumo,

447 2623 587 2693 quia
615 2620 810 2691 regalis
836 2634 1035 2674 mensa:
1063 2615 1382 2673 abundantia
1409 2629 1515 2668 non
1552 2616 1854 2684 permittor,
1893 2624 1945 2668 et
1968 2615 2021 2668 in

448 2712 810 2769 ecclesiastica
835 2709 1138 2779 frugalitate
1168 2722 1271 2761 non
1295 2715 1506 2761 saturor
1534 2724 1545 2756 :
1574 2707 1660 2775 qui
1685 2706 1782 2761 sub
1806 2706 2022 2761 honoris

449 2804 667 2858 nomine
692 2801 948 2857 custodia:
980 2799 1311 2867 mancipatus
1331 2837 1346 2863 ,
1377 2798 1529 2866 quasi
1576 2795 1641 2850 ad
1678 2797 1901 2865 primam
1924 2812 2021 2850 vo-

449 2904 603 2950 catus
622 2904 678 2949 et
698 2909 727 2948 a
755 2893 976 2948 meliore
996 2891 1313 2961 prohibitus,
1339 2905 1406 2944 ne
1421 2889 1618 2956 possim
1640 2888 1822 2958 fugere
1839 2889 2023 2958 jacere

449 2987 783 3058 compellor:
815 2986 1039 3056 impleor
1064 2984 1324 3048 oleribus,
1356 2991 1411 3037 et
1433 2980 2022 3052 inllornapis;abuudo

2132 417 2534 487 importunitate
2560 426 2758 482 perago
2786 418 2845 464 ut
2868 419 2976 465 tres
3006 418 3251 464 recentes
3275 409 3397 464 aliis
3426 411 3545 478 plus
3570 425 3707 479 prte-

2122 524 2350 564 sumam.
2404 506 2536 576 Ipsae
2563 504 2721 559 etiam
2763 510 2998 571 paterae,
3034 515 3169 570 quas
3198 500 3441 555 confictis
3489 502 3707 558 casibus

2124 600 2328 669 frango,
2359 595 2670 666 quotidiana
2711 592 3052 663 reparatione
3073 592 3411 646 decrescunt.
3434 592 3707 664 Quaprop-

2125 701 2204 747 ter
2233 690 2501 745 laborioso
2551 689 2604 743 in
2636 686 2721 743 his
2756 696 2966 741 tantum
3005 686 3263 741 insultare
3289 686 3491 742 desiste
3519 704 3535 742 :
3579 689 3704 758 quia

2122 799 2241 839 cum
2275 782 2488 853 utrique
2534 790 2773 836 nostrum
2812 779 3179 849 quotidianum
3218 778 3385 833 fatum
3440 780 3511 834 sit
3559 781 3705 849 quod

2122 877 2346 945 quisque
2365 876 2587 929 sortitus
2610 880 2724 928 est:
2756 881 2865 926 tum
2888 870 3169 925 familiaris
3196 870 3428 926 miseria:
3457 871 3705 927 oblivisci

2125 975 2348 1035 potero,
2395 965 2440 1019 si
2488 964 2648 1032 epulo
2677 976 2777 1017 suo
2804 961 3032 1016 domnus
3074 969 3260 1015 noster
3286 961 3363 1016 sic
3396 960 3588 1016 adesse
3620 976 3707 1016 me

2121 1057 2325 1126 jnbeat,
2350 1063 2407 1109 ut
2432 1062 2482 1109 te
2512 1053 2705 1108 deesse
2731 1053 3026 1121 contingat.

2578 1187 2907 1245 EPISTOLA
2948 1186 3231 1242 LXXVIII.

2148 1317 2337 1360 Ανιτυε
2365 1317 2667 1359 γιιςκΝεΝειε
2697 1315 2971 1356 EPISCOPUS
2999 1311 3021 1339 θ
3056 1315 3370 1355 APOLLINARI
3410 1314 3703 1368 EPISCOP0.,

2189 1436 2414 1493 Confido
2437 1436 2615 1506 plane,
2641 1450 2737 1490 nec
2768 1434 2977 1498 dubito,
3005 1432 3187 1487 divino
3210 1447 3433 1487 munere
3458 1447 3704 1488 commu-

2121 1545 2241 1584 nem
2276 1529 2512 1583 lzctitiam
2559 1527 2827 1580 communi
2870 1525 3171 1593 przescntite
3211 1524 3526 1578 nuntiatam.
3571 1523 3705 1577 Nam

2125 1617 2266 1687 quod
2308 1626 2361 1671 et
2402 1616 2466 1670 ad
2500 1630 2598 1669 vos
2639 1616 2747 1683 jam
2776 1613 3017 1683 suspicor
3044 1615 3352 1682 pervenisse
3378 1652 3393 1677 ,
3424 1613 3585 1667 etiam
3626 1614 3706 1667 illi

2126 1710 2212 1779 qui
2236 1717 2449 1762 vastare
2490 1706 2716 1761 limitem
2744 1705 3092 1771 dicebantur,
3124 1706 3326 1760 reversi
3371 1714 3511 1760 sunt.
3546 1705 3708 1761 Unde

2128 1817 2287 1856 causa
2317 1798 2694 1854 sollicitudinis
2727 1799 2820 1852 has
2857 1797 3047 1863 direxi,
3078 1807 3136 1852 ut
3158 1813 3276 1867 quae
3302 1797 3369 1852 ad
3386 1812 3488 1869 _vos
3518 1808 3705 1867 postea

2126 1894 2191 1945 de
2217 1891 2582 1960 cujuscunque
2601 1888 2904 1944 securitatis
2944 1899 3229 1958 augmento
3263 1889 3601 1957 pervenerint
3628 1889 3706 1941 iu-

2127 1984 2353 2048 dicetis;
2385 1992 2476 2036 aut
2505 1984 2549 2037 si
2569 1982 2678 2051 jam
2702 1982 2766 2035 ad
2791 1984 3063 2037 civitatem
3089 1982 3225 2037 liber
3249 1997 3500 2037 recursus
3528 1998 3558 2035 a
3578 1998 3704 2036 con-

2125 2074 2408 2129 suetudine
2438 2087 2535 2127 vos
2559 2113 2574 2139 ,
2609 2072 2717 2127 imo
2759 2074 2935 2142 potius
2983 2072 3051 2127 ab
3079 2087 3262 2127 amore
3290 2072 3587 2128 obsidionis
3615 2088 3707 2128 ex-

2128 2168 2308 2221 traxit.
2343 2167 2610 2221 Prccterea
2653 2163 2679 2201 ά
2724 2165 3039 2235 magdaliola
3070 2165 3157 2218 illa
3188 2180 3306 2234 qua:
3350 2165 3708 2234 promisistis,

2128 2272 2288 2325 posco
2310 2267 2366 2310 ut
2388 2271 2508 2311 cum
2540 2255 2934 2310 observationis
2955 2255 3228 2309 breviculo
3265 2255 3419 2325 dirigi
3452 2257 3708 2323 jubeatis.

2132 2347 2398 2402 Hactenus
2456 2345 2832 2401 familiariter:
2866 2345 2989 2400 hinc
3016 2344 3159 2415 quod
3203 2348 3544 2414 restat,quia
3587 2347 3701 2415 jam

2132 2438 2296 2502 libet,
2327 2438 2495 2505 paulo.
2532 2437 2753 2490 hilarius
2785 2435 3050 2490 indicabo.
3093 2445 3115 2473 θ
3148 2436 3503 2505 Signatorinm
3551 2437 3710 2505 igitur

2127 2529 2267 2595 quod
2300 2530 2469 2597 pietas
2501 2539 2676 2583 vestra
2703 2544 2807 2582 non
2840 2538 2944 2581 tam
2978 2527 3289 2595 promittere
3326 2544 3484 2598 quam
3510 2528 3711 2585 offerre

2126 2622 2339 2691 dignata
2364 2631 2468 2685 est,
2503 2623 2554 2675 in
2589 2620 2729 2675 hunc
2746 2620 2961 2673 modum
2987 2620 3103 2675 ﬁeri
3128 2621 3273 2675 volo.
3303 2621 3512 2675 Annulo
3535 2621 3711 2675 ferreo

2126 2722 2180 2769 et
2229 2711 2517 2766 admodum
2550 2713 2720 2779 tenui,
2752 2712 2893 2765 velut
2920 2712 3361 2766 concurrentibus
3401 2712 3453 2765 in
3491 2725 3551 2765 se
3592 2711 3711 2765 del-

2128 2802 2365 2872 phinulis
2391 2802 2686 2856 concluden
2713 2804 2791 2864 'o,
2833 2803 2993 2869 sigilli
3022 2803 3248 2872 duplicis
3276 2803 3445 2857 forma
3479 2805 3711 2872 geminis

2128 2891 2422 2946 cardinulis
2453 2890 2739 2944 inseratur.
2788 2892 2917 2958 Qua:
2953 2900 3009 2945 ut
3050 2891 3263 2946 libuerit
3303 2892 3535 2948 vicissim
3561 2933 3576 2958 ,
3611 2908 3711 2947 seu

2128 2981 2478 3047 latitabunda,
2500 2997 2591 3036 seu
2620 2982 2851 3051 publica,
2877 2982 3149 3036 obtutibus
3167 2982 3482 3038 intncntium
3500 2983 3707 3038 alterna

448 3052 826 3151 leguminibus,
858 3052 951 3133 sed
977 3093 1094 3148 anc
1127 3077 1315 3143 tellus,
1350 3091 1453 3129 non
1487 3084 1679 3144 pontus
1707 3075 1905 3130 emisit.
1939 3076 2021 3130 ln-
2052 3052 2097 3114 Ο
2128 3073 2401 3127 vernantis
2432 3072 2594 3141 lapilli
2638 3073 2723 3127 vel
2752 3073 2937 3127 electri
2969 3074 3213 3141 pallentis
3245 3072 3419 3128 fronte
3448 3082 3703 3130 mutetur.

448 3181 533 3228 ter
554 3171 668 3226 haec
684 3170 856 3240 qualia
878 3168 1070 3224 fuerint
1093 3170 1244 3222 bonae
1261 3165 1536 3220 memoriae
1553 3165 1819 3235 quondam
1846 3174 2023 3220 ostrea

454 3277 552 3319 nec
582 3261 857 3317 recordor.
893 3260 948 3316 Si
974 3259 1239 3313 modicum
1268 3256 1397 3327 quid
1428 3256 1645 3311 vasculo
1673 3271 1778 3311 uno
1803 3257 2025 3312 minimo

450 3351 746 3419 semipleno
767 3350 874 3403 vini
906 3348 1156 3417 pallentis
1183 3347 1495 3414 apponitur,
1526 3354 1579 3399 et
1611 3344 1695 3399 hic
1725 3345 1917 3399 modus
1942 3346 2027 3399 vel

454 3442 637 3512 regula
659 3439 977 3493 custoditur.
1002 3438 1118 3491 Jam
1149 3437 1215 3488 de
1237 3435 1372 3489 cibis
1395 3443 1546 3488 taceo
1580 3452 1592 3487 :
1619 3435 1670 3487 in
1702 3434 2029 3503 accipiendis

453 3532 761 3589 recentibus
792 3529 960 3597 major
994 3535 1076 3582 est
1123 3539 1309 3595 pinna;
1352 3533 1523 3579 musta
1565 3524 1889 3593 deposcens,
1940 3534 2032 3580 aut

523 3738 551 3765 ἰ
595 3729 700 3782 Aut
741 3726 875 3779 sicut
920 3724 1143 3779 ficedula
1171 3723 1371 3777 inclusa
1421 3738 1523 3777 ovo
1569 3729 1833 3793 pavonino
1881 3728 2019 3794 apud

452 3797 781 3859 Petronium,
828 3804 922 3849 aut
949 3810 1136 3863 pavum
1165 3794 1294 3848 dicit
1318 3794 1581 3848 isiciaturn
1602 3836 1617 3861 ,
1655 3796 1793 3851 sicut
1820 3798 2020 3865 pullum

451 3869 714 3924 isiciatum
770 3866 987 3935 Apicius
1044 3865 1341 3935 minutatim
1391 3868 1702 3931 concisum,
1748 3874 1802 3920 et
1838 3869 1888 3919 in
1921 3868 2006 3920 isi-

449 3942 588 3993 cium
613 3934 949 3992 converSum.
980 3936 1193 4002 Apicius
1216 3934 1309 3988 lib.
1331 3949 1445 3998 Vlll,
1469 3950 1587 4003 cap.
1615 3937 1668 4001 7,
1694 3936 1760 3989 de
1787 3937 2024 4004 porcello

450 4009 646 4073 farsili,
699 4007 960 4061 Porcellus
995 4004 1296 4059 hortulanus
1342 4017 1605 4075 exossatur
1640 4023 1727 4072 per
1762 4007 1933 4075 gulam
1970 4007 2022 4060 in

449 4080 657 4133 modum
684 4078 810 4130 utris
833 4092 852 4130 .'
878 4076 1090 4129 mittitur
1109 4076 1164 4129 in
1193 4091 1249 4128 eo
1274 4074 1447 4145 pullus
1486 4077 1713 4129 isiciatus
1741 4074 2021 4145 particula—

450 4150 541 4202 tim
566 4149 813 4213 concisus,
832 4147 987 4209 turdi,
1020 4146 1267 4211 ﬁcedulae,
1294 4146 1494 4198 isicinm
1507 4147 1569 4198 de
1586 4146 1743 4216 pulpa
1764 4162 1879 4210 sua,
1910 4155 2017 4200 etc.

522 4216 550 4256 δ
579 4218 678 4285 Qui
707 4216 985 4273 scindendi
1010 4216 1220 4270 obsonii
1267 4218 1517 4283 magister
1546 4216 1797 4281 Senecas,
1823 4218 2021 4271 scissor

452 4286 726 4349 Petronio,
745 4286 984 4340 Jnvenali
1003 4294 1177 4340 autem
1192 4285 1555 4348 chironomus,
1574 4301 1596 4336 a
1616 4287 2021 4354 gesticulatione

451 4372 552 4424 qua
584 4357 803 4411 obSonia
834 4356 1083 4410 scindens
1112 4355 1358 4409 utebatur
1386 4372 1399 4408 :
1424 4357 1491 4410 de
1513 4371 1611 4423 qua
1638 4366 1691 4411 et
1715 4356 2017 4410 Petronius.

456 4426 745 4492 Processit,
779 4427 980 4494 inquit,
1014 4426 1182 4477 statim
1200 4425 1413 4495 scissor,
1442 4436 1487 4477 et
1538 4426 1607 4476 ad
1663 4425 2020 4495 symphoniam

450 4497 521 4549 ita
547 4497 873 4561 gesticulatus
900 4495 1136 4547 laceravit
1158 4494 1441 4555 obsonium,
1473 4504 1525 4545 ut
1558 4494 1783 4561 putares
1807 4496 2021 4548 Darium

2134 3166 2245 3219 Nec
2287 3164 2501 3233 quidem
2554 3165 2673 3217 talis
2703 3163 2888 3218 clee'ri
2915 3204 2929 3229 ,
2969 3166 3123 3232 quale
3164 3180 3352 3234 nuper,
3402 3174 3458 3219 ut
3494 3176 3712 3236 egomet

2135 3255 2309 3319 hausi,
2338 3254 2389 3306 in
2419 3263 2604 3308 sancto
2627 3269 2687 3307 ac
2716 3255 3078 3309 sinceriSsimn
3104 3254 3396 3329 impolluta?
3418 3270 3606 3312 manus
3629 3259 3711 3311 ni-

2134 3356 2248 3399 tore
2275 3346 2547 3411 sordebut,
2578 3346 2661 3399 cui
2683 3354 2988 3415 corruptam
3018 3348 3350 3416 potiusquam
3381 3347 3707 3417 confectam,

2134 3437 2248 3489 auri
2301 3434 2319 3473 τ
2363 3436 2599 3490 nondum
2653 3435 2867 3492 fornace
2910 3437 3117 3491 decocti
3155 3437 3474 3492 crediderim
3531 3440 3712 3496 inesse

2136 3528 2419 3582 mixturam
2468 3544 2483 3582 :
2522 3527 2606 3583 vel
2637 3528 2778 3582 illam
2808 3537 2953 3583 certe
2973 3566 2990 3595 ,
3031 3543 3188 3597 quam
3218 3530 3522 3599 nuperrime
3549 3540 3575 3580 ι
3613 3547 3711 3588 rex

2131 3741 2270 3801 mam
2295 3741 2379 3801 ac
2397 3727 2686 3801 materiam
2707 3743 2872 3801 ,_cnm
2906 3728 3155 3801 omnibus
3182 3729 3544 3801 ornamentis,
3576 3746 3712 3801 qua-

2133 3799 2235 3867 lem
2257 3796 2366 3854 sibi
2390 3796 2502 3851 fieri
2526 3799 2674 3862 velit,
2705 3797 3103 3867 elegantissime
3126 3799 3397 3853 describit.

2204 3866 2224 3905 ί
2262 3868 2587 3940 Coruinum,
2616 3877 2673 3919 ut
2698 3867 2901 3940 Plinius
2917 3870 3092 3933 docet,
3122 3870 3252 3921 inest
3280 3879 3545 3940 argentum
3569 3873 3710 3925 rario

2134 3937 2377 4006 pondere.
2402 3936 2698 4007 Ubicunque
2723 3938 2899 4005 quinta
2927 3941 3121 4005 argenti
3147 3941 3312 4007 portio
3340 3936 3432 4002 est,
3464 3944 3710 3993 electrum

2134 4017 2361 4060 vocatur.
2382 4006 2437 4059 ια
2461 4022 2579 4061 cum
2613 4008 2663 4060 in
2695 4008 2910 4060 metallo
2927 4006 3212 4076 reperitur,
3234 4010 3463 4063 nativum
3488 4010 3705 4065 dicitur.

2136 4077 2215 4130 Fit
2244 4088 2419 4130 autem
2451 4086 2503 4131 et
2532 4091 2661 4130 cura
2682 4077 2934 4131 electrum
2964 4089 3186 4145 argento
3216 4078 3397 4132 addito
3433 4097 3446 4132 :
3473 4081 3615 4147 quod
3663 4082 3709 4133 si

2121 4145 2322 4214 justum
2339 4147 2550 4219 modum
2575 4148 2883 4219 excesserit,
2913 4149 3272 4219 corrumpitur
3300 4145 3553 4212 mixtura,
3578 4166 3708 4219 qua-

2125 4220 2229 4269 lem
2255 4220 2304 4269 in
2328 4217 2500 4284 sigillo
2520 4230 2616 4270 suo
2638 4218 2834 4283 respuit
2857 4218 3063 4271 Avitus.
3597 4217 3606 4219 ‘
3650 4260 3663 4264 ,Α

2198 4295 2223 4333 8
2254 4288 2519 4355 Alaricus,
2570 4301 2599 4339 a
2649 4286 2916 4340 Clodoveo
2958 4295 3249 4355 prostratus
3281 4303 3294 4340 :
3323 4289 3374 4341 in
3427 4289 3529 4343 hoc
3561 4292 3706 4343 enim

2124 4358 2328 4409 corruit
2358 4354 2776 4423 Wisigothorum
2809 4354 3029 4425 regnum
3055 4359 3106 4409 in
3134 4358 3327 4422 Gallia,
3352 4358 3505 4424 cujus
3534 4362 3708 4413 ruina:

2126 4428 2476 4491 praenuntiam
2507 4426 2693 4479 Avitus
2722 4425 3067 4480 adulterinam
3092 4438 3355 4479 monetam
3387 4430 3494 4482 vult
3518 4431 3704 4483 lnissv.

2127 4496 2381 4548 Visuntur
2412 4511 2541 4549 sane
2570 4510 2710 4550 nunc
2736 4499 2894 4549 etiam
2924 4497 3131 4550 Gotltiei
3158 4512 3223 4549 ex
3264 4498 3466 4552 electro
3492 4510 3705 4553 veteres

453 4540 705 4636 byth-aula
734 4575 973 4637 cantante
1003 4579 1247 4637 pugnare.
1280 4540 1531 4637 Quamvis
1558 4540 1689 4637 ergo
1709 4566 2016 4637 celerrime,
2050 4540 2099 4599 Ῑ)
2127 4568 2349 4629 nummi,
2380 4566 2514 4637 adeo
2545 4566 2833 4637 pallentes,
2867 4576 2923 4619 ut
2951 4568 3065 4619 auri
3097 4568 3271 4637 minus
3313 4567 3510 4622 habere
3528 4540 3708 4637 putes

451 4631 507 4689 ct
534 4636 729 4690 volanti
761 4633 998 4699 cultello,
1025 4642 1082 4686 ut
1105 4631 1335 4701 loquitur
1364 4631 1654 4692 Juvenalis,
1689 4635 1853 4703 dapes
1896 4651 2021 4689 eru-

450 4703 559 4758 dita
599 4719 759 4758 manu
785 4712 1022 4769 secaret,
1074 4703 1249 4756 lentus
1280 4703 1449 4754 avidis
1490 4704 1743 4756 Leoniaui
1780 4706 2019 4759 faucibus

452 4774 751 4828 videbatur.

527 4854 550 4882 ο
587 4843 789 4909 Fratri,
814 4841 1107 4896 Valentinze
1157 4840 1298 4895 sedis
1328 4840 1581 4906 antistiti,
1622 4840 1686 4893 ad
1714 4857 1869 4911 quem
1899 4843 2017 4897 aliae

452 4914 772 4979 complures.

522 4980 548 5019 ά
579 4982 1017 5051 Septasiariorum
1049 4980 1278 5035 officinis
1306 4990 1487 5034 notum
1516 4981 1851 5034 vocabulum.
1880 4983 2021 5051 Mag-

452 5052 704 5108 daleones
732 5053 872 5107 enim
904 5051 1167 5120 hodieque
1209 5053 1446 5104 vocitant
1485 5059 1680 5105 teretes
1709 5052 2010 5120 cylindros,

449 5125 502 5177 in
534 5138 666 5191 quos
690 5123 982 5190 composita
1002 5120 1287 5191 emplastra
1311 5120 1553 5189 redigere
1580 5121 1773 5175 solent.
1799 5121 2013 5176 Scribo-

448 5190 570 5248 nius
598 5193 798 5261 Largus
836 5191 901 5244 de
931 5190 1166 5259 chirurgi
1205 5190 1507 5259 'f‘rypltonis
1542 5192 1833 5257 emplastro
1887 5192 2013 5244 snb~

449 5263 605 5317 viridi
652 5280 666 5316 :
710 5260 851 5313 Dum
890 5261 1070 5314 desinit
1116 5265 1339 5330 fervere,
1392 5262 1622 5315 manibus
1650 5261 1925 5329 subigatur,
1967 5272 2013 5313 et

448 5334 707 5387 redactum
728 5332 1046 5403 in_rotun(las
1072 5331 1337 5399 ampliores
1358 5347 1484 5399 quas
1505 5330 1812 5403 μανδαλίδας
1836 5332 2011 5383 dicunt

448 5413 738 5470 reponatur.
768 5399 938 5469 Rogat
966 5401 1141 5470 itaque
1156 5411 1210 5454 ut
1231 5417 1348 5455 cum
1383 5399 1718 5469 magdaliolis
1745 5418 1864 5470 qua:
1889 5418 2009 5467 pro-

449 5473 630 5538 mittit,
686 5471 973 5533 indiculum
1004 5480 1213 5535 uuttat,
1245 5487 1345 5541 qua
1380 5473 1761 5527 observatione
1791 5473 2013 5541 singulis

449 5544 526 5598 uti
555 5550 816 5611 oporteat.

473 5610 478 5616 ’
521 5620 547 5650 ⁸
574 5610 842 5671 Annulum
866 5611 1243 5684 signatorium,
1274 5627 1369 5672 seu
1416 5614 1650 5685 sigillum
1684 5632 1697 5667 :
1732 5612 1885 5680 cujus
1911 5612 2017 5668 for-

2122 4649 2281 4702 quam
2299 4636 2521 4706 argenti.
2548 4635 2808 4706 Creterum
2825 4636 3137 4702 impressam
3164 4636 3357 4690 habent
3375 4635 3566 4706 regum'
3588 4653 3709 4691 suo-

2123 4704 2508 4776 rumefligicm;
2525 4705 2662 4776 quod
2680 4704 2971 4776 ignorasse,
2987 4715 3077 4761 aut
3101 4715 3347 4773 tanquam
3372 4704 3703 4776 illegitimum

2123 4773 2490 4827 dissimulasse
2516 4774 2723 4827 videtur
2741 4775 3183 4843 Procopius,cutn
3216 4778 3343 4829 Solis
3377 4773 3703 4831 Francorum

2123 4845 2335 4911 regibus
2365 4844 2413 4896 id
2436 4842 2666 4908 licuisse,
2700 4842 2939 4897 barbaris
2968 4845 3087 4899 aliis
3112 4847 3323 4913 regibus
3342 4848 3489 4900 nefas
3512 4847 3701 4913 fuisse,

2127 4914 2314 4967 scribit
2368 4913 2505 4966 libro
2533 4929 2588 4966 ll!
2632 4912 2762 4968 Belli
2804 4914 3032 4969 Gothici.
3090 4912 3420 4970 Del‘rancis
3451 4916 3593 4971 enim
3627 4912 3707 4971 loi-

2124 4998 2314 5049 quens,
2361 4997 2654 5055 eorumque
2698 4999 2824 5052 rege
2851 4984 3245 5049 'l‘heodeberto,
3277 4987 3367 5053 qui
3415 4987 3708 5055 provincia:

2125 5062 2331 5129 partem
2383 5052 3028 5129 ob_tinebattt,_uNo'uiapa
3057 5055 3111 5111 δέ
3140 5064 3394 5129 χρυσοῦν,
3416 5052 3627 5126 inquit,
3656 5059 3709 5112 ἐκ

2123 5130 2221 5175 τῶν
2249 5126 2299 5177 ἐν
2349 5124 2571 5194 Γάλλοιςμ
2596 5124 2850 5192 μετάλλων
2878 5124 3197 5184 πεποίηντάῦ
3227 5128 3283 5179 οὐ
3327 5134 3420 5181 τοῦ
3448 5124 3708 5194 Ῥώμαίων

2122 5194 2513 5270 αὐτοκράτορρς,
2542 5192 2667 5270 iure
2697 5194 2935 5270 εἴθισται,
2982 5202 3292 5270 χαρακτῆρα
3338 5192 3585 5266 ἐνθέμενὸι
3630 5206 3707 5269 τῷ

2121 5272 2337 5339 στατᾷρι
2365 5266 2556 5339 reo-car,
2591 5266 2716 5339 ᾀλλὰ
2765 5270 2853 5323 τὴν
2877 5266 3127 5339 ρ-φετέρὰν
3167 5266 3337 5339 abrin
3374 5268 3571 5339 sigrium.
3611 5266 3707 5324 Κοίὶ

2120 5354 2197 5386 τοι
2217 5334 2442 5423 {cura}?
2469 5338 2555 5405 μὲν
2584 5337 2838 5408 ἀργυροῦν
2868 5334 3119 5423 estea-5w
3152 5336 3393 5423 βαξιξςξὺε
3463 5338 3703 5408 βούλοιτο

2120 5411 2275 5456 ποιεῖν
2327 5404 2485 5478 εῗωρε,
2536 5404 2849 5478 χαλοὰκίςῆρα
2894 5404 3118 5478 Seniano“)
3149 5404 3703 5478 ἐμεᾳλέσθοέίστατῇρι

2123 5481 2328 5547 χρυσῷ,
2382 5473 2671 5547 οὕτεῗαύτὸν
2714 5473 2873 5547 θέμις,
2915 5474 3030 5529 οὔτε
3076 5473 3217 5529 cmi».
3244 5476 3459 5531 ὁντινοῦν
3488 5473 3706 5547 βασιιέα

2122 5552 2218 5595 τῶν
2247 5546 2447 5617 τςςξντων
2490 5546 2781 5617 βαρϐάρωχ.
2820 5546 3120 5617 ill/nmmum
3167 5558 3337 5599 autem
3382 5546 3595 5600 aureum
3639 5563 3705 5599 ex

2128 5614 2342 5666 metallis
2365 5628 2477 5682 qua:
2502 5613 2618 5666 sunt
2643 5613 2693 5666 m
2728 5613 2898 5668 Gallia
2952 5617 3281 5683 fabricarum,
3315 5633 3413 5671 non
3454 5618 3698 5674 Romani.
