4024 6172
237 166 334 220 281

1572 176 1896 233 EPISTULA
1942 181 2128 237 LXXX
2141 223 2154 235 .

3378 200 3481 255 282

232 279 498 345 Getarum,
530 289 795 335 secutura:
825 295 1117 353 praesagam
1148 285 1336 351 ruinae,
1366 287 1593 349 monetis
1624 288 1791 357 publi-
1822 296 1869 349 Α
1901 309 2014 347 rum
2058 296 2244 351 solatia
2277 310 2450 353 vestra
2507 304 2690 356 merita
2724 306 3025 364 cumulatis.
3061 309 3323 366 Fecerunt
3368 315 3475 381 qni-

228 373 305 425 eis
330 368 643 423 adulterium
668 371 965 425 firmantem
999 373 1362 430 mandaverat.
1398 375 1503 432 Sed
1532 374 1601 433 sit
1644 380 1789 448 ejus-

226 458 370 515 modi
418 458 595 525 color,
642 474 801 528 quem
844 464 1124 530 aequaliter
1151 478 1214 520 ac
1241 466 1509 532 modeste,
1542 471 1790 527 ruborem

225 551 289 605 ab
331 563 502 616 auro,
546 549 615 605 ab
662 564 884 620 argento
911 552 1236 621 candorem,
1286 559 1671 625 pretiositatem
1722 565 1789 618 ab

128 624 140 632 ”
225 651 460 711 utroque,
488 656 518 695 a
541 642 752 697 caeteris
772 644 1065 712 rapientem
1089 624 1371 717 fulgorem,
1404 651 1689 707 artiﬁciosa
1718 656 1791 710 si-

221 733 429 803 quidem
460 734 781 788 medioxima
809 735 999 790 viroris
1026 740 1364 795 commendet
1389 745 1696 799 ammnitas.
1727 745 1786 802 Si

220 839 421 894 quaeras
443 824 571 893 quid
597 823 1000 895 insculpendum
1038 829 1216 898 sigillo
1247 848 1258 882 :
1286 838 1313 867 λ
1341 832 1558 902 Signum
1593 850 1783 890 monov

217 916 521 985 grammatis
566 916 670 970 mei
719 930 813 985 per
843 932 1029 987 gyrum
1074 920 1257 989 scripti
1298 923 1528 977 nominis
1576 924 1786 994 legatur

218 1008 423 1062 indicio.
454 1007 681 1062 Medium
705 1023 863 1077 porro
891 1011 1114 1078 annuli,
1152 1012 1219 1067 ab
1253 1028 1314 1069 ea
1343 1026 1492 1085 parte
1523 1032 1624 1086 qua
1650 1019 1781 1073 voltu

215 1098 403 1153 clausae
446 1097 799 1163 vieinabitur,
849 1100 1224 1170 delphinorum
1270 1120 1496 1175 quorum
1539 1113 1781 1177 superius

212 1193 375 1260 capita
398 1192 783 1260 descripsimus
806 1236 820 1260 ,
852 1194 1036 1249 caudae
1079 1196 1351 1252 tenebunt.
1384 1198 1585 1265 Quibus
1613 1202 1777 1271 lapis-

211 1283 353 1337 culus
396 1283 469 1337 ob
518 1282 619 1337 hoc
648 1283 817 1351 ipsum
857 1286 1116 1353 quaesitus
1141 1326 1155 1351 ,
1190 1288 1448 1357 oblongus
1478 1292 1681 1347 scilicet
1724 1304 1779 1350 et

210 1372 368 1425 acutis
394 1373 661 1440 capitibus
687 1373 941 1427 formatus
972 1373 1202 1429 indetur.
1239 1376 1379 1433 Ecce
1419 1379 1581 1436 babes
1609 1384 1777 1451 qund-

210 1465 320 1519 dam
337 1466 711 1520 tantummodo
729 1468 1001 1534 speculum
1026 1469 1288 1537 dogmatis
1304 1475 1648 1543 exsequendi.
1668 1475 1775 1532 Nec

212 1567 375 1610 tamen
407 1558 818 1624 amplitudinem
846 1561 1122 1629 elegantia:
1154 1573 1256 1618 tua:
1296 1566 1373 1620 sic
1401 1567 1467 1620 ad
1508 1584 1774 1623 memora-

1896 385 2015 440 dem
2067 401 2280 458 peccata
2314 409 2428 448 mea
2485 410 2589 449 non
2631 397 3051 469 qualemcunque
3086 406 3475 470 necessitatem,

1896 493 1996 546 qua
2038 496 2137 536 nos
2168 483 2220 535 in
2271 483 2358 538 die
2397 496 2659 553 suscepta:
2699 489 2997 545 ft-stitatnlze
3026 504 3239 557 nostrae,
3287 510 3476 564 corpo-

1893 571 1991 625 rali
2024 582 2213 627 vestra:
2235 575 2445 644 pietatis
2472 581 2746 645 prmsentia
2776 582 3162 638 fraudaremur.
3209 585 3313 641 Sed
3356 589 3475 642 red-

1890 661 2101 717 didistis
2157 679 2219 719 ac
2266 671 2691 736 repraesentaStis
2725 673 2877 727 nobis
2924 676 3341 733 vicissitudinem
3365 695 3462 735 ve-

1888 753 1985 807 stri
2042 765 2289 822 aSpectus
2340 758 2393 813 in
2438 760 2659 825 lumine,
2688 766 2796 818 oris
2827 766 2877 819 in
2907 780 3177 833 sermone,
3209 780 3378 827 tactus
3415 775 3466 828 in

1887 857 2068 911 opere.
2119 846 2290 916 Spero
2334 850 2386 903 in
2422 850 2512 906 Dei
2544 855 2710 907 nostri
2743 856 3131 925 misericordia,
3180 865 3322 933 quod
3354 882 3459 921 non

1886 950 2006 987 meo
2062 946 2264 994 tantum
2314 948 2577 1011 tempore,
2634 947 2727 1000 sed
2762 948 2919 1003 etiam
2962 963 3231 1022 secuturo,
3264 956 3461 1011 donum

1884 1037 2075 1082 vestra:
2104 1029 2393 1087 oblationis
2421 1035 2704 1089 ecclesiola
2730 1050 2911 1094 nostra
2934 1045 3291 1100 venerabitur.
3309 1047 3459 1113 Quod

1882 1119 2021 1172 sicut
2049 1134 2152 1189 ego
2181 1122 2306 1175 dum
2355 1124 2475 1177 vivo
2507 1124 2560 1180 in
2589 1129 2950 1186 testimonium
2998 1133 3325 1191 inexhausta:
3356 1140 3459 1193 lar-

1879 1208 2060 1275 gitatis
2116 1223 2337 1265 servare
2391 1212 2661 1281 desidero,
2713 1218 2781 1271 ita
2809 1220 2935 1275 mihi
2968 1222 3106 1279 Deus
3133 1236 3372 1295 prmstet,
3400 1239 3457 1282 ut

1877 1301 2038 1355 etiam
2078 1301 2128 1357 ei
2177 1317 2334 1371 quem
2383 1313 2629 1373 postme,
2662 1322 2781 1363 cum
2813 1311 2954 1366 Dens
2994 1315 3239 1384 jusserit,
3263 1320 3454 1374 electio

1876 1402 2053 1447 vestra
2101 1394 2420 1463 decreverit,
2496 1399 2833 1466 peculiariter
2911 1409 3205 1465 auctoritas
3274 1421 3449 1467 vestra

1874 1487 2237 1542 commendet.

2370 1579 2703 1636 EPISTOLA
2740 1583 2953 1638 LXXX.

210 1656 306 1700 tum
333 1648 612 1716 exemplar
652 1658 868 1718 coacto,
902 1651 1053 1718 quasi
1093 1652 1317 1707 liberum
1349 1671 1453 1710 non
1481 1657 1550 1711 sit
1574 1659 1771 1715 addere
1803 1647 1851 1708 Β
1922 1682 2109 1721 Ανιτυε
2138 1683 2446 1725 vrexsnusrs
2478 1687 2757 1727 smscorus
2778 1684 2799 1712 ε
2829 1690 3110 1736 ontxrtaxo
3140 1695 3405 1738 EPISCOPO.

210 1738 335 1807 quod
380 1739 623 1793 videtttr.
674 1739 879 1794 Licebit
917 1756 1074 1809 porro
1118 1749 1514 1813 supercurrenti
1564 1750 1774 1819 ingenio

211 1841 371 1884 vestro
400 1831 666 1884 terminos
691 1833 1017 1902 praescripta:
1038 1832 1465 1893 demandationis
1489 1843 1770 1898 excedere.

207 1921 254 1975 In
282 1922 379 1977 fine
409 1933 591 1977 autem
634 1925 879 1993 epistola:
902 1966 917 1991 ,
956 1928 1099 1982 luteo
1137 1931 1284 1996 Operi
1314 1932 1429 1986 sine
1462 1949 1569 2002 quo
1594 1943 1770 1989 tamen

207 2027 295 2065 non
330 2016 683 2083 transigetur,
713 2016 1019 2071 fmculentus
1040 2033 1216 2074 sermo
1238 2020 1497 2091 deposcit,
1526 2035 1582 2079 ut
1608 2027 1772 2081 artifi-

204 2116 305 2157 cem
335 2104 563 2173 ﬁgulum
590 2106 737 2161 brevi
772 2110 1057 2163 tenendum
1081 2126 1111 2165 e
1133 2113 1357 2182 vestigio
1379 2114 1615 2185 dirigatis
1635 2159 1650 2182 ,
1681 2121 1768 2186 qui

207 2194 365 2258 nob‘s,
413 2198 665 2264 qualibus
712 2201 845 2252 strui
887 2202 1147 2256 mensuris
1176 2203 1402 2259 crebrati
1435 2210 1766 2265 coenaeulnm

205 2285 359 2352 furni,
403 2288 494 2343 vel
521 2289 661 2343 intra
700 2290 839 2359 quod
868 2291 1096 2358 spatium
1131 2293 1325 2348 fossilis
1363 2297 1531 2362 gleba:
1561 2301 1767 2355 scrobis

199 2378 436 2433 sordibus
461 2389 629 2448 septas
657 2382 967 2436 animalium
993 2383 1212 2451 pedibus
1240 2388 1448 2443 coctilis
1477 2391 1613 2444 coeni
1651 2392 1765 2461 glu-

199 2470 345 2525 tinum
371 2473 569 2527 lentari
593 2474 763 2543 possit
792 2474 1048 2530 instituat.

662 2567 991 2625 EPISTULA
1031 2570 1263 2626 LXXIX.

200 2672 364 2709 mres
406 2673 713 2712 vtexxuxsw
758 2675 1028 2715 EPlSCOPUS
1054 2662 1079 2700 δ
1111 2680 1451 2720 ιιιψοιωκιιιιι
1493 2685 1757 2727 EPISCOPO.

259 2750 481 2801 lnnexns
511 2752 709 2816 pariter
728 2768 789 2804 ac
811 2762 1054 2819 gravatus
1077 2756 1585 2825 vestrtedignationc
1611 2763 1758 2815 solli-

194 2834 821 2908 Ciittt’IJliS,ttthttiilltIitlt’:
842 2844 1747 2923 tualiactis,ConSItelttdinepit313US,

195 2948 281 3001 qua
319 2935 479 3005 digna
528 2937 611 2990 vel
642 2939 929 3005 gratiarum
960 2942 1187 3007 actione,
1237 2959 1340 2996 non
1392 2946 1563 3000 dicam
1601 2950 1753 3003 obse-

192 3028 283 3093 quii
314 3028 625 3097 sedulitate,
654 3032 1037 3096 respondi-am?
1079 3033 1184 3086 Nisi
1218 3033 1352 3090 forte
1394 3040 1755 3105 multipliciter

191 3120 427 3173 invalidus
504 3119 692 3174 eadem
754 3122 803 3173 in
868 3122 968 3175 lioc
1017 3134 1283 3179 sustentor
1335 3131 1501 3195 gratia
1554 3145 1750 3199 vestra,

188 3224 289 3275 qua:
340 3226 435 3265 nos
494 3220 708 3266 onerat.
758 3212 1026 3266 Concedat
1076 3231 1172 3270 vos
1225 3222 1433 3273 ornatui
1489 3226 1749 3294 ecclesm,

189 3301 520 3355 cettsoiationi
580 3311 634 3355 et
669 3303 939 3357 refectioni
978 3317 1169 3359 nostra:
1198 3310 1535 3379 omn’potcns
1590 3316 1747 3382 Dem,

187 3401 235 3443 ut
270 3393 386 3459 quia
443 3407 637 3447 revera
672 3408 776 3447 non
827 3396 999 3449 Solum
1044 3398 1195 3452 vobis
1253 3401 1445 3464 vivitis,
1499 3410 1747 3472 pCI'ﬂItn-

186 3576 231 3642 ut
270 3583 370 3621 mos
396 3578 494 3631 est,
526 3568 1087 3642 imperatorise/ﬁgiem
1115 3573 1234 3642 [iuic
1259 3577 1459 3640 stateri,
1484 3582 1573 3631 sed
1596 3598 1742 3637 suam

184 3636 388 3700 ipsorum
418 3641 694 3709 imaginem
720 3636 1074 3709 intpriiiieutes.
1103 3641 1167 3694 Et
1194 3660 1307 3698 vero
1337 3636 1599 3702 minimum
1652 3636 1739 3704 ar;

183 3715 391 3785 gemeam
419 3718 514 3761 rex
562 3708 840 3761 Persarum
875 3728 965 3778 pro
989 3713 1198 3792 arbitrio
1228 3715 1410 3768 cudere
1436 3720 1562 3792 solet
1588 3737 1608 3775 :
1637 3725 1740 3792 em-

183 3776 294 3841 giem
319 3793 467 3843 porro
499 3795 817 3860 suamaurco
839 3776 1011 3834 stateri
1033 3799 1308 3860 apponere,
1338 3802 1500 3860 neque
1525 3789 1623 3858 ipsi
1648 3776 1729 3860 {ius

181 3855 260 3910 est,
282 3863 432 3927 neque
457 3849 553 3927 alii
582 3850 817 3927 cuiquam
860 3867 1030 3927 regum
1063 3849 1422 3927 barbarorum;
1463 3849 1555 3912 Est
1597 3849 1735 3927 apud

185 3930 268 3968 nos
294 3916 831 3991 Theodebrrtilregis
879 3916 945 3975 de
990 3937 1094 3990 quo
1143 3923 1452 3991 Procopius,
1489 3916 1737 3989 nummus

179 3989 539 4064 attretts,_niole
570 3988 780 4056 quidem
812 3988 1053 4064 exiguus,
1083 3994 1173 4064 sed
1203 3988 1377 4059 proba:
1427 4004 1587 4064 natm,
1613 4015 1732 4057 cum

182 4052 328 4121 ipsius
348 4057 525 4125 effigie
555 4052 615 4111 ac
640 4074 870 4123 nomine,
898 4052 954 4113 Ι).
988 4052 1049 4114 N.
1083 4052 1506 4119 Tusonnnsnrcs
1529 4052 1589 4121 GI

238 4134 260 4159 "
284 4126 427 4199 Quod
454 4129 508 4199 itt
531 4128 701 4196 sigiilo
724 4145 820 4179 suo
848 4131 957 4183 fieri
978 4131 1129 4199 jubet
1153 4135 1355 4197 Avitus,
1383 4136 1482 4189 Itoc
1506 4138 1642 4193 idem
1677 4140 1729 4196 in

179 4191 388 4265 denariis
416 4198 532 4251 suis
564 4191 772 4265 pra‘cep
808 4208 888 4253 rat
917 4191 1139 4255 Carolus
1187 4191 1378 4258 Calvus
1408 4221 1500 4259 rex
1542 4191 1733 4265 inedi;

178 4274 249 4314 cto
276 4264 492 4321 Pistensi
536 4264 663 4320 anni
698 4264 821 4330 86I,
860 4286 977 4337 cap.
1013 4272 1072 4325 11
1110 4290 1123 4326 :
1165 4272 1230 4327 Ut
1262 4276 1313 4327 in
1340 4278 1564 4329 denariis
1589 4264 1731 4334 nocte

179 4344 341 4407 nostri:
362 4348 580 4389 moneta:
609 4354 671 4390 ea:
698 4355 800 4390 una
823 4352 966 4407 parte
994 4358 1173 4396 nomen
1222 4352 1451 4397 nostrum
1479 4346 1727 4404 habeatur

178 4401 222 4451 in
247 4421 380 4471 gyro,
404 4419 450 4459 et
482 4409 541 4481 in
553 4410 719 4460 medio
734 4401 893 4481 nostri
915 4413 1130 4464 nominis
1150 4429 1547 4481 monogranmm,
1568 4434 1722 4472 nem-

179 4485 232 4533 pe
258 4488 307 4551 ιιι
343 4476 615 4545 implicita:
664 4490 717 4532 et
749 4479 982 4533 eoofusa:
1033 4476 1500 4551 mmnigraunnatis
1533 4476 1727 4545 littera:

180 4544 367 4627 ascripti
399 4544 732 4627 per'gyrum
769 4544 1219 4627 nominisiudiciu
1264 4553 1584 4622 legerentur,
1619 4544 1725 4627 quo

180 4614 387 4693 n.0do.in
416 4614 653 4685 antiquis
688 4634 869 4694 rrgum
906 4620 1207 4694 diplomatis
1236 4614 1355 4677 cum
1387 4614 1724 4694 ttititiogra'nt-

179 4690 296 4760 male
324 4686 492 4753 ipsum
516 4702 727 4760 quoque
754 4689 889 4757 regis
918 4707 1110 4745 nomen
1133 4693 1397 4760 adjectum
1417 4686 1593 4751 videre
1615 4710 1720 4754 est.

173 4748 405 4808 (La-terum
434 4748 577 4825 regis
598 4748 773 4811 edicto
804 4748 855 4811 iit
884 4760 1113 4834 denariis
1140 4748 1440 4830 mbuetarii,
1459 4748 1595 4834 quod
1623 4770 1721 4822 mi-

174 4831 271 4872 rum
297 4834 391 4888 est,
419 4842 524 4880 non
562 4838 868 4895 paruerunt.
896 4832 1045 4884 Ubvii
1077 4834 1218 4886 enim
1247 4843 1391 4899 sunt,
1411 4831 1517 4889 tum
1551 4838 1716 4905 ipsius

174 4886 338 4936 Caroli
376 4904 485 4936 lum
520 4898 611 4936 ﬁlii
637 4899 753 4936 nine
785 4898 803 4936 1
830 4900 1032 4936 ηιιιιυίιιί
1064 4902 1264 4936 damn-ii
1316 4904 1365 4936 in
1400 4906 1585 4936 ..ι-ειμι.
1619 4925 1710 4936 ηδ..
1746 4878 1792 4936 Ι)

170 4886 342 4956 Caroli,
376 4886 485 4950 tum
520 4886 612 4950 [iiii
637 4899 753 4964 ejus
784 4898 1033 4954 Ludovici
1064 4902 1289 4968 denarii,
1316 4886 1587 4975 ιιιίμιιιιιιέ
1619 4925 1710 4975 per

166 4972 328 5025 gyrum
358 4980 834 5047 monogrammatis
858 4985 959 5023 non
991 4987 1205 5047 nomen,
1235 4974 1325 5026 sed
1360 4977 1501 5043 regia
1528 4972 1705 5047 digni-

168 5035 234 5105 1-le
264 5047 506 5100 expressa
550 5056 562 5089 :
598 5040 650 5090 in
682 5037 890 5101 Carolo,
928 5057 1120 5095 unum
1154 5042 1246 5096 Dst
1277 5059 1377 5097 nux
1412 5035 1509 5098 :Vin
1536 5035 1708 5102 Ludo-

164 5110 281 5162 vtce,
310 5119 675 5161 HISERICORDIA
708 5108 803 5161 Du
837 5125 959 5163 nux.

220 5167 243 5204 δ
274 5173 472 5250 Eidem,
506 5181 703 5245 gratias
745 5194 907 5250 agens
934 5180 999 5234 de
1026 5182 1332 5236 tnuneribus
1361 5199 1479 5250 qua:
1506 5186 1571 5239 ad
1620 5203 1706 5239 or-

160 5248 320 5322 natum
347 5245 663 5322 Viennensis
679 5249 922 5302 eccesia:
952 5250 1190 5318 miserat,
1226 5269 1344 5307 cum
1370 5245 1484 5322 ejus
1514 5256 1708 5311 festivi-

158 5311 234 5360 tati
251 5314 435 5383 adesse
462 5316 572 5382 ipse
603 5334 706 5371 non
740 5329 935 5383 posset.

218 5390 238 5416 ε
261 5382 313 5433 In
340 5384 583 5457 confesso
610 5398 690 5441 est
725 5388 1070 5454 Quintianum
1101 5392 1199 5445 hoc
1248 5400 1485 5457 tempore
1517 5399 1712 5450 Arver-

156 5456 641 5533 norutnepiseopum
673 5457 1199 5533 fu'sse._Qnarefalsa
1232 5456 1440 5533 videtur
1471 5468 1709 5533 epistolae

155 5520 431 5587 inscriptio.
464 5520 591 5578 uti.“
636 5530 774 5581 enim
806 5530 869 5581 ad
892 5520 1202 5595 V'provittcia:
1251 5520 1565 5590 Viennensis
1595 5538 1707 5601 cpi-

152 5607 321 5660 scopus
369 5598 559 5663 scripta
619 5599 705 5663 sit,
765 5609 819 5651 ut
849 5603 910 5654 ad
942 5604 1221 5658 concilium
1256 5603 1568 5671 Epztoncnse
1614 5598 1705 5661 vc-

1948 1756 2042 1807 Din
2074 1766 2155 1810 est
2197 1758 2337 1827 quod
2369 1775 2481 1813 rem
2508 1760 2659 1815 valde
2689 1765 3067 1834 necessariam,
3099 1777 3152 1822 et
3200 1785 3306 1826 non
3334 1775 3451 1830 sino

1874 1845 2053 1899 divina
2106 1847 2451 1915 inSpiratione
2482 1868 2508 1903 a
2547 1852 2792 1907 Patribus
2844 1855 3158 1925 institutam,
3189 1873 3279 1916 aut
3309 1864 3447 1919 obli-

1874 1938 2027 1990 viune
2050 1946 2140 1991 aut
2160 1942 2506 2006 occupatione
2533 1943 2849 1999 deserimus.
2874 1947 2980 2003 Sed
3004 1954 3295 2021 rumpenda
3323 1967 3445 2011 sunt

1872 2028 2138 2082 interdum
2164 2031 2371 2085 vincula
2402 2036 2799 2096 necessitatum,
2829 2047 2885 2092 ut
2914 2039 3202 2108 aliquando
3234 2045 3443 2111 impleri

1870 2121 2073 2187 possint
2100 2135 2131 2173 a
2158 2130 2504 2190 praeceptore.
2536 2122 2560 2159 ά
2593 2122 2903 2187 Conventus
2926 2143 3053 2199 ergo
3083 2146 3216 2201 quos
3248 2134 3326 2187 bis
3350 2151 3443 2204 per

1868 2223 2064 2263 annum
2089 2226 2116 2263 a
2145 2212 2511 2267 sacerdotibus
2534 2214 2645 2268 ﬁeri
2662 2218 2931 2271 seniorum
2959 2234 3083 2273 cura
3114 2221 3441 2289 decreverat,

1867 2301 1911 2354 si
1945 2302 2079 2355 bene
2112 2303 2463 2371 perpenditis,
2496 2304 2699 2358 utinam
2732 2310 2811 2360 vel
2842 2309 3049 2377 singula
3081 2322 3199 2379 post
3230 2314 3439 2369 biennia

1866 2388 2186 2444 faceremus.
2246 2392 2375 2445 Nam
2422 2404 2475 2447 et
2527 2397 2849 2451 venerabilis
2908 2415 3054 2468 papae
3080 2401 3257 2469 Urbis,
3287 2408 3441 2460 nobis

1864 2483 2001 2537 hanc
2034 2486 2408 2553 negligentiam
2442 2491 2828 2555 succensentis,
2853 2492 3117 2547 mordacia
3147 2496 3275 2548 milii
3304 2513 3439 2551 non-

1864 2592 2132 2647 nunquam
2163 2578 2358 2643 scripta
2386 2579 2587 2645 perlata
2611 2591 2753 2634 sunt.
2776 2581 2925 2638 Unde
2939 2586 3201 2653 supplicat
3225 2603 3317 2656 per
3333 2606 3437 2655 me,

1862 2672 1905 2725 si
1933 2671 2241 2741 dignamini,
2273 2671 2502 2725 ecclesia
2549 2672 2888 2738 Viennensis,
2922 2677 3092 2744 poscit
3122 2679 3438 2736 intermissa:

1863 2763 2262 2818 consuetudinis
2292 2762 2524 2816 rediviva
2567 2764 3026 2833 salubritas,quod
3062 2775 3315 2825 hactenus
3360 2774 3439 2827 in-

1862 2856 2247 2930 frequentatum
2289 2854 2504 2929 torpuit,
2534 2856 2773 2915 excitari.
2799 2856 3009 2916 Justutn
3040 2870 3141 2931 est,
3169 2874 3426 2934 quantum

1864 2970 2002 3021 reor,
2033 2963 2089 3007 ut
2112 2952 2414 3007 constitutis
2442 2950 2706 3019 prioribus
2735 2953 2833 3005 sub
2858 2957 3152 3009 communis
3183 2972 3418 3024 prmsen-

1862 3048 1947 3101 tiae
1972 3045 2364 3115 Opportunitate
2396 3046 2653 3108 tractatis,
2699 3047 2896 3098 nostris
2935 3048 3093 3100 simul
3143 3049 3424 3119 nobisque,

1860 3146 2021 3207 prout
2071 3135 2204 3189 ordo
2253 3134 2628 3188 collocutionis
2680 3134 2956 3203 invenerit,
2992 3138 3069 3190 vel
3104 3138 3433 3195 insinuemns

1860 3238 2062 3291 vetera,
2112 3226 2215 3292 vel,
2246 3224 2289 3278 si
2325 3238 2543 3278 necesse
2573 3233 2675 3291 est,
2728 3224 2884 3279 etiam
2917 3236 3097 3280 nostra
3124 3229 3426 3297 jungamus.

1862 3320 2064 3372 Idcirco
2104 3324 2326 3371 cunctos
2369 3314 2527 3368 simul
2579 3316 2866 3383 poscimus,
2902 3316 3111 3382 fratres,
3141 3328 3197 3371 ιιι
3223 3319 3330 3373 Deo
3354 3319 3429 3374 1³³-

1858 3423 2012 3466 vente
2040 3418 2226 3462 octavo
2251 3406 2429 3459 iduum
2460 3404 2851 3473 Septembrium
2883 3416 2904 3443 ι·
2934 3408 2984 3459 in
3017 3409 3261 3475 parochia
3286 3409 3426 3479 Epo-

1850 3584 2018 3648 niant,
2043 3583 2162 3651 quis
2189 3581 2335 3653 lactis
2358 3579 2496 3634 foret
2517 3579 2775 3653 episcopo
2795 3580 3175 3653 Arvernorum,
3199 3586 3281 3653 qui
3320 3603 3425 3641 null

1852 3655 2010 3708 modo
2041 3650 2189 3706 extra
2230 3650 2584 3704 ViennenSrm
2628 3650 2951 3717 provinciam
2981 3662 3152 3715 erant,
3204 3650 3299 3708 sed
3332 3671 3425 3710 ex-

1849 3733 1929 3778 tra
1973 3723 2482 3794 ditioneurqquue
2534 3720 3006 3794 Burgundionum?
3044 3721 3172 3794 Nam
3206 3728 3421 3794 utAga-

1848 3797 2041 3849 thense
2062 3792 2345 3846 concilium
2386 3805 2571 3861 eorum
2604 3797 2803 3861 tantum
2841 3790 2937 3843 fuit
2973 3792 3060 3859 qtti
3095 3790 3419 3861 Wisigotlio-

1846 3880 1961 3919 rum
2011 3863 2236 3930 imperio
2270 3860 2545 3929 parebant,
2579 3870 2631 3930 et
2658 3860 3041 3914 Aurelianense
3067 3860 3292 3930 primum
3316 3881 3411 3917 eo.

1842 3948 1961 3988 rum
2006 3929 2263 3985 duntaxat
2313 3930 2399 3998 qui
2431 3929 2529 3982 sub
2576 3929 2897 3982 Francorum
2931 3941 3078 3983 erant
3113 3942 3367 3998 pt-testate
3400 3952 3415 3988 :

1839 4004 1915 4058 sic
1971 4003 2037 4055 ad
2090 4005 2401 4068 Epaoneuse
2434 3998 2464 4051 ii
2496 3999 2858 4069 tantummodo
2910 4009 3292 4062 convenerunt,
3324 4004 3417 4069 qui

1840 4067 2275 4149 IlurgnndiOnum
2324 4069 2521 4149 ﬁnibus
2546 4067 2975 4149 continebantur.
3026 4069 3158 4123 ilinc
3196 4067 3417 4149 apparet

1838 4137 2026 4197 deesse
2059 4140 2159 4195 hoc
2189 4142 2305 4192 loco
2331 4138 2609 4206 epistolam
2640 4138 2703 4188 ad
2732 4137 3095 4202 Quintianum,
3125 4138 3275 4205 cujus
3296 4142 3412 4195 sola

1836 4222 2003 4266 restat
2056 4209 2369 4277 inscriptio:
2405 4206 2561 4287 liujus
2608 4220 2755 4285 vero,
2807 4219 2960 4287 quam
3019 4207 3081 4262 ad
3112 4210 3412 4287 _ct{i§COD0_5

1834 4283 2123 4352 provinciae
2143 4276 2391 4345 scriptam
2408 4276 2657 4352 diximus,
2677 4276 3072 4352 inscriptionem
3094 4276 3409 4352 desiderari.

1902 4350 1929 4388 ά
1964 4353 2072 4405 lloc
2124 4344 2436 4403 decrexerat
2482 4347 2717 4416 synodus
2747 4344 2974 4401 Nicmna.
3002 4361 3121 4399 can.
3152 4363 3181 4399 ν
3204 4365 3217 4399 :
3244 4350 3410 4411 Καλῶς

1830 4421 2017 4488 ἔδοξεν,
2044 4422 2260 4475 ἑκάστου
2292 4421 2512 4472 ἐνιαυτοῦ
2543 4417 2878 4489 κρισέκάᾳτην
2909 4417 3164 4489 ἐπαρχίαν
3194 4416 3269 4478 δὶς
3318 4429 3404 4477 τοῦ

1830 4485 1983 4553 ἔτοιδς
2004 4485 2254 4549 άυνόδονς
2283 4490 2527 4561 γίνεσθαι.
2562 4485 2714 4538 Iiecte
2743 4486 2928 4561 habere
2942 4503 2965 4561 _t
2982 4485 3109 4561 istim
3130 4497 3209 4561 est
3230 4490 3408 4543 utsin-

1827 4561 1962 4631 gulis
1990 4563 2162 4625 anuis,
2190 4576 2276 4628 per
2291 4555 2703 4625 unamquamque
2730 4555 3057 4631 prouinciam,
3091 4555 3163 4608 bis
3192 4558 3242 4608 in
3272 4575 3406 4613 anno

1828 4624 2045 4684 concilia
2090 4624 2234 4699 ﬁant.
2263 4630 2378 4699 Quo
2408 4624 2655 4699 Spectans
2684 4624 2968 4678 concilium
3001 4625 3243 4699 [tegense
3281 4642 3404 4699 can.

1826 4700 1881 4754 8:
1906 4696 2099 4756 Statuit
2123 4710 2174 4752 ut
2193 4698 2467 4751 secundum
2486 4696 2736 4760 antiquam
2752 4696 3182 4757 consuetudinem,
3200 4696 3245 4750 si
3264 4698 3411 4766 quies

1827 4779 2113 4841 temporum
2142 4770 2257 4831 erit,
2292 4767 2445 4847 binsnin
2472 4774 2907 4847 a‘nnonconventus
2939 4766 3209 4847 agant._Et
3229 4767 3403 4847 ’Διθυ-

1827 4833 2068 4895 sicarium
2102 4855 2139 4904 ι,
2173 4854 2295 4893 can.
2324 4837 2394 4892 29
2426 4853 2439 4889 :
2472 4835 2571 4900 Qui
2599 4833 2817 4906 Patrum
2864 4842 3053 4889 statuta
3098 4837 3397 4906 despiciunt,

1816 4911 1996 4979 quibus
2022 4912 2097 4964 bis
2125 4910 2179 4963 in
2208 4924 2364 4973 anno,
2399 4905 2531 4975 quod
2561 4904 2702 4987 nobis
2732 4921 2825 4971 pro
2849 4913 3131 4987 temporum
3161 4904 3404 4987 qualitate

1816 4974 2020 5048 di/ﬁcile
2074 4989 2170 5043 est,
2218 4974 2451 5048 sanctum
2500 4984 2575 5048 est
2631 4975 2885 5028 concurri.
2929 4974 3007 5048 Qb
3050 4974 3185 5048 hanc
3213 4977 3402 5048 opinor

1817 5043 2202 5112 di'ticultatem,
2230 5047 2430 5127 placuit
2482 5043 2735 5127 deinceps
2782 5045 3014 5127 synodos
3054 5043 3276 5127 singulis
3308 5063 3401 5127 an:

1820 5119 1901 5172 nis
1925 5120 2184 5174 celebrari
2218 5114 2242 5170 τῇ
2266 5115 2403 5185 quod
2434 5114 2571 5182 apud
2606 5128 2702 5167 nos
2722 5115 2773 5165 in
2803 5114 3067 5166 conciliot
3098 5116 3397 5184 Agatbensi

1818 5197 2098 5255 statutum,
2124 5190 2173 5241 in
2203 5184 2319 5240 aliis
2343 5192 2521 5254 postea
2547 5184 2732 5255 multis
2750 5193 3027 5255 repetitum
3048 5192 3148 5236 est.

1891 5269 1914 5296 ⁸
1950 5260 2053 5313 I’ro
2084 5252 2427 5327 'Epaonensi:
2458 5256 2603 5327 Epao
2650 5253 2790 5327 enim
2825 5252 3151 5327 piertt_l_ltt|ue_
3177 5253 3390 5316 dicitur,

1821 5342 1939 5395 qum
1974 5330 2105 5382 alias
2137 5321 2371 5394 Epauna.
2398 5325 2479 5403 lDe
2510 5325 2607 5375 hoc
2638 5323 2781 5400 enim
2811 5321 3039 5403 concilio
3068 5321 3151 5403 agi
3188 5332 3394 5403 certth

1821 5391 1934 5461 est;
1962 5400 2055 5453 sed
2088 5391 2351 5451 incertum
2397 5395 2650 5471 liactcnns
2690 5391 2814 5471 quis
2848 5391 3013 5471 locus,
3046 5400 3124 5471 et.
3146 5391 3394 5471 quodnilli

1822 5460 1983 5522 hodie
2006 5468 2072 5521 sit
2104 5481 2296 5520 nomen
2332 5480 2344 5515 :
2378 5463 2445 5516 de
2470 5478 2573 5527 qtto
2596 5461 2744 5538 multi
2771 5461 2914 5539 varia
2938 5460 3393 5539 conjiciungﬂQui

1819 5539 1992 5590 sancti
2050 5535 2268 5589 Firmati
2319 5534 2478 5584 vitam
2530 5530 2880 5607 conscripsi_t,_
2915 5540 3100 5582 auctor
3120 5539 3199 5607 est
3220 5527 3391 5590 illum,

1820 5607 2125 5662 'luronibus
2176 5604 2394 5668 relictis,
2433 5599 2737 5670 pervenisse
2773 5599 2834 5652 ad
2869 5601 3036 5654 locum
3069 5599 3150 5648 cui
3196 5611 3389 5653 nomen
