4046 6170
454 240 558 294 285

1727 227 1781 281 S.
1828 226 2009 281 AVI'I'I
2055 225 2451 281 VIENNENSIS

3608 226 3714 280 ιδι

463 350 613 406 neusi
659 346 848 401 adesse
894 343 1188 416 dignemini
1220 342 1348 411 :qui
1379 340 1547 405 locus,
1577 340 1814 394 omnium
1844 337 2033 408 fatiga-
2065 344 2110 399 Α.
2140 356 2352 407 precor,
2384 350 2441 394 ut
2472 354 2769 410 quanquam
2800 340 2993 394 merito
3018 339 3083 393 de
3108 340 3315 392 indicta:
3342 338 3463 393 Iidei
3499 341 3717 395 ﬁrmita-

459 448 601 499 tione
631 456 921 513 perpensa,
964 436 1248 493 conventui
1286 436 1417 490 satis
1467 441 1800 503 opportunus
1831 432 2034 486 electus

458 545 573 600 est;
607 536 743 588 sicut
772 541 825 587 et
850 541 1078 599 tempus.
1111 528 1165 582 in
1188 535 1444 597 quantum
1472 533 1665 593 potest,
1692 525 1759 579 ab
1787 523 2034 585 instantia

462 628 657 684 ruralis
706 624 881 694 operis
924 636 1175 683 vacuum,
1219 619 1526 673 liberiorem
1553 614 1759 671 cunctis
1782 614 2039 684 permittit

464 732 749 773 excursum
787 733 799 767 :
832 727 1135 784 quanquam
1177 710 1419 765 ecclesia:
1462 709 1638 778 petior
1672 719 1836 761 causa
1872 705 2039 758 inter-

463 807 597 864 mitti
631 805 891 875 quaslibet
914 811 1178 856 terrarum
1207 808 1454 869 posceret
1472 800 1734 853 actiones.
1764 796 2043 864 Supplica-

465 916 582 955 mus
607 912 739 967 ergo
776 906 830 951 et
876 906 1204 964 quaesumus,
1246 901 1530 952 testamur,
1578 883 1927 949 Obtestamur.
1974 900 2043 941 ne

465 1005 623 1059 quem
656 1004 683 1040 a
711 986 1061 1056 dispositione
1095 993 1202 1037 tam
1231 992 1418 1036 sancta
1451 982 1584 1035 obex
1615 978 1779 1033 ullius
1820 991 2042 1031 excusa-

467 1077 631 1133 tionis
658 1078 908 1141 abducat,
932 1091 1000 1129 ne
1021 1089 1177 1143 quem
1200 1089 1231 1127 a
1257 1072 1349 1126 tali
1371 1070 1611 1125 caritatis
1638 1068 1851 1123 vinculo
1878 1080 2045 1121 nexus

472 1179 834 1234 temporanem
861 1165 1194 1218 necessitatis
1224 1161 1495 1230 impediat.
1519 1159 1625 1214 Sed
1648 1160 1688 1212 si
1720 1158 1879 1222 forte,
1902 1155 2045 1225 quod

476 1260 616 1312 Deus
644 1255 878 1310 avertat!
906 1264 1049 1306 tanta
1092 1253 1386 1320 cuicunque
1417 1260 1441 1287 τι
1485 1249 1747 1304 acerbitas
1775 1260 2049 1315 corporea:

474 1348 801 1403 infirmitatis
855 1346 1135 1413 ingruerit,
1199 1354 1255 1395 ut
1295 1341 1535 1409 spiritale
1576 1338 1897 1393 desiderium
1931 1351 2045 1389 caro

473 1438 579 1491 nali
608 1437 847 1490 vincatur
878 1432 1246 1495 incommodo;
1281 1430 1307 1468 ι)
1335 1431 1469 1485 duos
1492 1429 1827 1498 presbyteros
1848 1442 2050 1495 magna:

472 1542 537 1582 ac
596 1525 887 1595 probabilis
918 1524 1067 1593 vitae,
1106 1520 1341 1576 mandati
1398 1519 1752 1574 instructione
1792 1518 2050 1580 ﬁrmatos,

482 1615 731 1671 fratribus
755 1630 850 1684 pro
879 1629 936 1669 se
981 1621 1306 1682 prazsentare
1344 1616 1615 1680 procuret.
1648 1606 1755 1663 Sed
1798 1607 1931 1661 tales
1975 1606 2055 1659 di-

2140 441 2191 485 te
2214 434 2418 485 securis
2450 432 2628 497 nobis,
2658 431 2824 500 magis
2858 432 3104 503 impenso
3134 430 3355 483 cautela:
3387 441 3574 485 \estra:
3602 448 3720 487 n1u-

2140 539 2269 580 nere
2303 526 2642 593 trepidationi
2689 536 2883 579 nostra:
2920 532 2976 579 et
3011 523 3233 594 ignavia:
3254 525 3547 579 consulatis
3578 544 3591 580 :
3624 543 3720 581 nc-

2140 633 2243 685 que
2273 618 2391 685 plus
2422 617 2669 687 cogitetis
2692 616 2832 684 quod
2859 616 3178 670 universitas
3210 631 3303 683 pro
3346 616 3495 671 vobis
3528 618 3718 670 devota

2141 709 2427 777 supplicat,
2461 723 2620 776 quam
2667 707 2808 775 quod
2840 721 3099 775 suspensa
3130 706 3395 761 formidat.
3456 708 3559 762 Sed
3596 708 3721 762 licet

2142 800 2316 869 pavidi
2347 814 2412 854 ex
2441 800 2766 854 conscientia
2798 806 3130 867 peccatores,
3160 798 3502 853 incunctabili
3543 810 3718 853 tamen

2147 892 2248 946 ﬁde
2306 893 2704 961 praisnmimus,
2758 891 2899 961 quod
2948 891 3106 945 etiam
3138 890 3181 944 si
3206 891 3376 958 vobis,
3412 902 3721 961 prolcgcnle

2144 982 2381 1045 Christo,
2417 982 2504 1035 hic
2533 990 2708 1035 metus
2734 990 2916 1035 noster
2936 982 3097 1034 risum
3129 982 3377 1049 moverit,
3408 983 3488 1037 vel
3512 982 3721 1037 divinas

2146 1087 2304 1127 aures
2342 1072 2405 1125 ad
2437 1072 2738 1126 donaudam
2780 1072 2932 1126 nobis
2972 1071 3236 1126 fclicitatis
3263 1084 3456 1129 vesmc
3487 1074 3720 1128 laztitiam

2148 1162 2500 1231 permovebit.

2629 1252 2961 1310 EPISTULA
2991 1252 3245 1307 LXXXII.

2249 1360 2437 1399 AVITUS
2460 1360 2763 1400 \‘IENNENSIS
2791 1359 3064 1397 EI’ISCOI‘IIS
3105 1358 3281 1398 DOSINO
3310 1358 3631 1399 SIGISMUNDO.

2225 1434 2444 1489 Videtur
2488 1436 2702 1504 quidem
2749 1435 2813 1489 de
2847 1434 3023 1488 divina
3076 1435 3429 1503 promissione
3460 1436 3721 1503 difﬁdere,

2154 1527 2457 1594 quicunque
2499 1525 2673 1579 minus
2702 1524 2769 1580 de
2791 1537 2966 1579 vestra
3000 1525 3350 1593 prosperitate
3375 1539 3593 1579 securus
3621 1536 3720 1579 est.

2158 1615 2260 1668 Sed
2284 1615 2327 1668 si
2359 1615 2594 1668 animum
2640 1630 2814 1668 meum
2841 1615 3009 1669 solida
3052 1614 3357 1684 dignatione
3379 1616 3724 1684 pet-penditis,

495 1707 912 1776 gnetureligere,
946 1720 1077 1774 quos
1098 1703 1465 1773 episcoporum
1495 1699 1721 1754 concilio
1744 1711 1849 1752 non
1878 1697 2055 1749 minus
2092 1695 2133 1751 Β
2166 1706 2369 1761 facilem
2401 1705 2693 1775 iutelligitis
2727 1706 2935 1759 veniam
2988 1705 3211 1774 ignavia:
3252 1719 3383 1758 mea:
3426 1720 3520 1774 pro
3564 1706 3727 1759 nimia

489 1799 710 1852 scicntia
753 1813 909 1864 quam
944 1796 1240 1851 reverentia
1275 1796 1397 1864 jure
1432 1792 1587 1848 faciat
1622 1791 1903 1855 interesse,
1936 1803 2054 1843 eum

481 1891 675 1958 quibus
706 1889 935 1944 delectet
964 1901 1200 1941 summos
1255 1885 1531 1955 pontiﬁces
1581 1883 1823 1937 conferre
1852 1894 2057 1935 sermo-

487 1997 632 2048 nem,
655 1995 788 2051 quos
817 1980 882 2034 ad
915 1979 1251 2033 deﬁnitiones
1275 1992 1369 2047 pro
1398 1978 1652 2047 episcopo
1690 1991 1786 2030 suo
1817 1978 2059 2033 sancien-

479 2076 578 2126 das
622 2070 1161 2139 subscribendasqne,
1192 2082 1310 2122 cum
1352 2066 1512 2121 fuerit
1549 2066 1767 2121 solertia
1793 2069 1936 2137 eligi,
1990 2070 2059 2122 sit

480 2163 765 2217 auctoritas
796 2163 917 2231 legi.
953 2162 1057 2216 Sed
1085 2159 1225 2215 istud
1258 2174 1360 2213 non
1385 2166 1702 2228 extorqueat
1725 2158 1822 2212 nisi
1853 2175 2056 2213 Summa

483 2253 801 2308 necessitas.
825 2253 1088 2306 Caeterum
1119 2250 1423 2304 dilectionis
1452 2249 1697 2302 fraterna:
1725 2264 1787 2301 ac
1816 2259 2030 2317 pastora
2054 2279 2060 2287 -

484 2346 550 2399 lis
603 2344 892 2414 diligentia:
944 2342 1273 2411 magnitudo,
1305 2340 1406 2394 nisi
1440 2339 1638 2394 laboris
1667 2340 2056 2405 magnitudine,

484 2451 589 2490 non
640 2435 916 2504 probatur.
963 2431 1197 2501 Conjiclt
1235 2433 1375 2485 enim
1432 2431 1685 2484 sanctitas
1713 2440 1911 2496 vestra,
1944 2440 2059 2497 post

484 2527 587 2579 huc
611 2525 821 2594 longum
847 2524 1119 2579 abusionis
1151 2531 1349 2577 nostra:
1378 2523 1673 2586 silentium,
1711 2522 1941 2591 qualiter
1971 2530 2062 2575 aut

486 2618 693 2673 deﬁniri
721 2617 951 2672 debeant
977 2632 1095 2684 qua:
1142 2618 1248 2670 Deo
1279 2623 1564 2683 prmstaute
1595 2614 1869 2669 tractanda
1913 2621 2058 2676 sunt,

486 2718 712 2779 antqua:
730 2708 947 2763 deﬁnita
978 2707 1191 2772 fuerint,
1225 2706 1456 2761 universi
1478 2707 1823 2761 ecclesiarum
1851 2707 2060 2777 provin-

488 2800 586 2856 cia:
617 2810 815 2856 nostra:
838 2799 1064 2854 ministri
1086 2800 1315 2853 debeant
1345 2800 1562 2853 imitari.

979 2891 1303 2947 EPISTULA
1335 2890 1570 2946 LXXXI.

593 2996 785 3036 AVITUS
806 2997 1109 3036 VIENNENSIS
1133 2995 1405 3036 EPISCOPUS
1437 2996 1610 3035 DOMNO
1631 2996 1955 3037 SIGISSIUNDO.

560 3071 685 3127 Scio
734 3071 949 3141 quidem
1000 3079 1144 3127 curis
1196 3082 1354 3143 atque
1404 3073 1844 3142 occupationibus
1874 3049 2138 3143 quibusC

497 3162 598 3216 sub
618 3176 719 3231 ope
740 3162 942 3217 caelesti
968 3177 1065 3232 pro
1104 3162 1276 3218 salute
1304 3162 1492 3232 patria:
1520 3163 1747 3241 ﬁdeliter
1767 3164 2062 3228 excubatis,

494 3255 794 3322 importune
849 3255 1057 3324 suggeri
1110 3255 1383 3309 servitium
1416 3255 1737 3310 litterarum.
1791 3256 1897 3312 Sed
1943 3272 2063 3311 enm

495 3344 749 3412 praecelsa
777 3343 991 3412 pietatis
1036 3354 1229 3399 vestra:
1250 3345 1488 3413 dignatio
1517 3347 1651 3400 adeo
1675 3347 1958 3415 peculiaris
1998 3348 2067 3399 ιιι-

496 3433 624 3487 muli
657 3450 759 3488 non
784 3435 852 3488 sit
881 3435 1060 3500 oblita,
1087 3446 1143 3488 ut
1170 3438 1219 3489 in
1269 3436 1385 3504 ipso
1418 3448 1679 3506 suscepta:
1708 3438 2065 3505 expeditionis

498 3524 793 3593 procinctu,
820 3526 1064 3580 sensibus
1086 3527 1219 3582 meis
1244 3526 1566 3581 desiderium
1584 3530 1663 3583 sui
1687 3542 1870 3584 saneto
1894 3530 2069 3598 dupli-

499 3624 649 3669 caret
698 3614 961 3684 alloquio;
1004 3617 1122 3685 quis
1160 3631 1266 3671 non
1315 3617 1575 3688 intelligat
1625 3636 1780 3691 quam
1811 3623 2072 3690 patienter

498 3708 752 3775 ineptiam
780 3709 1090 3777 tolerabitis,
1114 3726 1269 3780 quam
1299 3711 1579 3766 clementia
1604 3715 1943 3782 provocatis?
1965 3717 2073 3773 Un-

498 3798 567 3853 de
594 3799 821 3868 qualiter
849 3801 961 3854 sani
989 3801 1324 3857 confortante
1352 3802 1463 3858 Deo
1502 3803 1639 3870 sitis,
1668 3807 1928 3863 sollicitus
1952 3824 2073 3863 esse

500 3905 789 3960 praesumo,
841 3899 931 3947 aut
956 3893 1222 3961 quomodo
1250 3895 1441 3963 coeptis
1488 3894 1611 3961 spes
1640 3899 1745 3950 voti
1774 3899 2071 3955 communis

499 3981 751 4036 arrideat.
783 3982 917 4036 lllud
964 3993 1141 4039 autem
1171 4002 1275 4039 non
1323 3988 1496 4041 solum
1522 4003 1671 4058 rogo,
1695 3989 1789 4044 sed
1812 4006 1908 4060 per
1928 3992 2069 4046 illam

499 4091 657 4145 quam
709 4093 739 4132 a
771 4077 880 4134 Deo
908 4080 1188 4149 accepisﬁs
1238 4081 1476 4152 mihique
1520 4085 1807 4153 przestatis,
1846 4086 2071 4155 gratiam

503 4254 645 4309 Enna
690 4268 848 4323 super
876 4254 1210 4321 Rhodanum,
1250 4255 1430 4325 ibique
1458 4256 1786 4312 consedisse.
1829 4259 1979 4324 Quod
2023 4260 2066 4312 si

505 4325 705 4379 Bonam
734 4326 799 4378 ab
827 4325 1006 4392 Epona
1035 4325 1313 4380 deﬂexisse
1347 4328 1647 4392 annuimus,
1683 4337 1739 4381 ιιι
1777 4329 2065 4383 absurdum

501 4403 648 4448 certe
677 4409 779 4447 non
808 4404 910 4465 est,
933 4396 1019 4463 qui
1043 4396 1100 4448 S.
1132 4395 1350 4465 Eirmati
1379 4398 1679 4465 sepulcrmn
1730 4410 1916 4453 nactus
1947 4400 2064 4453 fue-

505 4464 594 4529 rit,
618 4479 644 4515 a
668 4464 877 4518 concilii
910 4466 1132 4518 fortasse
1161 4463 1279 4517 loco
1312 4480 1415 4518 non
1438 4463 1725 4520 aberrabit.

575 4534 1030 4607 {Excusationem
1060 4532 1352 4607 ⁸ιιιιοιιιίιιιις
1408 4538 1641 4601 episcopi
1692 4537 1758 4589 ad
1802 4539 2062 4607 synodum

504 4603 739 4667 veniant,
773 4612 967 4671 prseter
996 4601 1353 4656 inﬁrmitatem
1385 4608 1651 4671 corporis,
1683 4601 1914 4661 canones
1943 4610 2065 4662 Gal-

2162 1799 2516 1865 trepidatione
2562 1797 2767 1852 deberi.
2792 1798 3000 1867 Quippe
3045 1811 3165 1851 cum
3197 1796 3493 1866 quicunque
3525 1797 3731 1851 veraci-

2160 1901 2241 1945 ter
2297 1892 2679 1946 catholicorum
2730 1905 2921 1944 nomen
2981 1898 3258 1958 usurpant,
3306 1889 3541 1959 pervigili
3573 1904 3731 1958 prece

2164 1983 2271 2035 Deo
2297 1982 2596 2051 supplicare
2637 1995 2777 2035 nunc
2828 1980 3077 2042 debeant,
3110 1987 3167 2032 ιιι
3206 1978 3357 2033 vobis
3383 1989 3501 2031 vota
3552 1985 3731 2031 nostra

2163 2073 2361 2126 illibata
2417 2082 2574 2142 atque
2632 2071 2833 2139 integra
2884 2069 3147 2131 relaturis,
3196 2078 3250 2123 et
3302 2067 3527 2123 ﬁdeliter
3563 2070 3735 2122 vicina

2161 2165 2470 2233 eonjungat,
2504 2172 2557 2217 et
2587 2162 2812 2216 feliciter
2857 2161 3085 2214 adversa
3136 2159 3403 2227 subjiciat.
3444 2160 3635 2227 Sicque
3681 2161 3736 2212 in

2163 2272 2338 2311 rerum
2370 2255 2681 2309 necessitate
2713 2253 2988 2320 multiplici
3034 2251 3369 2305 ambifariam
3405 2251 3557 2305 vobis
3582 2250 3737 2304 Chri-

2163 2356 2245 2400 sto
2277 2355 2645 2415 propugnante
2682 2346 2977 2413 coiitingut,
3009 2353 3059 2396 et
3108 2359 3227 2411 pars
3256 2357 3375 2412 qua:
3418 2342 3645 2410 cupitur,
3687 2352 3740 2396 et

2165 2440 2384 2493 victor‘a
2418 2454 2534 2507 qua";
2571 2438 2816 2492 debetur.
2840 2437 3173 2504 Quapropter
3203 2435 3245 2487 si
3294 2434 3563 2488 memoria:
3606 2448 3742 2488 mea:

2163 2532 2386 2600 gratiam
2420 2531 2486 2585 de
2515 2530 2696 2583 animo
2720 2538 2899 2582 vestro
2929 2536 3203 2581 nutantem
3222 2525 3506 2580 anxietatis
3532 2535 3744 2593 tempus

2168 2621 2454 2684 imminuit,
2474 2619 2703 2674 famulus
2726 2616 2972 2687 specialis
3004 2617 3375 2672 salutationem
3404 2615 3612 2684 quidem
3643 2614 3743 2669 de-

2168 2713 2309 2767 ferre
2360 2726 2465 2765 non
2511 2725 2694 2775 ausus,
2744 2708 2837 2764 sed
2893 2708 3116 2763 salutem
3163 2715 3391 2762 vestram
3437 2722 3467 2760 a
3520 2707 3747 2760 Domino

2168 2802 2588 2873 praestolatdrus,
2629 2800 2759 2853 satis
2788 2812 3045 2868 suspenso
3074 2806 3382 2866 attentoque
3418 2797 3593 2851 animo
3630 2812 3747 2850 scr-

2169 2897 2353 2953 vitium
2378 2895 2655 2963 praesentis
2675 2891 2881 2961 pagina:
2898 2890 3180 2954 destinavi,
3205 2891 3431 2958 primum
3451 2888 3517 2944 de
3541 2897 3745 2953 vestra,

2168 2997 2289 3059 post
2312 2987 2379 3041 de
2419 2985 2687 3041 exercitus
2729 2982 2956 3037 sanitate
3004 2982 3282 3036 sollicitus.
3319 2980 3487 3047 Unde,
3521 2982 3642 3035 licet
3694 2984 3749 3034 in

2174 3081 2263 3135 Dei
2297 3080 2511 3133 nomine
2532 3091 2629 3145 per
2655 3088 3004 3144 quoscunque
3026 3081 3359 3127 transeuntes
3380 3086 3631 3140 prospera
3653 3086 3749 3125 co-

2171 3181 2511 3240 gnoscamus,
2554 3164 2772 3234 potestis
2826 3172 3025 3226 tamen,
3086 3162 3310 3232 piissimi
3371 3161 3574 3223 domui,
3618 3175 3751 3215 conc

2167 3262 2356 3333 jicere,
2408 3266 2660 3329 quantum
2704 3255 2832 3310 mihi
2878 3254 3083 3309 dulcius
3111 3254 3229 3319 erit,
3256 3254 3389 3307 sicut
3419 3268 3503 3307 me
3532 3252 3751 3322 quibus-

2172 3370 2379 3425 cunque
2424 3350 2781 3408 referentibus
2829 3348 2995 3417 pascit
3042 3347 3127 3401 illa
3154 3346 3324 3401 sancti
3353 3345 3570 3398 affectus
3597 3360 3755 3399 reco-

2173 3448 2360 3518 gnitio,
2392 3445 2469 3499 sic
2492 3458 2576 3497 me
2603 3440 2885 3508 rescriptio
2905 3437 3149 3500 laniﬁcet,
3174 3437 3225 3490 in
3243 3452 3344 3505 qua
3372 3436 3437 3489 ad
3466 3436 3759 3503 quamdam

2181 3536 2479 3608 przcsentia:
2506 3534 2677 3588 vicem
2710 3531 2872 3585 verba
2901 3539 3077 3583 vestra
3107 3542 3202 3598 pro
3234 3527 3605 3594 eonSpectibus
3634 3526 3759 3578 adi-

2182 3630 2332 3701 pisci,
2364 3636 2414 3681 et
2443 3623 2886 3692 subscriptionem
2918 3634 3015 3689 pro
3046 3635 3202 3672 tnauu
3262 3632 3467 3673 merear
3496 3615 3759 3671 osculari.

2638 3714 2965 3769 EPISTULA
3014 3709 3292 3765 LXXXIII.

2182 3828 2246 3866 AB
2271 3824 2425 3865 AVITO
2446 3822 2690 3863 EPISCOI‘O
2714 3821 2935 3859 DICTATA
2956 3816 3048 3857 SUB
3086 3816 3279 3856 NOMINE
3303 3816 3460 3855 DOMNI
3483 3815 3757 3856 SIGISMUN-

2561 3912 2611 3951 υἱ
2642 3911 2810 3961 REGIS,
2846 3904 2869 3932 c
2894 3910 2960 3947 Αῐ)
2987 3906 3377 3945 ΙΜΡΕΒΛὙΟΠΕΜ.

2253 3991 2446 4046 Νοιιιιιι
2502 3998 2585 4044 est
2626 3987 2893 4050 omnibus,
2951 3982 3322 4038 celsitudinem
3364 3990 3595 4036 vestram
3638 3996 3756 4034 non

2186 4083 2568 4155 impedimenta
2600 4092 2919 4149 temporum,
2942 4075 3036 4130 sed
3069 4075 3429 4144 subiectorum
3465 4084 3585 4127 vota
3630 4089 3757 4127 me-

2174 4273 2279 4312 non
2319 4257 2526 4317 licebat,
2585 4255 2635 4307 Ιιὶ
2676 4253 2877 4321 legatos
2906 4250 3021 4321 vice
3058 4264 3153 4321 sua
3214 4250 3514 4304 mittebant.
3559 4250 3763 4303 Cum-i-

2174 4330 2301 4383 lium
2330 4328 2641 4381 Arelatense
2679 4320 2745 4384 ll,
2771 4336 2889 4374 can.
2935 4320 2999 4374 18
3033 4338 3045 4372 :
3077 4320 3136 4374 Si
3162 4321 3272 4386 quis
3313 4321 3644 4371 commonitus
3672 4321 3765 4371 in-

2174 4398 2435 4465 ﬁrmitatis
2463 4411 2617 4448 causa
2640 4393 2879 4465 defuerit,
2906 4405 3173 4465 personam
3202 4390 3307 4465 vice
3334 4406 3428 4442 sua
3454 4391 3657 4465 dirigat.
3692 4390 3768 4443 Et

2179 4460 2660 4533 Carpentoratense
2685 4466 2733 4515 in
2764 4460 2985 4528 epistola
3012 4460 3078 4513 ad
3101 4462 3393 4527 Agraccium
3417 4461 3761 4533 episcOpum,

2173 4530 2311 4590 Licet
2336 4539 2399 4588 ad
2413 4536 2664 4605 synodum
2688 4540 2774 4605 aut
2792 4547 2878 4599 per
2906 4547 3011 4590 vos.
3032 4539 3117 4581 aut
3137 4530 3768 4605 perpersonanivicariam

2183 4600 2459 4660 debueritis
2487 4607 2681 4657 adesse.
2716 4603 3026 4669 Quanquam
3055 4614 3183 4667 ergo
3208 4600 3341 4652 duos
3371 4604 3471 4652 hoc
3499 4601 3615 4652 loco
3640 4614 3771 4652 exr-

508 4673 588 4729 lia:
620 4670 815 4745 nullam
845 4676 1158 4745 agnoscunt.
1204 4672 1386 4741 Itaque
1416 4674 1466 4726 in
1489 4670 1596 4727 hoc
1626 4677 1740 4743 ipso
1774 4679 2071 4745 Epaonensi
2102 4671 2153 4729 D
2180 4689 2288 4744 gat,
2320 4686 2374 4729 et
2423 4676 2556 4728 duos
2596 4688 2690 4739 pro
2723 4687 2829 4745 uno
2858 4671 3110 4745 episcopo
3138 4670 3368 4723 vicarios
3402 4670 3469 4745 _in
3522 4670 3766 4745 concilio

506 4740 753 4801 concilio,
806 4756 975 4794 can.i
1033 4740 1312 4795 decretum
1352 4752 1455 4804 est,
1513 4752 1569 4795 ut
1613 4740 1708 4796 nisi
1756 4740 1910 4799 causa
1944 4750 2079 4801 twdii

508 4810 745 4863 evidentis
771 4812 1036 4875 exstiterit,
1070 4810 1243 4863 nullus
1270 4822 1491 4865 excuset.
1526 4815 1586 4866 Et
1638 4815 1688 4867 in
1734 4816 2081 4869 Aurelianen-

506 4880 551 4934 εἰ
582 4894 641 4942 ll,
666 4893 785 4933 can.
822 4881 872 4945 1,
908 4880 974 4933 Ut
1004 4881 1172 4934 nullus
1199 4882 1569 4948 episcoiiorum,
1612 4884 1711 4934 nisi
1754 4894 1891 4937 certa
1941 4888 2079 4939 twdii

507 4964 663 5020 causa
687 4950 935 5017 detentus,
968 4952 1035 5004 ad
1061 4952 1333 5003 concilium
1356 4953 1522 5006 uenire
1548 4954 1744 5020 penitus
1788 4955 1895 5007 ulla
1926 4972 2080 5008 excu-

509 5019 702 5073 satione
722 5022 977 5074 detrectet.
1011 5021 1187 5086 Quare
1228 5022 1598 5076 excusationes
1635 5024 1767 5077 alias
1798 5026 2080 5081 excludere

512 5089 706 5153 solent,
730 5100 785 5143 nt
808 5091 1121 5159 divisionem
1146 5092 1304 5159 regia:
1317 5092 1497 5155 sortis,
1522 5094 1807 5146 concilium
1833 5096 2074 5149 Aurelia-

511 5173 674 5210 nense
702 5174 777 5217 ιιι.
800 5175 919 5213 can.
952 5163 971 5213 l
1002 5178 1013 5211 :
1041 5158 1181 5213 lianc
1211 5158 1583 5216 excusationem
1608 5163 1702 5216 sibi
1729 5166 1953 5217 noverint
1977 5182 2081 5219 esse

507 5228 783 5294 sublatam,
807 5230 848 5281 si
877 5231 1151 5283 absentiam
1177 5247 1321 5282 suam
1345 5231 1588 5285 divisione
1613 5235 1758 5286 sortis
1779 5235 2081 5288 crediderint

507 5301 865 5367 excusandam.
884 5301 1023 5354 Alius
1036 5315 1218 5355 omnes
1237 5301 1518 5354 concilium
1546 5303 1851 5358 Turonense
1877 5320 1932 5367 ll,
1962 5320 2082 5360 can.

509 5369 533 5421 1
574 5366 807 5423 :Prteter
832 5370 1174 5437 inﬁrmitatem
1215 5371 1560 5437 certissimam,
1595 5375 1786 5428 nullius
1824 5366 2084 5429 occasione

508 5438 793 5515 velaminis,
820 5456 985 5515 neque
997 5456 1084 5507 per
1111 5441 1522 5515 impedimentum
1550 5444 1883 5497 ordinationis
1908 5447 2077 5515 regite,

509 5524 664 5584 neque
698 5512 788 5561 sub
820 5510 1081 5584 occasione
1112 5512 1343 5584 utilitatis
1387 5521 1474 5565 aut
1501 5528 1667 5567 causa:
1709 5510 2080 5584 proprite,'de-

510 5578 616 5635 beat
646 5596 676 5629 η
700 5581 911 5634 concilio
935 5582 1182 5646 separari.

580 5646 830 5719 δρυιυυε
861 5650 925 5707 ad
974 5651 1254 5707 cont-ilium
1307 5653 1486 5709 venire
1540 5653 1863 5711 inﬁrmitatis
1912 5668 2072 5710 causa

2188 4740 2491 4801 Arelatensi
2523 4760 2551 4797 v
2579 4743 2960 4807 subscripsisse
3000 4749 3329 4806 compertum
3372 4740 3470 4801 sit;
3521 4740 3773 4806 singulos

2190 4826 2367 4868 tamen
2399 4823 2481 4868 sat
2509 4813 2675 4867 fuiSse
2696 4812 2970 4879 Superiora
2998 4811 3382 4864 demonstrant.
3406 4809 3585 4875 Neque
3611 4824 3773 4875 pres-

2188 4885 2403 4955 byteros
2428 4900 2612 4955 omnes
2639 4882 2773 4955 mitti
2804 4896 3023 4935 necesse
3053 4880 3169 4942 fuit,
3186 4894 3302 4955 cum
3325 4894 3389 4933 ex
3411 4880 3771 4955 conciliorum

2189 4950 2670 5023 subscriptionibus
2716 4953 2933 5020 liqut-at,
2984 4965 3123 5023 nunc
3148 4950 3368 5023 abbates
3392 4962 3443 5023 et
3483 4951 3767 5023 presbyte-

2187 5040 2300 5087 ros,
2347 5018 2489 5079 nunc
2544 5018 2948 5077 arcliidiaconos
2994 5021 3078 5074 vel
3130 5018 3381 5073 diaconos
3425 5020 3588 5089 legari
3623 5035 3763 5072 con-

2187 5108 2393 5149 SUCSSB.

2263 5175 2283 5202 ε
2327 5164 2688 5225 Auastasium,
2713 5172 2764 5216 ut
2790 5160 3050 5230 posterior
3070 5158 3298 5230 epistola
3317 5158 3547 5230 declarat
3568 5172 3765 5230 :_quam

2191 5248 2312 5289 cum
2348 5236 2498 5287 initio
2533 5233 2679 5300 regni
2705 5228 3051 5300 Sigismundi,
3084 5238 3199 5300 post
3220 5228 3417 5281 obitum
3446 5228 3768 5300 Guntlobadi

2190 5307 2378 5374 putris.
2408 5298 2677 5358 exaratam
2736 5298 3018 5371 significet,
3068 5298 3347 5374 conﬁrmat
3378 5301 3427 5350 in
3458 5299 3775 5365 digerendis

2186 5369 2427 5441 epistolis
2474 5374 2612 5425 Aviti
2644 5369 2882 5426 ordinem
2918 5382 3215 5441 temporum
3265 5369 3625 5441 observatum
3650 5384 3779 5425 non

2192 5438 2381 5497 fuisse.
2428 5443 2782 5510 Conqueritur
2832 5451 3007 5510 autem
3035 5440 3100 5510 de
3126 5454 3247 5507 rege
3289 5439 3469 5505 ltalim,
3498 5439 3585 5506 qui
3614 5438 3780 5506 lega-

2188 5510 2388 5568 tionem
2447 5509 2605 5578 quain
2656 5511 2897 5568 mittebat
2947 5509 3012 5563 ad
3063 5509 3460 5580 imperatorem,
3513 5512 3778 5577 progredi

2184 5598 2288 5642 non
2318 5584 2648 5654 permiserat.
