4024 6172
220 266 325 321 283

1530 264 1857 320 EPISTULA
1902 266 2181 322 LXXXIV.

3387 284 3490 337 280'

217 378 323 431 tiri.
364 374 474 430 Sub
503 373 659 443 cujus
685 374 891 429 liducite
920 373 1205 429 securitate
1235 385 1392 443 atque
1422 376 1602 429 ltetitia
1625 415 1639 439 ,
1672 376 1789 443 glo-
1818 380 1873 438 Α
1903 388 2074 446 prcle.
2107 381 2159 434 Si
2208 382 2326 450 quis
2374 384 2550 439 fervor
2583 394 2665 440 cst
2686 372 2796 455 quo
2840 388 2955 443 axis
2991 390 3317 444 meridianus
3345 407 3487 445 emc-

214 468 511 523 riusissimo
536 468 765 537 principi
788 480 971 523 nostro
988 508 1004 533 ,
1038 470 1127 539 qui
1157 484 1383 537 corpore
1406 470 1661 523 absumus
1685 472 1801 523 ani-

214 576 299 615 nto
329 573 740 630 prmsentamor.
792 562 857 614 Et
881 575 1182 630 quanquam
1216 560 1356 614 istud
1388 561 1492 615 fam
1506 562 1587 615 ula
1617 572 1796 616 vestra

214 655 457 723 prosapia
498 670 619 707 mea
659 670 723 709 ex
770 654 1055 709 devotione
1108 653 1455 721 persolverit,
1502 669 1589 708 me
1620 663 1796 709 tamen

212 751 391 819 gratite
421 748 723 803 debitorem
756 764 863 803 non
884 748 1051 817 magis
1072 748 1365 816 parentalia
1392 747 1566 802 debita
1589 790 1602 813 ,
1634 763 1795 816 quam

213 838 465 894 beneﬁcia
500 838 632 893 mihi
679 842 919 907 impensa
965 837 1223 893 fecerunt.
1253 839 1443 894 Vester
1466 840 1682 907 quidem
1715 849 1796 895 est

212 930 435 1001 populus
462 946 615 985 meus
642 971 657 996 ,
688 931 781 985 sed
821 945 906 984 me
936 929 1054 998 plus
1081 932 1284 985 servire
1320 929 1471 984 vobis
1507 946 1667 998 quant
1719 931 1792 984 illi

211 1036 441 1091 praeesse
470 1021 724 1077 delectat.
754 1022 937 1076 Traxit
964 1022 1103 1076 istud
1138 1037 1167 1075 a
1196 1023 1403 1091 proavis
1426 1023 1640 1092 generis
1685 1024 1787 1076 mei

209 1112 343 1181 apud
370 1126 471 1167 vos
514 1112 935 1182 decessoresque
962 1123 1170 1167 vestros
1211 1126 1426 1180 semper
1466 1114 1645 1167 animo
1674 1112 1788 1165 Ro-

210 1217 358 1256 mana
388 1203 637 1267 devotio,
664 1214 719 1256 ut
744 1203 834 1257 illa
858 1202 1011 1256 nobis
1041 1204 1209 1271 magis
1238 1204 1453 1257 claritas
1487 1214 1787 1272 putaretur,

209 1308 358 1364 quam
378 1303 562 1348 vestra
595 1311 690 1363 per
719 1294 920 1348 militia:
952 1295 1133 1348 titulos
1160 1295 1456 1363 porrigeret
1490 1295 1749 1348 celsitudo
1775 1311 1788 1347 :

209 1386 519 1455 cunctisque
564 1387 873 1440 auctoribus
915 1388 1049 1440 meis
1078 1401 1293 1455 semper
1340 1388 1507 1454 magis
1533 1388 1789 1440 ambitum

206 1488 283 1533 est
310 1481 457 1547 quod
490 1494 518 1530 a
552 1479 878 1548 principibus
918 1486 1228 1545 sumerent,
1258 1494 1417 1547 quam
1462 1478 1600 1547 quod
1632 1494 1659 1532 a
1704 1497 1791 1544 pu-

209 1573 369 1627 tribus
390 1574 724 1627 attulissent.
743 1571 981 1640 Cumque
1005 1580 1217 1639 gentem
1249 1581 1485 1625 nostram
1514 1571 1792 1625 videamur

208 1682 385 1734 regere
404 1706 421 1729 ,
448 1681 557 1718 non
585 1663 730 1718 aliud
755 1679 851 1718 nos
872 1678 1029 1733 quam
1056 1663 1252 1717 milites
1283 1672 1493 1717 vestros
1520 1661 1791 1717 credimus

1905 478 2067 537 stuet,
2106 471 2385 541 refrigerio
2414 482 2729 544 temperate,
2762 488 2815 531 et
2844 478 3089 534 edomate
3120 496 3215 550 per
3240 498 3489 536 reveren-

1906 559 2031 612 tiam
2060 562 2317 630 quidquid
2343 574 2469 618 ante
2513 580 2605 620 vos
2652 566 2965 622 indomitum
2998 570 3171 625 fuerat
3194 587 3286 639 per
3327 582 3484 626 uatu-

1903 668 2037 706 ratu.
2065 655 2426 710 lncnmbentia
2456 657 2556 711 sibi
2582 668 2788 727 sceptra
2809 662 3078 730 religionis
3105 663 3316 718 invicta:
3339 665 3485 734 quis-

1901 747 2021 815 quis
2050 762 2157 801 non
2185 761 2333 818 optat.
2360 754 2610 822 excipiat.
2651 754 2975 825 Prorogetur
3005 772 3101 826 per
3129 772 3222 812 vos
3252 774 3357 811 non
3382 761 3483 810 mi-

1902 854 2002 893 ntts
2030 848 2294 908 potestate
2336 845 2523 915 religio
2546 887 2561 913 ,
2593 861 2713 916 quae
2750 847 3129 905 famulantibus
3171 852 3381 919 populis
3416 852 3484 906 ad

1899 925 2135 984 caelestia
2171 934 2473 1003 pariterque
2505 938 2836 1001 veneranda,
2870 948 2925 995 et
2954 942 3229 995 veritatem
3258 951 3482 1005 astruat,

1899 1030 1952 1074 et
1981 1022 2219 1090 porrigat
2249 1024 2550 1079 libertatem
2586 1044 2597 1079 :
2624 1042 2832 1097 quaque
2859 1030 3127 1084 mediante
3150 1074 3165 1099 ,
3188 1031 3339 1085 vobis
3366 1031 3481 1085 cul-

1898 1112 2041 1166 mine
2067 1124 2281 1167 aeterna:
2307 1116 2492 1171 salutis
2515 1117 2726 1183 innisis,
2759 1132 2863 1172 non
2895 1120 3127 1175 humano
3153 1130 3358 1175 tantum
3389 1137 3479 1176 or-

1898 1204 2042 1261 diue.
2074 1218 2256 1257 verum
2287 1207 2449 1260 etiam
2480 1209 2662 1263 divino
2682 1226 2883 1277 amore,
2916 1212 3129 1281 longum
3160 1215 3362 1270 servire
3385 1229 3482 1270 nos

1897 1300 2103 1354 deceat.

2362 1395 2696 1451 EPISTULA
2746 1397 3029 1453 LXXXIV.

1898 1541 1960 1580 ΑΒ
1988 1540 2144 1581 AVITO
2192 1541 2436 1582 EPISCOPO
2483 1543 2708 1583 DICTA'I'A
2750 1544 2845 1583 SUB
2894 1544 3095 1584 NOMINB
3138 1546 3294 1586 DOIINI
3330 1548 3481 1588 REGIS

2145 1605 2170 1633 ³
2198 1612 2251 1653 ο.
2281 1612 2327 1652 8.
2359 1613 2427 1652 AD
2450 1612 2824 1655 IMPERATOREH
2873 1615 3226 1658 ANASTASIUII.

206 1758 459 1811 ordinari.
487 1756 731 1826 ltnpartit
758 1770 856 1811 nos
873 1755 1186 1825 gaudiorum
1216 1769 1439 1809 munere
1465 1762 1639 1808 vestra
1672 1771 1789 1821 pt'n-
1826 1745 1870 1803 Β
1966 1775 2132 1841 Quam
2163 1774 2266 1843 βίω
2293 1774 2586 1844 majeslalis
2620 1774 2823 1844 judicio
2845 1776 3108 1831 serenitas
3131 1786 3308 1832 vestra
3328 1816 3343 1841 ν
3392 1779 3479 1832 vel

205 1849 432 1918 speritas
463 1866 476 1899 :
513 1847 772 1918 quidquid
801 1847 908 1901 illic
952 1863 1048 1915 pro
1075 1848 1247 1902 salute
1286 1847 1525 1901 omnium
1556 1848 1785 1908 cnth,

205 1949 253 1993 et
295 1950 545 1993 nostrum
592 1946 694 1993 est.
728 1938 830 1992 Per
876 1953 973 1992 nos
1025 1938 1413 1992 administratis
1463 1951 1789 1993 remetarunt

203 2030 359 2097 spatia
398 2028 679 2098 regionum
708 2045 721 2082 :
756 2028 923 2097 patria
953 2038 1135 2081 nostra
1153 2036 1326 2084 vester
1355 2028 1498 2083 etbis
1521 2036 1621 2083 est.
1652 2028 1789 2080 Tan-

205 2117 274 2187 git
315 2118 553 2174 Galliam
584 2133 734 2172 suam
773 2119 953 2172 lumen
982 2118 1205 2174 orientis
1232 2159 1248 2183 ,
1276 2127 1330 2172 et
1358 2118 1540 2173 radius
1569 2120 1656 2187 qui
1686 2119 1789 2173 illis

203 2214 439 2283 partibus
479 2213 613 2269 oriri
650 2212 890 2269 creditur
916 2257 930 2282 ,
967 2212 1052 2267 bic
1089 2211 1334 2282 refulget.
1359 2211 1525 2266 Jubar
1571 2211 1785 2280 quidem

201 2314 524 2373 conspectus
552 2304 719 2359 vestri
762 2303 1217 2372 contemplatione
1246 2318 1350 2356 non
1378 2304 1618 2372 capimus
1648 2321 1661 2357 :
1692 2303 1785 2355 sed

202 2396 361 2452 lucem
410 2396 717 2452 serenitatis
746 2412 905 2465 quam
938 2396 1135 2465 ubique
1159 2393 1454 2449 diil‘unditis
1476 2435 1490 2459 ,
1518 2393 1786 2448 desiderio

203 2490 559 2557 possidemus.
602 2488 1035 2544 Dominationem
1078 2486 1232 2543 vobis
1282 2487 1536 2541 divinitus
1578 2486 1787 2555 praesti-

200 2591 294 2635 tam
320 2582 467 2637 obex
501 2581 644 2635 nulla
664 2580 951 2642 concludit,
986 2594 1083 2635 nec
1103 2580 1227 2635 ullis
1250 2578 1642 2649 provinciarum
1677 2586 1784 2631 lcr-

200 2672 348 2726 minis
398 2671 635 2727 felicium
683 2680 1018 2740 sceptrorum
1054 2670 1268 2726 diffusio
1298 2671 1576 2725 limitatur.
1613 2668 1778 2723 8.ιινο

202 2761 497 2817 Divinitatis
516 2762 722 2817 honore
744 2763 813 2816 sit
840 2761 1060 2816 dictum.
1084 2759 1200 2815 Non
1232 2761 1422 2815 minuit
1449 2759 1782 2829 majestatem

199 2863 424 2907 vestram
455 2852 601 2923 quod
638 2868 921 2907 accurrere
958 2866 1062 2906 non
1093 2866 1279 2905 omnes
1302 2852 1481 2904 valent
1514 2868 1526 2904 :
1557 2850 1688 2904 satis
1714 2849 1780 2902 ad

200 2946 551 2998 reverentiam
603 2942 757 2997 vobis
792 2942 1025 2998 debitam
1070 2941 1289 3006 sufﬁcit,
1342 2941 1484 3010 quod
1522 2955 1708 2995 omnes
1751 2956 1782 2995 e

199 3034 424 3103 propriis
452 3032 676 3087 sedibus
702 3047 795 3086 vos
826 3032 1072 3087 adorant.
1114 3032 1320 3087 Virtute
1345 3032 1462 3086 orbi
1494 3046 1593 3086 eoo
1616 3075 1630 3093 ,
1666 3032 1781 3086 fcli-

1898 1867 2245 1938 parvipendat
2296 1866 2677 1936 impedimenta
2740 1876 3083 1937 temporum,
3130 1867 3217 1923 vel
3264 1878 3481 1923 censeat

1896 1962 2059 2019 corda
2085 1961 2404 2015 famulorum
2423 2001 2438 2026 ,
2462 1960 2611 2015 nullo
2637 1959 2834 2014 indicio
2862 1959 3086 2014 meliore
3116 1962 3478 2028 cognoscitur.

1894 2068 2051 2122 quam
2079 2053 2220 2121 quod
2261 2052 2317 2106 in
2360 2052 2534 2107 sacris
2563 2052 2805 2120 apicibus
2831 2050 3171 2121 longinquius
3202 2052 3478 2120 porrigen-

1892 2144 2008 2209 dis,
2059 2143 2247 2210 implet
2293 2142 2692 2198 desiderantum
2730 2152 2884 2208 vota,
2935 2151 2990 2198 et
3034 2143 3328 2211 supplicum
3371 2158 3476 2197 non

1890 2242 2165 2302 exspectat
2194 2232 2394 2287 ollicia.
2439 2234 2710 2301 Appetunt
2740 2247 3019 2289 occursum
3039 2234 3206 2288 vestri
3234 2234 3471 2288 omnium

1893 2334 2101 2379 mentes
2126 2366 2139 2388 ,
2173 2338 2273 2379 nec
2309 2333 2415 2378 tam
2440 2324 2732 2394 gloriosum
2774 2335 2858 2380 est
2884 2326 3024 2393 quod
3056 2326 3207 2394 pauci
3231 2335 3473 2395 possunt,

1891 2430 2051 2485 quam
2098 2415 2237 2483 quod
2282 2416 2458 2470 cuncti
2499 2415 2683 2471 videre
2710 2431 2804 2469 vos
2847 2418 3085 2485 cupiunt.
3116 2416 3267 2482 Quod
3296 2424 3473 2471 autent

1889 2520 2033 2569 nunc
2058 2520 2294 2575 augustae
2325 2507 2750 2575 compellationis
2769 2507 2961 2562 affatus
2984 2508 3179 2562 debitze
3202 2510 3355 2563 vobis
3382 2524 3474 2578 pa-

1888 2598 2025 2666 gina:
2057 2599 2317 2667 praevenit
2342 2598 2680 2668 obsequium,
2720 2600 2851 2653 nihil
2884 2598 3210 2655 indettotioni
3242 2599 3358 2668 pius
3386 2615 3474 2654 ar—

1889 2687 2057 2752 biter,
2088 2688 2220 2742 nihil
2260 2689 2481 2767 imputet
2512 2688 2767 2743 tarditati.
2819 2688 2928 2743 Nisi
2969 2689 3168 2743 aditum
3194 2689 3474 2745 conatibus

1887 2780 2086 2834 noswis
2125 2778 2261 2835 obex
2301 2780 2575 2849 interjecta
2622 2780 2996 2850 suspenderet,
3025 2781 3136 2850 jam
3166 2796 3309 2836 nunc
3331 2797 3462 2851 pro-

1886 2871 2028 2930 fecto
2046 2873 2265 2928 verbum
2290 2873 2490 2928 mundo
2504 2874 2808 2929 venerabile
2840 2888 3092 2943 responsa
3121 2874 3291 2942 potius
3312 2889 3470 2943 quam

1885 2965 2101 3020 oracula
2130 2965 2468 3020 destinasset.
2505 2964 2614 3019 Nec
2644 2975 2820 3019 tamen
2847 2964 3169 3020 remorando
3194 2965 3325 3020 mihi
3358 2976 3471 3019 tan-

1887 3065 1999 3110 tum
2030 3055 2228 3120 nocuit,
2260 3064 2514 3124 quantum
2545 3054 2735 3108 invidit
2772 3053 2997 3108 aemulus
3040 3054 3195 3109 livor.
3226 3054 3342 3109 Non
3377 3070 3463 3111 me
3499 3050 3505 3055 ’

200 3126 352 3181 εῖιειιθ
385 3124 635 3218 τθεηδιῑεξ
679 3124 900 3179 οοοίάιιο
930 3140 946 3178 ε
980 3123 1099 3179 “cei
1132 3139 1226 3180 V03
1265 3124 1569 3193 Ubicunque
1594 3123 1735 3193 diligi
1765 3165 1779 3188 ν
1808 3111 1856 3174 C
1889 3143 2103 3214 quidem
2132 3111 2329 3212 legistis
2361 3142 2522 3197 officii
2552 3143 2657 3218 mei
2684 3151 3005 3212 compotem,
3031 3144 3121 3197 sed
3147 3143 3462 3199 reddidistis

198 3219 399 3273 etiamsi
442 3233 551 3272 non
607 3217 764 3273 datur
815 3219 1063 3273 omnibus
1108 3220 1323 3275 intueri.
1376 3219 1481 3275 Sed
1514 3234 1634 3273 cum
1663 3218 1783 3288 jure

206 3310 335 3365 istud
368 3308 440 3365 de
468 3308 817 3366 universitate
846 3311 1072 3375 dicatur,
1092 3312 1338 3381 conjicite
1355 3328 1496 3368 nunc
1524 3322 1779 3381 quantum

202 3402 429 3457 debeant
455 3417 596 3473 quos
615 3403 905 3457 honoribus
934 3403 1212 3474 iastigatis,
1240 3420 1373 3474 quos
1396 3407 1572 3460 socios
1603 3407 1781 3460 trium-

200 3494 417 3563 phorum
451 3495 697 3550 omnium
727 3511 1180 3567 successuumque
1224 3508 1519 3553 vestrorum
1554 3499 1783 3569 dignita-

201 3594 302 3641 tum
330 3587 506 3643 titulis
546 3587 861 3658 applicatis;
900 3598 957 3643 ut
993 3591 1073 3645 sic
1114 3591 1330 3645 virtutis
1359 3602 1554 3647 vestrae
1585 3593 1777 3649 decora

199 3688 370 3733 nostra
401 3680 538 3746 sint,
566 3688 622 3734 et
650 3679 716 3734 ad
749 3680 1130 3736 honoratorum
1163 3692 1478 3737 ornamenta
1513 3684 1779 3751 pertineat

198 3769 443 3840 quidquid
473 3772 705 3841 gesserit
730 3773 1151 3829 lonsbonorum.
1179 3775 1357 3831 Olfero
1378 3777 1554 3846 igitur,
1583 3777 1780 3845 princi-

199 3875 313 3930 pum
340 3862 544 3934 inclyte
569 3904 585 3927 ,
623 3863 921 3919 litterarum
966 3864 1218 3936 obsequia
1247 3906 1263 3930 ,
1305 3877 1425 3922 vota
1454 3869 1774 3938 gratiarum;

200 3956 477 4021 pncstolor
505 3957 787 4012 oraculum
813 3960 1077 4013 sermonis
1105 3961 1345 4029 augusti;
1374 3962 1551 4015 ambio
1579 3964 1621 4017 si
1650 3963 1775 4032 quid

199 4046 265 4099 sit
285 4048 424 4115 quod
454 4048 650 4117 jubere
687 4049 1001 4119 dignemini.
1027 4051 1158 4119 Quia
1182 4053 1339 4106 etiam
1369 4054 1411 4107 si
1441 4053 1677 4124 indigere
1717 4071 1776 4109 se

199 4134 440 4191 famulatu
470 4149 657 4193 nostro
669 4140 977 4209 perennitas
993 4149 1168 4195 vestra
1187 4158 1290 4195 non
1311 4144 1515 4208 credat,
1536 4145 1776 4214 quisquis

201 4234 366 4283 tamen
414 4229 552 4285 felici
610 4233 866 4285 meruerit
912 4231 1138 4297 servire,
1180 4232 1280 4287 sibi
1338 4234 1776 4291 militat.0il‘er:tt

200 4332 316 4387 ergo
343 4321 569 4388 supplex
602 4320 954 4378 Orientalium
985 4338 1196 4393 quoque
1240 4325 1476 4395 gentium
1521 4325 1772 4381 distantia

199 4409 538 4475 cruditatem;
572 4422 828 4480 exposcat
876 4412 1161 4481 principari
1191 4416 1469 4483 praesulem
1502 4426 1765 4471 nostrum.

1888 3236 1958 3303 pii
1985 3235 2097 3290 oris
2126 3234 2539 3303 compellatione
2580 3234 2812 3289 felicem.
2853 3234 2961 3289 Nec
2993 3236 3213 3289 interest
3230 3236 3465 3301 excipiat

1887 3341 1985 3381 nos
2008 3339 2188 3379 sermo
2218 3334 2475 3393 angustus
2496 3365 2511 3391 ,
2544 3339 2609 3377 an
2641 3332 2915 3393 exspectet
2941 3342 2952 3374 :
2986 3338 3015 3377 a
3060 3323 3351 3379 celsissimo
3379 3321 3460 3378 di-

1885 3415 2141 3485 gnatione
2189 3423 2392 3469 tantum
2424 3424 2506 3469 est
2544 3404 2727 3469 nostra
2778 3429 2881 3467 non
2928 3413 3160 3482 despici,
3213 3423 3469 3483 quantum

1884 3515 2064 3563 vestra
2111 3507 2356 3561 concedi.
2398 3506 2563 3575 Igitur
2593 3513 2713 3572 post
2742 3504 2944 3560 obitum
2981 3505 3306 3560 devotissimi
3338 3504 3478 3558 ﬁde--

1884 3599 2183 3670 lissimique
2218 3597 2370 3653 vobis
2408 3598 2576 3665 patris
2600 3596 2702 3651 mei
2736 3637 2750 3661 ,
2784 3596 3021 3666 proceris
3049 3597 3213 3652 vestri
3241 3638 3257 3663 ,
3280 3597 3367 3651 cui
3396 3596 3465 3651 ad

1885 3691 2223 3748 felicissimos
2240 3690 2441 3759 integra
2467 3689 2822 3758 prosperitate
2845 3703 3149 3759 successus,
3176 3689 3226 3744 id
3256 3704 3469 3759 quoque

1882 3783 2104 3853 contigit
2133 3782 2315 3836 divino
2364 3781 2553 3836 favore
2580 3780 2836 3849 votivum,
2875 3790 2932 3835 ut
2961 3781 3134 3836 lanam
3166 3781 3467 3837 ﬂorentem-

1883 3889 1986 3944 que
2035 3873 2420 3943 rempublicam
2470 3871 2621 3926 vobis
2669 3871 2851 3925 orbem
2916 3860 3237 3939 regentibus
3278 3871 3461 3935 sciret,

1879 3979 2081 4034 vosque
2104 3963 2353 4017 dominos
2383 3962 2659 4016 nationum
2694 3962 2901 4031 placido
2934 3970 3180 4030 receptus
3220 3961 3323 4014 fine
3363 3959 3460 4013 de-

1881 4057 2208 4125 relinqueret
2255 4070 2271 4108 :
2323 4054 2387 4107 ad
2419 4054 2533 4106 iure
2564 4052 2856 4106 intimanda
2889 4052 3142 4121 vobisque
3187 4065 3463 4105 commen-

1877 4147 2050 4203 danda
2079 4147 2203 4214 quin
2231 4146 2392 4200 etiam
2420 4160 2553 4199 mete
2587 4143 2789 4197 militia:
2816 4143 3111 4197 rudimenta
3130 4183 3144 4207 ,
3170 4157 3288 4209 qute
3315 4143 3461 4211 geni-

1877 4246 1997 4293 tore
2026 4237 2238 4308 quidem
2271 4250 2391 4289 meo
2419 4233 2704 4302 superstite
2728 4231 2992 4300 nutristis,
3021 4231 3113 4286 sed
3136 4230 3303 4300 magis
3337 4244 3455 4283 mae

1877 4330 2063 4399 gisque
2094 4334 2213 4395 post
2233 4341 2353 4380 eum
2377 4324 2591 4379 cumulo
2622 4338 2792 4378 sacrae
2823 4322 3144 4392 dignationis
3173 4322 3455 4390 augebitis.

1879 4421 2013 4475 sicut
2044 4418 2300 4473 debebam
2332 4417 2415 4471 vel
2444 4424 2631 4484 optare
2653 4429 2746 4484 par
2774 4414 2962 4475 fuerat,
2997 4429 3159 4467 unum
3192 4414 3258 4468 de
3281 4413 3458 4469 consi-

201 4493 468 4555 I‘Irtbicus
495 4500 711 4568 ductor,
746 4480 963 4571 prepter
992 4480 1139 4573 pacis
1184 4480 1522 4561 commodum
1544 4548 1558 4571 ,
1592 4509 1642 4562 in
1666 4508 1767 4561 Ro-
1800 4480 1853 4542 D
1878 4512 2040 4566 liariis
2066 4510 2221 4573 meis,
2246 4508 2331 4577 qui
2359 4480 2615 4576 quantum
2642 4480 2707 4559 ad
2732 4505 3080 4574 ignorantiam
3104 4504 3455 4572 Gallicanam,

202 4601 405 4643 manum
432 4592 715 4661 imperium
761 4594 990 4663 gaudeat
1017 4598 1270 4651 transire.
1306 4598 1617 4667 Indusipse,
1655 4611 1774 4669 post

202 4681 550 4745 experimenta
579 4684 844 4759 mansueti
874 4684 1006 4749 oris,
1034 4686 1258 4742 stridula
1287 4702 1419 4744 voce
1440 4704 1767 4759 compressa,

201 4766 333 4835 leges
359 4772 551 4839 quibus
580 4762 783 4829 servire
802 4773 1054 4844 jubeatur
1080 4777 1270 4833 Graeco
1292 4790 1579 4850 cognoscat
1605 4782 1770 4838 inter-

266 4915 287 4976 ?
324 4905 543 4961 Comitis
571 4907 921 4976 Sigismutnli.

263 4974 289 5014 δ
327 4974 715 5053 'l‘ueodetictts,
758 4982 845 5048 qui
890 4995 1072 5048 pacem
1120 4982 1257 5038 hanc
1306 4999 1399 5053 per
1456 4986 1660 5053 legatos
1704 4993 1772 5049 ab

128 5082 143 5087 -
198 5048 475 5121 Quastasio
520 5050 772 5121 espetiit,
812 5061 869 5103 ut
915 5060 998 5106 est
1042 5052 1092 5104 in
1141 5048 1362 5121 epistola
1418 5057 1439 5109 1
1489 5048 1766 5117 Variarttm

198 5116 519 5173 Cassiodori:
553 5116 760 5201 Oportet
792 5137 905 5186 nos,
928 5116 1309 5201 clementissime
1334 5126 1642 5201 imperator,
1674 5116 1770 5201 pa;

199 5204 299 5260 cem
327 5204 546 5260 quivere
573 5235 587 5256 ,
625 5192 712 5260 qui
743 5207 923 5245 causas
952 5192 1235 5248 iracundia:
1260 5192 1521 5251 nascimur
1550 5192 1649 5253 non
1674 5192 1770 5256 ita-

200 5256 327 5312 ὑπο.
360 5258 419 5312 Ει
451 5270 584 5334 post
636 5256 778 5316 alia:
826 5272 883 5334 nt
912 5263 1173 5334 sinceritas
1231 5266 1388 5333 pacis,
1438 5284 1551 5334 quia
1598 5276 1767 5327 causis

199 5331 556 5401 mergentibus
600 5333 919 5401 cegnoscitur
967 5333 1123 5401 fuisse
1158 5331 1609 5399 vitiatafdétersis
1645 5359 1769 5395 con-

198 5399 522 5477 tentionibus,
556 5401 609 5453 in
650 5399 745 5457 ina
776 5399 1013 5477 deinceps
1035 5404 1276 5477 firmitate
1301 5409 1533 5461 restituta
1563 5427 1765 5477 perma-

199 5480 332 5548 neat.
378 5471 455 5548 Ad
500 5474 640 5548 lianc
693 5487 875 5548 pacem
909 5474 1161 5548 alludens
1202 5488 1419 5531 senatus
1476 5471 1765 5548 Romanus,

197 5542 869 5614 Anast;.si_umsieﬂall‘atur
908 5542 959 5595 in
990 5544 1176 5598 litteris
1209 5548 1319 5600 Suis
1346 5590 1359 5610 ,
1402 5565 1521 5614 qua}
1549 5542 1769 5607 intexta}

196 5620 323 5687 sunt
367 5612 602 5690 epistola:
637 5613 930 5666 llortnisdw
958 5633 981 5690 ςΔ
1012 5614 1265 5690 Proinde,
1306 5612 1499 5685 inquit,
1546 5623 1770 5690 piissime

196 5680 501 5752 imperator,
533 5684 638 5737 hac
668 5694 871 5737 senatus
899 5687 1133 5752 adiuncti
1159 5729 1173 5757 ,
1210 5699 1257 5740 ut
1287 5680 1391 5759 qui
1416 5680 1587 5746 animo
1617 5710 1771 5769 quant

1878 4612 2101 4659 cmteros
2131 4599 2324 4669 prmire
2350 4597 2542 4652 litteris
2569 4597 2897 4662 testimatur,
2918 4594 3209 4650 venerandi
3236 4593 3458 4647 comita-

1879 4706 1980 4750 tus"
2004 4691 2167 4748 vestri
2211 4690 2432 4744 auribus
2479 4688 2795 4750 oflerebam,
2845 4686 3129 4754 specialius
3178 4687 3460 4739 securitate

1877 4772 2154 4856 concepta,
2189 4781 2332 4853 quod
2351 4781 2374 4819 δ
2404 4791 2581 4836 rector
2614 4780 2778 4835 Italia:
2807 4778 2872 4833 de
2895 4794 3022 4849 pace
3047 4789 3221 4833 vestra
3253 4778 3462 4848 publice

1883 4922 2096 4991 benigno
2122 4920 2175 4991 in
2218 4926 2432 4991 utraque
2463 4913 2721 4991 republica
2750 4912 3106 4991 concordanda
3138 4913 3323 4991 fuisti,
3352 4921 3461 4991 tam

1882 4982 2094 5061 esse'pio
2121 4990 2173 5042 in
2199 4982 2407 5061 ecclesia
2443 4984 2835 5061 redintegranda
2866 4982 3463 5061 unitatenoscariszilu:

1876 5061 1970 5128 jus
1998 5050 2210 5128 quoque
2251 5059 2395 5126 pacis
2427 5050 2702 5128 exemplo,
2737 5067 2918 5128 pacem
2947 5054 3153 5128 ’νος-ξιτεδ
3171 5050 3369 5128 expetit
3396 5051 3462 5128 ab

1878 5122 2177 5186 Justiniano
2229 5122 2368 5195 apud
2426 5125 2742 5192 Procopium
2773 5124 2864 5178 lib.
2916 5138 2971 5177 tit
3022 5122 3155 5176 Belli
3204 5122 3413 5195 Gotbiei
3443 5161 3459 5184 ,

1885 5202 2165 5270 Λίτούμεθα
2191 5193 2277 5254 τάί
2304 5200 2357 5251 ἐκ
2405 5205 2495 5257 τῆς
2536 5199 2732 5270 εἰρήνης
2779 5195 2963 5266 ἀγαθὰ,
2997 5196 3111 5270 σέγε
3160 5193 3461 5270 πρᾳσιέσθαι

1884 5263 2055 5333 aures,
2082 5272 2161 5323 κΞὶ
2190 5272 2304 5355 {ipsa
2333 5263 2637 5355 ξυνᾉωρεῗψ
2664 5263 2834 5355 ᾧνπεῤ
2865 5266 3077 5349 μνημεῐά
3094 5283 3151 5351 :rs
3179 5263 3461 5355 iaQi'rrapat-

1884 5324 2131 5413 δείγμέιτα
2157 5324 2640 5413 κάὪωτα”ἷΞ(δμεγ,
2664 5324 2993 5413 uti-adrectae
3021 5333 3108 5387 καὶ
3135 5331 3456 5413 Θεοᾷἇριχιξν.

1885 5398 2034 5465 Bona
2068 5412 2211 5481 pacis
2242 5418 2295 5460 ut
2325 5415 2429 5459 tute
2452 5398 2780 5475 'a'niplectaris
2808 5404 3044 5468 nobisque
3058 5398 3313 5481 concedas
3337 5398 3461 5478 ide-

1885 5469 2140 5552 poscinius
2170 5492 2429 5552 :_quorm_n
2450 5469 2773 5552 monumenta
2797 5482 2845 5552 et
2869 5469 3460 5552 exeniplayttlcncrrinta

1885 5538 2148 5615 'Imbemus,
2175 5538 2497 5600 Anastasium
2520 5554 2566 5596 et
2596 5542 2983 5615 Theodericum.
3010 5542 3082 5615 l_)e
3106 5541 3203 5615 hac
3233 5538 3460 5615 denique

1886 5637 2008 5673 enm
2039 5607 2434 5684 εἱιιῖῐιιςιιιιιατυι
2463 5614 2852 5684 'I‘ltcodericus,
2885 5612 3127 5684 eamdem
3152 5607 3461 5684 litercdi,_ut

1887 5707 2009 5747 cum
2045 5678 2281 5766 ptitit'ipt:
2316 5686 2572 5745 liticntuli
2604 5682 2800 5740 habere
2830 5682 3082 5748 studeret,
3113 5678 3457 5737 commenda—
