4046 6170
487 244 587 300 287

1761 244 1821 299 S.
1861 243 2044 299 AVITI
2090 243 2486 300 VIENNENSIS

3641 255 3751 312 288

490 360 786 432 plauderet,
816 367 870 415 et
893 373 1109 416 rumore
1137 358 1381 430 disperso
1406 359 1670 416 redditam
1701 361 1801 417 sibi
1827 363 2063 418 Orientis
2091 364 2142 423 A
2169 364 2372 434 aliquid
2402 367 2788 423 consolationis
2820 367 3110 438 impendat.
3143 369 3304 427 Vobis
3334 386 3493 441 porro
3521 374 3566 428 si
3596 378 3747 431 cordi

487 453 712 522 gratiam
745 451 1032 506 coloraret.
1063 450 1409 505 Interclusum
1441 460 1524 506 est
1544 466 1671 521 ergo
1693 460 1852 519 atque
1875 452 2058 521 prohi-

489 544 657 597 bitum
707 542 1052 597 relationibus
1097 541 1378 595 destinatis
1431 541 1532 595 iter
1573 551 1863 610 arreptum.
1904 542 2063 596 Certe

491 633 604 700 ipsa
636 631 968 699 videritquid
1005 631 1128 688 hinc
1153 631 1292 700 apud
1334 640 1607 701 augustam
1646 634 1880 688 laetitiam
1910 648 2064 702 spec—

492 734 569 779 tct
605 725 772 779 serios
799 723 1069 787 veritatis;
1106 738 1326 791 parvum
1355 733 1533 778 tamen
1558 724 1809 779 amicntite
1848 725 2063 780 videtur

491 813 768 879 indit-ium,
795 827 917 868 eum
944 828 1101 882 quem
1129 823 1180 869 tc
1206 815 1386 871 colere
1409 829 1617 870 asseras
1636 857 1653 882 ,
1679 816 1822 871 nolle
1849 831 1877 869 a
1905 826 2064 873 czete-

492 902 566 955 ris
598 901 846 956 honorari
881 916 896 952 :
924 917 1044 956 cum
1075 917 1264 958 omnes
1289 903 1379 972 qui
1407 919 1502 960 vos
1526 904 1687 975 digno
1715 906 1859 960 cultu
1888 908 2063 961 susei-

492 991 688 1060 pimus,
716 993 767 1046 id
787 992 998 1061 ipsuma
1020 993 1225 1047 cunctis
1238 992 1351 1048 fieri
1370 994 1508 1049 velle
1527 993 1838 1051 debeamus.
1866 995 2063 1053 Parum

487 1082 635 1136 enim
677 1083 905 1152 propria:
928 1082 1226 1138 devotionis
1253 1083 1510 1152 ostendit,
1535 1085 1579 1138 si
1601 1087 1719 1154 quis
1750 1086 2065 1141 occurrendi

490 1171 738 1225 libertate
767 1173 1015 1226 damnata
1039 1213 1054 1237 ,
1080 1173 1214 1228 alios
1242 1187 1456 1243 quoque
1477 1177 1653 1229 facere
1674 1175 1887 1229 studeat
1917 1176 2067 1230 inde-

491 1270 677 1315 votos:
708 1276 828 1315 cum
860 1270 1035 1316 tamen
1066 1263 1318 1317 sanctitas
1345 1264 1581 1318 ccelestis
1606 1263 1806 1333 ingenii
1837 1273 2068 1333 nequeat

488 1367 714 1408 censere
740 1354 1075 1422 culpabilem,
1106 1370 1264 1423 quem
1288 1358 1370 1410 vel
1399 1357 1512 1409 sola
1540 1357 1785 1410 voluntas
1811 1356 2064 1412 reddide-

491 1444 566 1498 rit
608 1443 967 1498 innocentem.
998 1444 1149 1500 Unde
1184 1446 1457 1501 evidenter
1498 1447 1671 1516 ipsum
1705 1449 1897 1503 videtis
1938 1450 2069 1505 alle-

490 1549 620 1603 gare
632 1533 761 1603 quid
789 1549 1037 1603 cuperem
1064 1576 1079 1602 ,
1112 1538 1201 1606 qui
1233 1549 1339 1592 tam
1365 1539 1597 1596 sollicite
1622 1552 1846 1597 conatus
1867 1552 1951 1598 est
1969 1544 2068 1598 im-

497 1630 679 1697 pedire
710 1645 777 1685 ne
810 1646 1039 1701 p05sem.
1092 1633 1271 1701 Itaque
1291 1634 1540 1702 quoniam
1568 1636 1749 1691 divino
1784 1647 2069 1708 vestroque

2166 466 2249 512 est
2274 458 2413 512 facta
2445 460 2513 514 de
2542 461 2696 515 nobis
2718 476 2782 516 ex
2813 476 2935 517 asse
2959 463 3163 531 jactura
3182 504 3198 530 ,
3223 465 3290 519 ab
3312 465 3609 522 incursibus
3636 467 3747 522 for-

2168 549 2433 604 midandis
2474 551 2737 608 Rhodano
2792 553 3058 610 limitante
3104 557 3314 611 muneri
3358 565 3533 613 tenete
3572 559 3750 613 adhuc

2166 638 2291 693 dum
2320 640 2481 695 redeo
2500 682 2515 706 ,
2541 651 2598 696 et
2631 640 2899 697 Ceratium
2930 654 3201 711 nostrum,
3228 646 3297 701 de
3322 661 3441 702 meo
3462 647 3744 704 habentem

2166 732 2365 801 aliqua,
2394 732 2462 787 de
2491 742 2671 787 vestro
2697 734 2977 801 nonnulla,
2997 736 3087 805 qui
3110 751 3140 791 a
3173 752 3259 791 me
3286 739 3684 805 scholasticam,
3710 757 3743 794 a

2168 823 2318 877 vobis
2339 823 2528 878 asserit
2556 823 2865 879 bellicosum
2898 842 2913 879 :
2940 840 3158 881 sumens
3177 826 3246 882 de
3274 829 3458 883 matris
3485 830 3743 900 sapientia

2167 914 2310 981 quod
2335 914 2562 969 libenter
2584 915 2844 971 barbaros
2872 916 3021 987 fugit,
3049 917 3119 972 de
3143 919 3340 976 virtute
3367 931 3583 990 paterna
3603 921 3744 991 quod

2168 1004 2360 1059 litteris
2389 1013 2538 1074 terga
2560 1020 2666 1060 non
2699 1006 2944 1075 praebuit.

2638 1095 2969 1153 EPISTULA
3006 1096 3289 1155 LXXXVI.

2432 1199 2755 1241 RESCRIP’I‘UH
2788 1203 2893 1241 VIBI
2916 1204 3182 1245 ILLUSTRIS
3209 1205 3475 1245 HERACLII.

2244 1273 2520 1329 lndicastis
2549 1276 2767 1344 quidem
2799 1285 3005 1334 tantum
3033 1280 3234 1334 doloris
3254 1294 3491 1344 causam,
3513 1294 3616 1349 qua
3642 1283 3745 1351 epi-

2170 1369 2386 1423 stolaris
2432 1364 2595 1424 officii
2635 1371 2916 1438 responsio
2964 1372 3334 1438 clauderetur,
3383 1381 3438 1427 et
3458 1372 3746 1428 durissimo

2173 1461 2357 1514 nuntio
2399 1460 2594 1514 vulnus
2641 1460 2898 1515 inllictum
2953 1462 3072 1531 plus
3118 1478 3205 1517 me
3246 1465 3496 1535 lacrymis
3533 1474 3745 1534 cogeret

2175 1546 2379 1601 servire
2416 1563 2578 1615 quam
2630 1548 2868 1603 litteris:
2905 1558 3079 1606 tamen
3127 1558 3368 1606 metuens
3415 1554 3611 1607 silentii
3635 1556 3746 1608 cul-

2176 1651 2291 1705 pam
2314 1678 2327 1701 ,
2359 1637 2444 1692 vel
2498 1653 2668 1706 pauca
2696 1640 2941 1708 suspiriis
2967 1640 3117 1710 meis,
3150 1650 3208 1695 ut
3241 1643 3383 1709 potui
3415 1644 3573 1696 verba
3605 1643 3746 1696 fura-

496 1735 716 1774 munere
731 1731 785 1774 et
813 1722 949 1775 sacri
972 1723 1150 1791 apices
1176 1732 1230 1777 et
1255 1727 1541 1793 opportuni
1571 1727 1890 1795 proveniunt
1911 1745 2068 1798 quam
2102 1729 2147 1787 B
2176 1737 2260 1780 tus
2288 1742 2430 1787 sum.
2464 1726 2695 1781 Probant
2744 1728 2906 1798 igitur
2934 1740 3202 1799 tempora,
3233 1730 3316 1784 cui
3353 1732 3545 1785 rectius
3575 1731 3749 1785 ascri-

496 1815 767 1883 discrepat
813 1830 829 1867 :
878 1825 1033 1869 orant
1081 1825 1424 1884 augmentum
1465 1819 1613 1888 regni
1663 1821 1829 1874 vestri
1879 1821 2070 1890 quibus

497 1920 635 1960 nova
689 1905 961 1975 profertis,
1013 1916 1199 1977 optant
1239 1907 1534 1961 custodiam
1576 1909 1766 1977 quibus
1816 1920 2069 1965 consueta

499 2000 747 2053 servatis.
798 1998 887 2055 Sic
927 2001 998 2068 pii
1038 2000 1403 2054 moderamine
1429 2001 1803 2069 gubernaculi,
1833 2004 2071 2057 remedia

497 2088 712 2159 quidem
734 2088 898 2143 altera
921 2090 1257 2159 conquisivit.
1291 2099 1345 2145 et
1370 2090 1413 2145 si
1438 2091 1703 2159 repulsam
1733 2101 1921 2145 neutra
1950 2106 2071 2160 pars

502 2180 738 2249 pertulit.
760 2180 901 2234 Inter
922 2180 1019 2236 hos
1047 2192 1220 2235 tamen
1248 2182 1567 2250 peculiarius
1597 2180 1724 2235 illud
1748 2197 1846 2251 ego
1876 2183 2068 2252 debeo,

498 2272 637 2340 quod
664 2272 818 2340 hujus
846 2272 1116 2341 petitionis
1146 2272 1391 2327 effectum
1412 2275 1681 2342 respectui
1711 2288 1830 2327 meo
1857 2276 2070 2343 praesti-

500 2372 610 2416 tum
633 2363 1008 2431 supplicantes.
1041 2364 1306 2427 Quantum
1339 2362 1588 2430 peculiari
1613 2377 1772 2417 servo
1798 2364 2072 2432 impende-

500 2453 616 2505 ritis
628 2454 834 2522 gratiae,
851 2453 1017 2522 gratis
1038 2453 1338 2522 praestando
1362 2454 1700 2508 monstrastis
1727 2456 1975 2525 :solaque
2001 2457 2072 2511 ob

503 2541 604 2595 huc
638 2543 977 2596 commodum
1019 2540 1073 2596 in
1118 2542 1381 2597 thesauris
1411 2542 1601 2598 vestris
1632 2547 1878 2602 mercede
1917 2563 2073 2615 repo-

499 2632 622 2696 sita,
650 2632 789 2701 quod
820 2633 1138 2702 pauperibus
1181 2634 1479 2698 donabatis,
1511 2651 1615 2690 non
1640 2638 1807 2706 pretio
1832 2639 2074 2695 voluistis

499 2732 781 2787 constare,
812 2723 905 2777 sed
938 2725 1178 2793 praemio.
1225 2725 1292 2779 Et
1323 2726 1426 2782 hoc
1472 2727 1646 2796 ipsum
1678 2744 1779 2798 qua
1810 2730 2072 2801 elegantia

502 2814 660 2883 digne
684 2826 935 2882 tueretur,
957 2816 1179 2873 reddere
1213 2820 1353 2889 quod
1381 2836 1410 2873 a
1437 2820 1652 2876 famulis
1691 2823 1928 2877 oblatum
1958 2823 2074 2879 fue-

504 2923 607 2975 rat,
657 2927 814 2981 quam
865 2928 1118 2982 spernere
1153 2916 1414 2971 maluistis
1438 2959 1453 2983 ,
1485 2926 1541 2972 et
1574 2934 1679 2988 quo
1719 2918 1890 2973 Izetius
1920 2918 2072 2974 ﬁeret

504 3001 724 3068 donum,
777 3004 1093 3059 contristare
1147 3007 1386 3061 voluistis
1438 3009 1789 3078 obsequium?
1841 3009 1907 3062 Et
1949 3009 2073 3062 licet

501 3095 754 3164 quidquid
775 3096 841 3150 ad
874 3112 1062 3152 manus
1083 3108 1285 3153 vestras
1308 3103 1570 3167 pet-venit,
1595 3111 1842 3169 vergatur
1872 3101 1925 3161 in
1955 3123 2077 3176 pau-
2102 3079 2149 3144 δ

506 3202 680 3253 pcres,
702 3198 859 3256 atque
886 3189 1083 3242 idcirco
1115 3189 1198 3241 ille
1223 3203 1318 3245 vos
1346 3190 1569 3250 forsitan
1592 3199 1906 3253 dehortetur
1936 3201 2076 3255 acci—

503 3290 628 3343 pere
656 3280 745 3351 ιιιιί
792 3278 991 3339 invidet
1036 3301 1296 3355 erogare:
1340 3289 1748 3345 sobministrare
1774 3298 1951 3345 tamen
1983 3308 2076 3346 re—

506 3371 805 3427 tributionis
836 3374 1051 3441 divinae,
1084 3376 1225 3430 unde
1270 3385 1325 3431 et
1370 3377 1694 3443 dispensetis
1747 3394 1866 3433 cum
1918 3390 2078 3450 egent

504 3463 710 3533 inopes,
740 3476 793 3518 et
817 3466 1121 3522 concedatis
1150 3482 1269 3522 cum
1298 3470 1600 3537 supplicant
1621 3470 1908 3525 debitores.
1936 3472 2073 3526 Cur-

503 3557 605 3609 rite
630 3567 951 3625 quaprOpter
980 3559 1202 3626 piiSsimi
1225 3562 1309 3614 via
1342 3563 1551 3630 gemina
1571 3563 1736 3616 vestri
1760 3567 1938 3630 operis
1960 3563 2079 3616 uni-

503 3654 637 3700 tate.
660 3646 935 3717 Nunquam
981 3648 1027 3702 si
1069 3650 1287 3705 creditis
1329 3651 1647 3706 sufﬁcientia
1678 3652 1849 3707 deerit
1898 3654 2077 3707 animo

502 3738 644 3791 tali:
688 3739 804 3809 ipso
849 3741 1252 3811 possibilitatem
1303 3744 1576 3814 largiente,
1628 3745 1766 3799 unde
1798 3754 2079 3812 pra‘stetur

503 3827 713 3883 habetis
739 3871 754 3897 ,
788 3845 818 3884 a
845 3846 951 3901 quo
988 3834 1245 3888 voluntati
1276 3834 1506 3889 infusum
1534 3845 1615 3890 est
1658 3852 1726 3891 ne
1754 3836 1954 3906 aliquid
1986 3854 2079 3894 ne-

497 3936 632 3990 gare
658 3924 892 3993 possitis.

961 4016 1287 4074 EPISTOLA
1332 4019 1591 4073 LXXXV.

504 4122 689 4163 AVITUS
716 4124 1017 4163 VIENNENSIS
1055 4126 1329 4165 EI‘ISCOPUS
1360 4128 1483 4167 Ἦηο
1514 4128 1750 4167 ILLUSTRI
1788 4130 2071 4171 IIERACLIO.

575 4197 683 4252 Nisi
708 4199 991 4252 dolendum
1009 4202 1164 4254 amici
1182 4217 1362 4255 casum
1387 4205 1565 4257 animo
1592 4218 1882 4258 concussus
1902 4220 2081 4274 geme-

500 4303 640 4353 rem,
684 4289 843 4342 multa
872 4289 1110 4357 profecto
1139 4306 1517 4361 exaggerarem
1542 4335 1556 4358 ,
1592 4296 1731 4362 quod
1760 4311 1855 4351 vos
1888 4299 1942 4349 in
1968 4298 2078 4351 lec-

502 4378 638 4443 tulo,
669 4379 936 4432 mendacis
962 4379 1210 4449 podagrae
1252 4392 1420 4449 metu,
1458 4383 1667 4438 medico
1697 4395 1973 4454 vegetante
2008 4388 2075 4443 dc

502 4476 621 4522 arte
647 4480 922 4533 consueta,
950 4470 1068 4537 plus
1092 4486 1249 4538 quam
1270 4473 1492 4539 poeticae
1525 4474 1745 4541 pedibus
1762 4476 2069 4546 innitentes,

502 4561 764 4615 montium
805 4561 1230 4615 scandendorum
1262 4564 1428 4633 magis
1452 4575 1697 4631 moveat,
1725 4582 1883 4633 cura,
1916 4584 2074 4638 quam

508 4667 775 4706 versuum.
825 4651 1041 4704 Mtestus
1081 4666 1207 4705 vero
1233 4651 1328 4725 has
1356 4662 1556 4708 etcum
1597 4654 1935 4712 festinatione
1963 4660 2078 4714 dic-

504 4743 616 4794 tavi
642 4780 659 4807 ,
692 4749 973 4794 revocatus
1015 4740 1261 4795 videlicet
1303 4742 1368 4795 ad
1406 4745 1732 4811 sepulturam
1778 4751 2078 4804 communis

507 4831 597 4887 filii
622 4831 886 4901 quondam
911 4832 1159 4887 Protendi
1189 4833 1273 4888 :si
1299 4842 1474 4890 tamen
1502 4837 1589 4890 vel
1616 4835 1715 4891 hoc
1735 4839 1908 4908 ipsum
1939 4844 2080 4910 patri

508 4998 600 5070 vit.
626 4994 918 5070 Jornandcs
939 4995 1005 5070 de
1031 4996 1209 5051 Rebus
1237 4995 1432 5049 Geticis
1459 5014 1472 5050 :
1506 4999 1877 5066 Athalaricum,
1907 5004 2075 5070 filium

508 5069 778 5141 [ilite‘su‘az
815 5066 1226 5141 _Amalasuenta:,
1264 5082 1429 5137 regem
1459 5072 1756 5141 constituit,
1811 5066 1977 5141 eisque
2024 5076 2078 5128 in

508 5136 762 5188 inundatis
790 5137 926 5208 dedit
952 5178 967 5203 ,
997 5152 1059 5208 ac
1080 5138 1123 5189 si
1151 5136 1485 5190 testamentali
1512 5155 1627 5192 voce
1662 5136 1989 5208 denuntians,
2022 5153 2078 5197 ut

511 5208 789 5328 pribncipem
833 5207 1139 5260 Orientalem
1180 5208 1439 5275 placatum
1481 5224 1676 5280 semper
1709 5207 2079 5283 prapiliuuique

528 5294 576 5328 in
609 5284 771 5328 arent.

528 5284 771 5329 iuberent.

582 5356 607 5383 α
649 5346 795 5417 Hanc
820 5345 1098 5413 epistolam
1122 5345 1290 5417 codex
1310 5345 1449 5400 Aviti
1478 5362 1583 5416 quo
1613 5349 1691 5403 nsi
1722 5366 1908 5406 sumus
1926 5392 1941 5417 ,
1970 5367 2076 5407 non

514 5416 714 5470 habuit.
748 5415 951 5471 lntexta
981 5419 1105 5469 olim
1132 5415 1555 5484 fueratepistolis
1579 5419 1905 5487 IIormisdte,
1929 5415 2078 5478 unde

519 5487 787 5540 bueillam
837 5487 1224 5557 transtulimus,
1267 5501 1386 5540 cum
1420 5488 1716 5543 Ilormisdte
1746 5492 1909 5557 ipsius
1960 5507 2076 5545 res-

513 5572 708 5628 ponso;
741 5558 827 5623 qui
855 5556 1097 5628 eamdem
1124 5566 1400 5628 prmterca,
1430 5558 1488 5628 in
1508 5560 1730 5628 epistola
1762 5556 1820 5613 ll
1850 5563 2077 5615 Anasta-

522 5626 600 5679 sio
629 5628 895 5696 scribens,
950 5625 1188 5695 designat
1229 5626 1309 5679 his
1348 5625 1564 5683 verbis}
1602 5629 1853 5698 Pendeat,
1888 5633 2076 5700 inquit,

2103 4438 2152 4497 D

2174 1818 2329 1871 batur
2360 1828 2481 1871 nota
2519 1818 2850 1888 formidinis,
2883 1836 3040 1890 quem
3083 1822 3251 1890 magis
3281 1820 3539 1889 trepidum
3569 1823 3747 1890 provi-

2172 1910 2254 1963 sio
2286 1910 2534 1964 claustris
2581 1912 2870 1966 commissa
2907 1904 3173 1983 designet.
3206 1914 3344 1982 Ergo
3389 1913 3535 1967 urbis
3557 1929 3746 1968 caveas

2172 2001 2506 2070 dedignatus,
2542 2002 2678 2056 inter
2704 2003 2878 2057 vicina
2919 2002 3211 2057 discrimini
3241 2004 3594 2058 constantiam
3621 2018 3746 2069 pec-

2174 2093 2302 2146 toris
2335 2092 2501 2162 planis
2520 2094 2765 2160 exposui,
2785 2103 2838 2148 et
2858 2093 2965 2162 jam
2993 2095 3081 2148 diu
3097 2094 3163 2148 ad
3193 2096 3484 2164 patentium
3509 2096 3743 2150 locorum

2173 2198 2384 2251 atquora
2429 2184 2665 2251 perveni,
2714 2198 2826 2238 rem
2860 2194 2916 2237 ut
2950 2185 3158 2238 virtutis
3201 2184 3474 2239 audaciam
3506 2185 3746 2239 libertate

2175 2276 2515 2331 habitationis
2554 2276 2921 2332 ostenderem.
2961 2275 3071 2330 Vos
3097 2288 3307 2345 autem,
3355 2292 3566 2331 rumore
3602 2292 3745 2330 como

2165 2375 2339 2433 perte,
2370 2365 2434 2419 ad
2465 2376 2617 2434 septa
2652 2367 2801 2421 urbis
2834 2378 3090 2437 tanquam
3120 2379 3351 2423 venturo
3381 2369 3577 2422 aemulo
3609 2385 3747 2422 con-

2163 2459 2391 2513 volastis
2425 2476 2439 2512 :
2471 2468 2525 2512 ct
2553 2476 2713 2528 quem
2752 2462 2901 2529 pacis
2937 2462 3131 2517 diebus
3157 2462 3368 2532 jugiter
3394 2477 3519 2515 rura
3553 2470 3745 2515 tenue-

2163 2557 2311 2615 runt,
2353 2564 2498 2603 nunc
2547 2550 2614 2604 de
2662 2560 3001 2607 mortuorum
3051 2553 3275 2609 latebris
3325 2569 3433 2608 non
3482 2553 3741 2608 educunt.

2167 2641 2459 2695 Enimvero
2477 2657 2640 2711 quam
2662 2660 2757 2698 vos
2775 2652 2906 2699 tunc
2924 2646 3118 2699 civitas
3136 2644 3448 2715 flagitabat,
3468 2656 3576 2700 tam
3597 2662 3744 2701 nunc

2161 2730 2305 2785 intra
2328 2735 2531 2787 mmnia
2555 2735 2854 2792 collocatos
2877 2740 3070 2806 quaerit
3095 2738 3287 2791 relicta
3310 2739 3608 2807 possessio.

2597 2867 2947 2923 iEPISTOLA
2986 2867 3293 2923 LXXXVII.

2177 2968 2374 3015 DOMINO
2399 2973 2609 3014 SANCTIS
2638 2976 2852 3014 uentris
2874 2976 3396 3017 rnmcenneunssmo
3415 3002 3431 3028 ,
3455 2975 3507 3014 tu
3530 2973 3752 3015 cnntsro

2247 3044 2653 3093 GLORIOSISSIMO,
2674 3047 2737 3083 ET
2761 3046 3074 3085 APOSTOLICA
3089 3046 3219 3085 SEDE
3238 3046 3541 3098 DIGNISSIMO,
3558 3040 3582 3066 ⁸
3603 3046 3757 3085 ΡΔΡᾹΞ

2250 3116 2527 3154 ιιοιιθιιευιε
2559 3116 2765 3154 Ανιτυε.

2254 3211 2385 3264 Dum
2414 3210 2685 3279 religionis
2734 3210 2895 3265 Statui
2926 3220 2977 3265 et
3015 3209 3187 3279 plenis
3213 3209 3489 3264 catholicae
3520 3208 3639 3262 fidei
3671 3223 3756 3262 rc-

2177 3300 2316 3370 gulis
2344 3301 2644 3370 perspicitis
2670 3302 2980 3368 convenire,
3009 3313 3066 3355 ut
3091 3315 3305 3369 gregem
3334 3316 3430 3369 per
3458 3308 3565 3353 tota
3594 3299 3757 3354 vobis

2180 3392 2497 3446 universalis
2548 3393 2797 3447 Ecclesia:
2850 3393 3085 3447 membra
3140 3393 3482 3447 commissum
3527 3393 3756 3461 pervigil

2178 3496 2306 3535 cura
2364 3492 2556 3537 vestrae
2607 3484 2996 3536 adhortationis
3049 3483 3325 3545 informet;
3396 3482 3753 3537 Viennensem

2180 3573 2503 3641 provinciam
2524 3576 2798 3642 superiore
2826 3590 2967 3629 anno
2986 3618 2999 3639 ,
3029 3576 3073 3628 si
3095 3574 3403 3629 meminisse
3433 3573 3754 3643 dignatniui,

2179 3664 2316 3718 datis
2342 3664 2405 3717 ad
2430 3664 2778 3719 lnunilitatem
2803 3680 2973 3719 meam
3004 3665 3193 3720 litteris
3222 3663 3491 3731 visitastis,
3525 3678 3756 3732 quaeque

2179 3754 2245 3806 ad
2272 3769 2356 3809 me
2381 3795 2395 3820 ,
2420 3757 2712 3809 secundum
2744 3756 2882 3823 quod
2909 3757 3279 3822 opportunitas
3301 3756 3475 3809 oblata
3504 3753 3755 3808 contule-

2180 3856 2290 3913 rat,
2337 3860 2431 3913 per
2461 3847 2789 3901 Arelatensis
2834 3846 3085 3900 Ecclesia:
3114 3847 3337 3901 clericos
3364 3852 3749 3915 pervenerunt,

2179 3945 2233 3990 et
2259 3936 2473 4004 quidem
2504 3937 2825 4005 plenissimm
2849 3937 3208 3992 sollicitudine
3249 3937 3523 4006 pastorali.
3550 3935 3605 3990 In
3633 3938 3752 4005 qui-

2181 4029 2279 4083 bus
2316 4043 2413 4081 nos
2442 4070 2458 4093 ,
2510 4031 2647 4083 sicut
2683 4045 2774 4094 per
2800 4029 3203 4083 conversionem
3235 4030 3623 4096 provinciarum
3648 4068 3663 4092 ,
3693 4026 3753 4082 id

2179 4132 2263 4173 est
2291 4118 2592 4183 Dardaniae,
2618 4120 2811 4190 Illyrici
2842 4120 2923 4173 vel
2947 4118 3201 4189 Scythiae,
3228 4118 3293 4172 ad
3320 4117 3753 4171 communionem

2179 4210 2488 4281 gaudiorqu
2535 4211 2859 4278 provocatis,
2908 4210 2985 4263 sic
3036 4209 3395 4263 admonitione
3443 4208 3756 4263 cautissima

2179 4304 2304 4374 quid
2328 4319 2424 4358 nos
2470 4317 2563 4371 per
2608 4302 2957 4371 ignorantiam
2986 4301 3280 4374 prmvenire
3311 4300 3497 4367 possit,
3530 4299 3759 4351 instrui-

2182 4370 2270 4449 tis.
2297 4370 2603 4465 Eutychetis
2630 4395 2786 4462 igitur
2810 4370 3145 4462 Nestoriiq'ue
3166 4391 3455 4454 damnatio,
3481 4403 3613 4459 quos
3633 4390 3754 4456 jam

2177 4487 2375 4541 dudum
2405 4503 2497 4555 per
2522 4486 2855 4541 beatissimos
2882 4486 3195 4540 decessores
3226 4494 3423 4537 sancta:
3451 4482 3593 4537 sedis
3648 4496 3754 4535 ve-

2176 4587 2303 4632 stra:
2332 4579 2557 4632 calcavit
2580 4577 2887 4644 auctoritas,
2916 4576 2981 4630 ad
3013 4576 3249 4629 notitiam
3272 4578 3380 4645 jam
3424 4574 3624 4643 pridem
3651 4588 3759 4626 no-

2180 4677 2345 4722 stram
2369 4670 2672 4737 apostolica:
2701 4670 2764 4722 ad
2785 4683 2880 4722 nos
2907 4667 3196 4737 diligentia:
3216 4666 3525 4737 provisione
3546 4664 3758 4734 perlata

2182 4766 2283 4811 est.
2311 4759 2415 4813 Sed
2454 4758 2584 4812 illud
2618 4773 2716 4812 nos
2744 4759 2903 4812 modo
2932 4760 3219 4827 suspensos
3245 4757 3467 4810 multum
3492 4755 3677 4823 redigit
3696 4764 3761 4810 et

2184 4851 2395 4915 anxios,
2428 4848 2569 4916 quod
2612 4863 2731 4902 cum
2776 4847 3007 4918 pendere
3048 4862 3145 4901 nos
3184 4847 3247 4899 ad
3279 4847 3522 4901 effectum
3554 4844 3581 4882 ιι
3610 4846 3759 4913 lcga-

2184 5008 2340 5060 aurria
2368 5013 2525 5060 corda
2554 5019 2851 5061 cunctorum
2885 5023 2898 5060 :
2928 5008 2990 5058 ab
3020 5007 3212 5062 ultimis
3250 5008 3317 5059 ad
3344 5023 3436 5059 nos
3463 5005 3644 5059 Galliis
3673 5008 3769 5058 di-

2183 5086 2320 5130 recta
2349 5078 2554 5146 legatio,
2579 5078 2623 5131 si
2645 5080 2766 5146 quid
2793 5079 2855 5130 de
2882 5079 3074 5129 unitate
3100 5077 3545 5146 rediutegrationis
3565 5076 3772 5128 sollici—

2184 5148 2308 5217 tudo
2332 5157 2503 5201 nostra
2528 5149 2855 5217 promovisset
2886 5148 3050 5216 forma
3078 5156 3249 5201 secuta
3276 5147 3545 5217 consuluit.

2253 5216 2280 5254 δ
2324 5217 2409 5270 Bis
2434 5214 2647 5286 quidem
2677 5214 3193 5284 Constantinopolim
3226 5218 3291 5270 ab
3324 5215 3601 5268 llormisda
3629 5214 3774 5267 mis-

2181 5300 2272 5339 sus
2300 5296 2385 5340 est
2413 5287 2685 5340 Erniodius
2714 5328 2729 5351 ,
2761 5289 2853 5341 sed
2897 5288 3052 5339 unica
3078 5326 3092 5349 ,
3121 5302 3239 5340 cum
3269 5286 3459 5339 Avitus
3490 5286 3599 5338 huic
3628 5286 3773 5339 scri-

2184 5356 2353 5419 heret,
2388 5357 2581 5425 legatio
2608 5364 2976 5423 praecesserat.
3006 5356 3129 5409 Ideo
3159 5356 3233 5409 illi
3258 5356 3587 5421 respondens
3622 5354 3782 5407 liora

2185 5426 2353 5479 misda
2388 5442 2403 5481 ;
2434 5427 2723 5496 Legationis
2745 5466 2759 5489 ,
2792 5427 2993 5494 inquit,
3027 5437 3241 5486 nostra,
3268 5442 3418 5496 quam
3442 5426 3592 5476 semel
3612 5465 3625 5484 ,
3652 5441 3779 5496 non

2184 5498 2402 5549 acritudo
2440 5494 2568 5549 sicut
2613 5497 2836 5548 scribitis
2860 5536 2875 5559 ,
2909 5496 3168 5558 misimus,
3192 5496 3237 5547 si
3256 5494 3442 5547 votivus
3474 5495 3781 5561 ratttigiss-‘t

2186 5575 2419 5629 eventus,
2462 5567 2656 5618 alacres
2703 5565 2845 5618 illico
2882 5565 3133 5617 vobiscum
3178 5565 3433 5634 {tm'amus
3481 5565 3782 5617 desiderata

2190 5637 2449 5697 partituri.
2477 5635 2629 5689 Prior
2660 5636 2803 5689 enim
2844 5635 3037 5700 legatio
3071 5635 3296 5689 Ennodti
3330 5634 3601 5689 Florentio
3627 5650 3779 5687 con-
