4024 6172
272 307 373 366 939

1366 316 1645 374 IIOMILIA
1688 318 1775 372 DE
1816 316 2345 381 ROCATIONIBUS.

3414 338 3519 397 290

271 430 424 481 tionis
474 425 717 483 secundo
765 427 1281 498 Constantinopolim
1348 432 1630 488 destinata:
1688 436 1834 487 omni
1868 441 1916 498 Α
1941 437 2083 492 enim
2132 454 2201 494 ue
2230 438 2530 508 pontiﬁcale
2554 439 2812 509 judicium
2834 483 2851 509 ,
2882 443 3008 499 dum
3039 459 3145 501 non
3177 446 3376 505 indicat
3400 467 3530 519 pro-

267 519 685 586 exspectatiouis
713 519 887 573 studio
903 519 1191 587 jusseritis,
1222 535 1319 575 nec
1349 524 1473 591 quid
1501 524 1641 579 ﬁlius
1667 537 1845 579 vester

266 617 480 663 sanctus
511 609 677 663 frater
726 623 879 664 meus
909 611 1178 665 Ennodius
1204 612 1447 667 retulerit
1476 654 1491 679 ,
1540 630 1638 667 nec
1664 626 1839 668 utrum

266 708 445 755 scenta
476 699 699 754 redierit
733 699 1025 764 indicastis,
1065 710 1119 755 et
1161 705 1574 768 promissionem
1607 716 1841 759 vestram

267 799 407 843 tanta
445 791 647 844 silentii
692 790 1041 845 diuturnitate
1066 794 1410 861 suspenditis,
1445 802 1500 848 ut
1529 810 1634 849 non
1667 796 1842 849 minus

265 881 423 935 modo
477 881 846 949 praedicatoris
908 884 1241 937 taciturnitas
1299 885 1487 938 reddat
1537 888 1841 953 attonitos,

265 988 420 1043 quam
459 984 618 1026 antea
652 973 1143 1039 feecratlegatiouis
1168 990 1317 1027 mora
1343 988 1642 1044 suspectos.
1688 978 1841 1033 Unde

262 1068 370 1121 sola
401 1070 519 1122 hinc
544 1081 705 1121 causa
744 1081 928 1122 servos
974 1077 1178 1122 vestros
1210 1070 1346 1121 ﬁlios
1376 1082 1522 1123 meos
1545 1112 1561 1136 ,
1592 1070 1837 1125 Alcxium

263 1160 638 1228 presbyterum
663 1171 716 1212 et
744 1158 1061 1213 Venantium
1083 1161 1364 1213 diaconum
1382 1202 1395 1223 ,
1432 1162 1592 1215 totius
1616 1162 1839 1230 provin-

260 1249 351 1304 cia:
380 1250 703 1304 Viennensis
733 1250 948 1304 nomine
971 1291 985 1314 ,
1029 1266 1147 1317 qua:
1179 1248 1419 1305 ecclesia:
1446 1252 1510 1305 ad
1550 1268 1633 1306 me
1675 1253 1840 1321 perti-

260 1341 401 1397 nenti
428 1343 498 1397 ab
534 1342 799 1397 universis
829 1342 1200 1396 decessoribus
1236 1344 1428 1397 vestris
1454 1351 1507 1396 et
1547 1344 1837 1411 apostolica

260 1434 383 1487 sedc
408 1435 702 1488 commissa
731 1443 842 1496 est,
872 1448 991 1487 cum
1022 1433 1300 1500 prtesentis
1329 1433 1615 1488 famulatus
1644 1436 1834 1502 pagina

258 1523 554 1587 destinavi;
584 1540 680 1593 per
701 1539 836 1593 quos
870 1525 1086 1578 oraculo
1130 1525 1451 1578 beatissimce
1472 1526 1838 1594 reSponsionis

257 1632 567 1688 agnoscam,
591 1626 764 1670 utrum
794 1617 971 1671 fervor
992 1617 1337 1670 sehismatum
1369 1616 1710 1685 praefatorum
1744 1620 1835 1687 qui

258 1711 391 1763 intra
423 1707 1075 1775 ConstantinOpolitanam
1124 1711 1309 1761 urbem
1354 1706 1482 1759 vitio
1520 1708 1834 1775 perniciosa:

1948 541 2125 595 spera,
2174 531 2431 584 sensisset
2458 530 2703 585 adversa.
2735 532 2829 588 llis
2858 534 3110 603 adjicitur
3132 577 3146 602 ,
3170 540 3312 607 quod
3339 540 3522 597 diver-

1944 632 2126 673 sorum
2153 618 2256 672 ﬁda
2288 620 2547 675 relatione
2576 624 2965 692 comperimus,
2996 628 3064 681 de
3090 631 3523 686 reconciliatione

1946 711 2032 765 vel
2054 712 2340 766 concordia
2371 714 2623 768 Ecclesia:
2646 714 3151 783 Romanmjactitare
3167 734 3225 773 se
3240 720 3520 784 Graeciam;

1944 799 2083 868 quod
2113 802 2253 855 sicut
2294 803 2721 871 amplectendum
2748 846 2763 870 ,
2812 806 2857 859 si
2903 809 3164 863 veraciter
3187 809 3381 864 dicitur
3406 852 3421 871 ,
3452 813 3521 865 ita

1943 892 2287 946 metuendum
2350 903 2545 949 estne
2604 895 2796 949 callide
2847 897 3144 952 simuletur.
3202 900 3517 965 Quaesumus

1942 996 2069 1050 ergo
2116 984 2332 1037 servitio
2383 1000 2503 1040 meo
2541 988 2716 1040 cuncti
2764 985 2852 1057 [In
2895 987 3079 1041 Labbei
3124 991 3245 1043 edit.
3298 990 3516 1054 Concil.,

1938 1071 2167 1143 juncto],
2212 1084 2270 1127 ut
2312 1075 2435 1143 qttid
2470 1077 2592 1130 filiis
2620 1080 2814 1131 vestris
2861 1079 3114 1135 fratribus
3155 1084 3306 1145 meis,
3349 1083 3514 1137 idest

1941 1162 2246 1225 Gallicanis.
2272 1167 2315 1218 si
2339 1167 2589 1220 consular
2612 1169 2941 1236 respondere
2960 1171 3183 1225 debeam
3216 1174 3511 1236 instruatis;

1940 1260 1993 1305 et
2020 1253 2137 1319 quia
2170 1269 2420 1319 securus,
2467 1271 2571 1309 non
2622 1258 2794 1311 dicam
2839 1260 2905 1313 de
2952 1260 3270 1325 Viennensi,
3302 1263 3394 1317 sed
3441 1264 3510 1317 de

1940 1342 2102 1397 totius
2134 1341 2320 1398 Callia:
2349 1346 2631 1402 devotione
2660 1350 2940 1416 polliceor,
2970 1368 3158 1406 omnes
3184 1368 3344 1423 super
3371 1364 3513 1408 statu

1940 1432 2063 1487 ﬁdei
2095 1444 2323 1489 vestram
2357 1448 2571 1505 captare
2620 1443 2938 1494 sententiam
2970 1460 2983 1494 ε
3015 1451 3163 1497 orate
3202 1454 3262 1497 ut
3300 1445 3376 1498 sic
3415 1461 3515 1499 nos

1940 1524 2268 1592 perditorum
2294 1529 2556 1596 professio
2586 1528 2755 1582 fucata
2792 1547 2894 1584 non
2929 1532 3106 1596 fallat,
3141 1534 3277 1585 sicut
3304 1534 3371 1585 ab
3396 1534 3516 1586 uni-

1938 1624 2044 1669 tate
2088 1631 2243 1684 quam
2288 1619 2469 1687 regitis
2492 1620 2689 1674 veritas
2717 1634 2985 1692 comperta
3014 1639 3116 1678 non
3155 1632 3387 1693 separat.
3413 1628 3515 1678 Ac-

1936 1714 2089 1773 cepta
2118 1721 2174 1759 !Il
2216 1708 2465 1762 calendas
2514 1710 2783 1764 Februarii
2813 1754 2828 1778 ,
2865 1714 3089 1781 Agapito
3127 1715 3383 1780 consule,
3420 1730 3513 1782 per

254 1799 637 1853 obstinationis
686 1807 995 1862 exarserat,
1028 1799 1245 1866 cuique,
1274 1797 1412 1866 quod
1443 1798 1609 1867 magis
1640 1798 1827 1852 dolen-
1859 1790 1904 1848 Β
1932 1796 2177 1850 Alexium
2210 1799 2579 1867 presbyterum
2609 1814 2660 1853 et
2691 1802 3008 1855 Vcnantiutn
3060 1802 3363 1858 diaconum.

253 1893 372 1945 dum
398 1900 506 1951 est,
559 1888 978 1943 Alexandrinam
1008 1890 1090 1942 vel
1125 1890 1509 1943 Antiochenam
1558 1889 1824 1944 Ecclesias

251 1980 426 2034 dicitis
469 1979 733 2048 illigatas,
774 1977 924 2033 vobis
971 1977 1185 2032 Christo
1233 1978 1445 2033 favente
1490 1978 1824 2045 docentibus,

251 2073 405 2140 digna
432 2070 597 2124 fuerit
624 2070 954 2123 correctione
984 2070 1290 2133 restinctus,
1326 2079 1416 2122 aut
1436 2068 1479 2123 si
1504 2082 1716 2123 reversa
1749 2068 1826 2121 le-

250 2166 389 2232 gatio
432 2163 486 2216 in
521 2161 726 2231 paginis
760 2160 1097 2215 evidentibus
1126 2160 1266 2228 quod
1309 2159 1531 2228 simplex
1568 2160 1831 2227 legeretur

249 2252 512 2320 exhibuit,
536 2266 604 2304 an
638 2251 773 2305 forte
792 2251 977 2304 nuntio
1007 2251 1175 2319 magis
1196 2250 1396 2310 retulit,
1425 2248 1566 2303 unde
1589 2249 1655 2301 de
1684 2248 1832 2301 vobis

249 2346 310 2400 ad
359 2344 464 2398 hoc
503 2343 889 2412 qualiscunque
930 2344 1161 2412 suspicio
1198 2352 1525 2398 reservetur.
1570 2342 1833 2396 Veremur

248 2476 359 2530 sule
382 2475 631 2543 contigit,
679 2491 818 2529 anno
851 2475 1042 2529 Christi
1092 2474 1218 2539 515,
1260 2491 1415 2545 quam
1465 2491 1585 2530 eum
1626 2477 1829 2530 irritam

249 2545 749 2599 fecissetAnastasii
772 2546 900 2615 imp.
929 2545 1148 2611 perﬁdia
1174 2546 1614 2611 etdissimulatio,
1647 2556 1828 2613 poste-

249 2618 360 2670 rior
402 2615 615 2683 adjecta
660 2625 742 2669 est
770 2631 827 2668 ιιι
858 2631 1025 2668 nonas
1052 2614 1281 2684 Aprilis,
1333 2617 1555 2683 Agapito
1582 2618 1825 2679 consule,

244 2700 386 2739 anno
407 2684 609 2741 Christi
639 2684 763 2751 517,
782 2701 887 2753 quo
914 2685 1029 2753 ipso
1057 2700 1198 2739 anno
1218 2686 1358 2739 Aviti
1378 2688 1614 2754 epistola:
1643 2701 1829 2739 mense

2393 1889 2720 1945 EPISTULA
2754 1892 3085 1947 LXXXVIII.

1932 1992 2207 2032 IIORIIISDE
2235 1994 2393 2032 AVITO
2412 1997 2675 2048 EPISCOPO,
2692 1999 2792 2036 νει,
2816 1999 3082 2037 UNIVERSIS
3108 2001 3362 2040 EPISCOPIS
3384 2002 3507 2041 PRO-

1968 2063 2156 2103 VINCUB
2182 2064 2505 2115 VIENNENSIS,
2530 2066 2621 2105 SUB
2641 2069 2745 2106 TUA
2776 2068 3001 2108 ιιιαςεεδι
3018 2068 3475 2112 CONSISTENTIBUS.

2003 2158 2104 2224 Qui
2121 2159 2187 2213 de
2206 2160 2286 2239 his
2308 2175 2427 2230 qua:
2456 2162 2521 2215 ad
2550 2162 2883 2232 disciplinam
2904 2166 3220 2220 catholicam
3243 2168 3509 2237 pertinent
3598 2146 3605 2147 ί

1934 2250 2166 2304 maxime
2192 2250 2366 2304 sciens
2396 2253 2583 2306 instrui
2615 2254 2781 2321 cupit,
2806 2256 2930 2322 quid
2960 2256 3189 2309 studii...

1952 2336 1969 2343 “
2011 2337 2200 2408 (Hanc
2227 2341 2487 2408 epistolam
2520 2342 2752 2397 dabimus
2776 2344 2858 2396 tibi
2876 2354 2921 2397 et
2949 2343 3297 2415 IIormisdaz.)

1942 2473 2234 2548 Februario
2280 2478 2630 2545 responderat
2672 2479 2973 2537 llnrmisda.
3014 2480 3188 2548 Quare
3220 2480 3507 2536 secundam

1937 2544 2255 2620 legationem
2282 2588 2297 2609 ,
2339 2544 2456 2615 qua:
2487 2559 2593 2602 tum
2630 2550 2804 2603 adhuc
2835 2544 3140 2619 parabatur,
3165 2552 3274 2620 jam
3299 2553 3505 2619 profec-

1937 2623 2041 2668 tam
2075 2616 2125 2668 in
2151 2616 2425 2673 Orientem
2451 2619 2577 2675 falsa
2610 2616 2865 2675 Viennam
2888 2622 3023 2675 fama
3050 2616 3361 2691 pertulerat.

1252 2902 1895 3015 ALCIMI
1960 2905 2512 3014 AVITI

819 3079 1488 3206 'HOMILIA
1571 3090 1747 3201 DE
1835 3091 2916 3209 ROGATIONIBUS.

1033 3268 1213 3323 UNDE
1249 3265 1703 3325 CONSUETUDO
1740 3266 2186 3323 ROGATIONUM
2228 3269 2712 3327 PROCESSERIT.

308 3478 492 3536 Currit
520 3462 736 3549 quidem
765 3474 976 3530 tramite
1012 3473 1177 3538 vitali.
1206 3489 1311 3528 non
1348 3488 1442 3544 per
1468 3476 1664 3531 Gallias
1706 3487 1823 3531 tan-
1849 3477 1894 3540 C
1927 3478 2138 3533 cuidam
2194 3476 2361 3531 totius
2408 3474 2553 3530 orbis
2606 3475 2778 3531 funeri
2834 3477 3192 3547 prodigiosum
3240 3479 3501 3550 quoddam

244 3569 545 3633 tummodo,
572 3567 667 3623 sed
717 3580 852 3636 pene
903 3579 997 3635 per
1036 3565 1219 3619 orbem
1269 3574 1434 3619 totum
1483 3567 1824 3635 rogationalis

244 3661 603 3717 observantiae
648 3660 844 3713 flumen
877 3657 1156 3727 irriguum,
1180 3665 1235 3712 et
1268 3656 1519 3712 infectam
1546 3658 1691 3712 vitiis
1720 3667 1827 3711 ter-

244 3770 355 3808 ram
388 3753 539 3807 nheri
567 3751 712 3819 ﬂuxu
738 3764 925 3804 annuae
954 3749 1330 3804 satisfactionis
1349 3760 1628 3819 expurgat.
1659 3750 1824 3806 Pecu-

243 3848 433 3901 liarior
464 3857 639 3898 tamen
685 3844 839 3898 nobis
878 3844 931 3897 in
970 3843 1070 3897 hac
1097 3843 1209 3911 ipsa
1241 3843 1572 3899 institutione
1613 3843 1823 3899 servitii

241 3948 293 3993 et
312 3936 499 4008 gaudii
530 3949 687 3992 causa
714 3941 819 3999 est,
842 3933 964 3998 quia
991 3932 1131 4003 quod
1163 3933 1286 3988 hinc
1312 3934 1472 3987 modo
1510 3933 1575 3988 ad
1597 3943 1821 3989 cuncto-

241 4047 356 4086 rum
387 4029 674 4086 utilitatem
717 4027 919 4091 defluit,
952 4040 1017 4081 ex
1044 4034 1229 4079 nostro
1259 4026 1506 4094 primitus
1522 4026 1674 4080 fonte
1700 4040 1815 4079 ma-

243 4125 388 4177 navit
416 4139 431 4174 :
466 4130 523 4176 et
550 4120 684 4174 forte
707 4131 847 4172 nunc
874 4118 1138 4186 pertineat
1156 4116 1221 4170 ad
1253 4115 1620 4187 cujuscunque
1652 4117 1817 4186 privi-

244 4213 363 4281 legii
414 4218 666 4265 ornatum
718 4217 943 4277 sumpta:
990 4206 1232 4276 primitus
1279 4205 1622 4261 institutionis
1667 4221 1824 4261 exor-

243 4304 410 4357 dium.
471 4301 734 4356 Czcterum
801 4313 921 4353 cum
972 4298 1039 4353 ad
1098 4298 1400 4367 hujusmodi
1466 4296 1821 4351 humilitatem

244 4393 531 4449 ineﬂ'abilis
572 4392 861 4447 necessitas
890 4390 1054 4460 rigida
1092 4390 1467 4445 Viennensium
1506 4389 1673 4444 corda
1702 4404 1823 4459 per-

245 4486 475 4551 domuit,
502 4485 740 4538 sentiens
765 4481 988 4537 ecclesia
1025 4490 1204 4535 nostra
1243 4494 1457 4537 causam
1492 4480 1821 4550 aegritudinis

245 4592 373 4643 suae,
398 4591 509 4633 non
538 4575 639 4631 sibi
670 4573 817 4644 quasi
844 4573 1073 4628 maxime
1104 4586 1211 4641 pra:
1239 4572 1510 4637 omnibus,
1537 4572 1634 4628 sed
1664 4572 1821 4643 quasi

246 4668 339 4722 soli
368 4683 437 4723 ex
470 4664 717 4721 omnibus
738 4663 1048 4719 existimans
1073 4676 1208 4731 opus
1232 4676 1353 4718 esse
1376 4662 1697 4719 instituenda
1721 4664 1820 4719 ob-

245 4761 550 4814 servatione
596 4755 872 4825 praesenti,
902 4754 1184 4808 sollicitius
1222 4755 1455 4821 captavit
1501 4756 1818 4820 remedium,

1930 3566 2178 3624 bustuale
2200 3566 2599 3621 minitabantur.
2632 3567 2761 3622 Nam
2787 3570 3054 3638 populosis
3076 3569 3349 3627 hominum
3377 3585 3504 3626 con-

1927 3658 2173 3713 cursibus
2216 3656 2506 3713 domcsﬁca
2551 3657 2874 3713 silvestrium
2911 3658 3137 3714 ferarum
3166 3662 3372 3731 species
3409 3660 3503 3715 ob-

1926 3746 2275 3814 versabatur,
2329 3747 2468 3801 Deus
2509 3745 2703 3801 viderit
2748 3764 2814 3803 an
2863 3748 3139 3803 lndiﬁcans
3185 3750 3390 3815 oculis,
3434 3765 3503 3805 an

1925 3839 2154 3895 adducta
2211 3840 2496 3908 portentis.
2537 3838 2805 3908 Quidquid
2848 3848 3022 3893 tamen
3067 3854 3133 3894 ex
3182 3841 3247 3896 iis
3294 3840 3504 3896 duobus

1925 3935 2083 3999 foret,
2127 3930 2348 4002 perinde
2392 3941 2785 3987 monstruosum
2838 3931 3254 4001 intelligebatur,
3292 3947 3387 3986 seu
3416 3932 3499 3986 sic

1924 4028 2189 4081 veraciter
2212 4024 2463 4080 immania
2492 4025 2787 4079 bestiarum
2812 4024 2973 4079 corda
3006 4022 3369 4091 mansuefieri,
3401 4036 3500 4078 seu

1925 4126 2031 4172 tam
2066 4116 2389 4171 horribiliter
2407 4117 2783 4184 conspectibus
2818 4115 3124 4169 territorum
3154 4113 3302 4170 falsa:
3334 4115 3501 4169 visio-

1925 4206 2008 4263 nis
2038 4206 2404 4275 phantasmata
2456 4219 2613 4273 posse
2655 4204 2907 4273 conﬁngi.
2956 4204 3101 4259 lntcr
3148 4204 3263 4259 htec
3291 4204 3503 4261 diversa

1924 4302 2063 4371 vulgi
2094 4300 2380 4364 sententia,
2410 4298 2809 4369 dispariumque
2837 4296 3083 4352 ordinum
3106 4298 3268 4353 variae
3296 4298 3496 4367 Opinio.

1925 4407 2040 4447 nes.
2067 4391 2170 4445 Alii
2208 4390 2351 4460 quod
2398 4388 2700 4444 sentiebant
2746 4388 3154 4455 dissimulando,
3202 4404 3323 4459 quae
3354 4389 3501 4443 ﬁetui

1924 4481 2175 4536 nolebant
2206 4479 2357 4545 dare,
2385 4478 2533 4533 casui
2559 4478 2789 4544 dabant;
2820 4478 2910 4533 alii
2940 4477 3129 4547 spiritu
3174 4479 3500 4545 salubriore,

1923 4571 2298 4628 abominabilia
2330 4585 2464 4625 nova
2494 4584 2707 4640 quoque
2734 4568 2823 4641 (In
2852 4570 2973 4624 edit.
3008 4568 3229 4640 Gagnei,
3251 4570 3501 4639 quaeque)

1923 4664 2173 4734 congruis
2210 4662 2472 4717 malorum
2522 4662 2860 4731 proprietatis
2897 4660 3374 4731 signiﬁcationibus
3420 4660 3502 4716 in-

1925 4754 2367 4822 terpretabantur.
2400 4754 2531 4818 Quis
2554 4754 2695 4808 enim
2735 4754 2787 4807 in
2816 4754 3020 4809 crebris
3046 4753 3256 4824 ignibus
3296 4754 3497 4809 imbres

246 4866 399 4919 quam
432 4850 738 4918 primatum.
767 4846 834 4901 Et
853 4844 1064 4916 quidem
1092 4853 1354 4900 terrorum
1387 4845 1644 4915 temporis
1676 4846 1817 4900 illius
1845 4845 1895 4904 D
1921 4844 2275 4902 Sodomiticos
2296 4859 2401 4899 non
2424 4844 2804 4914 timeret‘iquis
2826 4846 3175 4901 trementibus
3196 4846 3500 4911 elementis,

243 4956 434 4995 causas
478 4939 673 4993 multos
707 4946 948 4992 nostrum
980 4934 1217 4989 recolere
1254 4935 1387 4989 scio.
1419 4934 1694 5004 Siquidem
1736 4937 1821 4990 iu-

243 5032 430 5087 cendia
456 5029 666 5095 crebra,
693 5037 847 5082 terra:
866 5037 1041 5080 mozus
1066 5024 1285 5090 assidui,
1312 5026 1558 5079 nocturni
1585 5026 1814 5096 sonitus,

314 5222 343 5253 ι
374 5212 453 5267 De
482 5210 584 5264 hac
618 5206 834 5263 homilia
861 5204 1151 5277 Gregorius
1195 5203 1395 5277 Turon.
1440 5203 1534 5259 lib.
1555 5220 1610 5277 An
1639 5205 1817 5261 Histo-

241 5286 359 5349 ria,
391 5296 512 5351 cap.
545 5278 652 5335 ὄις
686 5278 857 5351 Refert
886 5274 1062 5351 Auitus
1099 5274 1400 5351 inﬁrmium
1428 5274 1638 5351 horttilia
1666 5292 1817 5345 quam

241 5358 306 5409 de
345 5344 983 5421 Rogationibns‘acripsit.
1008 5345 1105 5421 [tua
1152 5344 1288 5421 ipsas
1341 5344 1650 5421 (legationes
1694 5362 1817 5421 quas

241 5435 362 5479 ante
382 5415 703 5475 Ascensiom's
725 5415 931 5471 Domini
949 5419 1264 5482 triurnphum
1287 5415 1611 5480 celebramus,
1636 5432 1668 5467 a
1701 5415 1817 5469 Ma-

242 5506 408 5549 merto
435 5493 595 5561 ipsius
626 5487 923 5561 Viennensis
966 5485 1114 5561 urbis
1153 5485 1409 5561 episcopo,
1439 5486 1602 5561 quiet
1648 5485 1817 5561 Iticeo

240 5554 469 5633 tempore
492 5566 729 5633 putarat,
749 5555 1359 5633 _i_nstitutas_fu_isse,_du_m
1387 5554 1505 5607 urbs
1524 5555 1615 5608 illa
1646 5557 1815 5633 multis

239 5625 538 5709 terreretur.
561 5626 1201 5709 prodigiiahetcuhlultas-
1225 5625 1379 5709 hujus
1417 5625 1719 5709 argumenti
1747 5630 1815 5709 ab

240 5703 409 5759 Avito
454 5694 660 5754 habitas
700 5695 945 5754 homilias
976 5695 1132 5753 ﬁdem
1180 5694 1375 5751 faciunt
1415 5694 1559 5751 Flori
1605 5694 1814 5753 diaconi

1925 4947 2016 4992 aut
2044 4936 2267 4993 decidua
2289 4937 2603 5005 culminum,
2637 4944 2727 4991 aut
2758 4936 2997 5007 disrupta
3027 4944 3288 4993 terrarum
3322 4937 3499 4993 immi-

1926 5041 2056 5083 nere
2085 5041 2191 5083 non
2220 5027 2504 5083 crederet?
2541 5026 2659 5097 quis
2682 5026 2893 5095 videns,
2925 5035 3070 5084 certe
3094 5027 3279 5085 videre
3316 5042 3377 5083 se
3400 5042 3501 5098 puv

1927 5207 2208 5278 Excerpta.
2230 5208 2283 5260 in
2312 5208 2506 5277 quibus
2537 5208 2815 5264 sententiae
2838 5208 3182 5278 proferuntur
3201 5225 3270 5266 ex
3296 5225 3503 5266 sermo~

1924 5278 2077 5333 nibus
2098 5277 2186 5349 die
2217 5278 2411 5345 primo,
2440 5280 2675 5335 secundo
2699 5289 2753 5333 et
2782 5277 2938 5334 tertio
2965 5281 3332 5349 Rogationum.
3360 5281 3497 5346 Quin

1919 5356 1972 5402 et
2004 5350 2086 5402 his
2112 5348 2289 5417 plures
2322 5362 2544 5402 numero
2583 5350 2748 5403 fuisse
2775 5348 3116 5415 crediderim,
3146 5351 3240 5406 sed
3262 5365 3292 5403 a
3336 5350 3500 5404 Floro

1920 5428 2200 5487 propterea
2230 5433 2402 5498 neque
2443 5419 2578 5498 hanc
2616 5420 2799 5498 in__qua
2828 5433 3123 5498 versamur,
3142 5434 3341 5498 perlue
3363 5420 3499 5473 alias

1918 5488 2524 5558 commemorari,_quod
2565 5488 2617 5558 in
2661 5488 2774 5558 illis
2788 5488 2939 5558 nulla
2967 5489 3117 5543 Pauli
3142 5488 3498 5558 Epistolarum

1919 5558 2071 5611 ﬁeret
2100 5558 2322 5611 mentio.
2354 5556 2483 5620 Quae
2512 5558 2563 5609 in
2591 5557 2690 5610 hac
2715 5556 2954 5614 editione
2991 5566 3171 5612 nostra
3189 5556 3501 5624 discrepant

1919 5642 1946 5678 a
1972 5625 2274 5694 Gagneiana
2303 5626 2541 5680 omnium
2565 5626 2943 5694 prima,vcteri
2969 5625 3261 5695 exemplari
3290 5625 3499 5685 deben-

1920 5706 2007 5752 tur
2035 5710 2103 5755 ex
2135 5710 2243 5767 quo
2265 5695 2578 5767 deprompta
2614 5705 2757 5753 sunt.
