4046 6170
452 254 549 309 ‘29!
1723 243 1780 298 S.

1827 242 2007 297 AYITI
2053 240 2451 296 VlENNENSlS

3599 236 3709 294 ειη

454 378 593 435 tans,
622 364 841 436 pavidos
886 361 1201 418 naturaliter
1251 373 1440 415 cervos
1468 375 1563 429 per
1590 372 1816 430 angusta
1849 370 2027 437 porta-
2057 359 2110 418 Α
2137 359 2435 413 suetudinis
2477 359 2795 427 assignaret.
2839 358 3137 427 InSpiraute
3172 356 3333 425 igitur
3364 369 3705 423 compuncto.

454 471 569 509 rum
592 469 759 523 usque
786 452 850 505 ad
876 452 975 506 lori
1004 452 1106 503 lata
1130 461 1492 519 penetrantes,
1522 465 1627 503 non
1662 450 2029 509 imminentem

455 544 754 598 solitudinis
816 542 1140 594 sententiam
1207 539 1560 594 formidaret?
1615 540 1755 606 Quid
1820 537 2033 592 multis?

454 637 644 689 Tracta
671 642 796 687 sunt
840 633 955 685 haec
985 634 1122 687 inter
1164 632 1383 686 timores
1421 632 1663 700 publicos
1702 639 1754 685 et
1794 644 2035 684 rumores

456 727 685 793 privatos
709 736 874 791 usque
904 722 969 773 ad
992 722 1359 777 imminentem
1383 720 1706 774 solemnium
1735 718 2035 787 vigiliarum

457 824 659 867 noctem
690 828 791 882 qua
819 811 1079 867 celebrari
1114 810 1311 865 festum
1346 810 1632 864 dominica:
1660 808 2038 864 Resurrectio—

456 907 541 959 nis
566 919 737 958 annua
769 902 1102 957 consuetudo
1134 903 1405 971 poscebat.
1438 902 1713 970 Siquidem
1758 901 1895 955 hanc
1923 914 2039 953 om-

456 1010 590 1065 nes,
626 996 864 1048 laborum
915 1008 1099 1065 Opem,
1151 993 1415 1047 malorum
1459 994 1640 1059 linem,
1694 992 2035 1046 metuentium

462 1084 830 1148 securitatem,
856 1072 1224 1137 communibus
1248 1082 1441 1135 animis
1469 1083 1902 1152 opperiebantur.
1932 1081 2038 1134 Ad-

460 1176 561 1230 fuit
593 1190 717 1242 ergo
746 1189 851 1227 tzox
894 1173 978 1226 illa
1011 1173 1331 1226 venerabilis
1362 1188 1477 1242 qum
1520 1171 1586 1225 ad
1617 1187 1766 1239 spem
1815 1171 2039 1239 publica:

459 1265 810 1320 absolutioois
841 1264 1071 1316 votivum
1115 1264 1351 1317 solemne
1394 1261 1739 1331 patefecerat.
1769 1260 1873 1315 Sed
1906 1276 2030 1313 mox

460 1356 565 1409 illic
591 1356 759 1409 multo
791 1353 1160 1407 vehementior
1191 1354 1445 1421 strepitus
1471 1352 1579 1405 ictu
1605 1351 1797 1420 ﬂagelli
1823 1351 2039 1420 gravius

461 1444 701 1498 ferientis
731 1444 996 1496 intonuit:
1031 1452 1213 1510 utpote
1242 1457 1401 1512 quem
1429 1442 1537 1511 jam
1590 1442 1827 1497 emensis
1866 1440 2042 1511 gradi-

462 1536 585 1600 bus,
618 1534 998 1603 superlativum
1042 1534 1172 1588 nihil
1203 1536 1351 1605 sequi
1391 1534 1531 1587 aliud
1561 1550 1719 1604 quam
1751 1535 1915 1589 chaos
1961 1535 2040 1588 in-

465 1627 810 1693 telligeretur.
838 1621 1007 1678 IEdes
1038 1638 1267 1693 namque
1320 1623 1530 1694 publica
1574 1639 1731 1692 quam
1787 1622 2041 1691 prmcelso

2136 465 2251 504 rum
2290 451 2541 505 cordibus
2581 451 2713 515 Deo,
2756 448 2967 503 auditur
3002 462 3031 500 a
3070 446 3299 510 cunctis,
3339 446 3708 512 cuntirmatur,

2151 542 2415 597 attollitur
2447 559 2461 595 :
2492 542 2706 611 eligitur
2744 540 2969 607 tempori
3004 538 3235 592 triduum
3269 548 3529 602 praesens,
3568 540 3708 604 quod

2136 633 2275 688 inter
2295 616 2642 687 Ascensionis
2664 644 2831 684 sacrae
2859 630 3055 683 cultum
3086 628 3328 697 diemque
3345 626 3693 691 dominicum,

2136 721 2290 792 quasi
2317 721 2545 788 quodam
2576 720 2986 789 Opportunitatis
3027 716 3253 786 propriae
3281 715 3445 769 limbo
3483 716 3708 769 circum-

2139 811 2332 881 positis
2365 792 2790 865 solemnitatibus
2816 807 3226 875 marginaretur.
3263 803 3591 872 Explorante
3616 820 3707 856 au~

2140 912 2247 958 tem
2278 902 2532 971 episcopo
2570 903 2831 955 fervorem
2867 898 3239 966 inchoationis,
3273 904 3327 950 et
3354 896 3589 951 maxime
3619 911 3708 951 re.

2146 1004 2296 1047 rente
2318 1006 2407 1057 ne,
2432 992 2500 1045 ob
2526 990 2725 1044 tardam
2751 988 2927 1057 populi
2951 986 3344 1055 sequacitatem,
3370 985 3707 1054 paucioribus

2138 1084 2348 1139 eJuctis
2373 1082 2677 1138 observatio
2700 1082 2809 1148 ipsa
2837 1077 3188 1134 confestimin
3212 1076 3293 1132 sui
3314 1075 3547 1129 novitate
3571 1074 3708 1128 revi-

2141 1174 2400 1237 lesceret;
2442 1173 2508 1228 ad
2554 1172 2831 1226 basilicam
2871 1183 2989 1239 quae
3026 1176 3149 1222 tunc
3183 1166 3450 1221 mtenibus
3491 1165 3710 1218 vicinior

2140 1276 2255 1320 erat
2289 1263 2541 1328 civitatis,
2576 1260 2872 1316 orationem
2909 1258 3092 1328 prima:
3120 1256 3474 1324 processionis
3503 1254 3711 1308 indicit.

2144 1355 2252 1408 ltur
2288 1353 2485 1407 celebri
2522 1350 2826 1418 alacritate,
2855 1348 3070 1419 cepiosa
3092 1346 3447 1412 multitudine,
3479 1346 3713 1399 maxima

2143 1445 2549 1513 eotnpunctione
2564 1459 2578 1497 :
2594 1452 2652 1497 ut
2674 1455 2860 1497 revera
2880 1439 3055 1510 populi
3068 1438 3317 1511 lacrymis
3340 1438 3715 1505 laboribusque

2145 1536 2320 1590 brevis
2359 1545 2519 1604 atque
2554 1540 2775 1603 angusta
2821 1527 3094 1600 processio
3128 1529 3414 1584 videretur.
3459 1527 3555 1581 Ubi
3586 1541 3717 1580 vero

2143 1638 2358 1683 sanctus
2378 1629 2628 1683 sacerdos
2650 1626 2718 1680 de
2738 1625 2999 1679 minorum
3018 1620 3209 1676 ell‘cctu
3238 1620 3494 1689 majorum
3520 1618 3719 1672 indicia

464 1719 692 1770 civitatis
712 1718 906 1769 \ertice
933 1716 1231 1769 sublimitas
1258 1716 1593 1769 innuensiler
1622 1714 1882 1783 fastigiata
1917 1730 2042 1784 prze-
2075 1708 2121 1767 Β
2147 1720 2381 1789 collegit,
2435 1718 2677 1787 sequenti
2727 1716 2814 1770 die
2864 1714 3162 1769 institutum
3215 1720 3329 1777 est,
3385 1710 3522 1780 quod
3573 1723 3720 1762 nunc

469 1810 684 1873 tulerat,
716 1808 941 1861 ﬂammis
988 1806 1311 1861 terribilibus
1355 1807 1687 1875 conﬂagrare
1728 1807 2045 1875 crepusculo

465 1899 641 1967 (ωρῐῑ.
670 1897 1033 1965 Interpellatur
1071 1897 1247 1964 itaque
1279 1897 1464 1949 nuntio
1493 1895 1820 1950 discriminis
1842 1896 2043 1963 jucuno

465 1986 603 2041 ditas
647 1985 1045 2041 solemnitatis:
1080 1986 1239 2054 pleno
1271 1983 1549 2039 timoribus
1592 1984 1786 2053 populo
1820 1986 2046 2039 ecclesia

466 2088 741 2133 vacuatur.
787 2078 984 2132 Omnes
1024 2092 1253 2146 namque
1294 2077 1522 2131 similem
1575 2078 1917 2131 facultatibus
1964 2076 2047 2131 vel

469 2171 720 2225 domibus
777 2170 1006 2238 prepriis
1063 2182 1242 2222 casum
1295 2167 1361 2220 de
1412 2167 1637 2235 quadam
1682 2167 2049 2236 prmminentis

467 2260 698 2317 incendii
732 2274 853 2313 arce
894 2256 1222 2312 metuebant.
1254 2256 1491 2309 Perstitit
1521 2265 1695 2309 tamen
1730 2271 1911 2310 coram
1945 2256 2047 2311 fes-

469 2353 592 2407 tivis
620 2350 874 2404 altaribus
909 2349 1137 2401 invictus
1162 2347 1410 2409 antistes,
1438 2355 1492 2400 et
1519 2347 1753 2400 calorem
1792 2345 1909 2400 ﬂdei
1941 2360 2050 2401 suae

471 2441 770 2497 accendens
796 2439 1011 2493 ﬂumine
1062 2437 1440 2505 lacrymarum,
1475 2435 1791 2504 permissam
1840 2437 2051 2505 ignibus

471 2540 790 2603 potestatem
836 2527 1083 2581 incendio
1127 2526 1449 2581 abscedente
1478 2527 1825 2595 compescuit.
1856 2527 2053 2595 Despe-

471 2624 680 2679 rationc
710 2620 948 2690 deposita
1002 2617 1204 2673 reditur
1244 2616 1311 2671 ad
1360 2617 1663 2680 ecclesiam,
1700 2625 1754 2671 et
1799 2618 2053 2671 restincta

476 2716 810 2769 ﬂammarum
843 2710 963 2765 luce
996 2708 1243 2764 clarescit
1266 2708 1524 2763 luminum
1555 2708 1914 2778 pulchritudo.
1944 2707 2054 2763 Nec

473 2819 604 2860 sane
629 2804 852 2857 ulterius
886 2799 1112 2855 trahitur
1158 2800 1223 2854 de
1263 2799 1570 2868 arripienda
1622 2799 2049 2870 compunctionis
2082 2866 2083 2869 η

473 2897 823 2952 medicamine
840 2908 1009 2948 mora.
1033 2892 1402 2948 Praedecessor
1423 2906 1651 2962 namque
1672 2907 1848 2956 meus,
1869 2898 1922 2947 et
1942 2890 2048 2961 Spi-

474 2990 641 3046 ritalis
670 2988 797 3043 mihi
826 3002 855 3042 a
886 2986 1147 3056 baptismo
1172 2994 1342 3055 pater,
1360 2986 1647 3041 Mamertus
1674 2984 2051 3047 sacerdos,cui

2149 1812 2339 1880 primo,
2370 1810 2421 1865 id
2451 1820 2535 1865 est
2562 1812 2816 1874 crastino,
2854 1808 2901 1863 si
2930 1806 3184 1861 Dominus
3214 1804 3422 1868 annuit,
3458 1803 3544 1857 die
3572 1801 3720 1855 laboo

2149 1902 2310 1954 raturi
2355 1914 2560 1954 sumus.
2586 1898 2616 1937 ι)
2644 1899 2852 1954 Secutae
2877 1906 3002 1951 sunt
3027 1896 3280 1950 succiduo
3313 1904 3550 1961 tempore
3575 1906 3720 1960 quaa-

2150 1991 2272 2045 dam
2300 1991 2542 2046 ecclesiae
2567 1988 2852 2045 Galliarum
2876 2002 2988 2041 rem
3011 1996 3114 2040 tam
3146 1984 3434 2055 probabilis
3456 1981 3721 2051 exempli;

2137 2082 2226 2136 .sic
2256 2091 2430 2136 tamen
2456 2120 2471 2145 ,
2509 2080 2652 2150 quod
2682 2080 2782 2133 hoc
2811 2078 2983 2148 ipsum
3013 2092 3118 2131 non
3146 2075 3284 2145 apud
3314 2089 3500 2129 omnes
3529 2074 3721 2127 iisdem

2150 2172 2336 2227 diebus
2366 2172 2555 2240 quibus
2584 2183 2749 2240 penes
2777 2182 2873 2224 nos
2902 2166 3197 2222 institutum
3237 2165 3435 2227 fuerat,
3478 2163 3723 2220 celebra-

2150 2271 2313 2316 retur.
2357 2261 2465 2315 Nec
2503 2273 2664 2329 porro
2692 2257 2871 2328 magni
2898 2257 3151 2311 intererat
3190 2254 3331 2324 quod
3363 2253 3589 2307 triduum
3618 2253 3726 2307 eli-

2150 2364 2388 2424 geretur,
2444 2352 2737 2409 dummodo
2784 2353 3106 2423 psalmorum
3148 2351 3321 2406 oflicia
3367 2349 3725 2421 lacrymarum

2151 2447 2509 2503 {unctionibus
2532 2449 2721 2502 annuis
2749 2448 3198 2516 persolverentur.
3230 2445 3428 2499 Tamen
3449 2460 3567 2500 cum
3590 2444 3727 2498 dile-

2152 2540 2329 2595 ctione
2355 2540 2709 2610 rogationum,
2743 2539 2902 2595 etiam
2930 2538 3266 2593 sacerdotum
3293 2546 3566 2592 crescente
3592 2551 3727 2591 con-

2151 2633 2353 2697 cordia,
2395 2633 2461 2687 ad
2500 2648 2661 2687 unum
2704 2644 2933 2701 tempus,
2969 2631 3019 2685 id
3046 2639 3128 2685 est
3166 2629 3231 2683 ad
3271 2637 3558 2698 praesentes
3580 2628 3727 2692 dies,

2151 2723 2466 2778 universalis
2494 2722 2844 2777 observantia:
2873 2735 2996 2775 cura
3026 2719 3310 2774 concessit.
3352 2718 3517 2773 Porro
3540 2724 3726 2771 autem

2153 2830 2216 2870 eo
2236 2814 2449 2870 attinuit
2473 2815 2569 2868 ista
2600 2812 2832 2884 przefari,
2858 2822 2932 2876 ut,
2956 2828 3050 2866 seu
3082 2809 3437 2865 recolentibus
3460 2810 3589 2871 tunc,
3621 2821 3725 2861 seu

2154 2904 2522 2974 ignorantibus
2544 2902 2681 2959 forte
2699 2903 2997 2967 retulimus,
3019 2913 3207 2954 omnes
3228 2908 3403 2954 tamen
3423 2896 3726 2962 attendant,

2153 2995 2294 3065 quod
2328 2995 2563 3050 Ecclesia
2592 3008 2713 3063 qua:
2747 2992 2892 3047 misit
2928 2992 3047 3045 aliis
3090 2990 3309 3043 formam
3350 2987 3725 3057 institutionis,

469 3097 597 3141 ante
625 3102 729 3139 non
756 3097 961 3155 paucos
986 3094 1161 3134 annos
1188 3090 1213 3117 “
1243 3085 1395 3148 paler
1418 3078 1603 3133 carnis
1640 3092 1774 3133 mea!
1797 3083 2055 3145 πῦρριον
2074 3055 2119 3119 C
2138 3055 2514 3153 multipliciter
2537 3055 2625 3138 esi
2650 3083 2882 3138 debitrix
2911 3082 3265 3137 ostendendae
3292 3056 3626 3141 alacritatis,
3660 3092 3724 3134 et

471 3181 614 3235 sicut
629 3184 736 3233 Deo
749 3178 925 3232 visum
940 3169 1340 3238 est,saccrdotii
1357 3177 1599 3240 tempore
1611 3171 2053 3235 successit,totas

472 3268 527 3321 in
570 3282 631 3321 ea
658 3278 818 3335 quam
867 3277 1025 3331 supra
1064 3261 1296 3317 diximus
1334 3260 1633 3330 vigiliarum
1666 3269 1819 3315 nocte
1863 3271 2048 3316 saucto

472 3356 686 3409 Pascha:
714 3354 959 3421 concepit
1001 3352 1181 3405 animo
1223 3351 1581 3419 Rogationes;
1620 3358 1780 3419 atque
1820 3351 1889 3404 ibi
1926 3365 2047 3405 cum

474 3447 582 3500 Deo
609 3446 800 3499 tat-itus
828 3444 1070 3498 delinivit
1106 3442 1363 3511 quidquid
1401 3441 1558 3497 hodie
1594 3441 1811 3511 psalmis
1844 3450 1898 3497 et
1928 3457 2049 3509 pre-

471 3535 625 3589 cibus
665 3532 891 3587 mundus
926 3531 1198 3586 inclamat.
1243 3529 1502 3584 Revoluta
1540 3544 1667 3598 ergo
1709 3530 2048 3586 solemnitate

475 3624 733 3694 paschali,
764 3639 871 3676 non
891 3623 998 3690 jam
1022 3621 1170 3691 quid,
1186 3622 1278 3675 sed
1297 3621 1564 3690 quomodo
1580 3627 1672 3674 aut
1691 3621 1904 3688 quando
1931 3622 2046 3677 ﬂeri

472 3718 683 3783 debeat,
714 3724 917 3769 secreta
950 3714 1177 3782 primum
1208 3712 1491 3767 collatione
1521 3721 1793 3768 tractatur.
1824 3712 2049 3768 Putaba-

472 3818 561 3861 tur
588 3821 617 3861 a
644 3806 959 3876 quibusdam
991 3804 1314 3859 Viennensis
1352 3812 1569 3858 senatus
1604 3803 1758 3872 cujus
1786 3811 1914 3859 tunc
1952 3821 2049 3861 nu-

472 3898 696 3952 merosis
726 3895 1023 3951 illustribus
1044 3895 1190 3949 curia
1223 3894 1465 3958 ﬂorebat,
1504 3895 1735 3949 inventis
1761 3910 1869 3950 non
1891 3910 2047 3966 posse

471 3988 667 4049 addici,
699 4002 818 4041 cum
850 3986 936 4038 vix
966 3985 1331 4053 acquiesceret
1364 3984 1611 4053 legitimis
1647 3985 1910 4040 inclinari.
1940 3985 2045 4041 Sed

470 4082 591 4149 pius
634 4092 697 4134 ac
740 4078 1002 4131 sollicitus
1048 4087 1250 4145 pastor,
1297 4075 1569 4144 sapientia:
1603 4076 1804 4130 salibus
1842 4077 2042 4146 largus,

474 4169 1079 4223 mansucfaciendarum.
1112 4164 1288 4218 ovium
1336 4166 1483 4233 prius
1532 4165 1734 4219 orando
1786 4170 2040 4232 animum,

469 4275 625 4331 quam
656 4256 957 4327 perorando
988 4257 1211 4309 mollivit
1238 4255 1499 4311 auditum.
1532 4256 1721 4310 Pandit
1750 4257 1907 4326 igitur
1930 4259 2042 4311 dis-

472 4352 808 4421 positionem,
852 4349 1040 4402 indicit
1080 4349 1345 4409 ordinem,
1394 4348 1615 4413 exponit
1643 4348 2041 4415 salubritatem;

469 4454 521 4495 et
564 4442 678 4496 viro
713 4450 818 4495 tam
869 4438 1103 4506 religiosi
1147 4453 1304 4505 quam
1350 4436 1568 4490 solertis
1611 4437 1806 4505 ingenii
1856 4455 2041 4506 parum

469 4535 585 4598 fuit,
611 4533 653 4585 si
685 4530 1058 4585 obedientibus
1082 4528 1411 4595 propositum
1438 4528 1805 4582 tantummodo
1834 4530 2044 4584 institu-

470 4625 625 4677 ιιυιιὶε
653 4628 938 4691 promeret,
974 4618 1073 4671 nisi
1103 4618 1237 4671 inter
1259 4617 1410 4670 initia
1440 4617 1599 4672 etiam
1623 4620 1889 4674 vinculum
1913 4638 2046 4679 con-

486 4849 492 4857 ,
543 4809 568 4836 λ
606 4799 653 4852 Is
704 4798 799 4850 fuit
845 4797 1026 4850 lsicius
1070 4798 1181 4849 sive
1218 4796 1531 4865 Hesychius.
1576 4798 1691 4852 Ado
1719 4800 2037 4865 Viennensis

471 4871 521 4947 iu
566 4868 866 4947 Chronico:
920 4868 1116 4947 Avitus,
1168 4867 1354 4946 inquit,
1410 4866 1702 4947 Viennensis
1751 4875 2015 4947 episwpus

470 4922 749 5014 eloquentia
783 4946 835 5014 et
857 4922 1119 5014 sanctitate
1150 4922 1453 5014 principum,
1479 4938 1620 5014 cujus
1659 4922 2039 5014 [θαι-εἷλ’]δῇξῖ

471 5010 608 5062 uaris
638 5006 882 5059 Valentia:
910 5008 1193 5075 episCOpus,
1220 5007 1479 5076 miraculis
1509 5008 1745 5076 insignis,
1778 5006 1921 5068 Isic'ii
1963 5036 2041 5071 se-

471 5077 664 5152 natoris
709 5074 1101 5152 ιιι-ἱιιιυιηί-υὲςξέ.
1131 5086 1302 5152 postea
1336 5074 1629 5152 Viennensis
1659 5084 1905 5152 episcopi,
1935 5088 2040 5141 duo

471 5147 664 5205 Quirina
695 5147 961 5198 clarissimi
1006 5146 1122 5213 ﬁlii.
1156 5148 1468 5201 Senatorum
1499 5161 1559 5201 se
1588 5145 2042 5210 RomannmAvi-

472 5231 559 5272 tus
581 5232 789 5292 quoque
821 5218 979 5292 lilius,
1005 5226 1064 5292 et
1083 5218 1134 5292 in
1160 5217 1798 5292 cpisc_opatu_successor.
1834 5226 2040 5292 profes-

472 5305 562 5345 sus
591 5296 671 5338 est
716 5289 765 5338 in
797 5285 957 5353 epist.
1000 5288 1086 5339 51.
1123 5288 1177 5340 In
1220 5286 1403 5339 eadem
1456 5284 1739 5344 Viennensi
1783 5284 2035 5349 cathedra

473 5367 657 5425 postea
682 5356 818 5409 sedit
850 5356 1030 5410 lsicius
1060 5357 1312 5424 alter,qui
1337 5357 1387 5408 in
1420 5357 1648 5411 COHClIlO
1665 5363 2034 5421 Aureliancnsi

474 5445 503 5481 v
540 5438 590 5479 ut
618 5428 669 5480 in
712 5425 994 5480 Parisieusi
1026 5441 1083 5480 ιιι
1109 5427 1440 5490 subscripsit.

544 5496 570 5536 δ
611 5499 783 5551 Prima
812 5497 1067 5560 omnium,
1092 5504 1180 5548 aut
1205 5497 1341 5548 inter
1364 5494 1557 5562 primas
1579 5498 1812 5555 Ecclesia
1842 5506 2036 5558 Arver-

473 5583 685 5630 norum,
716 5577 849 5621 teste
877 5565 1093 5621 SidOuio
1121 5568 1212 5619 lib.
1246 5579 1336 5626 vtt,
1369 5567 1530 5627 epist.
1566 5569 1587 5621 l
1623 5571 1687 5623 ad
1719 5571 2031 5626 Mamertum

474 5640 644 5704 ipsum
675 5637 1023 5707 Rogatimnnn
1054 5644 1344 5689 auctorem.
1383 5633 1500 5691 Mox
1528 5646 1632 5692 tota
1662 5642 1831 5694 Gallia
1865 5643 2035 5710 impe-

2138 3177 2313 3248 prima
2332 3175 2492 3231 debet
2508 3190 2629 3231 esse
2645 3175 3087 3245 compunctiouis
3105 3172 3298 3237 oﬂicio,
3319 3184 3440 3240 quae
3456 3170 3511 3224 in
3529 3186 3585 3224 re
3600 3177 3723 3225 tam

2151 3267 2447 3322 necessaria
2490 3266 2737 3322 omnibus
2764 3264 2902 3319 facta
2933 3275 3017 3320 est
3049 3273 3222 3318 mater
3262 3262 3525 3330 exemplo.
3563 3260 3725 3315 Unde

2150 3357 2429 3412 imminere
2457 3369 2620 3421 nunc,
2652 3356 2697 3410 si
2728 3355 2866 3410 Deus
2893 3356 3098 3419 annuit,
3144 3354 3473 3423 rogationum
3503 3359 3725 3405 nostra-

2148 3463 2264 3503 rum
2296 3448 2723 3515 operosissimam
2751 3445 3109 3511 festivitatem,
3155 3460 3261 3499 non
3289 3444 3437 3513 quasi
3469 3442 3725 3497 nescien-

2149 3541 2290 3595 tibus
2320 3540 2621 3606 indicimus,
2663 3539 2758 3595 sed
2794 3540 2943 3610 quasi
2987 3537 3412 3607 exspectantibus
3444 3549 3724 3591 commeno

2149 3633 2357 3688 damus.
2378 3633 2511 3700 Quia
2534 3632 2657 3689 licet
2675 3648 2779 3689 non
2798 3632 2999 3702 absque
3027 3634 3205 3687 labore
3226 3638 3432 3687 constet
3457 3629 3723 3686 servanda

2150 3724 2499 3794 professionis
2530 3725 2701 3795 ipsius
2726 3725 3071 3787 consuetudo,
3100 3724 3332 3779 delectat
3360 3731 3532 3776 tamen
3561 3735 3726 3789 aspe-

2148 3817 2278 3870 ritas
2303 3815 2692 3883 medicaminis,
2725 3816 2775 3869 in
2801 3830 2905 3883 quo
2929 3816 3232 3884 frequenter
3254 3812 3473 3869 inveniri
3497 3814 3721 3882 probata

2149 3916 2230 3960 est
2259 3920 2380 3973 spes
2409 3906 2614 3959 salutis.
2649 3906 2711 3959 Si
2742 3905 3039 3968 dixerimus,
3074 3904 3241 3973 inquit
3268 3902 3571 3972 Apostolus,
3598 3901 3730 3972 quia

2148 4007 2404 4063 peccatum
2434 4011 2534 4048 non
2575 3995 2832 4059 habemus,
2868 4010 2957 4047 nos
2992 3995 3127 4062 ipsos
3152 3992 3437 4045 seducimus
3464 3992 3485 4059 ί
3502 3989 3528 4042 I
3554 3989 3723 4043 Joan.

2150 4108 2185 4154 ι,
2219 4092 2292 4160 8).
2343 4090 2481 4144 Etsi
2510 4089 2748 4143 conﬁteri
2780 4088 3038 4142 debemus
3081 4086 3293 4141 assidue
3329 4100 3425 4140 nos
3469 4096 3722 4154 peccare,

2147 4198 2281 4250 opus
2330 4192 2413 4236 est
2466 4180 2751 4235 confitendi
2810 4180 3006 4244 ofﬂcio,
3059 4178 3351 4231 humilitate
3405 4172 3721 4243 paenitendi.

2149 4273 2448 4326 Praesertim
2498 4286 2617 4325 cum
2663 4270 2831 4339 plebis
2875 4269 3117 4322 adunattc
3160 4268 3495 4334 compunctio
3534 4265 3608 4317 sic
3645 4259 3723 4316 ad

2152 4364 2549 4417 incitamentum
2599 4362 2724 4415 boui
2754 4361 2932 4429 operis
2960 4360 3126 4429 possit
3171 4358 3359 4428 aptari,
3400 4366 3457 4410 ut
3501 4353 3727 4409 rebellis

2152 4456 2318 4522 mag‘s
2339 4453 2742 4508 convenientius
2766 4452 3062 4515 erubescat,
3098 4451 3138 4503 si
3161 4456 3364 4503 cuncta:
3394 4444 3722 4500 multitudini

2154 4546 2381 4612 propriae
2412 4545 2605 4597 mentis
2647 4543 2932 4597 solitudine
2962 4541 3352 4607 contradicens,
3383 4547 3589 4608 peccata
3618 4550 3724 4592 sua

2152 4636 2233 4691 vel
2278 4636 2401 4690 vitia
2431 4651 2548 4690 cum
2589 4635 2782 4705 populo
2822 4634 2981 4689 ﬂente
3014 4649 3117 4687 non
3159 4632 3367 4687 deﬂeat.
3408 4627 3723 4685 Necessaria

2147 4827 2274 4868 ratu‘
2310 4826 2361 4869 et
2389 4816 2713 4869 ohscrvatm:
2765 4822 2872 4866 tum
2904 4812 2957 4866 in
3001 4827 3163 4880 regno
3205 4812 3541 4873 Francorum,
3574 4807 3726 4877 quod

2149 4887 2428 4939 Gotlncum
2463 4886 2570 4949 jam
2620 4898 2837 4944 regnum
2883 4892 3193 4949 occuparat,
3242 4881 3458 4935 decreto
3504 4880 3723 4933 concilii

2146 4955 2417 5009 Aurelian.
2449 4970 2487 5017 ι,
2511 4970 2629 5008 cau.
2661 4952 2727 5005 27
2755 4970 2766 5004 :
2802 4953 3125 5020 Rogationes,
3153 4952 3204 5002 id
3231 4961 3303 5005 est
3329 4950 3577 5020 Litanias,
3599 4958 3727 5002 ante

2149 5026 2502 5078 Ascensioncm
2533 5023 2742 5076 Domini
2768 5023 2831 5074 ab
2858 5019 3084 5075 amnibus
3114 5021 3332 5074 ccclesiis
3360 5019 3549 5088 placuit
3586 5019 3723 5088 rete-

2146 5094 2300 5147 brari.
2331 5093 2463 5146 Tum
2495 5094 2544 5145 in
2571 5106 2733 5155 regno
2766 5092 3220 5162 Burgundionum,
3245 5086 3576 5162 quo'rcliqua
3604 5086 3726 5162 fere;

2144 5177 2269 5230 pars
2283 5162 2467 5217 Galliae
2490 5157 3040 5231 continebaturfquod
3061 5169 3202 5229 patet
3221 5172 3432 5231 exrcan.
3457 5157 3726 5231 6contxilii

2147 5228 2514 5300 Lugdunensis
2544 5248 2579 5285 ll
2622 5249 2633 5284 :
2685 5231 2882 5284 Placuit
2906 5228 3330 5286 etiam’universis
3360 5228 3721 5300 fraudamus

2144 5297 2394 5370 inprima
2420 5301 2734 5355 hcbdomada
2773 5303 2893 5354 noni
2934 5301 3141 5363 mensis,
3186 5300 3280 5370 hoc
3319 5307 3390 5351 est
3429 5307 3564 5370 ante
3587 5297 3731 5370 diem

2142 5366 2449 5425 dontint'cam
2474 5388 2590 5441 qure
2615 5371 2775 5441 prima
2806 5371 2856 5441 in
2894 5370 2986 5424 illo
3028 5385 3196 5441 mense
3214 5368 3474 5441 illuxerit,
3508 5366 3733 5441 Litania:

2141 5444 2268 5495 sicut
2291 5454 2407 5496 ante
2431 5437 2781 5495 Ascens'ionem
2809 5440 3009 5492 Domini
3033 5440 3193 5492 sancti
3210 5437 3389 5490 Patres
3412 5438 3725 5505 [ieridecre-

2140 5521 2337 5631 gerunt,
2354 5513 2591 5581 deinceps
2616 5510 2678 5564 ab
2706 5511 2936 5565 omnibus
2955 5511 3176 5565 ecclesiis
3201 5524 3289 5561 seu
3314 5502 3565 5576 parochiis
3592 5502 3736 5561 cclc-

2176 5591 2371 5631 rcnlur.

2176 5591 2371 5633 rentur.
