4024 6172
238 309 346 365 295

1189 293 1543 352 \‘ARIORUM
1583 293 1847 351 OPUSCU
1860 293 2091 349 LORUM
2133 290 2548 347 FRAGMENTA
2562 334 2574 346 .

3399 289 3505 343 ΞΜ

238 433 323 480 est
363 422 520 492 igitur
568 420 692 475 boni
739 419 919 488 operis
969 415 1313 485 conspiratio.
1350 415 1523 470 Sumit
1567 414 1703 468 alter
1760 428 1825 467 ex
1857 418 1901 475 Λ
1936 411 2248 481 profundius
2299 410 2579 463 Dominum
2633 415 2875 463 nostrum
2922 406 3166 462 interrita
3213 409 3391 477 quiete
3432 410 3512 475 ja-

237 516 429 579 altero,
469 522 563 564 aut
602 511 670 566 de
714 509 1013 565 humilitate
1050 507 1376 572 exemplum,
1407 515 1497 559 aut
1525 505 1578 558 in
1609 505 1825 559 confes-

236 604 393 657 sione
428 601 702 656 solatium.
751 597 1108 654 Periculosius
1144 599 1318 666 agitur
1358 596 1626 665 singulare
1654 604 1827 649 certa-

236 708 381 756 men,
396 691 449 745 in
471 705 580 760 quo
603 691 744 745 vires
764 689 1082 743 altrinsecus
1103 686 1335 756 experiri
1358 700 1513 754 posse
1533 699 1824 754 paucorum

236 793 341 838 est.
370 785 439 835 At
470 795 622 845 vero,
660 794 780 834 cum
813 786 998 832 contra
1034 778 1242 833 hostem
1271 792 1612 833 communem
1644 778 1828 832 multi-

239 870 440 925 tudinis
469 878 674 941 pugnat
703 882 977 931 assensus,
1018 867 1182 921 trahit
1212 868 1371 921 etiam
1412 867 1657 923 timidum
1686 867 1828 921 mili-

240 973 348 1015 tem
376 961 556 1015 virtus
582 960 778 1013 aliena.
806 957 1061 1012 Robustis
1084 958 1403 1012 bellantibus
1429 958 1710 1013 infirmitas
1736 960 1832 1014 de-

241 1054 461 1117 litescit,
482 1058 540 1105 et
556 1050 784 1120 quodam
811 1048 1033 1103 unitatis
1054 1048 1303 1117 suffragio
1328 1050 1439 1102 laus
1462 1049 1531 1103 sit
1555 1049 1827 1115 invalidis,

242 1145 293 1197 in
325 1144 577 1196 exercitu
610 1140 823 1195 fortium
853 1141 1171 1209 computari.
1201 1140 1440 1209 Denique
1461 1156 1582 1195 cum
1610 1141 1831 1195 victoria

242 1232 559 1302 contigerit,
593 1233 720 1284 totis
750 1230 1076 1300 acquiritur;
1108 1239 1161 1285 et
1183 1246 1303 1283 eum
1335 1245 1620 1299 paucorum
1647 1232 1832 1285 dextra

244 1325 588 1393 pugnaverit,
620 1322 856 1376 omnium
887 1320 1057 1390 gloria
1090 1320 1456 1390 triumphavit.
1482 1322 1592 1375 Hoc
1621 1321 1741 1376 dico
1766 1322 1834 1376 de

245 1414 566 1467 infirmitate
596 1412 889 1475 communi,
922 1425 1038 1480 quae
1060 1411 1104 1463 si
1134 1413 1194 1465 s‘e
1224 1410 1532 1480 rogantibus
1556 1427 1665 1465 non
1703 1412 1832 1466 sub-

244 1507 423 1560 trahat
474 1507 638 1559 etiam
684 1519 804 1557 cum
856 1504 966 1571 ipsa
1014 1517 1107 1571 per
1154 1517 1213 1556 se
1256 1503 1433 1556 minus
1478 1503 1684 1568 fecerit,
1729 1521 1833 1558 non

246 1605 429 1649 tamen
456 1594 524 1647 ad
560 1596 825 1662 integrum
857 1591 1032 1647 fructu
1061 1592 1282 1646 carebit.
1317 1591 1371 1645 ln
1405 1592 1491 1646 illa
1522 1594 1754 1661 gloriosa
1781 1604 1837 1649 et

247 1686 544 1739 admodum
581 1683 836 1752 singulari
868 1681 1089 1735 historia
1117 1680 1493 1746 Ninivitarum,
1535 1694 1717 1736 contra
1744 1699 1830 1738 ex-

1927 506 2123 568 cnisse,
2158 504 2257 557 nisi
2287 511 2341 556 ttt
2363 503 2426 555 ad
2457 516 2579 555 cum
2610 502 2747 554 inter
2777 499 3085 553 discrimina
3114 514 3231 569 quae
3256 501 3504 567 patimur,
3553 542 3558 551 .

1929 595 2136 648 timoris
2188 594 2353 648 nostri
2400 607 2561 646 causa
2612 592 2944 661 confugeret.
2988 586 3215 645 Assiduo
3261 607 3357 645 nos
3403 592 3510 647 ictu
3551 572 3559 587 ’

1931 695 2219 753 tempestas
2262 687 2357 738 ista
2400 684 2602 753 fatigat,
2651 684 2879 751 impulsu
2926 684 3144 737 terribi'i
3181 694 3363 738 contra
3414 701 3512 739 nos
3554 678 3555 681 “

1932 780 2161 832 tonitrus
2202 776 2381 831 smeuli
2426 777 2647 837 clamat,
2694 775 3106 829 scintillantihus
3146 775 3211 829 ad
3256 786 3509 844 punctum

1931 871 2095 924 radiis
2120 870 2382 923 mundana
2407 868 2700 922 commotio
2720 883 2823 920 non
2850 867 3108 921 illuminat
3128 867 3222 922 sed
3246 878 3512 921 coruscat.

1932 963 2167 1018 Ecclesia
2185 971 2267 1017 est
2295 964 2442 1016 navis
2461 977 2579 1032 quin
2600 976 2697 1015 nos
2724 976 2819 1030 per
2844 962 3018 1014 varios
3035 973 3191 1014 casus
3211 959 3358 1014 velut
3380 961 3519 1015 inter

1934 1055 2168 1109 marinos
2193 1056 2429 1124 gurgites
2458 1053 2620 1108 ducit.
2655 1056 2822 1106 Aures
2853 1051 3063 1122 quidem
3097 1059 3309 1105 nostras
3337 1051 3518 1106 obtre-

1931 1147 2258 1201 etationibus
2296 1157 2351 1200 et
2387 1146 2836 1215 blasphemiarum
2868 1144 3128 1207 stridore,
3161 1144 3311 1212 quasi
3343 1145 3515 1197 laxata

1936 1238 2162 1291 laterum
2203 1252 2481 1305 compage,
2515 1237 2855 1299 reverberat;
2902 1235 2994 1289 sed
3034 1237 3247 1303 puppim
3276 1234 3517 1289 veritatis

1936 1328 2205 1382 soliditate
2235 1337 2592 1381 constructam
2618 1335 2902 1394 penetrare
2927 1341 3029 1380 non
3064 1334 3232 1393 potest
3269 1325 3408 1392 quod
3442 1324 3521 1378 fa-

1938 1421 2089 1487 tigat.
2138 1420 2201 1472 Et
2243 1420 2365 1488 quia
2417 1418 2662 1487 promisit
2712 1418 2966 1471 Dominus
3016 1428 3197 1471 noster
3244 1418 3517 1483 Ecclesia‘,

1940 1509 2070 1562 Ecce
2099 1525 2190 1578 rgo
2218 1509 2473 1562 vobiscum
2496 1525 2609 1561 sum
2638 1508 2869 1561 omnibus
2904 1508 3078 1561 diebus
3116 1524 3271 1577 usque
3292 1509 3359 1561 ad
3390 1525 3517 1561 con-

1937 1599 2326 1653 summationem
2353 1599 2525 1652 swculi
2552 1598 2764 1670 (Matth.
2792 1614 2975 1661 xxvttt,
3004 1598 3127 1668 20);
3162 1601 3214 1652 in
3248 1600 3366 1653 navi
3397 1600 3518 1668 qui-

1938 1690 2058 1745 dem
2092 1699 2176 1745 est
2214 1692 2264 1743 in
2293 1706 2393 1759 qua
2421 1705 2627 1753 sumus,
2670 1690 2764 1743 sed
2803 1699 3040 1743 metuere
3066 1693 3172 1759 jam
3214 1705 3317 1744 non
3350 1700 3523 1759 potest

248 1785 454 1829 sertum
483 1783 771 1827 commota:
797 1772 1092 1826 Divinitatis
1111 1773 1363 1840 gladium,
1373 1772 1553 1841 juncta
1572 1774 1837 1827 seniorum
1872 1770 1916 1829 Β
1944 1784 2083 1851 quod
2132 1784 2399 1837 timemus,
2442 1783 2567 1837 Ροει
2597 1783 3048 1837 resurrectionem
3080 1783 3222 1838 enim
3253 1789 3525 1839 ascensio.

248 1868 462 1921 viribus
506 1868 670 1921 etiam
710 1865 966 1919 infantilis
999 1876 1128 1918 artas
1158 1879 1390 1934 pugnare
1421 1866 1692 1933 compulsa
1731 1875 1833 1920 est.

250 1960 484 2014 llumani
512 1972 725 2027 quoque
748 1956 1049 2011 mercedem
1073 1966 1125 2009 et
1148 1956 1571 2025 gratiamjejuuit
1587 1971 1837 2025 pecorum

249 2054 423 2106 fames
462 2050 706 2105 adauxit.
744 2051 882 2115 Quin
924 2061 976 2103 et
1020 2048 1133 2116 ipsa
1175 2047 1554 2102 irrationabilis
1598 2056 1839 2102 creatura

247 2162 367 2216 quae
397 2144 667 2199 offensam
699 2144 891 2197 timere
916 2155 1021 2195 non
1048 2144 1241 2209 potuit,
1280 2139 1512 2208 quodam
1553 2139 1713 2192 modo
1751 2154 1842 2193 ve-

251 2238 392 2290 niam
425 2232 739 2303 postulavit.
783 2232 847 2285 Et
877 2231 1001 2298 quia
1030 2229 1271 2284 homines
1310 2229 1363 2283 in
1404 2243 1608 2283 morem
1640 2229 1841 2281 anima-

253 2329 383 2380 lium
420 2323 655 2379 vivendo
686 2328 1052 2391 peccaverant,
1087 2333 1270 2373 rursus
1302 2317 1549 2373 animalia
1575 2331 1668 2371 sua
1691 2315 1840 2386 quasi

252 2418 505 2472 homines
527 2415 771 2485 jejunare
796 2420 1103 2481 coegerunt.
1149 2411 1372 2479 Pr0pter
1413 2410 1550 2464 hanc
1581 2424 1708 2479 ergo
1734 2409 1843 2464 dis~

251 2510 586 2571 cretionem,
627 2505 682 2559 in
723 2502 1019 2572 Evangelio
1056 2501 1311 2555 Dominus
1341 2501 1415 2554 ait
1442 2517 1455 2553 :
1486 2499 1651 2554 Petite
1677 2511 1725 2554 et
1754 2516 1842 2553 ac-

252 2599 476 2665 cipietis,
505 2596 716 2667 quast-ite
733 2605 779 2648 et
807 2593 1091 2659 invenietis,
1131 2591 1330 2662 pulsate
1350 2600 1396 2645 et
1426 2593 1682 2661 aperietur
1702 2592 1841 2645 vobis

256 2689 484 2759 (Matth.
499 2704 593 2752 vn,
610 2689 687 2757 7).
711 2686 900 2741 Petere
929 2685 1068 2739 enim
1088 2683 1230 2738 docti
1256 2693 1614 2752 e5t,qu:erere
1635 2681 1840 2745 devoti;

254 2783 392 2852 petit
424 2780 629 2845 sciens,
655 2778 843 2848 quaerit
868 2777 1130 2831 nesciens.
1156 2773 1288 2829 Cum
1317 2775 1474 2842 petis,
1500 2775 1577 2828 vis
1601 2775 1845 2842 accipere

254 2873 401 2941 qttod
435 2871 721 2939 intelligis;
756 2883 877 2923 cum
904 2867 1120 2938 quieris,
1168 2865 1337 2921 adhuc
1365 2866 1579 2920 conaris
1605 2866 1844 2921 invenire

256 2962 405 3033 quod
445 2971 618 3029 petas.
668 2959 793 3014 ldeo
833 2959 922 3028 qui
962 2958 1073 3026 jam
1107 2957 1411 3027 superiores
1444 2964 1593 3022 sunt,
1641 2956 1844 3011 orando

256 3062 487 3121 petant;
520 3054 609 3121 qui
634 3050 850 3115 inﬁrmi,
879 3046 1170 3102 laborando
1194 3056 1456 3116 quatrant.
1478 3046 1647 3101 Porro
1666 3057 1843 3102 autem

1942 1889 2169 1942 nemque
2201 1889 2351 1927 suam
2386 1884 2526 1928 totus
2560 1874 2700 1929 inter
2728 1876 2963 1943 pericula
2994 1884 3177 1930 nostra
3212 1878 3521 1946 requiescit.

1941 1968 2142 2021 Aliena:
2174 1967 2340 2035 magis
2369 1966 2637 2020 formidini
2666 1980 2800 2033 opus
2820 1979 2923 2031 est,
2940 1978 2995 2021 ut
3018 1968 3105 2037 qtti
3137 1982 3358 2022 securus
3374 1969 3521 2037 jace-

1941 2058 2033 2111 bat
2068 2057 2301 2127 evigilet.
2347 2057 2614 2111 Clametur
2654 2071 2783 2126 ergo
2820 2058 3041 2111 vocibus
3082 2058 3522 2127 supplicationis;

1941 2159 2016 2214 et,
2068 2152 2111 2203 si
2165 2152 2475 2217 ingravante
2527 2150 2769 2219 periculo
2810 2150 3038 2204 necdum
3078 2150 3245 2217 audit,
3288 2152 3528 2221 pulsetur

1944 2239 2190 2294 manibus
2237 2239 2512 2308 largitatis,
2556 2252 2610 2294 et
2648 2241 2855 2296 dicatur
2898 2242 2946 2295 ei
2990 2259 3003 2295 :
3053 2240 3289 2313 Exsurge
3323 2259 3342 2296 :
3368 2259 3527 2312 quare

1944 2332 2222 2395 obdormis,
2247 2330 2479 2395 Domine,
2499 2330 2683 2384 oblitus
2709 2333 2896 2402 inapia:
2915 2343 2960 2385 ct
2983 2333 3321 2386 tribulationis
3338 2345 3527 2387 nostrre

1947 2420 2118 2489 (Psal.
2162 2438 2312 2486 xutt,
2340 2423 2431 2485 Ξῖ),
2459 2422 2595 2491 24)?
2627 2422 2874 2476 Dicturus
2901 2431 2984 2476 est
3009 2422 3222 2490 quidem
3264 2438 3526 2492 experge-

1948 2510 2138 2574 factus,
2168 2510 2273 2565 Cur
2294 2513 2460 2564 timidi
2484 2512 2624 2576 estis,
2654 2512 2865 2565 modicae
2885 2512 3005 2579 ﬁdei
3028 2512 3368 2582 (Matt/nun,
3393 2513 3523 2584 26)?

1947 2601 2155 2656 Reddat
2182 2603 2430 2665 salutem,
2458 2610 2513 2656 et
2535 2603 2775 2670 increpet
2806 2603 3185 2657 infirmitatem.
3209 2604 3275 2657 Et
3298 2605 3343 2657 si
3368 2619 3527 2672 parva

1948 2694 2081 2747 fides
2118 2701 2219 2757 est,
2266 2694 2388 2763 quia
2428 2693 2679 2747 timemus
2715 2694 2991 2748 saieularia
3015 2734 3028 2756 ,
3080 2703 3164 2749 est
3205 2704 3383 2749 tamen
3432 2696 3530 2749 ali-

1948 2784 2219 2853 quantulo,
2267 2783 2315 2837 si
2351 2796 2692 2837 recnrramus
2733 2783 2801 2838 ad
2846 2783 3150 2838 Dominum.
3192 2785 3308 2837 Non
3350 2794 3527 2839 autem

1948 2876 2229 2930 timeretur
2252 2887 2431 2929 coram
2456 2874 2595 2942 ipso,
2625 2873 2668 2927 si
2709 2874 2823 2943 ipse
2853 2875 3151 2928 timeretur.
3183 2875 3286 2928 Sed
3310 2876 3528 2928 minima

1951 2964 2278 3019 conscientia
2324 2964 2454 3017 recti
2497 2963 2733 3017 maxima
2764 2978 2935 3017 causa
2981 2964 3279 3032 trepidandi
3322 2974 3429 3030 est,
3476 2967 3526 3017 in

1950 3062 2131 3109 nostra
2173 3052 2442 3123 praecipue
2481 3054 2609 3119 vita,
2652 3054 2735 3107 cui
2782 3054 3064 3108 criminum
3107 3054 3434 3108 continuatio
3473 3054 3531 3109 fit

257 3145 483 3211 nulsare
509 3156 797 3195 commune
820 3149 922 3193 cst-
946 3138 1129 3192 Nullus
1157 3137 1350 3206 quippe
1376 3138 1706 3191 obstructum
1732 3138 1845 3190 adi-
1870 3125 1917 3188 C
1950 3145 2315 3201 discriminum
2376 3145 2681 3199 multitudo.
2733 3146 2991 3212 Quocirca
3047 3147 3091 3200 si
3147 3160 3252 3199 non
3299 3146 3532 3199 diximus

258 3246 369 3287 tum
411 3230 633 3285 vocibus
660 3231 835 3300 pulsat
866 3246 880 3283 :
911 3227 1055 3285 istud
1081 3226 1148 3280 ad
1176 3241 1364 3280 manus
1395 3226 1642 3294 pertinet,
1658 3237 1709 3280 et
1730 3240 1849 3279 cor-

260 3325 414 3393 poris
455 3332 607 3375 aetus
648 3330 750 3374 est.
798 3319 950 3373 Pctat
987 3332 1115 3387 ergo
1150 3318 1395 3383 scientia,
1437 3328 1639 3385 quierat
1675 3332 1846 3383 amor,

260 3414 449 3480 pulset
482 3411 741 3480 operatio,
790 3410 1025 3463 maxime
1069 3409 1120 3462 in
1166 3408 1539 3464 observatione
1576 3410 1847 3478 prmsenti.

260 3502 561 3557 chtivitas
610 3499 872 3569 siquidem
919 3506 1023 3565 est,
1063 3498 1215 3567 cujus
1255 3498 1559 3566 jocunditas
1585 3507 1693 3553 tota
1737 3500 1849 3554 sola

262 3594 559 3658 sobrietas,
581 3592 734 3661 cujus
759 3590 928 3660 epulae
951 3589 1221 3658 lacrymae,
1253 3589 1405 3657 cujus
1435 3597 1617 3658 pastus
1648 3592 1852 3645 esuries

265 3696 349 3743 cst
381 3705 396 3739 :
430 3686 586 3754 cujus
618 3683 934 3753 principium
964 3698 1028 3737 ex
1070 3681 1407 3746 necessitate,
1456 3683 1851 3749 perseverantia

267 3782 321 3834 itt
344 3780 671 3842 dilectione,
690 3786 840 3831 actus
866 3775 918 3829 in
948 3774 1152 3843 requie,
1167 3774 1379 3843 requies
1410 3775 1462 3828 in
1489 3774 1669 3829 labore
1696 3792 1707 3827 :
1732 3790 1852 3829 cum

267 3880 379 3926 tota
417 3873 524 3925 ista
557 3868 894 3924 observantia
926 3866 1193 3922 confessio
1232 3864 1526 3934 paenitendi
1565 3881 1662 3935 pro
1697 3866 1855 3934 culpa

266 3963 359 4029 sit,
392 3971 449 4015 et
480 3958 701 4029 rogandi
725 3972 819 4025 pro
844 3955 1019 4010 venia.
1040 3955 1213 4010 Etiam
1236 3970 1365 4010 vero
1393 3957 1696 4027 evangeliea
1722 3973 1857 4026 prae-

267 4067 398 4106 scns
430 4052 596 4104 lectio
626 4048 909 4103 utilitatem
940 4046 1344 4117 supplicationis
1366 4048 1772 4117 exposuit,dum
1804 4050 1855 4115 in

269 4144 391 4197 navi
427 4141 715 4195 Dominum
747 4137 1102 4193 dormientem
1132 4137 1327 4193 chorus
1353 4139 1732 4208 discipulorum
1759 4146 1858 4196 sub

269 4234 616 4305 tempestatis
641 4231 864 4300 strepitu
897 4230 1133 4299 trepidus
1168 4231 1452 4287 suscitaret
1492 4232 1702 4302 (Matth.
1736 4249 1852 4297 vin,

270 4325 388 4393 ξιξ).
423 4325 613 4392 Neque
658 4338 818 4391 porro
847 4322 989 4377 aliud
1025 4321 1122 4377 fttit
1166 4324 1217 4377 in
1263 4332 1409 4377 tanto
1448 4328 1857 4393 repugnantium

273 4415 377 4469 sibi
396 4415 634 4470 invicem
655 4422 933 4468 ventorum
953 4413 1313 4483 fluctuumque
1329 4416 1601 4479 conflictu,
1622 4419 1855 4484 sopitum

1951 3236 2186 3302 Christo,
2234 3236 2404 3304 Vigila
2443 3236 2746 3300 nobiscum,
2796 3236 2984 3289 saltem
3026 3235 3286 3299 dicamus,
3333 3236 3530 3304 Evigila

1953 3338 2171 3396 pmpter
2199 3341 2318 3391 nos.
2350 3326 2465 3381 Non
2496 3327 2803 3397 rogavimus
2833 3344 2899 3381 ne
2926 3327 3249 3392 discederet,
3289 3328 3530 3381 obtinea-

1953 3431 2074 3472 mus
2110 3426 2168 3470 ttt
2204 3417 2410 3481 redeat,
2450 3432 2551 3472 nec
2579 3416 2797 3471 deserat
2831 3432 3044 3471 cursum
3075 3419 3423 3488 navigationis
3455 3421 3535 3473 itt-

1955 3510 2145 3577 l‘trmze,
2177 3510 2350 3564 donec
2377 3522 2537 3563 vento
2556 3518 2610 3563 et
2634 3509 2765 3564 mari
2792 3510 3062 3564 silentium
3090 3510 3367 3581 jubeat,et
3393 3511 3536 3566 furo-

1956 3616 2068 3657 rem
2100 3600 2415 3657 insanientis
2443 3601 2625 3657 saeculi
2660 3602 2947 3656 celerrimo
2986 3603 3090 3658 line
3117 3613 3444 3673 compescat,
3476 3614 3533 3659 et

1956 3695 2045 3747 fiat
2077 3694 2128 3747 in
2167 3693 2523 3749 retributione
2556 3692 2743 3762 judicii
2788 3694 3146 3763 tranquillitas
3187 3710 3373 3764 magna
3414 3710 3533 3765 qua:

1958 3784 2009 3837 in
2046 3782 2150 3839 hoc
2195 3784 2395 3840 mundo
2430 3799 2551 3839 esse
2591 3798 2696 3838 non
2735 3792 2927 3852 potest.
2974 3783 3106 3851 Quia
3146 3785 3190 3837 si
3228 3785 3296 3839 de
3337 3784 3535 3838 mttndo

1957 3878 2148 3932 essetis
2173 3875 2353 3944 (Joan.
2386 3893 2476 3943 xv,
2507 3876 2619 3948 l9),
2664 3876 2892 3931 mundus
2918 3876 3057 3944 quod
3088 3892 3242 3930 suum
3273 3886 3388 3930 erat
3411 3877 3537 3930 dili-

1958 3977 2126 4035 geret.
2154 3967 2259 4022 Sed
2291 3968 2537 4022 devincto
2566 3967 2766 4021 mundo
2793 3966 3136 4035 perveniatur
3161 3966 3225 4018 ad
3247 3981 3533 4035 supernam

1958 4058 2190 4125 quietem
2225 4073 2240 4112 :
2273 4057 2362 4111 ubi
2405 4057 2655 4125 quoniam
2697 4055 3019 4125 possibilitas
3060 4055 3313 4123 pereundi
3340 4057 3534 4121 aberit,

1960 4163 2060 4203 nec
2087 4148 2306 4214 periculi
2347 4162 2505 4201 causa
2548 4156 2796 4201 nascetur
2833 4163 2847 4201 :
2887 4147 2974 4199 ubi
3015 4160 3229 4214 semper
3257 4145 3533 4202 nobiscum

1964 4239 2236 4300 Dominus,
2270 4254 2481 4306 semper
2504 4253 2622 4293 cum
2652 4239 2766 4304 illo,
2810 4238 2855 4291 si
2886 4236 3116 4299 dederit,
3155 4252 3252 4293 nos
3297 4239 3534 4293 erimus:

1964 4338 2017 4383 et
2040 4329 2127 4397 qui
2162 4329 2246 4382 hic
2273 4328 2553 4397 aliquoties
2593 4330 2986 4399 negligentibus
3029 4328 3247 4393 dormit,
3281 4329 3386 4383 illic
3419 4346 3538 4397 per-

1966 4432 2126 4490 petuo
2151 4421 2445 4487 fruentihus
2472 4424 2583 4474 sine.
2616 4421 2719 4475 fine
2741 4420 2993 4490 vigilabit.

288 4524 3306 4549 Μ

3308 4538 3519 4556 -ῄ

557 4625 1200 4720 QUORUMDAM
1278 4624 1356 4699 S.
1441 4626 1715 4703 AVITI
1791 4628 2544 4706 OPUSCULORUM
2620 4627 3258 4707 FRAGMENTA.

1822 4762 2049 4774 ———

874 4841 1262 4897 ADMONITIO.

358 4945 561 4998 Prteter
592 4936 865 4991 ltomiliam
910 4932 1239 5000 superiorem
1278 4940 1331 4986 et
1383 4930 1605 4985 alteram
1647 4932 1697 4984 in
1730 4945 1863 4985 con-

276 5038 534 5089 versione
580 5024 902 5099 Sigismundi
957 5024 1096 5091 regis
1141 5022 1374 5075 habitam
1431 5021 1584 5087 cujus
1628 5020 1866 5075 meminit

280 5123 623 5195 Agobardus,
648 5125 849 5173 restant
878 5116 928 5168 in
957 5112 1332 5169 vetustissimis
1359 5110 1572 5165 schedis
1596 5110 1865 5165 Thuanezn

280 5215 628 5272 tutitimhecae
653 5210 789 5265 tituli
820 5208 1043 5262 aliarum
1067 5212 1209 5272 octo,
1242 5219 1363 5259 cum
1393 5204 1578 5274 primis
1608 5204 1865 5272 cujusque

286 5306 507 5373 verbis,
534 5303 591 5358 in
621 5302 770 5354 hunc
804 5297 1023 5351 modum
1054 5311 1068 5347 :

548 5406 886 5449 ιιοιιιιιλιιωι
924 5403 1065 5444 οοτο
1107 5401 1291 5442 Τιτυω
1335 5396 1403 5436 ΕΤ
1446 5394 1635 5435 INITIA.

2039 4840 2155 4896 III.
2219 4841 2285 4895 In
2334 4841 2702 4895 restauratione
2755 4840 3035 4909 baptisterii
3087 4840 3139 4892 in
3196 4839 3396 4892 civitate
3452 4857 3546 4894 sua

1977 4913 2174 4966 Vienna
2197 4929 2215 4966 :
2242 4933 2260 4965 ι
2411 4912 2718 4979 Tcmporum
2744 4912 3143 4979 perturbationes
3171 4911 3373 4979 quibus.
3414 4931 3430 4960 ι

1967 5014 1973 5029 δ
2042 4982 2144 5037 ιγ.
2182 4984 2329 5036 Dicta
2358 4985 2407 5035 in
2437 4978 2755 5036 dedicatione
2784 4980 3004 5033 basilica:
3029 4978 3226 5032 (ieneva
3252 4998 3264 5031 :
3302 4981 3547 5034 Navim-ts

1968 5063 2015 5107 ct
2038 5054 2283 5106 miramur
2311 5069 2373 5105 ea:
2399 5053 2687 5120 evangelica
2717 5052 2927 5104 lectione
2957 5050 3177 5106 divitem.
3219 5068 3239 5101 ι

2049 5122 2112 5176 γ.
2140 5123 2287 5176 Dicta
2308 5124 2360 5176 in
2386 5123 2793 5175 dedicatione...
2824 5139 2843 5171 ‹
2886 5120 3109 5173 Pert'nct
3139 5120 3207 5173 ad
3231 5122 3490 5175 locum...
3527 5138 3548 5171 ν

2049 5193 2149 5246 Vl.
2182 5194 2331 5247 Dicta
2359 5197 2409 5245 in
2433 5194 2642 5247 basilica
2662 5192 2722 5246 S.
2756 5190 2917 5245 Petri.
2949 5207 3101 5259 quam
3122 5201 3329 5242 sanctus
3356 5194 3551 5258 episco-

1948 5280 2066 5328 pus
2091 5262 2409 5318 Tarantasiw
2427 5263 2657 5316 condidit
2686 5278 2702 5314 :
2732 5280 2751 5313 r
2878 5259 2987 5312 Par
3011 5271 3082 5312 est
3106 5262 3356 5315 decrescat
3384 5259 3550 5328 facnl.

1972 5345 2047 5388 tas
2069 5335 2273 5403 virium,
2296 5344 2548 5387 crescente
2576 5333 2788 5386 materia
2814 5332 3144 5403 gaudiorum.
3184 5350 3201 5383 ι

2048 5402 2178 5457 VII.
2223 5405 2373 5457 Dicta
2404 5406 2455 5456 in
2500 5404 2712 5456 basilica
2748 5399 3037 5455 sanctorum
3068 5399 3465 5471 Agaunensintn,
3498 5399 3550 5450 in

373 5488 400 5541 ι
412 5531 426 5542 ,
456 5488 609 5541 Dicta
635 5487 685 5538 in
718 5483 1051 5537 dedicatione
1081 5476 1367 5547 superioris
1398 5471 1672 5547 ltqsilicw:
1707 5488 1725 5521 ι
1760 5467 1887 5522 υῑδ-
1968 5476 2290 5547 innovatione
2318 5474 2607 5547 monasterii
2636 5473 2929 5547 ipsius,_vel
2970 5467 3203 5547 passione
3230 5479 3505 5547 martyrum
3532 5484 3551 5521 :

291 5573 586 5627 pusucram
619 5554 881 5627 patientia
904 5543 1305 5627 taciturnitatis.
1323 5543 1619 5627 hodierna;
1650 5557 1668 5591 ι

376 5610 467 5681 illi.
514 5610 666 5679 Dicla
691 5626 746 5677 in
774 5622 998 5676 basilica
1024 5628 1225 5675 sancta:
1248 5614 1442 5669 Mat-ite
1466 5630 1483 5669 :
1512 5630 1529 5661 ‹
1561 5610 1886 5672 Statuerunt,

295 5698 661 5760 dilectissimi,
689 5706 739 5750 et
768 5686 1033 5758 quantum
1057 5690 1308 5743 arbitror.
1347 5705 1366 5738 ι

1973 5565 1991 5597 ε
2019 5544 2337 5599 Prteconium
2360 5544 2522 5615 felicis
2542 5540 2814 5607 exercitus,
2833 5543 2887 5597 in
2908 5545 3055 5614 cujus
3076 5540 3483 5615 congregatione.
3519 5559 3546 5615 _i

2048 5615 2211 5671 VIII.
2241 5608 2466 5671 llouiilia
2491 5617 2626 5669 dicta
2652 5618 2704 5668 in
2730 5608 3052 5668 conversione
3086 5610 3255 5662 domui
3285 5608 3551 5677 Segisrici,

1968 5692 2213 5755 postridie
2247 5706 2398 5749 qnam
2432 5705 2577 5743 soror
2617 5688 2777 5750 ipiius
2813 5701 2875 5740 ea;
2918 5684 3107 5737 Ariona
3145 5679 3335 5735 ltwrese
3371 5689 3445 5733 est
3472 5695 3554 5731 re-
