4046 6170
502 310 604 363 2295

1774 301 1830 356 S.
1874 299 2059 356 AVITI
2103 297 2502 353 VlEﬁNENSlS

3663 299 3780 356 290

504 430 646 480 (θρῖα
676 432 693 470 :
727 436 744 466 ι
785 416 1142 486 Saepenumero
1164 415 1423 469 divinitate
1442 413 1575 483 quod
1602 414 1791 467 dilecto
1815 429 1911 467 suo
1938 414 2083 481 prin-
2112 414 2163 474 Α
2191 424 2275 470 est
2298 414 2546 483 equidem
2576 412 2773 467 fabrica
2805 426 3038 481 praesens
3061 411 3290 481 jucunda
3320 413 3461 482 loco,
3489 414 3783 472 imminens

670 504 829 539 οδινο.
872 506 889 537 ι

670 504 723 539 οδ
753 504 829 538 ro.
872 506 889 537 ι
1202 504 1205 517 ε

506 500 1043 636 ωριέιὶὲϐΜΕΝΤΑ
1079 576 1457 634 ΕΑΙωΜΟΕΜ
1498 573 1953 632 llOMlLlARUM.

984 668 1088 738 (Ex
1112 668 1327 724 schedis
1354 668 1588 737 iisdem.)

577 876 665 929 Sic
707 872 973 943 quondam
1019 873 1205 927 Petrus
1254 871 1615 940 apostolorum
1650 878 1811 938 caput
1852 867 2082 938 (Matth.

511 981 627 1029 xm,
649 964 765 1031 ‘29),
801 964 853 1018 id
878 974 960 1019 est
986 964 1280 1032 principum
1313 964 1583 1033 princeps,
1617 961 1912 1032 quamlibet
1939 974 2086 1013 com-

509 1069 707 1107 motum
734 1055 908 1107 ventis
948 1054 1162 1122 pelagus
1203 1052 1538 1117 formidaret,
1580 1052 1858 1121 adreptum
1906 1059 2083 1103 tamen

510 1145 686 1198 fluvidi
744 1155 931 1199 tenens
975 1145 1165 1199 callem
1203 1146 1377 1199 victor
1416 1144 1702 1209 extilicuit;
1757 1152 1921 1211 atque
1994 1157 2090 1193 un-

509 1236 591 1289 dis
631 1235 777 1303 ponti
819 1235 1072 1302 furentis,
1113 1236 1257 1289 velut
1292 1234 1564 1288 hostilium
1602 1234 1874 1286 turbinum
1932 1231 2087 1285 moli-

518 1328 617 1380 bus
645 1328 913 1393 eluctatis,
944 1328 1125 1380 ﬂatum
1156 1326 1466 1382 tentationis
1492 1328 1752 1389 adversae,
1778 1324 2086 1392 priusquam

510 1417 636 1472 sede
665 1419 1017 1486 contingeret,
1051 1418 1155 1471 ﬁde
1180 1418 1449 1471 contrivit.
1482 1417 1676 1472 Secuta
1701 1425 1783 1470 est
1814 1415 1921 1469 illic
1943 1428 2091 1469 sere-

512 1509 651 1561 nitas
681 1509 782 1562 iter
820 1518 1109 1577 peractum.
1139 1508 1234 1562 llic
1262 1524 1474 1577 quoque
1503 1523 1608 1561 non
1640 1507 1816 1561 minus
1844 1505 1910 1559 ad
1941 1504 2091 1557 habi-

512 1602 763 1653 tatiOuem
795 1615 950 1668 quam
984 1602 1050 1652 ad
1084 1600 1391 1668 imaginem,
1443 1600 1584 1653 l’ctri
1623 1599 1791 1653 {edem
1824 1597 1927 1651 ﬁde
1966 1595 2089 1650 fun-

511 1689 688 1742 datam
741 1689 999 1743 securitas
1045 1705 1163 1758 quae
1212 1705 1314 1743 non
1370 1698 1718 1758 praecesserat
1767 1688 2086 1758 insequitur.

2192 503 2353 557 fluvio
2381 544 2396 569 ,
2442 514 2497 558 et
2542 503 2915 570 confragosum
2966 500 3124 555 vieini
3171 504 3422 557 torrentis
3469 504 3786 569 tumultum,

2191 597 2339 651 velut
2363 594 2722 664 impendentis
2749 593 3062 648 reverettti.e
3096 602 3302 649 terrore
3332 595 3569 664 castigat.
3612 594 3769 651 Cobi-

2190 686 2347 740 betur
2370 685 2764 739 venerabilibus
2786 684 2912 753 ripis
2934 685 3106 739 amnis
3127 694 3382 751 arctatus,
3407 694 3460 738 et
3491 685 3782 753 pendulam

2191 776 2454 844 interjecti
2494 777 2671 844 pontis
2698 778 2940 830 semitam
2964 817 2978 840 ,
3022 775 3087 828 ad
3118 775 3441 829 altrinsecus
3478 777 3781 845 expetenda

2190 879 2463 920 sacrorum
2494 866 2784 921 culminum
2816 868 2928 921 loca
2961 856 3273 921 s'ubsternit.
3310 867 3476 921 )Edes
3500 868 3781 923 sufﬁciens

2188 957 2455 1012 diffusioni
2480 999 2497 1025 ,
2549 962 2685 1013 facta
2713 968 2796 1014 est
2831 971 3049 1028 angusta
3090 961 3372 1014 conventui
3406 978 3419 1014 :
3450 976 3671 1030 qumque
3692 961 3780 1016 sic

2186 1048 2515 1116 joeunditate
2558 1049 2843 1104 habitaculi
2882 1058 2988 1104 tam
3034 1050 3304 1105 terrestria
3344 1066 3501 1118 quam
3542 1065 3779 1119 superna

2190 1140 2485 1194 sollicitans
2511 1186 2523 1204 ,
2556 1155 2675 1195 cum
2715 1141 2910 1210 populo
2940 1158 3036 1195 suo
3068 1142 3151 1195 vix
3182 1141 3448 1210 sufﬁciat,
3481 1142 3675 1197 sufﬁcit
3702 1144 3779 1198 de

2190 1234 2412 1287 fabrica.
2457 1234 2765 1288 Multiformi
2804 1235 3053 1303 opiﬁcum
3085 1234 3296 1301 ingenio
3327 1234 3533 1301 nitens,
3562 1234 3779 1304 expulit

2191 1336 2423 1393 noctem,
2451 1325 2653 1395 appulit
2686 1326 2876 1399 lucem,
2910 1325 2999 1393 qui
3032 1326 3119 1379 diu
3151 1324 3387 1378 tristibus
3417 1325 3652 1379 tenebris
3677 1341 3775 1379 ar-

2190 1418 2355 1472 tiﬁcio
2386 1418 2708 1486 proturbatis
2734 1457 2748 1482 ,
2804 1418 2976 1471 limior
3019 1416 3156 1470 intra
3203 1415 3466 1485 quoddam
3517 1416 3777 1471 claritatis

2190 1508 2537 1577 ergastulum,
2565 1507 2700 1561 felici
2724 1505 2965 1560 custodia
2993 1505 3205 1558 clausus
3227 1515 3309 1559 est
3329 1504 3461 1559 dies.
3489 1503 3579 1560 Sic
3603 1521 3778 1575 quon—

2191 1601 2311 1655 dam
2343 1616 2525 1655 carcer
2552 1600 2770 1654 retiﬁcis
2796 1598 2935 1652 Petri
2959 1598 3101 1667 (Act.
3133 1598 3295 1665 xn,7)
3326 1598 3681 1666 pretiosorum
3713 1597 3778 1651 li-

2194 1692 2463 1762 gaminum
2491 1690 2640 1745 radio
2682 1690 2977 1744 illustrante
3017 1686 3349 1757 reSplenduit
3376 1706 3390 1740 :
3422 1701 3542 1741 eum
3574 1688 3777 1741 ferrum

514 1781 732 1834 lnuovet
768 1788 943 1833 autem
974 1778 1117 1833 idem
1146 1794 1286 1833 nunc
1318 1779 1590 1848 apostolus
1630 1779 1842 1849 dignam
1870 1779 1953 1833 sui
1984 1793 2087 1833 no-
2123 1771 2173 1832 Β
2200 1782 2472 1853 suppliciis
2503 1790 2829 1849 coaptatum,
2863 1780 3090 1835 metallis
3122 1778 3520 1849 pretiosioribus
3548 1777 3670 1847 plus
3700 1778 3778 1831 lu-

514 1871 668 1925 minis
696 1872 901 1926 sedem.
928 1871 1118 1926 Iisdem
1143 1872 1380 1927 clavibus
1410 1873 1609 1942 pandat
1631 1872 1718 1926 hic
1748 1872 1948 1940 locum,
1976 1875 2095 1941 qui-

514 1965 612 2015 bus
648 1964 821 2031 aperit
851 1976 1096 2031 regnum.
1138 1962 1323 2017 Solvat
1376 1978 1516 2017 nunc
1554 1978 1674 2032 qua:
1713 1961 1817 2017 sibi
1864 1971 2096 2016 ostensa:

512 2054 708 2109 fuerint
731 2055 1016 2124 compedes
1040 2040 1345 2110 criminum.
1388 2055 1452 2109 Et
1481 2056 1636 2126 paulo
1665 2057 1917 2127 superius.
1957 2056 2100 2111 Soli—

511 2144 651 2198 ditas
676 2160 793 2214 quae
815 2144 1071 2201 faciendis
1095 2146 1310 2201 fabricis
1333 2147 1386 2200 in
1408 2148 1683 2217 principiis
1702 2150 1977 2216 quaeritur,
2011 2146 2098 2201 hic

512 2248 566 2289 et
594 2237 807 2292 culmen
851 2239 1091 2292 obtinet.-
1128 2238 1462 2294 Firmissimo
1491 2240 1714 2294 aliarum
1741 2240 1936 2295 aedium
1979 2237 2098 2294 fun-

412 2389 419 2395 ι
514 2329 728 2385 damiue
756 2331 1031 2386 cacumina
1052 2339 1237 2385 nostra
1270 2332 1464 2386 tutiora
1487 2340 1630 2386 sunt.

586 2509 723 2578 Quid
749 2510 878 2564 mihi
905 2511 1082 2566 laudet
1104 2512 1355 2581 antiquus
1385 2511 1580 2582 (Exod.
1610 2526 1698 2578 xv,
1728 2509 1822 2581 25)
1855 2511 2095 2581 Moysem

515 2618 669 2657 suum
693 2617 856 2672 aquas
875 2604 943 2656 ab
964 2618 1078 2657 aevo
1098 2618 1313 2672 asperas
1336 2604 1480 2672 ligno
1496 2604 1790 2672 castigante
1813 2602 2098 2656 duleasse?

516 2693 642 2763 quid
670 2692 915 2747 Elismum
939 2692 1043 2764 (IV
1075 2693 1198 2763 Reg.
1217 2694 1419 2763 tv,4i),
1451 2693 1648 2748 virtute
1676 2709 1782 2747 non
1814 2693 2097 2762 imparem,

516 2784 742 2853 agrestis
793 2784 896 2839 cibt
949 2785 1303 2839 amaritudine
1361 2784 1572 2854 plenum
1624 2783 1853 2838 lebetem
1905 2782 2100 2837 medici

517 2874 675 2929 farris
696 2875 963 2930 infusione
991 2876 1272 2930 condisse?
1304 2876 1426 2931 llaec
1454 2875 1670 2944 quidem
1693 2886 1843 2945 gesta
1868 2874 2099 2944 exempli

515 2968 845 3024 admirabilis
866 2967 1029 3024 fuisse
1050 2970 1169 3039 quis
1193 2969 1426 3023 nesciat?
1458 2968 1564 3024 Sed
1594 2984 1699 3023 non
1733 2969 1910 3023 minus
1940 2967 2100 3022 hodie

516 3068 700 3115 vestro
719 3061 901 3115 datum
931 3068 1014 3116 est
1037 3061 1326 3128 sacerdoti,
1362 3076 1523 3131 quem
1556 3075 1651 3131 par
1672 3060 1956 3115 diversitas
1979 3059 2097 3114 feli-

2200 1884 2365 1939 ceret,
2397 1889 2561 1930 serrae
2588 1874 2831 1944 fugerent
2860 1882 3071 1942 patente
3098 1872 3242 1926 aditu
3295 1882 3497 1928 catenae
3524 1870 3779 1926 caderent

2202 1975 2567 2037 perstrepente
2599 1965 2818 2019 tinnitu.

2950 2055 3039 2110 IV.

2273 2148 2457 2203 Gaude
2483 2148 2661 2217 igitur,
2686 2146 2881 2201 invicte
2904 2155 3190 2211 mercator,
3220 2144 3613 2215 dispensatione
3635 2160 3780 2199 com-

2201 2243 2397 2308 missa;
2426 2240 2606 2311 profer
2630 2240 2694 2295 de
2718 2242 2969 2296 thesauro
3002 2248 3090 2293 tuo
3118 2254 3250 2293 nova
3276 2249 3330 2292 et
3352 2252 3532 2293 vetera
3564 2236 3783 2310 (Matth.

2202 2347 2315 2399 xm,
2348 2329 2464 2403 52),
2498 2332 2766 2386 institutor
2795 2330 3026 2397 rudium,
3060 2330 3346 2383 labentium
3381 2330 3685 2393 restitutor;
3714 2329 3785 2385 sit

2200 2440 2309 2479 una
2339 2424 2393 2479 in
2421 2424 2694 2495 multiplici
2726 2423 3127 2479 consecratione
3156 2422 3491 2476 solemnitas.
3545 2420 3787 2476 Erexisti

2201 2516 2556 2587 lacrymarum
2603 2514 2863 2569 machinis
2912 2514 3053 2584 quod
3102 2514 3269 2567 hostis
3310 2512 3542 2566 alliserat
3575 2531 3589 2566 :
3623 2512 3786 2567 rediit

2201 2624 2322 2679 qua:
2351 2608 2581 2678 perierat
2608 2608 2777 2661 forma
2807 2606 3144 2676 templorum,
3171 2617 3409 2659 recurrat
3434 2615 3487 2659 et
3508 2605 3787 2659 sanctitas.

2201 2702 2317 2757 Non
2344 2712 2397 2756 tu
2423 2700 2571 2773 (Luc.
2600 2716 2712 2763 χιχ,
2740 2699 2829 2770 15)
2854 2699 3099 2753 traditam
3130 2698 3221 2753 tibi
3252 2698 3470 2764 minam,
3494 2696 3789 2751 damnante

2200 2792 2436 2855 sudario,
2462 2792 2686 2847 terrenis
2712 2790 2990 2845 scrobibus
3012 2788 3304 2855 suffodisti;
3336 2803 3432 2842 nec
3454 2790 3552 2841 hoc
3577 2796 3789 2841 tantum

2201 2890 2480 2937 cantemus
2514 2881 2737 2936 reddere
2764 2880 2903 2950 quod
2932 2879 3132 2934 dudum
3174 2879 3348 2933 fuerat
3385 2878 3788 2947 consignatum,

2201 2975 2288 3030 illa
2335 2972 2571 3029 referens
2598 3016 2611 3038 ,
2659 2972 2889 3026 offerens
2923 2971 3025 3025 ista
3048 3010 3064 3035 ,
3098 2978 3155 3024 ut
3183 2969 3387 3038 frugem
3425 2966 3789 3036 primitiarum

2202 3065 2393 3121 melius
2424 3065 2681 3133 porrigas,
2714 3063 2857 3132 prius
2888 3060 3137 3115 studuisti
3161 3060 3369 3113 solvere
3396 3057 3535 3127 quod
3559 3056 3788 3111 debeas.

515 3151 594 3205 eis
628 3160 853 3206 eventus
883 3166 1063 3221 parem
1092 3152 1312 3221 paribus
1342 3130 1680 3221 approbabit.
1712 3151 1843 3205 Cum
1874 3150 2097 3205 minoris
2123 3130 2168 3191 (ἶ
2203 3130 2461 3225 Quocirca
2487 3200 2502 3223 ,
2548 3130 2879 3210 dilectissimi
2908 3194 2924 3219 ,
2974 3162 3126 3207 orate
3155 3151 3295 3220 quod
3326 3160 3568 3219 superest
3595 3190 3611 3216 ,
3647 3159 3709 3202 ut
3739 3148 3791 3201 si

517 3258 653 3311 pene
684 3244 895 3297 virtutis
934 3245 1002 3299 sit
1031 3252 1307 3299 creaturas
1336 3243 1540 3297 orando
1569 3254 1903 3309 convertere,
1935 3258 2093 3313 quam

515 3334 670 3388 hoste
694 3334 919 3401 depulso
948 3346 1243 3389 creatorem
1270 3334 1476 3388 aedibus
1498 3335 1771 3389 invitasse.
1796 3334 1985 3403 Implet
2008 3333 2096 3388 hic

516 3437 679 3490 porro
710 3424 989 3492 gentilium
1032 3424 1174 3477 vices
1205 3425 1548 3478 vicinantium
1576 3423 1894 3477 Arianorum
1926 3424 2092 3477 turbi-

514 3514 615 3565 dus
637 3512 790 3565 livor.
809 3513 875 3567 Et
899 3514 942 3566 si
967 3529 1201 3582 paganus
1221 3515 1305 3568 hic
1328 3515 1464 3569 forte
1488 3515 1597 3583 jam
1625 3514 1778 3568 deest
1800 3518 1888 3584 qui
1916 3517 2093 3585 plures

517 3603 650 3658 deos
670 3604 798 3659 velit
819 3604 1013 3669 excoli,
1030 3605 1193 3673 gemit
1216 3606 1501 3660 luereticus
1522 3606 1611 3676 qui
1636 3622 1802 3660 unum
1833 3608 2094 3676 conspicit

515 3695 746 3749 exorari.
788 3695 968 3764 Diligit
1005 3697 1199 3766 quippe
1234 3696 1507 3751 Trinitatis
1537 3698 1741 3752 divisor
1786 3699 2091 3754 numerosi-

518 3792 680 3839 tatem
710 3784 961 3854 deorum;
992 3795 1046 3840 et
1066 3786 1462 3857 consanguineo
1492 3788 1848 3857 separationis
1878 3788 2090 3855 affectu,

516 3879 716 3948 pariter
737 3878 1005 3935 soliditate
1040 3880 1311 3949 perrupta,
1345 3882 1541 3935 multos
1576 3881 1708 3935 deos
1740 3881 1854 3936 ﬁeri
1893 3897 1922 3934 a
1962 3896 2093 3936 con-

516 3971 790 4026 sentaneis
811 3971 1121 4040 acquiescit,
1153 3973 1252 4027 sub
1272 3987 1499 4042 quormn
1522 3972 1709 4028 favore
1739 3972 1891 4041 quasi
1930 3988 2091 4028 excu-

517 4064 757 4119 sabiliter
781 4064 896 4134 ipse
926 4073 1037 4119 tres
1075 4075 1341 4120 numeret.
1386 4066 1521 4133 Quid
1548 4066 1863 4136 ingemiscat
1893 4066 2091 4122 Christi

516 4170 713 4210 vacuus
740 4156 1065 4222 nominator,
1098 4156 1270 4211 locum
1297 4157 1603 4213 numinibus
1626 4156 1970 4213 interclusum
1998 4173 2090 4227 pa-

516 4249 691 4302 ruisse
716 4247 1038 4302 virtutibus?
1077 4249 1263 4305 Nullus
1295 4265 1323 4303 a
1364 4250 1553 4305 salutis
1596 4250 1866 4306 consortio
1910 4250 2092 4319 probi—

516 4336 693 4392 betur.
722 4337 801 4391 Sit
821 4338 899 4392 eis
923 4340 1117 4406 pariter
1137 4354 1424 4395 commune
1448 4355 1569 4396 cum
1595 4342 1777 4405 salvis,
1801 4340 1943 4409 quod
1968 4341 2094 4393 hac-

520 4438 675 4481 tenus
701 4438 941 4483 nostrum
978 4428 1242 4483 noluimus
1268 4445 1388 4485 esse
1425 4444 1546 4484 cum
1575 4431 1812 4499 perditis.
1850 4429 2093 4485 Profanis

516 4516 745 4571 cultibus
781 4518 1014 4572 claustra
1045 4517 1359 4573 damnamus
1381 4565 1393 4584 ,
1422 4520 1764 4575 conversuris
1790 4521 2091 4576 culto‘ribus

519 4607 712 4675 templa
742 4607 1106 4675 patefacimus.
1139 4606 1375 4677 Expetat
1400 4624 1527 4679 ergo
1557 4609 1641 4663 hic
1664 4609 1922 4676 solidum,
1944 4611 2092 4680 quis-

517 4697 636 4764 quis
665 4706 936 4751 amaverat
965 4704 1087 4750 ante
1112 4696 1367 4762 divisum;
1398 4709 1745 4768 recognoscat
1771 4715 1912 4755 nunc
1933 4701 2092 4756 Chri-

517 4796 657 4850 stum
684 4795 911 4855 petram,
934 4787 1171 4857 quisquis
1199 4785 1283 4841 hic
1304 4786 1500 4841 dudum
1524 4802 1652 4842 saxa
1677 4800 1960 4843 veneratus
1986 4798 2090 4844 est.

515 4878 817 4949 Sacrilegiis
856 4894 949 4933 ara
996 4880 1165 4948 perit,
1215 4879 1356 4933 venit
1405 4894 1495 4933 ara
1544 4880 1837 4935 sacriﬁciis.
1887 4880 2091 4936 Nomen

518 4982 703 5032 unum,
723 4981 881 5023 causa
902 4967 1111 5025 diversa
1134 4976 1235 5024 est.
1264 4967 1503 5024 Medetur
1522 4984 1747 5039 serpens
1767 4984 1962 5036 aereus,
1981 4985 2090 5040 quo

517 5059 806 5118 momordit
829 5062 1044 5131 ignitus.

1254 5151 1341 5206 lll.

584 5241 833 5297 Generali
861 5242 1211 5297 exsultatione
1232 5241 1565 5312 gaudendum
1594 5249 1698 5311 est,
1726 5243 1865 5312 quod
1894 5242 2091 5299 ﬁeren-

516 5336 658 5390 tibus
687 5334 913 5404 sceptris
949 5334 1226 5388 catholicm
1266 5335 1538 5403 potcsmtis
1561 5376 1576 5401 ,
1618 5336 1917 5389 orationum
1950 5336 2090 5403 loca,

516 5435 807 5496 martyrum
841 5425 1034 5494 templa
1056 5467 1070 5492 ,
1100 5425 1341 5480 liminum
1380 5441 1563 5496 sacra,
1604 5437 1862 5481 ornantur
1892 5427 2088 5497 oppida

517 5533 621 5577 non
651 5519 827 5574 minus
856 5518 1055 5573 :edibus
1079 5533 1237 5586 quam
1265 5521 1501 5588 patronis
1532 5536 1545 5572 :
1578 5520 1685 5574 imo
1717 5519 1892 5589 potius
1914 5561 1929 5587 ,
1960 5519 2086 5575 illu-

515 5618 696 5669 strata:
727 5609 1031 5679 patrociniis
1063 5609 1193 5664 ﬁunt
1221 5608 1380 5665 urbes
1408 5625 1474 5665 ex
1505 5610 1734 5679 oppidis.
1778 5610 1926 5676 Quod
1956 5612 1999 5666 si
2032 5619 2086 5665 et

518 5702 764 5777 specialis
790 5703 903 5759 festi
934 5702 1180 5776 gaudium
1212 5702 1480 5772 praeconio
1509 5712 1754 5761 currente
1782 5712 2083 5775 tangamus,

2199 3247 2327 3318 quid
2354 3260 2561 3301 sacrum
2593 3245 2798 3298 furatur
2834 3243 3131 3301 adversitas
3159 3280 3172 3305 ,
3223 3242 3332 3294 Deo
3374 3240 3666 3294 ulciscente
3706 3236 3790 3292 sic

2200 3338 2401 3395 redeat.
2454 3337 2509 3390 In
2556 3335 2875 3404 multiplices
2926 3334 3128 3389 fructus
3174 3349 3395 3403 granum
3436 3332 3591 3387 tritici
3641 3331 3789 3401 quod

2200 3440 2465 3484 maturum
2498 3428 2809 3497 putabatur,
2837 3436 3131 3482 excrescat.
3180 3424 3339 3478 Velut
3375 3422 3474 3478 Job
3511 3423 3658 3493 (ml,
3692 3421 3790 3489 10)

2199 3521 2368 3575 nostri
2391 3534 2540 3589 opes,
2569 3518 2707 3571 inter
2729 3517 2908 3587 praelia
2941 3515 3248 3570 tentationis
3273 3513 3519 3578 amissas,
3545 3511 3791 3565 victoria:

2166 3593 2445 3667 ’meritum
2472 3652 2487 3677 ,
2517 3610 2769 3679 patientia
2800 3607 3100 3678 duplicante
3126 3646 3139 3671 ,
3171 3606 3432 3659 restituat.
3478 3603 3544 3656 Et
3573 3610 3628 3654 ut
3656 3600 3790 3656 bre-

2196 3705 2331 3758 viter
2359 3712 2547 3757 cuncta
2570 3700 2904 3764 concludam,
2930 3707 3180 3769 agnoscat
3214 3694 3559 3766 prmsentibus
3586 3701 3789 3763 praete-

2194 3796 2417 3864 ritisque
2446 3793 2803 3856 successibus,
2833 3799 2938 3844 tam
2969 3797 3302 3859 perpetratis,
3330 3800 3487 3854 quam
3518 3783 3783 3837 tolerans-

2195 3899 2353 3954 quam
2386 3884 2437 3938 in
2473 3884 2688 3937 aeternis
2717 3881 2957 3936 salubres
2987 3880 3235 3948 laerymm
3267 3885 3462 3930 nostrm
3499 3882 3654 3927 erunt
3682 3872 3786 3925 tri-

2196 3975 2361 4030 buere
2384 4014 2399 4039 ,
2437 3988 2567 4042 quas
2595 3971 2840 4027 videmus
2868 3969 3109 4025 ﬁdelibus
3144 3967 3305 4023 etiam
3332 3967 3384 4020 in
3415 3961 3786 4032 temporancis

2197 4081 2302 4121 non
2335 4065 2533 4134 perire.

2973 4152 3032 4206 V.

2268 4249 2323 4303 In
2352 4247 2518 4317 gloria
2554 4246 2834 4315 praesentis
2870 4244 2967 4297 aevi
3004 4257 3187 4312 parum
3217 4250 3333 4309 est,
3372 4238 3418 4295 si
3451 4237 3681 4309 permitti
3711 4238 3784 4290 ad

2197 4338 2312 4392 haec
2343 4335 2646 4391 fabricanda
2688 4335 2927 4389 dicamur
2958 4350 2971 4387 :
3009 4334 3135 4387 illul
3184 4346 3345 4399 supra
3386 4339 3507 4395 est,
3541 4326 3680 4396 quod
3708 4326 3783 4379 ad

2198 4429 2331 4485 tales
2359 4440 2613 4495 conatus,
2643 4427 2685 4481 si
2715 4426 2871 4481 otiari
2898 4425 3148 4479 vellemus
3167 4466 3182 4490 ,
3213 4421 3557 4491 impellimur.
3596 4418 3785 4474 Nove-

2120 4495 2174 4555 Β
2200 4531 2324 4577 runt
2355 4520 2615 4588 siquidem
2643 4525 2855 4586 sceptra
2879 4514 3059 4570 saeculi
3085 4515 3277 4579 nostri,
3308 4514 3357 4567 in
3386 4528 3489 4581 quo
3515 4512 3582 4566 sit
3610 4511 3785 4565 virtus

2194 4614 2452 4682 temporis
2478 4614 2558 4667 sui
2585 4628 2599 4663 :
2622 4624 2846 4679 quorum
2874 4604 3379 4676 inexpugnabiliter,
3408 4611 3553 4658 recte
3572 4611 3629 4653 ut
3648 4614 3789 4653 eon-

2194 4705 2406 4759 ﬁdimus
2427 4743 2443 4767 ,
2478 4704 2596 4772 plus
2628 4702 2740 4756 haec
2771 4699 3003 4754 basilicis
3029 4712 3185 4768 quam
3214 4693 3621 4765 propugnaculis
3648 4690 3788 4746 urbs

2198 4798 2454 4853 munitur.
2479 4794 2721 4864 Cingitur
2748 4792 2979 4861 undique
2999 4789 3259 4845 tutamine
3283 4801 3553 4844 sacrarum
3581 4784 3786 4839 aedium

2196 4888 2350 4944 dives
2377 4900 2626 4942 accessus
2649 4926 2665 4953 ,
2710 4892 2766 4940 et
2807 4884 2874 4939 ad
2904 4892 3175 4954 portarum
3202 4880 3446 4951 quamvis
3486 4875 3787 4948 patentium

2196 4980 2377 5034 limina
2411 4980 2601 5034 tutiora
2626 5018 2641 5040 ,
2672 4977 2775 5031 nisi
2804 4976 3003 5031 sanctis
3028 4974 3347 5044 ianitoribus
3367 5015 3383 5041 ,
3412 4987 3518 5028 non
3548 4971 3788 5026 venitur.

2199 5072 2431 5127 Desistat
2463 5070 2587 5125 hinc
2614 5069 2767 5139 plane
2793 5076 2925 5123 nutu
2965 5080 3197 5135 superno
3228 5080 3352 5120 usus
3378 5077 3667 5118 armorum.
3700 5060 3789 5115 Ne

2198 5162 2404 5220 hostilis
2447 5170 2668 5217 conatus
2704 5159 2791 5214 hic
2829 5159 3043 5224 valeat,
3090 5158 3188 5212 hos
3234 5155 3434 5211 sufﬁcit
3477 5151 3787 5224 providisse

2199 5254 2469 5310 custodes.
2513 5253 2605 5309 Sic
2632 5252 2732 5307 iste
2754 5293 2769 5315 ,
2808 5251 3124 5317 meritorum
3151 5248 3336 5318 vigore
3358 5246 3618 5301 discretus
3640 5285 3658 5312 ,
3684 5250 3793 5298 aut

2199 5346 2476 5415 indigenas
2503 5342 2730 5399 deducat
2757 5340 2933 5396 aditus
2954 5382 2969 5407 ,
3001 5349 3092 5395 aut
3122 5337 3342 5394 insidias
3375 5335 3600 5406 repellat
3630 5332 3789 5401 obje-

2197 5446 2336 5492 ctus.
2386 5436 2492 5490 llas
2518 5434 2619 5490 sibi
2650 5448 2745 5503 per
2768 5432 3049 5487 circuitum
3070 5473 3086 5497 ,
3131 5429 3273 5484 velut
3302 5424 3631 5482 llierusalem
3659 5437 3792 5491 qua:

2198 5529 2489 5583 aediﬁcatur
2517 5536 2575 5581 ut
2599 5528 2784 5581 civitas
2813 5524 2984 5595 (Paul.
3012 5539 3157 5589 cui,
3189 5524 3223 5577 3
3250 5520 3403 5591 σαψ),
3427 5530 3598 5574 turres
3623 5516 3790 5570 attol-

2194 5619 2269 5674 lat
2296 5637 2307 5671 :
2334 5618 2421 5672 ubi
2454 5617 2728 5683 laetaturis,
2760 5616 2968 5686 quoties
2998 5610 3297 5669 iu‘domum
3330 5609 3534 5665 Domini
3563 5608 3788 5669 ibimus,

2196 5708 2275 5762 ba:
2305 5719 2606 5763 Sanctorum
2635 5707 2863 5764 cultibus
2895 5714 3095 5771 turres,
3120 5703 3234 5761 haec
3259 5700 3577 5771 populorum
3599 5695 3781 5751 abun—

2618 5900 2649 5940 θ
