4024 6172
274 243 384 299 297

1223 238 1574 297 ViRIORUM
1612 236 2116 296 OPUSCULORUM
2155 237 2601 296 FRAGMENTA.

3428 244 3537 305 298

271 358 453 412 dantis
503 355 777 426 contingat
818 355 870 409 in
920 354 1190 421 turribus;
1237 358 1418 427 sicque
1461 356 1509 412 ei
1557 358 1647 410 fiat
1677 372 1773 425 pax
1806 356 1858 411 in
1889 358 1941 420 Α
1967 355 2146 411 virtuti
2178 372 2189 408 :
2222 354 2316 410 sed
2346 370 2467 411 cum
2500 355 2565 409 ad
2606 369 2839 426 prmsens
2879 356 3257 427 psalmisonum
3299 360 3536 421 solemne

270 449 507 514 virtute,
557 446 727 499 virtus
766 444 819 498 in
865 458 997 514 pare
1026 461 1040 499 :
1073 445 1239 501 virtus
1284 446 1487 501 scilicet
1530 444 1849 511 rectoribus,

269 553 368 607 pas
401 536 684 606 regendis;
718 535 1123 605 praesidentibus
1149 535 1270 602 illa,
1302 536 1400 590 ista
1428 536 1847 600 famulantibus;

265 643 493 696 quarum
524 637 704 681 tamen
728 626 1062 697 principibus
1092 629 1289 682 nostris
1322 628 1629 683 utramlibet
1656 635 1847 697 optan-

266 717 431 781 tibus,
456 726 741 786 utramque
772 716 1043 771 tnerituris
1072 728 1362 771 conventus
1385 718 1729 788 subjectionis
1757 717 1852 773 de-

266 818 403 859 vota:
427 821 529 874 pax
556 805 864 875 confoveat,
888 806 1054 861 virtus
1078 808 1313 877 adjiciat.
1336 808 1417 863 Ad
1440 817 1490 862 te
1515 822 1655 863 nunc
1673 822 1851 863 sermo

264 897 523 963 liberior,
559 913 592 951 o
622 912 893 967 praesens,
925 898 970 954 si
996 913 1115 968 quas
1142 908 1265 953 sunt
1292 900 1493 969 uspiam
1518 943 1533 967 ,
1559 899 1849 954 catholica-

264 1002 383 1041 rum
411 990 652 1056 gentium
685 998 853 1057 pater,
880 989 1152 1058 religionis
1176 989 1379 1054 lumen,
1407 990 1650 1044 columen
1678 990 1853 1058 regio-

265 1078 370 1143 nis,
406 1078 780 1146 exemplorum
812 1078 1000 1145 virtus,
1026 1080 1380 1134 Ecclesiarum
1406 1080 1614 1149 pignus,
1646 1088 1854 1147 tempo-

264 1184 382 1221 rum
406 1170 598 1233 decus,
617 1170 871 1225 civilitate
897 1171 1159 1241 sublimis,
1177 1173 1552 1227 communione
1576 1172 1848 1237 terribilis,

263 1261 691 1315 reverentia.....
720 1277 879 1332 quam
914 1278 1035 1317 cum
1065 1262 1304 1318 odoraris
1327 1277 1357 1317 a
1383 1263 1603 1333 pepulo.
1655 1263 1757 1330 Qui
1797 1264 1849 1319 in

262 1353 522 1407 tribunali
557 1368 694 1407 unus
724 1369 833 1424 prae
859 1352 1130 1419 omnibus,
1158 1354 1213 1409 in
1246 1354 1399 1409 altari
1429 1369 1565 1409 unus
1591 1369 1658 1409 ex
1688 1354 1852 1410 omni-

262 1444 382 1506 bus,
414 1444 649 1512 stipatus
684 1443 911 1499 cratibus
949 1444 1329 1513 subjectorum,
1369 1459 1473 1501 non
1504 1444 1711 1516 fulgore
1738 1446 1852 1501 dia-

260 1540 529 1606 dematis,
561 1539 655 1594 sed
699 1540 892 1595 mentis
920 1540 1037 1596 luce
1065 1540 1407 1596 discerneris.
1444 1540 1562 1595 Jam
1586 1555 1861 1611 recognot

262 1649 381 1688 scas
428 1645 648 1703 tempus
693 1643 779 1689 est
826 1635 877 1687 in
927 1634 1171 1689 manibus
1215 1635 1413 1689 nostris
1469 1649 1691 1690 munera
1738 1645 1846 1688 tua.

1958 457 2271 518 perventum
2302 456 2414 515 est,
2462 462 2646 518 parum
2684 457 2810 517 puto
2843 448 2888 502 si
2923 448 3093 503 dicam
3132 450 3289 505 verba
3332 465 3536 520 nostra,

1956 541 2131 596 vicisti
2159 540 2316 597 hodie
2346 544 2566 611 insuper
2587 550 2639 595 et
2665 555 2829 611 opera
2856 549 2961 596 tua.
2989 540 3053 595 Et
3077 552 3189 611 post
3212 544 3335 597 alia.
3369 544 3538 600 Gallia

1956 642 2136 687 nostra
2168 634 2433 689 durescat.
2466 633 2624 689 Urbis
2663 634 2934 689 desideret
2968 636 3108 704 qund
3136 635 3284 691 locus
3311 639 3533 692 invexit.

1956 724 2242 795 Incipiatur
2267 725 2423 781 hodie
2448 726 2711 781 exustioni
2738 726 3029 791 aeternitas,
3053 728 3281 796 dignitas
3306 730 3534 798 regioni.

1956 816 2315 871 Laudantibus
2361 816 2416 871 in
2464 817 2715 885 praesenti
2754 817 2952 871 saeculo
2982 816 3145 872 Deum
3175 859 3190 883 ,
3240 819 3537 876 laudaturis

1957 909 2156 978 pariter
2186 910 2237 963 in
2277 908 2454 963 futuro
2495 916 2719 963 renovet
2760 908 2926 977 magis
2961 909 3138 964 obitus
3166 925 3323 979 quam
3352 913 3537 966 termi-

1957 1009 2046 1054 net
2080 1000 2364 1055 actionem.
2416 999 2829 1068 Recognoscatis
2869 1000 2919 1054 in
2959 1002 3095 1055 creto
3138 1016 3297 1071 quam
3336 1002 3402 1057 de
3438 1003 3535 1058 hac

1955 1090 2148 1145 tellure
2189 1092 2464 1159 portabitis
2504 1093 2945 1148 consuetudinem
2984 1094 3321 1163 praemiorum
3362 1110 3377 1148 :
3421 1104 3534 1149 tan.

1953 1192 2140 1253 tusque
2186 1185 2640 1253 perseverantiam
2690 1196 2921 1241 vestram
2962 1185 3132 1241 honor
3169 1196 3444 1257 sequatur,
3476 1198 3533 1246 ut

1952 1273 2092 1343 quod
2128 1273 2280 1328 vobis
2321 1274 2373 1327 in
2402 1274 2658 1329 exercitio
2686 1275 2787 1329 erit
2827 1275 3036 1345 Operis,
3077 1278 3177 1331 hoc
3212 1278 3450 1333 solvatur
3479 1280 3533 1334 in

1952 1366 2174 1433 praemio
2201 1380 2296 1435 pro
2324 1366 2675 1422 retributione
2702 1367 2984 1422 mercedis.

2420 1498 2574 1553 ΑΗΔ
2626 1498 3068 1557 FRAGMENTA.

1953 1585 2261 1658 (Gregorius
2287 1587 2617 1645 Turonensis
2654 1590 2792 1646 libro
2820 1608 2855 1646 Il
2887 1592 3131 1648 llistorize
3159 1594 3531 1668 Francorum.)

263 1695 772 1794 Parentes-quidem
812 1724 1019 1793 jubenti
1066 1724 1206 1789 tibi,
1255 1733 1312 1778 ut
1350 1733 1554 1780 secreta
1592 1725 1695 1779 sint
1726 1739 1847 1779 cum
1882 1712 1926 1772 Β
2024 1695 2149 1794 (Eum
2179 1702 2685 1794 αυίέὟίηεθθηουίδδεί
2720 1701 3063 1794 σαηάοθαάιιε
3100 1708 3400 1760 “seruam”
3425 1708 3535 1761 ¹¹π³⁶

256 1816 568 1880 donantur;
600 1815 695 1870 sed
729 1828 781 1868 tu
804 1818 1031 1880 clamas,
1065 1815 1185 1869 talia
1214 1814 1572 1881 conferendo,
1600 1830 1716 1884 qua:
1746 1815 1848 1870 nisi

256 1908 522 1977 princeps
552 1910 749 1962 habere
775 1923 877 1961 non
908 1917 1132 1977 poterat.
1174 1907 1625 1962 Glorinsissimum
1654 1907 1848 1976 quippe

257 2000 310 2053 in
343 1999 428 2052 bis
456 2014 674 2069 quoque
705 1999 907 2053 uadibus
935 1997 1076 2068 quod
1123 1998 1297 2053 fecisti
1330 2016 1344 2050 :
1375 1999 1469 2053 sed
1511 1998 1564 2052 in
1594 1997 1846 2068 quiddam

256 2091 548 2146 sublimius
593 2102 802 2144 tuorum
832 2090 1018 2159 gaudia
1056 2104 1116 2145 se
1150 2096 1444 2144 reservant.
1496 2087 1845 2143 Communem

256 2182 343 2237 hic
366 2182 591 2252 quidem
614 2181 773 2236 hodie
795 2180 1031 2235 laetitiam
1059 2180 1258 2235 oblatio
1281 2188 1453 2243 vestra
1477 2178 1684 2249 peperit
1709 2197 1721 2231 :
1750 2178 1845 2234 sed

255 2274 439 2329 adhuc
472 2273 648 2343 major
676 2282 756 2327 est
800 2287 959 2343 quam
1009 2272 1332 2343 praestolatio
1372 2280 1551 2326 nostra
1585 2273 1843 2341 concepit.

258 2365 567 2434 Porrigitur
597 2364 683 2417 hic
702 2402 719 2430 ,
750 2364 1052 2433 przeludens
1088 2377 1180 2432 per
1210 2362 1571 2430 conjecturam
1614 2375 1847 2432 praesen-

254 2457 389 2511 tium
419 2498 435 2520 ,
465 2456 852 2525 contemplatio
896 2455 1335 2525 subsequentem.
1375 2453 1525 2508 Justc
1554 2454 1847 2509 aestimatur

260 2558 469 2602 tantum
506 2549 562 2601 in
590 2549 768 2615 nobis,
798 2556 1051 2616 quantum
1081 2561 1173 2615 per
1200 2555 1254 2600 te
1280 2544 1455 2614 potior
1484 2544 1589 2599 eris
1614 2543 1667 2597 in
1696 2559 1842 2599 sum-

256 2657 363 2695 ma.
398 2641 567 2697 Certe
601 2642 738 2696 sicut
769 2641 1026 2695 rationem
1058 2641 1166 2695 illic
1194 2654 1413 2709 operum
1442 2639 1841 2709 perpendimus,

255 2731 343 2785 hic
369 2732 677 2797 donorum;
706 2746 809 2786 non
834 2730 1047 2801 quidem
1076 2731 1221 2786 solus
1250 2731 1302 2785 in
1326 2731 1675 2799 prtesentibus
1700 2731 1843 2800 aspi—

248 2822 334 2875 cis
363 2822 514 2891 quod
546 2822 811 2889 delectet,
842 2821 936 2877 sed
978 2821 1123 2877 solus
1166 2822 1217 2875 in
1258 2822 1448 2876 futuris
1485 2824 1684 2891 poteris
1724 2838 1845 2892 pro-

250 2910 407 2969 ferre
440 2914 587 2984 quod
617 2922 850 2984 superet.

1017 3002 1104 3057 Vl.

326 3106 355 3134 ι
394 3095 738 3150 Praeconium
781 3092 951 3150 felicis
984 3093 1249 3150 exercitus
1284 3094 1345 3149 in
1381 3094 1532 3164 cujus
1561 3108 1846 3167 congrega-

249 3188 413 3241 tione
441 3186 749 3240 beatissima
780 3199 936 3240 nemo
964 3184 1139 3253 periit,
1164 3184 1291 3239 dum
1317 3184 1493 3239 nullus
1518 3187 1702 3252 evasit,
1725 3201 1847 3241 cum

254 3275 522 3344 injustam
559 3285 861 3329 sanctorum
909 3284 1199 3345 martyrum
1242 3282 1468 3329 mortem
1498 3275 1648 3343 quasi
1689 3276 1846 3330 sortis

253 3365 468 3430 iustitia
496 3363 783 3432 judicaret,
808 3378 909 3433 qua
939 3362 1020 3417 bis
1046 3378 1206 3433 super
1233 3364 1400 3419 aciem
1431 3364 1671 3433 dispersa
1698 3379 1848 3419 man-

254 3464 494 3518 suetam,
509 3453 789 3523 centuplex
802 3454 1075 3510 decimatis
1091 3455 1288 3509 fruetus
1298 3465 1644 3519 accresceret,
1659 3465 1709 3511 et
1722 3456 1789 3510 od
1801 3472 1846 3511 ο

255 3544 307 3598 in
335 3558 656 3613 prost
678 3545 1018 3614 suffragante,
1042 3554 1259 3599 eatenus
1279 3544 1607 3614 eligerentur
1628 3545 1841 3614 singuli,

254 3639 438 3690 donec
480 3635 643 3690 simul
688 3636 1064 3704 colligerentur
1088 3636 1284 3702 electi,
1333 3651 1396 3691 ex
1441 3638 1844 3693 consuetudinis

255 3728 449 3782 debito
476 3727 649 3782 series
676 3727 827 3782 lecta:
858 3728 1120 3797 passionis
1144 3727 1420 3797 explicuit.

997 3817 1108 3871 Vll.

322 3908 503 3977 Cujus
518 3908 692 3962 aditus
709 3914 860 3963 nocte
884 3921 987 3961 non
1007 3907 1288 3973 clauditur,
1301 3907 1420 3977 quia
1439 3921 1542 3963 non
1572 3907 1842 3965 habetno-

254 4010 437 4064 ctem;
488 3998 642 4067 cujus
682 3997 824 4054 fores
869 4012 1083 4066 semper
1114 4008 1359 4068 paratas,
1409 4000 1566 4068 justis
1612 4003 1838 4069 patulas,

254 4092 443 4159 impiis
470 4090 796 4155 inaccessas,
820 4104 923 4144 non
946 4090 1205 4143 altu-ruant
1231 4091 1482 4157 claustra,
1508 4092 1602 4147 sed
1628 4092 1837 4148 merita.

255 4180 426 4248 Cujus
451 4179 852 4233 fundamentum
880 4178 1120 4233 Christus
1146 4188 1249 4244 est,
1275 4180 1407 4235 fides
1436 4182 1700 4246 machina,
1724 4197 1841 4237 mu-

256 4286 350 4325 rus
379 4285 619 4337 corona,
647 4270 989 4341 margaritum
1017 4282 1165 4341 porta
1186 4313 1201 4339 ,
1234 4288 1419 4328 aurum
1452 4268 1644 4342 platea,
1673 4291 1840 4346 agnus

258 4363 483 4415 lucerna
509 4400 524 4424 ,
555 4359 753 4415 chorus
787 4360 1041 4415 Ecclesia.
1095 4359 1191 4416 Cui
1230 4364 1366 4418 inter
1394 4363 1600 4419 divinas
1629 4366 1833 4431 laudes,

1952 1786 2225 1840 reticorum
2247 1787 2375 1841 nihil
2397 1806 2524 1856 esse,
2549 1806 2581 1843 a
2603 1801 2778 1845 sancto
2803 1793 2947 1845 Avito
2973 1795 3206 1863 epismpo
3243 1795 3532 1860 Viennensi,

1952 1876 2209 1929 Christum
2255 1876 2452 1931 Filium
2504 1878 2600 1933 Dei
2638 1892 2685 1933 et
2724 1881 2979 1948 Spiritum
3019 1895 3250 1938 sanctum
3287 1889 3531 1956 aequalem

1950 1965 2102 2020 Patri
2130 1969 2413 2038 confessus,
2444 1970 2575 2022 clam
2605 1978 2655 2023 ut
2685 1971 3048 2025 chrismaretur
3077 1976 3300 2038 expetiit.
3334 1977 3427 2030 Cui
3461 1981 3531 2031 ait

1948 2057 2189 2112 sacerdos
2219 2074 2237 2111 :
2266 2058 2318 2114 Si
2349 2074 2473 2117 vere
2498 2060 2677 2117 credis
2709 2060 2808 2116 hoc
2838 2061 2975 2133 quod
3010 2077 3105 2117 nos
3137 2064 3248 2132 ipse
3280 2066 3531 2123 Dominus

1948 2148 2181 2214 edocuit,
2212 2165 2529 2220 exsequere.
2564 2155 2651 2206 Ait
2676 2161 2856 2207 autem
2889 2170 2904 2207 :
2940 2154 2999 2208 Si
3029 2155 3138 2223 quis
3169 2171 3246 2208 me
3270 2157 3529 2226 confessus

1948 2242 2102 2308 fuerit
2142 2256 2317 2295 coram
2357 2242 2642 2295 hominibus
2662 2282 2677 2307 ,
2707 2242 2984 2308 conﬁtebor
3018 2253 3064 2297 et
3097 2260 3188 2315 ego
3216 2262 3331 2299 eum
3362 2264 3529 2302 coram

1950 2330 2107 2386 Patre
2134 2348 2265 2399 meo,
2294 2333 2378 2403 qui
2408 2341 2480 2386 est
2511 2334 2561 2386 in
2594 2334 2751 2387 cwlis.
2802 2333 2889 2389 Sic
2932 2343 2986 2389 et
3032 2335 3177 2405 ipsos
3212 2350 3426 2394 sancto:
3467 2358 3530 2396 ac

1948 2426 2172 2481 dilectos
2200 2440 2325 2481 suos
2355 2427 2537 2480 beatos
2580 2427 2852 2495 apostolos
2880 2441 3000 2481 cum
3031 2428 3098 2482 de
3129 2430 3313 2485 futura:
3344 2447 3528 2501 perse-

1947 2518 2181 2574 cutionis
2226 2517 2605 2573 tentationibus
2655 2512 2912 2584 doceret,
2962 2520 3251 2577 insinuavit
3298 2523 3526 2580 dicens:

1947 2609 2202 2665 Attendite
2222 2609 2356 2664 vobis
2378 2608 2440 2662 ab
2462 2608 2772 2663 hominibus.
2803 2609 3026 2665 Tradent
3054 2614 3186 2666 enim
3214 2631 3300 2670 vos
3328 2618 3378 2669 in
3404 2634 3529 2671 eon-

1946 2701 2098 2765 ciliis,
2130 2710 2177 2755 et
2198 2701 2250 2754 in
2269 2702 2541 2771 synagogis
2566 2700 2670 2754 suis
2696 2703 3027 2773 ﬂagellabant
3051 2720 3156 2769 vos,
3179 2713 3225 2758 et
3247 2714 3362 2760 ante
3389 2724 3528 2779 reges

1947 2802 1993 2847 et
2020 2793 2262 2863 prwsides
2290 2792 2483 2846 stabilis
2522 2802 2729 2861 propter
2770 2810 2849 2847 me
2898 2795 2950 2847 in
2979 2797 3316 2851 testimonium
3353 2800 3454 2855 illis
3481 2813 3529 2856 et

1945 2883 2196 2953 gentibus.
2224 2883 2304 2937 Tu
2333 2878 2461 2938 νειίο
2485 2898 2604 2938 cum
2636 2883 2709 2938 sis
2741 2900 2831 2939 rex
2850 2925 2865 2949 ,
2895 2895 2948 2939 et
2970 2901 2997 2938 a
3028 2888 3175 2942 nullo
3201 2890 3528 2959 apprehendi

1953 2972 2230 3037 formides,
2261 2971 2576 3027 seditionem
2605 2973 2848 3041 pavescis
2878 2975 3052 3043 populi
3078 3016 3092 3041 ,
3128 2992 3195 3031 ne
3223 2977 3526 3036 Creatorem

1873 3080 1920 3143 ρ
1951 3062 2187 3118 omnium
2216 3063 2267 3118 in
2299 3061 2509 3132 publico
2533 3062 2766 3117 fatearis.
2790 3062 3045 3135 Relinque
3072 3065 3208 3122 hanc
3230 3069 3525 3140 stultitiam,

1951 3166 1998 3207 et
2039 3153 2178 3223 quod
2207 3153 2372 3209 corde
2403 3161 2454 3208 te
2480 3154 2613 3208 dicis
2641 3153 2862 3209 credere
2882 3197 2896 3222 ,
2926 3171 3018 3211 ore
3054 3156 3231 3226 prefer
3266 3160 3315 3214 in
3352 3163 3524 3231 plebe.

1950 3244 2040 3298 Sic
2068 3246 2209 3297 enim
2240 3254 2295 3299 et
2331 3244 2518 3300 beatus
2548 3246 2836 3315 Apostolus
2865 3247 2938 3300 ait
2965 3265 2977 3300 :
3008 3246 3173 3303 Corde
3210 3254 3429 3307 creditur
3459 3257 3529 3308 ad

1937 3333 2195 3401 justitiam
2220 3373 2235 3398 ,
2281 3349 2367 3388 ore
2412 3342 2576 3387 autem
2620 3336 2871 3405 confessio
2897 3336 2955 3404 ﬁt
2982 3337 3050 3389 ad
3076 3338 3311 3394 salutem.
3358 3343 3448 3399 Sic
3477 3358 3529 3400 et

1949 3421 2204 3492 propheta
2248 3422 2323 3476 ait
2357 3439 2371 3476 :
2402 3422 2694 3491 Conﬁtebor
2738 3426 2869 3493 tibi,
2917 3426 3161 3495 Domine,
3206 3430 3259 3483 in
3302 3430 3529 3488 Ecclesia

1947 3526 2154 3580 magna,
2184 3512 2239 3565 in
2264 3512 2457 3583 populo
2483 3514 2625 3583 graui
2661 3515 2878 3569 laudabo
2905 3525 2970 3570 te.
3000 3517 3069 3572 Et
3094 3519 3282 3576 iterum
3313 3538 3326 3575 ε
3358 3524 3529 3593 Conﬁ-

1945 3601 2084 3655 tebor
2109 3602 2200 3657 tibi
2228 3603 2281 3655 in
2304 3604 2538 3673 populis,
2564 3603 2817 3672 Domine;
2856 3607 3108 3678 psalmum
3139 3612 3305 3665 dicam
3336 3617 3528 3669 nomini

1944 3700 2030 3746 tuo
2072 3694 2203 3746 inter
2242 3702 2436 3763 gentes.
2481 3695 2720 3750 Metuens
2766 3708 2945 3753 autem
2999 3702 3286 3769 populum,
3332 3719 3364 3757 ο
3406 3721 3523 3769 rex,

1945 3787 2161 3857 ignoras
2203 3787 2323 3856 quia
2365 3788 2530 3841 satius
2574 3800 2653 3843 cst
2691 3798 2747 3844 ut
2791 3792 3021 3860 populus
3068 3805 3321 3863 sequatur
3365 3796 3523 3852 ﬁdem

1943 3886 2086 3932 tuam
2107 3917 2121 3941 ,
2150 3891 2309 3946 quam
2341 3886 2396 3931 tu
2430 3878 2722 3933 infirmitati
2752 3879 2933 3934 faveas
2962 3884 3223 3950 populari.
3261 3884 3338 3938 Tu
3379 3887 3521 3941 enim

1943 3982 2001 4023 es
2028 3976 2189 4038 caput
2214 3968 2413 4037 populi,
2443 3982 2548 4022 non
2578 3970 2801 4038 populus
2824 3980 2980 4038 caput
3011 3979 3177 4026 tuum.
3206 3973 3259 4028 Si
3287 3975 3427 4027 enim
3454 3978 3522 4030 ad

1942 4058 2142 4113 bellum
2184 4058 2572 4126 proficiscaris,
2605 4069 2658 4111 tu
2691 4059 2948 4126 praecedis
2977 4069 3220 4116 catervas
3266 4062 3520 4131 hostium,

1940 4159 1994 4203 et
2025 4147 2131 4202 illa:
2158 4162 2266 4217 quo
2296 4147 2524 4213 abieris,
2556 4148 2971 4217 subsequuntur.
3016 4150 3166 4206 Unde
3195 4155 3385 4210 melius
3414 4170 3519 4225 est,

1941 4246 2001 4293 ut
2052 4247 2105 4295 te
2154 4237 2491 4308 prtecedente
2545 4246 2835 4307 agnoscant
2881 4239 3158 4296 veritatem
3193 4282 3209 4310 ,
3258 4260 3415 4315 quant
3468 4256 3523 4303 te

1942 4338 2198 4400 pereunte
2226 4336 2571 4399 permaneant
2599 4328 2650 4382 in
2687 4342 2896 4384 errore.
2940 4329 3069 4385 Nam
3106 4332 3243 4388 Deus
3272 4350 3376 4390 non
3401 4337 3522 4392 irri-

257 4451 439 4504 omuis
473 4417 655 4518 operis
685 4452 999 4505 necessitate
1032 4452 1238 4505 seclusa
1267 4492 1281 4517 ,
1319 4417 1438 4508 sola
1481 4417 1592 4508 erit
1620 4417 1834 4525 requies
1867 4431 1916 4493 θ
1941 4426 2118 4476 deum
2160 4420 2277 4474 Non
2314 4418 2453 4474 enim
2495 4417 2843 4525 ⁰ί¹1ξίῗί¹¹ιέ¹¹¹
2882 4422 2969 4490 qui
2993 4431 3514 4525 ,ωοΡῳτηίΫΠθἾωη

258 4542 543 4596 sinceritas
572 4540 817 4595 actionis.
864 4540 1026 4594 Multa
1054 4550 1216 4608 sunt,
1253 4542 1490 4612 piissime
1514 4546 1707 4614 praesul
1734 4589 1748 4613 ,
1778 4546 1833 4602 in

259 4632 518 4687 tribunali
546 4632 810 4701 aliquibus
834 4632 1042 4700 junior,
1083 4633 1136 4687 in
1181 4634 1371 4689 altario
1397 4637 1635 4691 omnium
1664 4638 1832 4707 prior,

260 4725 428 4779 multa
460 4732 623 4789 sunt,
666 4724 879 4793 inquam
907 4764 920 4787 ,
960 4725 1011 4778 in
1054 4725 1304 4793 operibus
1334 4727 1436 4781 tuis
1458 4767 1474 4793 ,
1505 4729 1698 4797 quibus
1738 4744 1838 4786 nos

259 4816 523 4869 hactenus
543 4815 744 4883 gratias
768 4815 1015 4871 debuisse
1040 4816 1297 4871 dicamus.
1329 4817 1486 4872 Ditati
1508 4819 1684 4887 donis,
1708 4834 1836 4889 pau-

262 4921 423 4976 peres
454 4908 652 4973 verbis,
684 4906 1013 4976 percepimus
1037 4923 1245 4979 magna,
1268 4924 1433 4978 pauca
1464 4911 1833 4979 persolvimus.

257 4998 478 5051 Urnasti
510 4998 764 5052 ecclesias
794 5007 908 5051 tu.:s
947 5012 1192 5067 gaearum
1222 5000 1465 5064 cumulo,
1495 5015 1717 5056 numero
1740 5015 1837 5072 po-

256 5092 534 5158 pulorum.
564 5088 812 5144 Struxisti
841 5089 1137 5158 sumptibus
1166 5106 1284 5159 quae
1313 5091 1621 5147 muneribus
1649 5107 1835 5149 cumu-

258 5181 405 5234 lares
454 5178 665 5234 altaria.
722 5180 999 5249 Nunquam
1050 5180 1262 5251 quidem
1308 5181 1628 5237 contulimus
1672 5185 1833 5242 verba

333 5370 361 5397 ι
404 5359 480 5413 De
522 5359 623 5414 hoc
664 5359 957 5431 fragmento
999 5358 1306 5431 Ruinartius
1346 5358 1398 5413 in
1426 5358 1573 5431 Actis
1611 5359 1828 5431 Martyr.

255 5431 402 5485 sinc.
436 5445 557 5500 pag.
585 5431 691 5484 πε
720 5429 1079 5500 ediLUVeron.
1098 5470 1115 5497 ,
1149 5430 1201 5482 in
1230 5427 1591 5500 admonitione
1616 5430 1679 5483 ad
1714 5427 1834 5496 pas-

256 5498 471 5553 sionem
504 5498 809 5569 sanctorum
842 5498 1076 5569 Mauricii
1105 5507 1159 5553 et
1190 5498 1455 5569 sociorum
1486 5501 1601 5569 ejus
1626 5510 1832 5569 marty-

258 5585 385 5622 rum
419 5570 532 5622 hate
560 5569 721 5621 habet
765 5567 793 5637 ᾗ
833 5567 868 5619 2
908 5584 921 5618 :
968 5586 986 5619 ι
1021 5568 1734 5637 Fragmentumhujusmodi
1765 5567 1830 5624 ex

258 5638 650 5708 antiquissimis
688 5638 741 5690 in
782 5638 979 5692 cortice
1007 5640 1236 5695 exaratis
1261 5636 1471 5695 seltedis
1500 5637 1832 5694 bibliotheca:

512 5726 761 5785 Pauor.
830 5725 986 5786 LIX.

1940 4527 2160 4582 regnum
2183 4526 2304 4568 eum
2328 4525 2431 4565 non
2455 4511 2740 4566 contitetur
2766 4512 2817 4565 in
2848 4514 3063 4567 steculo.
3088 4513 3195 4568 Ista
3216 4516 3302 4569 ille
3323 4518 3522 4573 ratione

1941 4608 2212 4674 confusus,
2250 4619 2408 4672 usque
2444 4601 2513 4655 ad
2561 4604 2754 4656 exitum
2798 4604 2913 4657 vita:
2950 4620 3056 4660 sua:
3090 4606 3143 4658 in
3181 4608 3277 4660 hac
3319 4612 3519 4666 itteania

1944 4694 2275 4765 perduravit,
2321 4708 2412 4746 nec
2461 4692 2658 4763 publice
2685 4695 3023 4764 wqualitatem
3070 4695 3331 4754 Trinitatis
3360 4702 3521 4757 voluit

1945 4785 2193 4853 conﬁteri.

2017 4895 2352 4969 (Agobardus
2386 4896 2441 4951 in
2471 4895 2607 4952 libro
2636 4896 2704 4951 de
2742 4896 2970 4952 Picturis
2998 4905 3052 4952 et
3079 4895 3448 4973 Imaginibus.)

2014 5007 2113 5063 His
2134 5010 2202 5062 ita
2220 5024 2273 5062 se
2293 5008 2609 5073 habentibus,
2631 5018 2703 5063 est
2722 5010 2900 5063 modus
2920 5009 3122 5077 diuina,
3136 5011 3236 5067 sive
3255 5014 3517 5084 angelica,

1941 5099 2186 5154 ueletiam
2218 5099 2457 5153 humana:
2484 5099 2681 5171 gloriae,
2713 5099 2840 5154 sicut
2869 5100 3093 5153 Alcimus
3121 5101 3297 5158 Avitus
3323 5106 3522 5173 episco-

1943 5208 2039 5261 pus
2083 5190 2376 5245 Viennensis
2413 5191 2464 5244 in
2490 5191 2731 5262 dialogo,
2770 5191 2854 5245 ubi
2891 5207 3007 5245 cum
3046 5190 3364 5249 Gundobado
3402 5213 3518 5266 rege

1938 5360 2206 5415 Thuanea:
2248 5354 2534 5427 descripsit
2575 5359 2656 5429 vir
2682 5373 2849 5413 sacra:
2880 5359 3210 5429 antiquitatis
3241 5360 3520 5415 studiosis-

1937 5432 2114 5500 simus
2138 5430 2388 5500 Jacobus_
2407 5428 2741 5500 Sit-mundus.
2791 5429 2896 5482 Has
2925 5428 3104 5485 autem
3140 5431 3365 5486 schedas
3395 5447 3516 5500 quze

1894 5546 1895 5549 η
1938 5502 1990 5553 itt
2016 5499 2333 5552 biblimheca
2361 5498 2519 5565 Regia
2546 5499 2703 5552 modo
2724 5510 3091 5567 asservantur,
3117 5508 3326 5555 vwente
3343 5498 3519 5554 azlltuc

1939 5567 2095 5640 Avito
2120 5610 2135 5635 ,
2167 5577 2259 5640 aut
2284 5567 2665 5640 saltem‘paulo
2694 5576 2812 5637 post
2856 5569 3026 5640 ipsius
3063 5571 3265 5625 obitum
3312 5569 3517 5640 scripta

1938 5637 2104 5694 fuisse
2127 5635 2390 5692 afﬁrmant
2414 5635 2616 5706 qui'eas
2639 5635 2978 5708 inspexerunt
3003 5642 3099 5694 viri
3125 5635 3452 5706 peritissimi.
3488 5661 3508 5696 ι

3090 5729 3165 5791 10
