4024 6172
483 235 589 292 299

1744 227 1798 281 S.
1841 225 2026 280 AVlTl
2066 224 2464 281 VIENNENSIS

3674 227 3774 282 3CD

483 353 736 422 loquitur,
773 347 894 402 dicit
922 363 942 401 »:
971 345 1104 402 Illud
1136 353 1315 402 tamen
1352 344 1494 416 quod
1521 343 1589 399 ab
1627 343 1932 414 aequalitate
1965 357 2074 398 οων
2103 344 2149 402 Α
2178 341 2476 422 singillatim
2513 419 2519 422 _
2549 340 2724 422 ordine
2768 340 3016 422 describit
3039 380 3058 422 ._
3104 340 3237 392 Aviti
3292 355 3486 422 quoque
3534 354 3773 422 operum,

482 442 630 498 testis
659 437 840 509 glorias
868 438 1080 496 Patrem
1107 446 1161 494 et
1191 436 1404 502 Filium,
1434 435 1656 506 perinde
1686 444 1742 490 ut
1770 428 2070 490 creaturam

479 535 774 605 angelicam
805 531 1162 595 secludentes,
1193 528 1476 600 quamdam
1523 527 1654 582 mihi
1682 525 1937 581 invidiam
1969 524 2073 580 illi-

480 628 584 682 cite
625 625 875 695 supernis
925 621 1211 677 virtutibus
1257 620 1422 676 delati
1480 620 1699 674 honoris
1757 617 2067 685 obtenditis,

479 719 718 773 dicentes
750 735 766 772 :
799 716 940 785 Ergo
964 722 1018 770 et
1040 713 1242 783 angelis
1269 723 1428 782 atque
1458 711 1816 779 archangelis,
1849 719 1906 765 et
1927 725 2074 779 qua:-

479 825 688 879 cunque
715 809 769 862 in
791 808 1018 863 excelsis
1042 814 1185 872 sunt,
1211 804 1434 875 gloriam
1459 802 1602 858 ferre
1627 802 1924 856 debemus:
1951 799 2074 855 licet

477 904 700 958 minime
729 902 999 971 pertinent
1027 899 1094 954 ad
1120 913 1334 954 causam
1362 937 1376 963 ,
1411 899 1574 953 etiam
1603 897 1666 949 ad
1697 909 1935 965 praiseus
1967 909 2071 950 non

477 998 698 1052 omnino
725 996 802 1050 sic
829 1008 1018 1059 renuo,
1042 993 1190 1062 quasi
1221 1001 1482 1046 creatura:
1508 989 1722 1044 sublimi
1750 996 1906 1058 atque
1935 1002 2073 1057 prte-

477 1090 638 1144 stanli
683 1089 910 1158 gloriam
958 1087 1097 1140 ferre
1141 1088 1444 1140 timeamus.
1492 1083 1584 1136 Est
1615 1082 1814 1151 quippe
1854 1079 2068 1143 divinae,

477 1191 560 1235 est
589 1179 862 1248 angelicae,
889 1186 972 1233 est
998 1177 1160 1233 etiam
1188 1176 1432 1229 humana:
1461 1174 1644 1244 gloria:
1674 1171 1882 1237 modus,
1911 1185 2070 1241 quem

477 1275 530 1328 in
557 1274 737 1327 multis
765 1270 1160 1340 Scripturarum
1185 1268 1317 1322 locis
1343 1266 1668 1330 invenimus,
1691 1272 1745 1319 et
1765 1273 2068 1318 sant-torum

480 1364 684 1420 meritis
712 1405 726 1429 ,
772 1373 827 1418 et
865 1362 1104 1430 apicibus
1137 1374 1322 1429 regum
1367 1357 1483 1411 sine
1521 1357 1650 1408 vitio
1690 1352 2071 1409 assentationis

479 1457 698 1511 ascribi.
725 1457 853 1521 Quae
879 1458 1021 1509 enim
1055 1455 1192 1507 inter
1215 1451 1458 1506 homines
1488 1449 1654 1517 prima
1686 1448 1878 1519 gloria,
1902 1447 2070 1517 gloria

480 1553 592 1606 haec
617 1559 697 1605 est
726 1548 974 1604 omnibus
1001 1545 1198 1601 sanctis
1228 1544 1375 1614 ejus;
1407 1551 1461 1598 et
1489 1544 1540 1596 in
1571 1539 1858 1609 Evangelio
1890 1539 2070 1593 Domi-

479 1657 580 1698 nus
629 1642 793 1705 dicit,
841 1639 981 1709 quod
1034 1652 1131 1692 nec
1178 1633 1433 1692 Salomon
1481 1633 1534 1688 in
1581 1633 1725 1687 omni
1773 1630 1940 1701 gloria
1971 1643 2067 1684 sua

2180 409 2351 463 eorum
2393 410 2643 463 duntaxat
2692 412 2778 474 qui
2833 409 2986 464 Pauli
3041 411 3210 462 locum
3259 412 3479 478 aliquem
3531 418 3777 470 tractant.

2177 491 2436 552 segmenta
2479 481 2656 533 ultimo
2701 480 2906 533 tandem
2948 481 3058 534 loco
3096 480 3278 549 d'gerit
3306 483 3355 532 in
3379 479 3514 531 hunc
3545 481 3776 532 ntodum.

2771 589 3179 646 SENTENTIA“.

2181 700 2248 738 EX
2301 698 2554 739 EPISTOLA
2610 699 2763 738 ΒΕΑΠ
2814 699 2967 737 ΡΑυιι
3018 697 3267 737 Λροετοιι
3314 698 3378 735 AD
3431 695 3697 740 κοὶιλκοξ,
3747 698 3773 734 Α

2177 769 2376 808 δΑΝΟΤΟ
2429 771 2492 807 ΕΤ
2551 769 2938 808 ιιιυετῐιιδςηιο
2994 769 3236 807 υοετοιιε
3291 768 3555 806 Εεοιεειλε
3615 768 3769 805 Αγιῑο

2299 840 2552 880 EPISCOPO
2583 840 2889 878 V‘lENNENSIS
2921 839 3192 878 EXPOSITJ'I
3227 839 3395 886 ATQUE
3435 839 3500 875 EI
3540 837 3660 875 EJL'S

2499 909 2776 950 OPUSCULIS
2826 911 2874 948 IN
2925 910 3155 947 ORDINEM
3205 909 3463 948 D‘GESTIE.

2249 1005 2300 1060 I.
2364 1008 2466 1076 Qui
2515 1013 2680 1078 factns
2717 1016 2791 1062 est
2842 1010 2888 1062 ei
2933 1023 2996 1062 ea:
3041 1008 3234 1062 semine
3276 1005 3442 1059 Dauid
3491 1005 3771 1059 secundant

2178 1113 2404 1151 carnem.

2245 1188 2332 1244 II.
2378 1189 2446 1245 Ut
2485 1192 2550 1244 sit
2581 1206 2722 1256 pater
2752 1190 3151 1244 circumcisionis
3186 1198 3235 1242 et
3279 1189 3343 1243 sit
3379 1198 3523 1257 pater
3557 1188 3769 1240 creden-

2173 1280 2298 1334 tium
2327 1297 2416 1348 per
2444 1282 2780 1350 praeputium.

2245 1369 2364 1426 III.
2404 1371 2574 1442 Igitur
2593 1373 2723 1426 sicut
2751 1389 2838 1440 per
2865 1388 3024 1425 unum
3048 1371 3298 1424 hominem
3326 1371 3376 1423 in
3403 1386 3578 1422 omnes
3605 1369 3765 1420 homi-

2171 1478 2260 1517 nes
2289 1463 2342 1516 in
2373 1463 2862 1524 condemnationem,
2903 1463 2977 1516 ita
3018 1472 3065 1516 et
3104 1477 3191 1530 per
3223 1479 3381 1514 unum
3411 1462 3669 1514 hominem
3703 1462 3756 1513 in

2171 1571 2342 1610 omnes
2372 1555 2598 1609 homines
2621 1556 2673 1608 in
2693 1555 3153 1624 justiﬁcationem.

2247 1645 2272 1700 Ι
2290 1645 2354 1700 γ.
2400 1647 2535 1700 Nam
2564 1648 2686 1716 quid
2715 1662 2915 1700 oremus
2940 1647 3070 1699 sicut
3102 1655 3318 1711 Oportet,
3351 1646 3622 1698 nescimus.

478 1736 555 1788 sic
604 1733 823 1788 vestitus
865 1737 949 1784 est
996 1730 1132 1784 sicut
1189 1727 1286 1782 lilii
1339 1724 1588 1781 flosculus
1625 1723 1804 1794 Specie
1846 1720 2072 1777 naturali
2109 1706 2147 1764 Β
2254 1737 2322 1791 γ⁶
2364 1706 2640 1804 Quich-dm
2671 1739 2876 1807 ρνορνίο
2899 1735 3038 1790 Fmo
3067 1706 3159 1790 mg
3183 1753 3282 1789 ηοη
3306 1706 3548 1806 ῥερενεη.

480 1827 693 1894 (Matth.
714 1841 783 1887 Vl,
815 1823 930 1892 29).

479 1914 815 1986 (Agobardus
841 1913 978 1966 idem
1004 1912 1055 1964 in
1079 1910 1214 1964 libro
1234 1909 1490 1964 adversus
1511 1908 1682 1978 legem
1707 1905 2073 1975 Gundobadi.)

551 2009 688 2074 Qui!
722 2008 765 2060 is
779 2019 816 2059 'e
845 2002 1161 2059 venerandus
1188 2011 1234 2056 et
1261 2011 1465 2055 sanctus
1495 2002 1573 2054 vir
1601 2015 1734 2069 περι
1765 1999 1898 2052 dicto
1923 1996 2072 2050 Gun-

478 2103 673 2157 rlebado
705 2100 766 2153 de
794 2097 1102 2167 supradic:is
1131 2095 1486 2149 certaminibus
1513 2095 1863 2164 responderit,
1893 2093 2075 2146 audiat

478 2199 520 2248 si
550 2194 714 2264 placet
759 2189 1038 2261 benignitas
1068 2199 1250 2240 vestra.
1284 2186 1412 2240 Cum
1442 2187 1505 2238 de
1541 2187 1618 2240 his
1649 2187 1780 2239 inter
1807 2196 2076 2252 utrumque

478 2302 638 2340 sermo
667 2290 823 2346 esset,
855 2291 900 2334 et
927 2279 1100 2331 beatus
1130 2278 1304 2330 Avitus
1342 2278 1464 2330 talia
1498 2278 1775 2330 certamina
1805 2274 2072 2345 reprehen-

479 2380 614 2432 deret
635 2419 648 2440 ,
678 2373 940 2442 respondit
973 2373 1014 2424 ei
1048 2370 1400 2423 Gundobadus
1432 2385 1451 2422 :
1481 2369 1616 2435 Quid
1650 2379 1729 2422 est
1760 2367 1899 2436 quod
1935 2369 2073 2421 inter

478 2487 520 2524 r.
541 2484 640 2538 gna
669 2476 720 2522 et
752 2473 960 2536 gentes,
994 2471 1044 2515 et
1074 2461 1234 2515 etiam
1268 2461 1407 2515 inter
1441 2475 1694 2528 penonas
1719 2474 1862 2527 saepe
1891 2458 2073 2528 singu-

479 2564 580 2630 las,
617 2557 930 2613 dirimendo
963 2555 1156 2623 proeliis
1186 2569 1360 2609 causa)
1391 2553 1572 2608 divino
1595 2554 1797 2622 judicio
1827 2557 2072 2608 commit-

479 2656 703 2717 tuntur,
757 2657 809 2704 et
856 2648 904 2702 ei
958 2645 1186 2700 maxime
1229 2647 1364 2715 parti
1411 2646 1496 2699 cui
1537 2645 1743 2713 iustitia
1793 2646 2068 2713 coznpetit,

479 2747 700 2799 victoria
727 2738 998 2796 succedit?
1020 2738 1097 2790 Ad
1119 2737 1254 2804 quod
1276 2737 1448 2790 beatus
1474 2737 1649 2789 Auitus
1671 2736 1841 2788 intulit
1863 2737 2069 2790 dicens:

480 2838 537 2892 Si
565 2835 824 2900 divinum,
847 2833 1085 2902 inquam,
1107 2830 1391 2900 judicium,
1420 2841 1665 2900 regnaet
1691 2839 1878 2901 gentes
1911 2845 2072 2901 expe-

479 2938 657 2986 terent
682 2970 694 2994 ,
727 2927 855 2982 illud
897 2927 1047 2997 prius
1091 2924 1233 2994 quod
1283 2924 1536 2979 scribitur
1567 2924 1916 2978 formidarent
1941 2968 1954 2992 ,
1989 2924 2071 2977 di-

479 3031 635 3079 cente
684 3017 963 3075 Psalmista
1016 3036 1028 3070 :
1080 3017 1285 3086 L‘issipa
1330 3025 1499 3086 gentes
1552 3033 1666 3084 qua:
1718 3017 1849 3070 bella
1899 3016 2071 3070 volunt

2254 1826 2354 1882 VI.
2397 1827 2529 1881 Item
2558 1828 2620 1881 de
2647 1828 2842 1882 eodem.
3721 1891 3730 1900 _

2254 1918 2387 1972 VII.
2433 1917 2685 1988 Optabam
2724 1934 2814 1987 ego
2851 1919 2963 1989 ipse
3009 1917 3285 1972 anathema
3325 1931 3432 1970 esse
3479 1934 3512 1970 a
3557 1915 3761 1971 Christo

2178 2026 2270 2080 pro
2301 2009 2546 2077 fratribus
2575 2011 2719 2063 meis.

2260 2099 2422 2153 VIII.
2469 2100 2699 2167 Quorum
2733 2109 2925 2168 patres,
2949 2107 2995 2154 et
3021 2115 3084 2154 ea:
3105 2099 3282 2168 quibus
3309 2099 3541 2153 Christus
3573 2117 3757 2154 secun-

2176 2194 2299 2246 dum
2327 2209 2550 2260 carnem,
2589 2203 2694 2246 etc.

2248 2285 2352 2338 IX.
2389 2283 2431 2337 0
2455 2283 2674 2337 altitudo
2703 2283 3004 2337 divitiarum
3031 2283 3295 2351 sapientia:
3325 2293 3367 2335 et
3397 2284 3623 2338 scientia:
3645 2282 3768 2338 Dei!

2247 2378 2318 2430 Χ.
2362 2375 2523 2430 Omne
2546 2375 2681 2445 quod
2713 2392 2814 2429 non
2844 2385 2917 2428 est
2943 2391 3007 2430 ea:
3027 2376 3136 2444 ﬁde
3167 2385 3429 2446 peceatum
3461 2384 3554 2428 est.

2248 2466 2352 2521 XI.
2399 2466 2466 2520 Ut
2491 2483 2577 2534 per
2607 2467 2907 2537 patientiam
2939 2476 2983 2520 et
3018 2467 3414 2521 consolationem
3458 2465 3758 2534 Scriptura.

2175 2577 2288 2614 rum
2316 2577 2453 2630 spem
2483 2559 2779 2614 habeamus.

2498 2745 2599 2816 (Es
2646 2743 2797 2798 libris
2841 2745 3036 2798 Contra
3075 2743 3444 2812 Pliantasma.)

2260 2835 2383 2890 Ideo
2416 2836 2467 2889 in
2505 2835 2680 2905 capite
2708 2836 2986 2890 dominica
3017 2836 3376 2905 generationis
3408 2835 3565 2890 toties
3599 2834 3762 2888 David

2177 2927 2453 2996 Scriptura
2489 2937 2894 2990 commemorat,
2939 2935 2999 2981 ut
3035 2941 3157 2981 cum
3205 2927 3432 2995 patuerit
3473 2927 3672 2980 vetitas
3700 2925 3766 2979 de

2188 3032 2426 3087 auctore,
2460 3020 2600 3074 nulla
2635 3023 2802 3088 possit
2840 3019 3098 3074 dubitatio
3124 3034 3245 3074 esse
3278 3019 3342 3072 de
3372 3018 3579 3072 sobole.
3634 3017 3764 3070 Nam

479 3114 650 3189 (l’sal.
681 3129 820 3168 van
848 3156 861 3180 ,
893 3113 1004 3181 3|).
1060 3110 1128 3165 Et
1171 3079 1298 3164 illud
1330 3079 1627 3180 "diligere-nt
1665 3110 1802 3180 quod
1851 3110 2070 3179 perinde
2099 3079 2144 3142 Ο
2194 3121 2250 3165 ut
2276 3079 2545 3166 taceamus
2575 3079 2725 3178 illud,
2753 3111 2892 3180 quod
2921 3110 2978 3164 in
3012 3111 3312 3179 Evangeliis
3341 3110 3446 3163 duo
3485 3110 3614 3162 caeci
3664 3123 3766 3162 una

479 3207 673 3262 dicitur
707 3223 719 3258 :
756 3203 886 3258 Mihi
912 3203 1209 3268 vindictam,
1235 3218 1324 3277 ego
1346 3203 1645 3269 retribuam,
1669 3203 1792 3256 dicit
1823 3201 2070 3256 Dominus

483 3299 659 3368 (llam.
691 3313 787 3362 xu,
818 3295 928 3366 19).
957 3298 1034 3349 An
1060 3293 1196 3348 forte
1220 3294 1336 3348 sine
1363 3295 1480 3349 telis
1502 3305 1557 3348 et
1578 3293 1766 3363 gladiis
1786 3309 2069 3348 causarum

481 3399 659 3444 motus
693 3387 915 3456 aequitas
953 3399 1183 3455 superna
1232 3399 1338 3437 non
1380 3383 1587 3452 judicat
1610 3424 1623 3448 ,
1655 3398 1775 3437 cum
1805 3399 1946 3453 saepe
1969 3424 1982 3448 ,
2015 3392 2072 3438 ut

481 3480 772 3544 cernimus,
802 3492 924 3545 pars
947 3486 1037 3529 aut
1063 3476 1205 3544 juste
1227 3483 1436 3540 tenens,
1469 3485 1559 3528 aut
1581 3475 1719 3542 juSta
1750 3475 2068 3541 deposcens,

483 3571 692 3626 laboret
729 3569 782 3621 in
825 3555 1055 3634 proeliis,
1094 3575 1149 3618 et
1181 3564 1469 3633 praevaleat
1508 3565 1701 3634 iniquae
1740 3566 1909 3634 partis
1933 3606 1947 3632 ,
1988 3564 2071 3618 vel

483 3660 728 3732 superior
759 3657 1036 3722 fortitudo,
1068 3657 1152 3712 vel
1185 3657 1375 3710 furtiva
1403 3657 1712 3724 subreptio?

744 3749 1080 3824 (Agobardns
1111 3749 1252 3803 idem
1283 3750 1420 3803 libro
1450 3749 1518 3805 de
1547 3749 1822 3820 Pictoris.)

557 3845 704 3900 Sicut
737 3845 960 3897 Alcimus
998 3843 1172 3894 Avitus
1211 3843 1479 3910 episwpus
1517 3841 1815 3896 Viennensis
1842 3839 2068 3913 dialogo,

484 3939 572 3992 ubi
610 3955 721 3991 cum
748 3935 1071 3991 Gundobado
1103 3950 1215 4006 rege
1244 3935 1502 4002 loquitur,
1543 3935 1665 3987 dicit
1696 3951 1714 3988 :
1745 3935 1842 3989 Est
1878 3937 2072 4006 quippe

485 4030 721 4095 divin'm,
776 4037 859 4083 est
909 4027 1198 4097 angelicat,
1251 4036 1332 4080 est
1375 4026 1534 4081 etiam
1589 4027 1836 4082 humanae
1890 4029 2073 4098 gloriae

485 4121 695 4178 modus.

1111 4207 1448 4265 LECTORI.

554 4305 672 4357 Alia
703 4313 813 4372 post
843 4303 948 4357 haec
979 4303 1297 4356 diversorum
1334 4301 1469 4354 Aviti
1513 4318 1720 4371 aperum
1772 4303 1995 4372 plurima
2025 4313 2073 4359 et

485 4375 709 4428 illustria
761 4378 1044 4442 fragmenta
1097 4373 1444 4442 suppeditavit
1501 4375 1644 4426 nobis
1684 4389 1745 4425 ea:
1787 4373 2074 4429 Curi/msice

486 4444 543 4498 Μ
548 4446 706 4512 ajoris
733 4440 1100 4512 bibliotheca}
1127 4443 1284 4512 code;
1304 4440 1668 4512 Floridiaconi
1697 4443 1942 4497 Ecclesia:
1969 4445 2074 4497 Lu-
2103 4445 2154 4504 D

481 4510 782 4584 gduncnsis,
842 4515 898 4566 in
935 4529 1041 4584 quo,
1079 4511 1210 4584 beati
1246 4511 1402 4562 Pauli
1433 4510 1693 4581 Epistolas
1741 4531 1804 4566 ea:
1843 4524 2067 4569 veterum

480 4581 678 4655 aliquot
705 4585 917 4655 Patrum
944 4581 1145 4655 scriptis
1180 4596 1444 4655 exponere
1479 4599 1770 4654 aggressus,
1821 4596 1933 4648 rost
1965 4585 2066 4655 Cy-

480 4649 678 4722 priani,
703 4651 916 4720 Hilarii,
948 4649 1210 4722 Fulgentii
1255 4649 1576 4722 aliorumque
1600 4655 1895 4722 sententias,
1938 4649 2066 4726 quas

557 4902 586 4932 ι
652 4892 866 4962 Magnas
912 4891 1048 4964 huic,
1093 4891 1264 4964 codici
1327 4891 1525 4964 gratias
1565 4892 1868 4964 debemus,
1915 4895 2070 4964 cujus

485 4964 751 5020 beneﬁcio
799 4971 875 5018 tot
913 4962 1053 5017 Aviti
1098 4963 1353 5016 librorum
1385 4962 1627 5030 reliquiae
1650 4964 1714 5016 ad
1749 4979 1847 5018 nos
1879 4962 2071 5031 perve-

397 5079 410 5088 .
486 5045 703 5090 nerunt.
737 5033 859 5087 limo
882 5047 1042 5102 porro
1069 5033 1214 5086 Flori
1255 5033 1514 5104 magistri,
1558 5035 1635 5086 sic
1664 5033 1807 5088 enim
1835 5036 2071 5104 appella-

487 5118 576 5160 tus
605 5115 704 5170 θμι,
755 5105 1026 5173 expositio
1075 5103 1443 5173 ianpistolas
1486 5104 1541 5157 S.
1578 5104 1726 5158 Pauli
1773 5120 1839 5159 ex
1872 5103 2070 5162 decem

488 5177 727 5246 otnnium
774 5172 1022 5229 Patribus
1073 5172 1302 5246 delibata
1351 5182 1453 5238 est,
1500 5174 1788 5246 Cypriane,
1844 5176 2064 5246 Hilario,

489 5190 727 5229 omnium
774 5190 1022 5229 t'atrtnus
1073 5190 1302 5227 aeltttuta
1351 5190 1453 5238 οδε,
1500 5190 1788 5299 υέιιῐιωιο,
1844 5190 2064 5246 llllat‘IO,

489 5244 793 5305 Ambrosio.
846 5246 1096 5309 Paciano,
1147 5243 1489 5312 Hieronymo,
1563 5245 1774 5313 ‘phrem
1815 5247 2069 5314 diacono,

490 5316 733 5381 Paulino,
762 5315 942 5371 Leone
971 5330 1126 5386 papa,
1161 5314 1440 5381 Fulgentio
1470 5323 1524 5370 et
1555 5316 1731 5371 Avito.
1768 5317 1892 5372 P05t
1924 5317 2067 5373 hunc

492 5386 709 5452 librum,
732 5385 980 5455 sequitur
999 5386 1050 5439 in
1079 5385 1268 5439 eodem
1298 5386 1485 5439 codice
1510 5386 1830 5451 Carthusiaa,
1866 5388 2000 5442 liber
2029 5403 2066 5442 tt

492 5457 632 5512 Flori
658 5458 919 5528 ejusdem,
954 5456 1020 5528 de
1049 5456 1204 5528 blissa
1226 5466 1277 5528 et
1307 5456 1373 5528 de
1399 5455 1522 5512 aliis
1546 5458 1861 5528 quihusdam
1891 5460 2066 5512 eccle-

489 5525 718 5584 siasticis
750 5525 1188 5583 institutionibus.
1225 5525 1281 5579 In
1305 5526 1411 5581 alio
1440 5525 1576 5584 vero
1593 5528 1833 5596 ejusdem
1866 5528 2064 5582 biblio-

492 5599 662 5653 thecm
691 5600 983 5662 volumine,
1035 5598 1287 5665 operibus
1333 5598 1520 5652 lreuzei
1555 5601 1765 5664 praeﬁxa
1809 5610 1887 5655 est
1917 5596 2068 5655 Flori

494 5668 750 5738 prmlatio,
786 5685 905 5728 cum
937 5666 1159 5740 epistola
1187 5667 1472 5736 Agttbardi.
1518 5669 1766 5739 Ejusdem
1801 5679 2065 5741 prmterca

2187 3205 2535 3259 consonantis
2566 3203 2686 3256 lidei
2720 3218 2852 3257 voce
2877 3201 3215 3257 clamabant:
3254 3201 3489 3256 Miserere
3509 3202 3626 3266 mei,
3663 3199 3768 3253 Do-

2179 3296 2338 3358 mine,
2369 3293 2444 3360 ﬁli
2471 3293 2639 3347 David
2671 3293 2883 3362 (Matth.
2915 3309 3001 3358 xv,
3027 3292 3142 3361 2'2),
3176 3293 3405 3346 scientes
3434 3292 3501 3346 de
3543 3291 3768 3359 patriar-

2179 3387 2278 3440 cha
2322 3385 2558 3454 genitum
2611 3397 2754 3439 ret-te
2807 3387 3078 3440 hominem
3117 3384 3286 3448 credi,
3326 3396 3378 3439 et
3410 3385 3763 3438 nihilominus

2181 3476 2454 3532 fructuosa
2477 3479 2746 3531 miserenti
2781 3479 2890 3533 Deo
2937 3494 3034 3547 pro
3073 3477 3302 3532 sanitate
3341 3477 3599 3530 luminum
3638 3491 3770 3543 sup-

2179 3569 2363 3638 plicari
2400 3586 2412 3620 :
2458 3568 2575 3636 quis
2613 3568 2917 3623 evidentius
2954 3584 3117 3638 quam
3159 3583 3381 3623 saueius
3426 3569 3625 3622 Paulus
3667 3568 3770 3621 hoc

2179 3658 2452 3727 esplicat?
2483 3657 2790 3729 Segregatus
2817 3661 2868 3712 in
2901 3659 3203 3728 Evangelio,
3238 3661 3423 3728 inquit,
3475 3658 3593 3722 Dei,
3636 3659 3770 3712 sicut

2181 3758 2297 3802 ante
2328 3750 2625 3811 promiserat
2649 3751 2706 3802 in
2731 3750 3015 3819 Scripturis
3035 3751 3222 3803 sanctis
3246 3766 3334 3820 per
3353 3749 3628 3820 pret-hctus
3649 3766 3772 3803 suos

2179 3842 2241 3894 de
2273 3839 2415 3893 Filio
2446 3856 2560 3906 suo,
2591 3841 2677 3909 qui
2709 3845 2876 3908 {actus
2901 3849 2973 3894 est
2996 3843 3042 3894 ei
3072 3857 3133 3894 ea:
3163 3843 3354 3895 semine
3392 3840 3558 3893 David
3587 3857 3774 3894 secun-

2181 3931 2303 3985 dum
2327 3948 2529 3985 carnem
2557 3933 2734 4003 (Rom.
2766 3949 2805 3999 ι,
2840 3935 2889 3997 1,
2918 3933 2998 4003 ἓ).
3042 3935 3285 3989 Asscruit
3313 3934 3578 4004 duplicem
3613 3935 3774 4004 plena

2179 4023 2545 4092 descriptione
2570 4033 2838 4078 naturam.
2885 4025 3056 4080 Unam
3080 4025 3134 4078 in
3162 4041 3262 4094 qua
3301 4027 3593 4080 secundum
3625 4025 3775 4080 divi-

2179 4115 2404 4168 nitatem
2438 4112 2609 4167 factor
2635 4123 2716 4168 est
2741 4116 3005 4180 omnium,
3048 4122 3103 4169 et
3130 4116 3355 4170 alteram
3388 4117 3438 4169 in
3465 4129 3568 4185 qua
3595 4113 3776 4169 laetus

2177 4217 2258 4264 est
2286 4223 2350 4263 ex
2382 4208 2587 4262 semine
2617 4207 2781 4261 David
2812 4208 3103 4263 secundum
3131 4224 3372 4262 carnem.
3424 4208 3478 4262 In
3525 4222 3766 4277 quarum

2179 4309 2368 4354 neutra
2393 4299 2691 4353 substantia
2716 4301 2950 4369 suspicio
2991 4308 3166 4367 potest
3197 4299 3582 4368 phantasmutis
3611 4300 3777 4352 inve-

2183 4392 2285 4446 niri
2311 4409 2324 4455 ;
2351 4390 2470 4460 quia
2512 4391 2651 4445 sicut
2688 4406 2782 4460 per
2810 4406 2868 4446 se
2897 4391 3184 4444 invisibilis
3210 4401 3332 4445 erat
3364 4390 3614 4444 divinitas
3646 4404 3776 4459 qua:

2184 4480 2539 4535 inclinabatur
2563 4495 2594 4535 e
2625 4484 2785 4548 coelo,
2833 4483 2904 4535 ita
2926 4482 2994 4537 de
3027 4481 3189 4536 David
3223 4481 3390 4546 stirpe
3429 4481 3778 4535 descendens

2176 4572 2309 4626 nihil
2341 4571 2748 4626 ludificatorium
2782 4572 2981 4627 habere
3006 4574 3176 4643 potuit
3197 4573 3394 4628 veritas
3418 4573 3594 4626 carnis
3609 4572 3782 4627 Chri-

2175 4661 2243 4716 sti
2279 4678 2289 4714 :
2339 4676 2458 4732 qua:
2503 4677 2607 4717 non
2663 4663 2832 4717 solum
2878 4677 3047 4733 usque
3087 4663 3152 4717 ad
3203 4662 3370 4718 David
3411 4677 3505 4732 per
3535 4675 3780 4732 proavos

2176 4897 2432 4971 Flori‘est
2461 4899 2598 4971 liber
2623 4899 2882 4955 adversus
2910 4899 3172 4956 Joannem
3197 4900 3440 4965 Scozum,
3462 4901 3551 4971 qui
3576 4900 3784 4958 Eccle-

2177 4970 2273 5022 siae
2325 4969 2695 5038 Lugdunensis
2746 4973 2962 5025 nomine
3020 4980 3104 5026 est
3158 4972 3356 5037 editus,
3398 4983 3450 5025 et
3481 4969 3686 5027 'sermo
3715 4975 3789 5028 de

2176 5039 2666 5122 prmdestinatione,
2695 5056 2874 5122 quem
2911 5043 3176 5122 integrum
3222 5046 3412 5122 reeitat
3442 5042 3790 5122 _lliner_narus

2178 5111 2230 5182 i_n
2257 5111 2568 5182 pyelutione
2589 5112 2906 5180 posterioris
2927 5113 3110 5182 operis
3131 5123 3315 5166 eontra
3333 5112 3788 5182 Gothescalcum.

2179 5179 2253 5250 De
2284 5179 2446 5234 Floro
2472 5179 2725 5250 denique,
2771 5197 2838 5236 nc
2889 5179 3089 5237 caetera
3121 5196 3432 5250 persequar,
3487 5181 3790 5239 Walafridi

2178 5249 2354 5304 Strabi
2401 5249 2841 5306 exstaut’versus
2886 5253 2953 5306 ad
2987 5249 3323 5320 Agobardum
3367 5254 3616 5308 eumdem
3656 5258 3788 5322 epi-

2173 5334 2393 5392 scopum
2427 5322 2859 5390 Lugduensem,
2909 5333 2965 5378 et
2995 5323 3134 5376 inter
3163 5323 3431 5392 Agohardi
3480 5327 3783 5392 opuscula,

2172 5391 2442 5462 Agabardi
2471 5392 2638 5460 ipsius
2669 5402 2724 5448 et
2770 5393 2916 5447 Flori
2967 5393 3187 5462 nomine
3221 5391 3493 5461 inscripta
3521 5391 3790 5462 epistola

2172 5460 2237 5532 ad
2268 5461 2720 5532 Bartholommum
2763 5463 3096 5532 episcopum.
3153 5461 3281 5517 Erat
3320 5460 3461 5517 enim
3505 5460 3792 5520 diaconus

2172 5530 2428 5658 gqﬁgarsiisre
2457 5530 2850 5606 Lugdunensis,
2881 5541 2935 5591 et
2954 5530 3267 5604 'Agobardo,
3303 5543 3358 5588 ut
3389 5543 3639 5606 apparet,
3702 5537 3791 5590 tu.
