4024 6172
244 246 334 300 301

1178 222 1525 283 VARIORUM
1567 210 2064 275 OPCSCULORUM
2104 211 2546 266 FRAGMENTA.

3390 211 3494 265 302

242 374 385 423 suos,
421 357 515 411 sed
547 352 837 425 peripsum
868 346 1033 403 David
1066 360 1230 414 usque
1264 345 1314 396 in
1347 341 1536 403 Adam,
1571 345 1823 403 expressa
1854 333 1899 389 A
1932 338 2059 395 tem,
2104 345 2262 400 quem
2291 329 2383 383 Dci
2415 328 2584 381 Patris
2618 326 2807 381 Filium
2849 339 2952 380 non
3000 324 3123 381 fecit
3170 326 3357 395 gratia,
3400 330 3492 382 sed

210 444 523 522 'parentum
557 442 919 499 nominatione
941 436 1252 493 revolvitur.
1280 433 1346 486 Et
1374 431 1492 484 ideo
1514 428 1640 481 dicit
1674 426 1813 490 Apo-

242 520 430 601 stolus,
474 550 594 591 esse
633 548 701 587 ex
734 529 937 585 semine
970 525 1134 579 David
1163 521 1453 577 secundum
1497 530 1731 576 carnem,
1762 520 1820 564 ut

244 646 359 685 eum
392 621 908 681 consubstantialem
938 625 1228 683 exponeret
1260 611 1435 674 matri,
1461 608 1527 662 de
1571 620 1671 675 qua
1719 604 1820 655 uti-

245 734 344 791 que
375 714 608 786 sumpsit
628 721 684 768 et
706 719 964 772 mortem;
995 722 1112 762 cum
1139 706 1504 774 phantasmata
1527 712 1623 752 nec
1648 693 1816 758 nasci,

247 786 345 866 nec
376 808 509 863 mori
542 804 727 872 possit,
756 802 848 857 sed
881 797 1195 870 principium
1228 794 1345 862 ejus
1374 789 1650 851 deludere,
1678 786 1823 838 ﬁnis-

250 918 351 971 que
380 898 630 954 vanuisse
661 895 751 948 sit.

1001 977 1063 1030 11.

582 1077 681 1147 (Ex
711 1072 863 1128 libris
892 1069 1089 1126 Contra
1120 1062 1488 1132 Phantasma.)

326 1170 590 1227 Abraham
633 1175 819 1220 auctor
865 1163 1143 1228 utriusque
1192 1153 1551 1219 Testamenti,
1603 1162 1735 1215 etc.,
1774 1158 1829 1202 ut

253 1263 305 1314 in
334 1256 554 1326 epistola
588 1252 622 1305 ‘2
656 1251 780 1318 (col.
821 1244 945 1305 209,
972 1242 1046 1309 b),
1071 1254 1231 1306 usque
1271 1235 1339 1287 ad
1372 1232 1664 1285 multarum
1691 1240 1823 1296 gen-

258 1354 388 1409 tium
424 1361 592 1423 paler.
1008 1408 1073 1463 m

636 1508 736 1576 (Et
768 1505 917 1559 libris
950 1502 1145 1557 Contra
1173 1499 1447 1568 Arianos.)

330 1597 856 1666 Abraham,Moysen
880 1604 932 1648 et
960 1592 1265 1662 prophetas,
1294 1605 1398 1644 non
1427 1588 1599 1643 solum
1629 1584 1826 1649 salvos,

1923 431 2129 488 natura,
2164 420 2310 473 nullo
2342 418 2501 473 modo
2526 426 2697 485 potest
2720 432 2825 471 non
2851 416 2951 471 hoc
2975 430 3092 471 esse
3119 416 3256 485 quod
3287 418 3498 485 genitus

1920 520 2002 566 est
2040 530 2051 564 :
2093 510 2227 566 adeo
2268 521 2324 565 ut
2370 509 2680 563 snh~tantia2
2722 507 2795 560 illi
2843 522 2959 575 quae
3002 522 3065 561 ex
3101 507 3209 561 Deo
3240 496 3498 576 procedit,

1924 616 2021 657 nec
2050 602 2162 672 ipsa
2194 615 2309 671 qua:
2332 616 2395 655 ex
2438 600 2651 653 homine
2684 609 2805 652 nata
2835 606 2913 653 est
2945 597 3345 668 prmjudicaret.

2664 690 2750 743 Vl.

2260 784 2366 853 (Ex
2402 783 2552 836 libris
2573 779 2771 836 Contra
2795 780 3166 849 Phantasma.)

2000 878 2053 932 Si
2085 876 2199 930 hate
2231 876 2407 928 omnia
2440 889 2564 928 vera
2594 888 2712 927 esse
2733 872 3019 940 recipiunt,
3055 882 3184 937 etc.,
3216 881 3271 925 ut
3309 874 3359 925 in
3393 874 3502 941 epi-

1868 1026 1889 1037 ι
1927 970 2058 1023 stola
2079 969 2111 1022 5
2141 968 2257 1039 (col.
2277 968 2402 1031 2l6,
2422 967 2489 1035 c),
2517 983 2674 1035 usque
2695 966 2760 1017 ad
2787 966 3013 1035 qualiter
3037 980 3142 1018 non
3166 967 3427 1035 pepercit,
3460 966 3503 1019 si

1930 1062 2114 1114 dolore
2145 1059 2411 1128 prohibuit
2436 1059 2457 1109 ?

2664 1149 2777 1201 νιι.

2253 1242 2350 1312 (Ex
2384 1254 2635 1295 sermone
2668 1240 2733 1293 de
2764 1239 2934 1293 Natali
2963 1222 3193 1309 calicis.)

1999 1334 2060 1388 In
2103 1333 2295 1386 affectu
2343 1344 2784 1401 quarumcunque
2833 1345 3011 1383 rerum
3060 1344 3164 1383 non
3218 1328 3374 1391 faeta,
3417 1329 3509 1382 sed

1934 1434 2057 1480 vota
2087 1423 2366 1493 cogitanda
2409 1429 2563 1485 sunt;
2606 1428 2660 1475 et
2693 1421 3037 1475 abominabili
3071 1435 3134 1474 eo
3178 1424 3265 1487 qui
3314 1420 3511 1473 invitus

1934 1515 2197 1586 profuerit
2218 1515 2396 1581 bonis,
2431 1514 2543 1567 Deo
2565 1513 2735 1580 magis
2764 1512 2930 1581 gratia
2959 1510 3237 1565 referenda
3261 1519 3361 1573 est,
3409 1526 3511 1580 qua

1939 1606 2339 1677 promptissime
2369 1605 2486 1673 pius
2517 1604 2655 1658 bene
2685 1605 2848 1656 utitur
2876 1602 3048 1655 malis.
3093 1601 3221 1655 Nam
3259 1601 3382 1655 licet
3424 1601 3515 1654 Jo-

267 1698 355 1750 setl
389 1704 439 1748 et
463 1692 804 1746 beatissimos
845 1702 962 1743 esse
993 1686 1299 1755 pronuntio,
1337 1696 1537 1749 eosque
1583 1693 1686 1731 non
1730 1675 1830 1730 nisi

1960 1696 2069 1766 .eph
2110 1704 2350 1750 nostrum
2400 1694 2515 1748 sola
2564 1692 2924 1761 peregrinatio
2963 1690 3148 1745 fecerit
3198 1690 3511 1758 principem,

270 1807 362 1859 per
404 1788 675 1842 Christum
725 1784 956 1835 salvatos
999 1793 1119 1835 esse
1168 1775 1467 1838 convinco,
1525 1772 1737 1825 dicente
1784 1768 1835 1821 in

268 1879 552 1948 Evangelio
575 1878 689 1944 ipso
720 1873 964 1938 Domino,
1000 1870 1255 1923 Abraham
1285 1876 1428 1937 pater
1457 1874 1616 1916 tester
1652 1877 1830 1915 concu-

267 1974 389 2039 pivit
419 1981 471 2022 ut
496 1968 685 2021 videret
710 1966 842 2017 diem
872 1979 1071 2026 meum;
1095 1960 1223 2013 vidit
1255 1970 1299 2013 et
1322 1956 1523 2027 gavisus
1542 1961 1613 2006 cst
1655 1952 1831 2024 (Joun.

266 2077 379 2126 \‘lll,
406 2058 523 2129 56).
579 2059 652 2112 De
682 2056 879 2126 Moyse,
908 2054 969 2108 Si
997 2052 1270 2107 crederetis
1302 2048 1493 2119 Moysi,
1532 2047 1701 2115 utique
1731 2059 1837 2097 cre—

267 2151 448 2205 deretis
479 2160 525 2203 et
553 2148 698 2201 mihi.
728 2145 802 2199 De
823 2160 902 2197 me
928 2145 1061 2197 enim
1084 2141 1171 2194 ille
1198 2141 1399 2210 scripsit
1437 2137 1598 2208 (Ibid.
1631 2151 1686 2202 ν,
1724 2134 1836 2202 46).

270 2244 444 2297 Etiam
474 2241 542 2295 de
568 2236 841 2308 pr0phetis
881 2235 1126 2290 similiter
1158 2249 1172 2285 :
1218 2232 1406 2298 Quanti
1448 2229 1706 2298 prapltetce
1753 2242 1843 2279 cu-

274 2335 473 2403 pierunt
531 2331 698 2384 videre
740 2344 854 2399 qua:
913 2327 1124 2389 ridetis,
1171 2333 1219 2377 et
1262 2324 1439 2376 audire
1487 2336 1600 2391 qua:
1652 2317 1842 2372 auditis

271 2423 486 2493 (Matth.
521 2436 637 2486 nn,
667 2421 783 2486 t7)!
825 2419 889 2472 Et
915 2417 1020 2471 alio
1051 2414 1320 2482 Evangelii
1355 2413 1471 2466 loco
1503 2411 1618 2479 ipse
1657 2407 1839 2462 Domi-

272 2531 391 2580 nus,
417 2515 519 2567 iSIa
541 2527 658 2581 qua:
688 2509 997 2579 singillatim
1026 2503 1321 2559 memoravi
1352 2511 1536 2557 cuncti
1586 2498 1843 2568 perstrin-

273 2619 416 2675 gens,
446 2602 514 2657 Ut
542 2602 853 2671 impleantur
883 2598 1052 2651 omnia
1075 2612 1188 2665 qute
1208 2596 1399 2664 scripta
1427 2600 1543 2646 sunt
1565 2592 1615 2643 in
1644 2590 1769 2659 lege,
1796 2596 1843 2640 et

274 2696 551 2766 praphetis,
589 2694 717 2746 etin
756 2691 967 2760 psalmis
1009 2689 1069 2741 de
1104 2703 1181 2739 me
1226 2685 1375 2748 (Luc.
1411 2698 1552 2743 xxtv,
1575 2680 1689 2749 Η).
1738 2678 1843 2731 Vos

272 2805 428 2858 porro
476 2786 731 2853 conjicite
770 2790 946 2836 utrum
991 2777 1320 2833 crediderint
1362 2775 1655 2835 Christum,
1712 2782 1846 2839 quos

273 2892 370 2935 tam
395 2879 681 2934 manifeste
710 2880 919 2929 constat
954 2870 1236 2938 scripsisse
1263 2868 1329 2921 de
1355 2864 1586 2921 Christo.
1636 2864 1765 2916 Nam
1791 2868 1848 2915 et

274 2970 465 3024 Paulus
484 2965 784 3035 apostolus,
806 2962 897 3031 qui
920 2969 1043 3014 ante
1068 2967 1242 3012 ortum
1266 2955 1462 3010 Christi
1489 2951 1677 3008 salvati
1699 2959 1843 3015 sunt,

1941 1804 2045 1841 non
2080 1797 2257 1840 tamen
2290 1784 2471 1838 laudat
2497 1785 2665 1851 pictas
2696 1783 3051 1837 venditorem.
3084 1782 3309 1835 Sanctus
3339 1794 3515 1835 autem

1941 1878 2138 1933 Paulus
2168 1877 2437 1946 apostolus
2472 1874 2650 1946 (Rom.
2676 1890 2755 1938 ιχ,
2780 1876 2855 1942 5),
2890 1874 3209 1942 simpliciter
3234 1882 3519 1927 contentus

1940 1985 1968 2022 a
1991 1968 2207 2022 Christo
2232 1965 2515 2019 anathema
2544 1979 2664 2019 esse
2695 1980 2791 2033 pro
2824 1964 3097 2032 fratribus,
3148 1974 3344 2034 praeter
3367 1966 3518 2019 labov

1942 2075 2030 2116 res
2061 2058 2332 2129 proprios,
2361 2057 2525 2111 etiam
2566 2071 2663 2124 pro
2688 2055 2941 2110 fratribus
2979 2070 3112 2125 quos
3140 2056 3375 2110 lucratus
3406 2055 3519 2110 fue-

1943 2160 2048 2217 rat,
2091 2156 2420 2213 coronatur;
2479 2146 2641 2201 Judas
2690 2155 2931 2211 econtra,
2986 2148 3107 2215 quia
3151 2161 3255 2200 non
3290 2146 3513 2200 fratrum

1942 2242 2225 2297 dilectione
2258 2253 2580 2309 persequens
2602 2237 2894 2306 Christum,
2930 2238 3211 2293 anathema
3234 2248 3316 2293 est
3346 2237 3519 2292 factus

1944 2347 1973 2388 a
2004 2331 2237 2387 Christo.
2992 2314 2997 2323 ”

2672 2418 2807 2473 VIII.

2262 2511 2365 2581 (Ex
2398 2510 2536 2565 libro
2565 2509 2631 2565 de
2658 2509 2853 2564 Christi
2889 2507 3218 2577 Divinitate.)

2017 2604 2199 2657 Esaias
2222 2600 2779 2656 conclamantissimus
2803 2599 3201 2667 pr0phetarum,
3231 2607 3362 2665 etc.,
3391 2609 3442 2651 ut
3470 2599 3524 2651 in

1946 2695 2157 2762 epistola
2180 2692 2249 2747 28
2273 2692 2397 2763 (col.
2416 2690 2542 2755 215,
2565 2690 2639 2757 b),
2665 2705 2821 2757 usque
2841 2690 2909 2742 ad
2929 2704 3085 2759 quam
3115 2688 3270 2743 habui
3291 2688 3427 2759 apud
3452 2700 3521 2753 te,

1949 2788 2255 2857 priusquam
2283 2783 2511 2838 mundus
2545 2786 2716 2837 ﬁeret.

2686 2872 2776 2927 ιΧ.

2331 2966 2433 3035 (Ex
2461 2965 2610 3020 libris
2635 2963 2831 3017 Contra
2873 2963 3151 3030 Arianos.)

274 3064 319 3114 in
346 3060 567 3116 Christo
598 3058 902 3123 redemptos
930 3065 1225 3118 exponens,
1271 3048 1349 3101 sic
1389 3059 1602 3099 omnem
1630 3056 1844 3098 causam

2025 3058 2091 3124 0,
2118 3058 2311 3127 inquit,
2344 3056 2565 3110 altitudo
2594 3055 2882 3107 divitiarum
2922 3055 3181 3123 sapientia:
3210 3062 3256 3107 et
3302 3053 3527 3108 scientias

276 3155 450 3209 deﬁnit
478 3169 493 3205 :
528 3150 677 3209 Sicut
699 3150 751 3199 in
777 3146 943 3199 Adam
973 3137 1146 3196 omnes
1176 3140 1483 3200 moriuntur,
1517 3138 1588 3190 sic
1616 3136 1668 3188 in
1690 3132 1845 3187 Chri-

278 3257 344 3300 sto
386 3260 560 3297 onmes
607 3240 928 3307 viviﬁcantur
974 3232 1037 3307 (Ι
1070 3233 1187 3288 Cor.
1221 3247 1309 3294 xv,
1352 3230 1476 3299 ἓξ).
1536 3228 1687 3283 Unde
1713 3228 1852 3280 sicut

281 3349 436 3388 nemo
467 3332 607 3401 perit
630 3330 731 3383 nisi
766 3342 859 3396 per
886 3326 1055 3380 Adam
1085 3332 1340 3387 veterem,
1368 3318 1638 3375 itanullus
1669 3317 1850 3386 aequi-

278 3426 407 3478 ritur
442 3423 545 3477 nisi
584 3435 677 3489 per
708 3432 924 3472 novum.

1018 3505 1106 3559 IV.
1176 3560 1184 3569 ,

652 3601 754 3671 (Ex
785 3598 935 3652 libris
962 3594 1155 3651 Contra
1180 3595 1453 3662 Arianos.)

349 3696 483 3763 Quia
527 3694 665 3758 Quid
696 3705 919 3753 oremus,
956 3688 1085 3741 sicut
1124 3696 1353 3756 Oportet,
1391 3684 1640 3738 nescimus
1678 3682 1853 3749 (Rom.

282 3804 395 3853 vnt,
424 3785 543 3857 26),
596 3787 805 3837 ﬁrmum
848 3780 1007 3833 debet
1048 3779 1185 3846 apud
1213 3791 1310 3829 nes
1349 3775 1617 3845 ﬁxumque
1661 3770 1852 3837 teneri,

285 3879 423 3949 quod
462 3873 718 3947 quidquid
762 3870 1112 3940 Omnipotens
1172 3882 1277 3922 non
1334 3866 1536 3932 fecerit,
1591 3874 1755 3919 restat
1803 3872 1862 3915 ut

286 3972 437 4025 nolit.

1046 4052 1109 4106 V.

598 4147 699 4216 (Ex
730 4158 978 4200 sermone
1006 4144 1092 4198 die
1123 4153 1272 4198 sexto
1301 4140 1566 4208 Paschm.)

360 4242 485 4294 Post
515 4239 706 4293 lucidas
734 4237 889 4291 nubis
918 4236 1364 4299 coruscationem,
1395 4232 1473 4287 sic
1504 4230 1673 4285 Patris
1711 4239 1867 4284 teter-

292 4337 344 4389 ni
376 4350 532 4402 super
561 4332 751 4386 Filium
780 4330 948 4386 dulcis
977 4327 1336 4397 terribilisque
1366 4339 1466 4378 vos
1493 4325 1717 4388 intonat,
1760 4321 1865 4374 Hic

292 4436 364 4479 est
398 4424 561 4478 Filius
590 4440 725 4476 meus
747 4421 982 4489 dilectus,
1013 4421 1064 4473 in
1100 4434 1198 4489 quo
1222 4394 1345 4471 mihi
1375 4416 1495 4469 bene
1533 4414 1817 4479 complacui
1848 4428 1865 4466 :
1897 4394 1949 4455 Ῑ)

294 4522 463 4587 ipsum
484 4519 659 4571 audite
690 4515 844 4587 (Luc.
880 4531 951 4579 ιιι,
982 4513 1094 4582 55).
1129 4512 1314 4565 Omnes
1345 4510 1583 4580 quidem,
1631 4509 1767 4563 sicut
1796 4508 1870 4560 ait

297 4609 607 4677 Apostolus,
638 4608 729 4674 ﬁlii
766 4605 857 4659 Dei
884 4620 1055 4658 sumus
1108 4601 1248 4672 (Gal.
1290 4616 1367 4668 ιιι,
1406 4599 1497 4670 ἳϐ)
1520 4644 1534 4667 ,
1584 4608 1638 4653 et
1670 4601 1719 4652 in
1751 4613 1871 4652 ora—

296 4704 442 4756 tione
464 4701 699 4754 clamare
731 4696 1121 4765 prmsumimus,
1152 4694 1308 4747 Pater
1331 4702 1532 4755 noster,
1576 4690 1666 4759 qui
1713 4704 1771 4743 es
1818 4689 1870 4741 in

298 4790 466 4846 caelis.
507 4790 614 4845 Sed
642 4787 798 4842 aliter
828 4788 965 4841 ﬁlius
998 4796 1080 4840 est
1110 4785 1176 4839 de
1208 4799 1311 4852 quo
1334 4783 1613 4845 clamatur,
1670 4780 1770 4833 Hic
1801 4788 1872 4832 est

298 4884 470 4938 Filius
500 4899 637 4935 meus
676 4882 911 4933 dilectus.
962 4878 1115 4931 Illum
1149 4886 1205 4930 ut
1240 4876 1435 4930 habeat
1478 4882 1627 4943 pater
1683 4874 1872 4938 ﬁlium,

296 4992 410 5031 non
456 4973 730 5043 μεως-ὃδὴ
768 4970 1011 5023 voluntas
1054 4969 1456 5037 generationem
1494 4982 1505 5017 :
1557 4979 1655 5018 nos
1699 4976 1877 5017 autem

297 5084 404 5137 per
430 5083 583 5128 ,uam
615 5064 876 5117 efﬁcimur
908 5060 1021 5122 ﬁlii,
1052 5060 1104 5113 in
1130 5060 1338 5112 lavacro
1364 5057 1654 5125 accipimus
1692 5056 1881 5107 nativi-

298 5170 492 5215 tatem.
554 5158 617 5210 Et
665 5157 783 5210 ideo
843 5154 1146 5220 quicunque
1186 5151 1349 5203 homo
1398 5156 1572 5215 potest
1618 5148 1757 5200 lilius
1791 5145 1880 5199 Dei

292 5266 450 5311 esse,
482 5258 656 5317 potest
683 5257 735 5300 et
766 5260 869 5299 non
897 5259 1037 5299 esse.
1083 5242 1234 5298 Unde
1281 5240 1409 5296 dicit
1446 5240 1679 5294 Jotmnes
1715 5254 1881 5292 evan-

290 5341 514 5413 gelista,
551 5337 694 5408 quod
735 5336 889 5389 Dedit
918 5337 990 5387 eis
1030 5341 1321 5401 potestatem
1350 5331 1483 5398 filios
1516 5328 1611 5382 Dei
1639 5330 1771 5395 ﬁeri,
1803 5328 1883 5381 his

291 5435 397 5505 qui
417 5433 626 5484 credunt
657 5431 707 5481 in
734 5428 935 5480 nomine
965 5428 1074 5496 ejus
1114 5422 1291 5493 (Joan.
1322 5437 1360 5486 ι,
1395 5421 1529 5490 12);
1565 5430 1619 5473 ut
1650 5429 1739 5472 aut
1768 5435 1887 5487 per-

292 5532 521 5583 maneat
546 5522 685 5575 ﬁlius
716 5520 849 5573 bene
879 5517 1124 5580 vivendo,
1167 5525 1260 5568 aut
1298 5522 1445 5569 certe
1483 5529 1577 5583 per
1605 5514 1879 5567 Carnule

293 5615 769 5676 conversationem
808 5608 1015 5679 rejiciat
1064 5607 1456 5678 paternitatem.
1504 5604 1746 5663 Christus
1779 5621 1876 5660 au-

1958 3150 2070 3215 Dei,
2091 3163 2248 3220 quam
2263 3146 2785 3218 incomprehensibilia
2816 3154 2935 3198 sunt
2964 3146 3160 3210 judicia
3197 3147 3324 3217 ejus,
3371 3157 3416 3199 et
3445 3148 3527 3199 in-

1952 3240 2265 3311 vestigabiles
2312 3239 2404 3292 vite
2452 3238 2648 3306 ipsius!
2699 3236 2824 3303 Quis
2862 3239 2993 3291 enim
3043 3238 3273 3307 cognovit
3326 3253 3526 3291 sensum

1956 3332 2203 3388 Domini?
2241 3338 2331 3383 aut
2360 3329 2469 3396 quis
2498 3328 2821 3382 consi.’iarius
2844 3331 2955 3399 ejus
2985 3329 3123 3397 fuit?
3145 3338 3230 3381 aut
3256 3330 3365 3396 quis
3388 3330 3529 3398 prior

1956 3424 2097 3476 dedit
2123 3424 2191 3488 ei,
2237 3432 2290 3475 ut
2330 3421 2641 3475 retribuatur
2682 3420 2796 3472 illi?
2829 3419 3083 3486 Quoniam
3109 3436 3171 3474 ea:
3191 3421 3321 3489 ipso,
3363 3432 3409 3473 et
3438 3436 3527 3489 per

1956 3514 2142 3581 ipsum,
2170 3521 2216 3565 et
2238 3512 2290 3564 in
2318 3511 2426 3581 ipso
2453 3519 2567 3563 sunt
2589 3511 2759 3563 omnia
2784 3525 2799 3563 :
2829 3510 2927 3579 ipsi
2952 3510 3116 3581 gloria
3144 3510 3195 3563 in
3222 3512 3411 3563 stecula
3432 3524 3529 3562 ste-

1959 3601 2374 3672 culorum(Rom.
2394 3616 2465 3666 xt,
2491 3601 2559 3654 ’55
2592 3599 2701 3670 53).
2728 3600 2841 3653 Non
2864 3614 2991 3669 ergo
3017 3599 3533 3666 altitudosapieuti.e

1959 3704 2014 3750 et
2035 3696 2269 3748 scientim
2291 3694 2456 3747 sotius
2480 3692 2667 3753 Patris,
2700 3691 2792 3745 sed
2822 3691 2933 3757 Dei,
2980 3692 3031 3744 in
3063 3706 3167 3760 quo
3192 3701 3246 3745 et
3274 3689 3391 3744 Filii
3432 3704 3531 3743 an-

1963 3788 2124 3842 nuitis
2160 3800 2278 3843 esse
2318 3800 2634 3855 personam;
2682 3786 2833 3852 cujus
2884 3798 2983 3837 nec
3021 3784 3355 3839 consiliarius
3383 3783 3534 3851 quis-

1963 3896 2121 3949 quam
2174 3877 2305 3940 luit,
2355 3892 2456 3931 nec
2508 3890 2723 3930 sensum
2783 3875 2923 3928 ullus
2970 3883 3236 3928 scrutator
3282 3874 3536 3942 agnovit:

1964 3980 2164 4040 quanto
2188 3969 2361 4023 minus
2391 3969 2477 4036 qui
2508 3981 2718 4021 summo
2748 3980 2845 4020 nec
2872 3974 3212 4034 angn‘entum
3240 3965 3537 4033 recip'enti,

1966 4063 2271 4117 convicium
2317 4062 2477 4114 etiam
2531 4058 2900 4113 minorationis
2955 4056 3228 4111 intendit?
3279 4071 3399 4110 cum
3429 4057 3543 4125 ipse

1968 4154 2257 4224 Apostolus
2287 4150 2687 4206 inscrutabilem
2722 4151 2810 4203 Dei
2840 4147 3172 4203 altitudinem
3215 4163 3308 4217 pro
3350 4163 3542 4214 corpo-

1969 4262 2059 4301 rea
2090 4244 2396 4299 inﬁrmitate
2441 4242 2691 4311 suspiret.
2739 4240 2869 4308 Quis
2896 4249 3073 4294 autem
3106 4242 3251 4309 prior
3280 4239 3371 4293 dat
3411 4240 3543 4306 Deo,

1973 4348 2030 4391 lll
2061 4336 2385 4391 retribuatur
2414 4333 2508 4399 illi,
2543 4332 2643 4386 nisi
2677 4333 2765 4399 qui
2810 4333 2900 4385 dat
2943 4331 3148 4385 initium
3179 4329 3439 4395 Creatori,
3490 4339 3545 4386 ut

1974 4437 2029 4482 et
2066 4430 2177 4496 ipse
2203 4425 2354 4495 quasi
2382 4425 2447 4477 ab
2494 4424 2738 4477 inchoata
2778 4423 3072 4476 substantia
3110 4421 3203 4475 Dei
3255 4421 3548 4473 inchoatio-

1978 4534 2097 4575 nem
2129 4518 2206 4573 sui
2240 4530 2586 4586 recuperasse
2608 4514 2892 4567 videatur?
2935 4512 3081 4567 Unus
3114 4512 3196 4565 hic
3237 4525 3426 4579 nempe
3457 4525 3547 4564 no-

1980 4614 2230 4675 minatur,
2264 4624 2399 4663 unus
2421 4607 2701 4677 exponitur
2732 4605 2890 4659 Deus.
2934 4605 3090 4657 Certe
3113 4603 3153 4657 si
3184 4616 3361 4667 secus,
3392 4617 3548 4670 quam

1980 4718 2043 4755 ex
2078 4703 2210 4769 ipso,
2245 4708 2296 4753 ct
2323 4713 2414 4768 per
2441 4697 2635 4764 ipsum,
2666 4704 2720 4749 et
2748 4695 2799 4749 in
2830 4696 2946 4763 ipso
2979 4702 3101 4747 sunt
3132 4693 3329 4758 omnia,
3361 4693 3403 4745 si
3435 4691 3551 4746 haec

1982 4794 2397 4847 utvultistrium
2438 4798 2582 4851 sunt,
2630 4789 2790 4841 dicite
2839 4800 2980 4840 nunc
3029 4786 3112 4839 cui
3164 4784 3265 4853 ipsi
3309 4785 3473 4853 gloria
3503 4785 3556 4837 in

1985 4883 2178 4939 srrcula
2202 4883 2537 4937 Str-culorum.
2562 4880 2619 4935 Si
2645 4880 2831 4942 tribus,
2856 4892 3020 4946 quare
3044 4892 3146 4930 non
3170 4876 3339 4945 ipsis?
3361 4877 3406 4929 si
3429 4877 3554 4945 ipsi,

1984 4974 2069 5030 cui
2100 4973 2166 5027 de
2199 4972 2404 5026 tribus?
2444 4972 2621 5033 Certe,
2652 4970 2719 5023 sit
2746 4978 2803 5023 ut
2832 4967 3011 5032 vultis,
3040 4967 3299 5035 tripartita
3323 4974 3406 5020 est
3432 4968 3557 5021 sub-

1986 5067 2177 5120 stantia
2211 5064 2539 5133 majestatis:
2574 5077 2667 5116 cnr
2696 5077 2800 5114 non
2828 5061 2980 5124 dixit,
3023 5075 3090 5114 ex
3130 5060 3244 5126 ipso
3290 5074 3384 5126 per
3424 5059 3558 5111 alte-

1988 5172 2105 5210 rum
2136 5157 2185 5210 in
2221 5156 2399 5217 tertio,
2436 5154 2536 5207 nisi
2570 5162 2833 5222 quatenus
2867 5149 3172 5204 nominatus
3204 5150 3316 5217 ipse
3340 5164 3474 5202 unus
3506 5150 3555 5199 in

1990 5246 2158 5300 tribus
2181 5246 2301 5299 est?
2353 5244 2420 5298 de
2448 5258 2552 5312 quo
2592 5252 2645 5295 et
2688 5240 2976 5310 Apostolus
3004 5239 3111 5292 alio
3142 5238 3259 5292 loco
3293 5257 3304 5291 :
3361 5238 3424 5290 Et
3452 5240 3558 5307 ipse

1986 5351 2079 5407 est,
2112 5341 2301 5408 inquit,
2346 5346 2461 5391 ante
2503 5338 2689 5398 omnia,
2729 5342 2775 5388 et
2815 5332 2987 5386 omnia
3024 5332 3077 5384 in
3105 5332 3217 5400 ipso
3261 5330 3482 5401 (Coloss.
3520 5345 3557 5389 ι.

1992 5432 2105 5501 17).
2161 5431 2328 5483 Porro
2363 5436 2565 5494 autem,
2614 5424 2681 5491 si,
2730 5432 2787 5476 ut
2815 5421 3046 5487 dixistis,
3074 5422 3249 5475 omnia
3280 5420 3332 5473 in
3359 5417 3560 5485 Spiritu

1990 5531 2178 5577 sancto
2222 5525 2491 5583 constant,
2534 5526 2585 5572 et
2634 5516 2749 5584 ipse
2794 5522 2877 5569 est
2922 5523 3045 5568 ante
3088 5513 3283 5575 omnia,
3328 5525 3394 5563 ne
3442 5518 3562 5578 post

1991 5612 2153 5667 multa
2179 5624 2297 5669 esse
2328 5609 2580 5679 incipiat;
2611 5622 2714 5663 non
2744 5607 2845 5666 erit
2874 5613 3140 5671 creatura,
3187 5610 3380 5658 etcum
3415 5615 3563 5673 crea-
