4024 6172
457 261 557 320 503

1713 254 1769 312 S.
1813 252 1998 309 AVITI
2039 251 2438 312 VlENNENSlS

3621 254 3721 310 ’ὅθι

458 387 572 431 tura
601 389 703 430 non
734 374 910 442 fuerit,
944 372 1222 430 servitium
1256 385 1360 425 non
1392 367 1631 438 debebit,
1669 375 1947 438 restatque
1977 374 2035 421 ut
2063 369 2115 428 Α
2217 365 2313 422 γι.
2351 368 2571 423 Nescitis
2596 368 2715 437 quia
2746 368 2985 439 templum
3021 364 3116 421 Dei
3143 368 3279 432 estis,
3305 368 3350 421 et
3377 365 3606 438 Spiritus
3632 366 3726 421 Dei

457 466 526 521 sit
557 466 713 528 Deus,
741 464 787 519 si
815 478 919 517 non
950 472 1034 517 est
1070 474 1257 517 servus
1288 475 1302 512 :
1332 466 1386 515 et
1412 458 1505 528 qui
1537 456 1789 511 famulari
1826 455 2039 511 ratione

460 572 562 612 non
593 554 875 627 colligitur,
907 551 1167 610 dominari
1194 550 1414 606 veritate
1441 547 1724 604 credatur.

786 758 894 828 (Ex
918 755 1140 826 epistola
1169 753 1366 809 Contra
1390 748 1703 817 Faustum.)

531 853 713 907 Fidem
747 864 867 905 esse
891 849 1126 904 omnium
1167 848 1426 902 bonorum
1454 839 1812 913 spiritualium
1846 834 2040 892 tunda-

461 954 722 1007 mentum,
752 950 879 1005 etc.,
912 948 968 992 ut
996 940 1050 991 in
1072 938 1287 1007 epistola
1313 937 1345 991 4
1375 934 1495 1006 (col.
1521 933 1645 1000 2‘21,
1679 930 1751 1001 c),
1776 926 1935 998 usque
1972 924 2040 978 ad

461 1036 612 1090 testis
641 1042 723 1089 cst
742 1030 910 1086 nostri
938 1029 1175 1100 spiritus,
1207 1042 1311 1081 non
1336 1034 1551 1080 natura.

1225 1137 1329 1192 Χιν

854 1231 957 1302 (Ex
988 1229 1139 1285 libris
1158 1227 1357 1283 Contra
1389 1224 1662 1291 Arianos.)

537 1324 730 1379 Libera
764 1320 1112 1390 responsione
1158 1321 1430 1389 protitcor,
1482 1313 1621 1385 quod
1657 1312 1765 1366 Deo
1815 1321 2040 1365 suorum

469 1417 675 1470 animos
732 1413 1047 1481 inSpirante,
1105 1410 1263 1479 longe
1315 1407 1480 1476 fulget
1529 1404 1746 1458 claritas
1774 1398 2038 1455 veritatis.
2088 1428 2091 1431 ι

470 1506 603 1562 Illud
627 1518 855 1573 namque
883 1500 1256 1572 apostolicum,
1288 1497 1428 1570 quod
1463 1510 1605 1565 satpe
1628 1491 1891 1563 repetitis,
1933 1488 2044 1543 sul-

474 1600 581 1654 licit
606 1599 659 1652 in
685 1598 1021 1664 redemptore
1049 1592 1298 1663 cognosci
1328 1609 1339 1642 :
1369 1590 1491 1660 quia
1523 1589 1568 1643 si
1595 1583 1902 1641 conﬁtearis
1938 1580 2051 1633 Do-

473 1691 673 1746 minum
702 1687 901 1749 Jesum,
933 1694 988 1742 et
1020 1685 1142 1754 quia
1171 1684 1307 1738 Deus
1340 1682 1488 1736 illum
1530 1677 1807 1734 suscitavit
1833 1689 1863 1728 a
1904 1685 2047 1726 mor-

476 1784 601 1843 tuis,
631 1780 807 1835 salvus
836 1777 941 1833 eris
971 1776 1148 1848 (Rom.
1175 1791 1229 1841 x,
1262 1774 1340 1845 9).
1369 1772 1458 1829 Sic
1487 1780 1665 1825 tamen
1693 1776 1750 1823 ut
1780 1763 2042 1833 intelliga-

478 1883 564 1927 tur
592 1870 840 1925 divinitas
870 1882 965 1923 sua
990 1882 1109 1921 cum
1135 1865 1312 1929 Patre,
1357 1862 1519 1917 vitam
1557 1859 1812 1915 cruciﬁxo
1842 1854 2046 1911 homini

476 1960 662 2016 rrddid
685 1975 794 2015 sse.
820 1960 970 2013 Sicut
994 1958 1106 2027 ipse
1138 1956 1189 2010 in
1211 1954 1416 2010 Joanne
1437 1950 1769 2020 evangelista
1793 1956 2043 2004 testatur:

478 2053 785 2107 Potestatem
810 2050 967 2104 habeo
997 2048 1219 2118 ponendi
1255 2049 1477 2100 animant
1511 2060 1695 2111 meam,
1747 2051 1792 2096 et
1829 2048 2051 2111 potesta-

477 2157 576 2200 tent
600 2145 757 2199 habeo
786 2145 967 2197 iterum
990 2141 1223 2195 sumendi
1249 2156 1362 2193 eam
1414 2136 1593 2209 (Joan.
1622 2151 1677 2201 ι,
1708 2133 1817 2199 18).
1880 2131 2051 2187 Porro

478 2248 810 2304 nequaquam
838 2232 1028 2295 salvat,
1074 2231 1142 2285 de
1186 2229 1403 2284 homine
1428 2227 1642 2281 Christo
1686 2219 2053 2278 tantummodo

481 2336 686 2381 rectum
715 2324 959 2387 credere,
1009 2321 1109 2376 nisi
1138 2321 1333 2390 jungas
1366 2318 1528 2374 etiam
1554 2315 1819 2371 catholico
1850 2312 2054 2367 intelle-

480 2430 564 2472 ctu
588 2417 654 2472 de
678 2416 962 2470 Divinitatc
984 2414 1203 2468 sentire.
1222 2412 1351 2466 Nam
1381 2420 1436 2464 et
1457 2408 1760 2463 Pholiltiuni
1786 2416 2053 2461 mortuum

482 2526 543 2565 ac
568 2509 944 2565 resuscitatum
970 2515 1216 2560 asserunt
1244 2503 1533 2558 Christum.
1570 2502 1637 2556 Et
1661 2499 1909 2570 quoniam
1941 2511 2057 2553 sce-

484 2601 826 2658 lestissitnam
870 2601 923 2654 in
980 2598 1081 2653 hoc
1135 2612 1318 2652 eorum
1373 2594 1780 2667 blaSphemiam,
1836 2591 2057 2661 perinde

485 2694 643 2748 etiam
675 2702 864 2746 vestrae
892 2699 947 2744 ut
975 2697 1172 2745 nostrae
1205 2687 1335 2758 legis
1357 2686 1623 2742 sententia
1646 2684 1978 2747 detestatur;
2012 2680 2059 2736 si

486 2781 854 2837 tantummodo
879 2789 1208 2850 assumptum
1241 2779 1508 2834 hominem
1538 2777 1829 2840 interiisse,
1862 2790 1924 2829 ac
1945 2774 2059 2829 sola

488 2878 651 2949 patris
681 2876 873 2931 virtute
900 2874 1276 2929 resuscitatum
1305 2886 1426 2927 esse
1454 2871 1659 2938 dicitis,
1709 2883 1892 2939 quaeso
1933 2865 2059 2937 quid

486 2974 539 3022 in
562 2967 879 3038 supradicta:
902 2966 1065 3037 pestis
1088 2963 1507 3035 professionibus
1524 2961 1916 3032 arguatis,cum
1945 2960 2061 3028 ipse

488 3062 742 3117 Dominus
769 3072 971 3128 noster,
1021 3066 1080 3114 ut
1124 3058 1336 3128 legitur,
1386 3070 1483 3111 suo
1511 3064 1639 3109 nutu
1672 3054 1896 3109 suscitet
1926 3063 2061 3107 tem-

488 3154 631 3223 plum
661 3153 729 3208 ab
754 3150 1074 3207 adversariis
1103 3147 1456 3205 dissolutum?
1485 3147 1638 3213 Quod
1667 3155 1813 3201 certe
1854 3144 1923 3199 de
1953 3157 2059 3213 quo

491 3243 687 3311 t'mplo
719 3243 955 3311 dicatur,
986 3241 1039 3296 in
1070 3251 1319 3311 promptu
1350 3249 1452 3305 est,
1481 3254 1602 3294 cum
1632 3237 1897 3306 reparatio
1929 3243 2063 3290 tem-

494 3336 586 3399 pli,
618 3334 763 3388 inter
803 3333 1043 3399 biduum,
1094 3332 1147 3386 in
1192 3342 1391 3387 Statum
1432 3331 1713 3400 pristinum
1748 3328 2065 3385 revertentis

493 3422 941 3479 resurrectionem
984 3421 1267 3477 dominica:
1296 3422 1473 3476 carnis
1503 3436 1662 3490 quam
1694 3421 1941 3474 divinitas
1968 3431 2066 3473 sua

495 3513 679 3582 templi
723 3513 839 3567 vice
884 3512 1239 3577 habitaverat,
1276 3512 1553 3566 evidenter
1597 3520 1851 3580 exponat.
1921 3510 2065 3564 Idem

496 3619 621 3673 ergo
648 3602 813 3658 Filius
844 3603 938 3656 Dei
962 3602 1101 3657 Deus
1130 3604 1218 3673 qui
1244 3603 1379 3657 mori
1409 3617 1515 3657 non
1538 3604 1729 3672 potuit,
1761 3601 2066 3658 defunctum

497 3693 770 3749 hominem
802 3694 1099 3759 suscitavit,
1147 3704 1202 3748 et
1256 3693 1511 3763 templum
1563 3693 1795 3747 inimicis
1824 3694 2068 3748 manibus

497 3784 848 3850 dissolutum,
900 3786 953 3839 in
1002 3784 1259 3839 unitatem
1314 3798 1558 3854 persona:
1605 3784 1830 3839 solidata
1882 3797 2069 3839 rursus

498 3878 759 3934 divinitati
786 3893 944 3949 quam
974 3887 1335 3948 assumpserat
1359 3893 1520 3934 carne
1540 3879 1790 3935 restituit.

1268 3987 1332 4043 ll.

1268 3988 1332 4043 ll.

802 4080 903 4151 (Ex
936 4095 1184 4137 sermone
1208 3988 1294 4137 die
1320 4081 1356 4135 9.
1384 4077 1784 4153 Rogationum.)

566 4191 702 4246 Dicit
743 4190 1085 4248 beatissimus
1123 4191 1340 4259 Paulus,
1384 4191 1527 4262 quod
1566 4208 1654 4262 per
1693 4189 1991 4263 patientiam
2026 4197 2074 4245 et

497 4284 891 4339 consolationem
934 4284 1322 4356 Scripturarum
1365 4285 1568 4354 ﬁrmam
1596 4300 1735 4353 spem
1765 4282 1947 4336 habere
1987 4281 2076 4335 de-

498 4380 699 4433 beamus
742 4378 918 4448 (Rom.
947 4394 1039 4445 xv,
1071 4379 1166 4448 4);
1199 4393 1319 4433 cum
1367 4391 1555 4433 omnes
1601 4375 1925 4443 Christiani,
1960 4384 2070 4429 tum

498 4471 778 4541 specialius
817 4472 891 4526 illi
930 4472 1125 4541 quibus
1170 4470 1327 4525 datur
1354 4470 1410 4523 in
1451 4470 1553 4525 hoc
1594 4469 1814 4538 mundo,
1847 4476 1938 4522 aut
1978 4482 2074 4537 pro
2102 4462 2154 4524 D

501 4563 608 4618 Deo
658 4564 1081 4634 persecutionem
1129 4561 1269 4629 pati,
1316 4569 1408 4615 aut
1457 4574 1556 4631 pro
1599 4559 1841 4615 veritatis
1886 4572 2072 4613 amore

500 4655 772 4725 tribulari,
807 4664 897 4711 aut
939 4668 1038 4725 pro
1080 4654 1200 4708 vita:
1247 4653 1407 4723 hujus
1448 4653 1878 4724 peregrinatione
1916 4667 2069 4709 com-

536 4760 680 4799 ungi.

646 4762 680 4799 1ο

500 4756 639 4815 pung
880 4835 970 4890 AD
996 4834 1402 4891 COBINTHIOS
1438 4833 1695 4891 PRIME.

575 4942 624 4999 I.
656 4941 721 4999 Et
753 4944 993 5016 ignobilia
1020 4956 1067 5002 et
1096 4946 1495 5018 contemptibilia
1528 4947 1706 5001 mundi
1734 4945 1885 5017 elegit
1914 4946 2073 5016 Deus,

503 5047 610 5092 οῑρ.

574 5127 659 5183 II.
696 5105 755 5185 Si
784 5130 915 5184 cnim
949 5130 1319 5211 cognouissent,
1350 5145 1611 5203 nunquam
1643 5129 1921 5186 Dominum
1961 5133 2076 5204 glo-

503 5223 594 5275 ria:
616 5222 1007 5291 cruci/ixissent.

575 5311 693 5368 IIl.
725 5312 856 5367 Item
886 5315 948 5368 de
976 5318 1171 5370 eadem.

504 5458 507 5461 .
575 5403 679 5460 IV.
709 5404 936 5477 Spiritus
968 5407 1101 5461 enim
1127 5408 1297 5464 omnia
1328 5415 1610 5477 scrutatur,
1639 5408 1792 5463 etiam
1816 5407 2075 5480 profunda

507 5495 616 5549 Dei.

581 5589 643 5641 V.
678 5590 759 5648 Ita
782 5602 828 5649 et
865 5609 979 5665 quae
1008 5591 1105 5650 Dei
1131 5603 1277 5663 sunt,
1307 5610 1451 5654 nemo
1478 5597 1737 5667 cognovit,
1769 5596 1869 5653 nisi
1902 5596 2073 5669 Spiri-

581 5694 589 5728 ι
618 5678 730 5731 Dei.

508 5688 589 5731 tus
618 5684 730 5737 Dei.

2142 459 2337 514 habitat
2361 460 2412 513 in
2436 460 2616 515 vobis?

2222 549 2357 605 VII.
2392 549 2590 605 Etenim
2629 548 2831 604 Pascha
2876 558 3106 605 nostrum
3142 546 3433 601 immolatus
3474 555 3545 600 est
3585 544 3729 601 Chri-

2145 649 2274 697 stus.

2222 728 2391 786 VIII.
2424 729 2549 784 Cum
2576 730 2683 784 sine
2710 728 2821 802 lege
2845 726 2941 783 Dei
2968 746 3068 783 non
3093 745 3252 783 essent
3272 770 3286 797 ,
3315 728 3403 783 sed
3433 718 3499 781 in
3517 728 3627 797 lege
3654 741 3732 780 es-

2147 836 2252 875 sent
2285 820 2495 875 Christi.

2220 910 2326 968 ΙΧ.
2359 911 2524 980 Caput
2554 924 2720 966 autem
2749 912 2939 966 Christi
2970 912 3126 968 Deus.

2224 1003 2292 1057 Χ.
2327 1003 2463 1058 Nam
2494 1015 2688 1076 oportet
2714 1015 2758 1059 et
2787 1005 3002 1060 hwreses
3026 1021 3153 1072 esse,
3175 1012 3283 1060 etc.

2231 1094 2325 1148 vI.
2360 1095 2490 1151 Item
2514 1099 2577 1151 de
2608 1099 2801 1151 eodem.

2220 1184 2362 1240 XII.
2400 1186 2551 1254 Deus,
2585 1190 2672 1258 qui
2700 1197 2942 1257 aperatur
2971 1188 3141 1242 omnia
3184 1188 3237 1242 in
3268 1187 3522 1241 omnibus.

2218 1276 2394 1331 XIII.
2432 1277 2619 1331 Omnia
2648 1288 2816 1333 autent
2846 1279 2953 1332 haec
2990 1286 3229 1349 aperatur
3263 1294 3396 1332 unus
3424 1288 3573 1348 atque
3604 1278 3735 1332 idem

2150 1366 2403 1436 Spiritus,
2432 1371 2661 1424 dividens
2686 1371 2904 1440 singulis
2933 1379 3085 1440 prout
3106 1371 3230 1423 vult.

2219 1458 2378 1514 XIV.
2413 1461 2540 1515 Cum
2570 1463 2835 1516 tradiderit
2869 1478 3079 1533 regnum
3109 1461 3219 1517 Deo
3244 1471 3291 1517 et
3316 1461 3484 1517 Pam‘.

2219 1549 2271 1604 Χ
2285 1548 2346 1604 γ.
2379 1548 2505 1604 Cum
2531 1558 2701 1606 autem
2729 1551 2957 1624 subjecta
2981 1553 3170 1621 fuerint
3198 1552 3277 1606 illi
3306 1554 3497 1617 omnia,
3522 1559 3631 1609 etc.

2222 1641 2269 1695 Χ
2288 1640 2381 1698 γι.
2417 1641 2625 1697 Primus
2652 1642 2805 1697 homo
2836 1644 2899 1698 de
2931 1653 3068 1698 terra
3098 1652 3352 1712 terrenus,
3384 1644 3637 1699 secundus
3684 1646 3743 1699 de

2079 1732 2130 1794 Β
2157 1740 2280 1794 caelo
2313 1739 2547 1793 caelatis.

2221 1827 2416 1885 XVII.
2447 1828 2581 1883 Item
2610 1830 2672 1883 de
2698 1828 2894 1884 eodem.

2374 2013 2478 2085 (Ex
2507 2027 2757 2069 sermone
2783 2011 2835 2067 ln
2862 2012 3194 2068 ordinatione
3222 2012 3512 2085 episcopi.)

2222 2124 2304 2179 Ad
2355 2125 2647 2193 magisterii
2693 2124 3056 2180 testimonium
3108 2125 3368 2181 nascendi
3423 2141 3586 2181 causa
3641 2141 3742 2181 non

2155 2217 2420 2287 pertinet;
2447 2230 2621 2284 neque
2668 2213 2757 2270 ille
2792 2215 3052 2271 ctelorum
3096 2216 3301 2286 janitor
3344 2217 3558 2282 Petrus,
3588 2233 3746 2287 quem
3828 2246 3837 2249 -

2159 2308 2481 2379 piscatorem
2512 2306 2785 2361 hominum
2812 2306 3037 2376 (Matth.
3064 2322 3136 2374 tv,
3162 2307 3253 2379 l8)
3276 2309 3409 2363 retia
3439 2317 3747 2379 contempta

2157 2400 2431 2470 fecerunt,
2463 2399 2669 2468 origine
2700 2398 2900 2469 p‘acuit
2940 2400 3226 2466 natalium,
3266 2400 3364 2456 sed
3392 2401 3499 2456 line
3530 2402 3748 2457 merito-

2157 2509 2309 2559 rum;
2350 2495 2491 2549 sicut
2532 2492 2810 2548 Matthteus
2850 2492 2971 2564 (rx,
3002 2495 3069 2562 9)
3112 2509 3234 2547 cum
3280 2493 3348 2549 de
3394 2496 3613 2550 telone'o
3659 2510 3747 2549 as-

2159 2592 2401 2653 sumptus
2439 2592 2550 2647 est,
2583 2583 2693 2639 illic
2735 2582 3005 2639 inchoavit
3044 2584 3252 2639 lucrum
3276 2624 3290 2650 ,
3325 2584 3413 2639 ubi
3454 2584 3640 2654 jussus
3671 2595 3751 2643 est

2161 2675 2453 2730 terminare
2493 2674 2789 2743 negOtium.
2836 2674 2973 2743 Quid
3011 2675 3077 2730 de
3106 2675 3332 2746 singulis
3372 2676 3601 2745 loquor?
3632 2678 3750 2733 talis

2161 2767 2397 2823 omnium
2426 2764 2722 2835 assumptio
2753 2765 2883 2833 fuit,
2915 2766 2968 2820 in
3009 2781 3237 2836 quorum
3272 2769 3517 2836 personis
3547 2760 3607 2841 (Ι
3633 2767 3750 2823 Cor.

2144 2872 2181 2910 οι
2199 2898 2215 2925 ,
2238 2854 2330 2925 28)
2357 2856 2608 2926 ignobilia
2632 2857 3129 2926 et'contemptibilia
3152 2858 3337 2911 mundi
3358 2858 3561 2926 eligens
3587 2860 3749 2927 Deus,

2164 2949 2455 3019 praeposuit
2505 2964 2767 3019 pauperes
2815 2950 3003 3019 spiritu
3051 2951 3304 3006 divitibus
3346 2965 3551 3018 censu,
3604 2952 3751 3007 illum

2161 3038 2282 3108 jure
2314 3039 2797 3108 locupletissimum
2831 3040 3085 3110 probans,
3113 3041 3201 3111 qui
3232 3040 3299 3095 ad
3330 3054 3509 3095 veram
3540 3050 3591 3095 et
3620 3042 3753 3096 inte-

2086 3100 2133 3165 (ἶ
2164 3146 2311 3201 grarn
2341 3130 2707 3197 nobilitatem,
2753 3146 2860 3187 non
2896 3100 3160 3202 susceptis
3203 3133 3489 3200 bonorum,
3522 3133 3618 3189 sed
3660 3134 3754 3190 de-

2166 3222 2354 3294 positis
2376 3223 2660 3280 criminum
2684 3223 2917 3279 fascibus
2939 3223 3292 3293 pervenisset.

2497 3448 2605 3520 (Ex
2635 3448 2785 3504 libris
2816 3359 3017 3505 Conlt'ra
3045 3449 3426 3519 Phantasma.)

2240 3562 2435 3618 Nolunt
2465 3564 2606 3618 enim
2646 3577 2677 3617 a
2722 3546 2875 3618 nobis
2902 3563 2951 3617 ei
2980 3562 3070 3631 qui
3099 3561 3387 3618 crucifixus
3425 3570 3508 3616 est
3553 3560 3755 3630 suppli-

2168 3655 2308 3721 cari,
2335 3665 2463 3723 etc.,
2484 3665 2538 3709 ut
2564 3656 2615 3709 in
2638 3656 2786 3724 epist.
2814 3657 2847 3710 ὅ
2872 3655 2992 3725 (col.
3012 3654 3140 3720 2l2,
3158 3658 3232 3723 a),
3260 3671 3416 3725 usque
3444 3655 3513 3707 ad
3538 3670 3644 3709 non
3668 3668 3757 3707 ro-

2168 3760 2353 3816 gemas
2372 3746 2423 3799 in
2445 3746 2601 3802 caelo.
2621 3746 2687 3799 Et
2700 3762 2815 3800 mox
2827 3746 2948 3816 (col.
2964 3745 3091 3813 215,
3107 3745 3180 3814 c),
3198 3745 3327 3802 Veni
3354 3746 3550 3815 potiu<,
3573 3757 3761 3799 sancte

2171 3833 2303 3888 Isaia
2330 3834 2605 3903 propheta,
2625 3844 2753 3898 etc.,
2778 3850 2933 3903 usque
2961 3834 3027 3888 ad
3053 3834 3195 3904 quod
3223 3835 3277 3889 in
3301 3848 3530 3904 corpore
3559 3833 3762 3887 malum

2170 3927 2423 3997 patimur,
2458 3926 2683 3997 pertulit
2706 3926 2975 3981 Christus.

2947 4016 3006 4073 ll.

2947 4016 2963 4069 l
2991 4055 3006 4073 .

2551 4108 2655 4182 (Ex
2685 4109 2834 4164 libris
2864 4016 3060 4164 Csnltra
3092 4108 3371 4179 Arianos.)

2246 4227 2502 4281 Dominus
2544 4226 2837 4294 maiestatis
2872 4223 3156 4279 cruciﬁxus
3197 4223 3506 4292 exponitur,
3550 4237 3677 4279 cum
3712 4221 3763 4277 si

2176 4318 2400 4372 alterum
2445 4316 2758 4371 substantire
2804 4314 3066 4384 respicias
3117 4316 3532 4384 proprietatem,
3578 4313 3766 4368 divina

2177 4407 2493 4463 celsitudine
2537 4408 2604 4461 ab
2647 4405 2897 4461 omnibus
2949 4404 3128 4460 crucis
3174 4403 3516 4459 contumeliis
3564 4418 3767 4473 seque-

2181 4510 2343 4556 strata
2362 4540 2377 4567 ,
2404 4500 2515 4555 sola
2543 4498 2772 4568 suscepti
2802 4497 3044 4565 corporis
3075 4496 3346 4551 humilitas
3382 4494 3612 4550 senserit
3641 4510 3771 4563 pas-

2180 4592 2405 4647 sionem.
2428 4588 2559 4643 Nam
2583 4598 2859 4658 postquam
2884 4583 2961 4658 (II
2976 4586 3097 4641 Cor.
3117 4600 3176 4652 v,
3198 4586 3286 4656 l9)
3307 4586 3448 4641 Deus
3472 4586 3523 4640 in
3545 4584 3771 4640 Christo

2179 4683 2437 4739 mundum
2464 4682 2817 4739 reconcilians
2839 4680 2971 4747 sibi,
3000 4691 3261 4735 creaturae
3282 4695 3440 4749 quam
3469 4678 3772 4746 assumpsit

2178 4776 2363 4831 unitus
2386 4785 2499 4842 est,
2530 4774 2860 4845 signiﬁcatur
2888 4773 3198 4842 plerumque
3241 4773 3401 4825 homo
3430 4785 3528 4840 per
3558 4770 3733 4825 Deum
3754 4811 3772 4834 .

2178 4866 2427 4936 Deusque
2462 4882 2558 4937 per
2589 4867 2888 4934 hominem,
2928 4865 3068 4919 sicut
3099 4874 3181 4919 est
3211 4862 3340 4917 illud
3368 4880 3381 4917 :
3414 4860 3539 4917 Cum
3567 4862 3777 4917 uenerit

2180 4955 2350 5011 Filius
2376 4956 2592 5011 hominis
2622 4957 2672 5010 in
2704 4959 2968 5027 majestate
2988 4970 3080 5008 sua
3104 4953 3319 5026 (Matth.
3345 4962 3472 5020 xxv,
3498 4952 3611 5022 ⁸51),
3640 4968 3776 5008 cum

2180 5052 2515 5121 majestatem
2542 5051 2654 5106 Deo
2677 5052 2855 5122 potius
2877 5066 3035 5121 quam
3059 5048 3261 5106 homini
3287 5062 3448 5104 nemo
3472 5046 3778 5102 convenire

2179 5143 2414 5209 dubitet;
2443 5143 2583 5212 quod
2620 5152 2674 5198 ct
2702 5142 2984 5197 Psalmista
3015 5141 3084 5198 de
3112 5142 3223 5198 Deo
3262 5153 3564 5209 exponens,
3594 5135 3664 5190 Et
3700 5138 3781 5190 ui-

2182 5234 2387 5302 debitis,
2433 5234 2633 5304 inquit,
2675 5234 2726 5288 in
2769 5236 3034 5305 majestate
3075 5249 3190 5289 sua.
3221 5232 3287 5287 Et
3314 5229 3602 5286 Malacbias
3639 5242 3781 5297 pro-

2181 5324 2370 5396 pheta,
2413 5326 2481 5380 ob
2524 5324 2787 5380 dictorum
2820 5325 3260 5396 perspicuitatem
3288 5323 3524 5394 Angelus
3564 5334 3782 5389 cogno-

2182 5415 2463 5482 mento,de
2485 5417 2743 5471 cruciaris
2768 5416 2975 5473 Domini
3001 5414 3267 5487 passione.
3289 5413 3349 5470 Si
3369 5412 3542 5483 a/ﬁgit,
3568 5410 3778 5480 inquit,

2180 5508 2329 5563 homo
2360 5508 2522 5563 Deum
2543 5525 2692 5563 suum
2710 5549 2725 5575 ,
2754 5509 2875 5580 quia
2903 5524 2988 5564 vos
3014 5507 3263 5579 eonﬁgitis
3285 5521 3367 5560 me
3395 5500 3652 5578 (Malach.
3685 5517 3780 5571 ιιι,

2181 5598 2256 5669 8).
2289 5598 2420 5653 Cum
2452 5606 2659 5665 tamen,
2692 5597 2834 5668 quod
2865 5598 3045 5658 nullus
3080 5595 3428 5665 inliciabitur,
3459 5607 3568 5651 non
3596 5592 3777 5659 Deus.

2182 5690 2275 5747 sed
2305 5688 2463 5748 homo
2494 5690 2737 5749 conﬁxus
2767 5691 2856 5748 sit.
