4046 6170
294 389 388 445 505

1032 489 1121 542 IV.

682 580 784 647 (Ex
815 593 1062 634 sermone
1092 580 1159 632 de
1188 575 1479 647 symbolo.)

361 672 554 726 Audite
581 671 708 741 quid
741 673 936 724 veritas
965 669 1142 723 dicat:
1181 668 1347 722 Nemo
1378 668 1511 720 novit
1546 665 1737 718 Filium
1769 662 1866 716 nisi

239 817 257 834 ,ν
293 767 472 832 Pater,
517 780 678 834 neque
718 762 926 815 Patrem
969 762 1079 828 quis
1117 761 1251 813 norit
1287 760 1383 813 nisi
1430 757 1598 811 Filius
1644 754 1861 826 (Matth.

287 877 328 911 xi
357 897 374 922 ,
397 856 516 924 ‘27).
560 833 624 907 Et
661 853 706 907 si
737 866 893 906 nemo
928 850 1230 919 assequitur
1261 849 1395 902 hanc
1432 847 1483 902 in
1525 848 1720 901 sacculo
1767 845 1868 898 isto

286 948 569 1011 notitiam,
599 945 743 1000 unde
773 945 997 997 Arianus
1024 943 1250 997 assumit
1279 943 1328 995 in
1362 939 1671 995 substantia:
1704 938 1867 1006 ipsius

285 1038 563 1092 divisione
609 1036 947 1090 mensuram?
987 1034 1042 1090 Si
1089 1034 1233 1087 solus
1275 1033 1429 1086 Pater
1458 1031 1604 1085 novit
1647 1029 1868 1093 Filium,

293 1129 442 1181 solus
487 1127 650 1181 Filius
697 1126 936 1190 Patrem;
971 1125 1110 1179 unde
1140 1122 1244 1177 dux
1281 1138 1454 1178 cacus
1500 1121 1754 1190 majorem
1789 1120 1873 1174 iu-

296 1219 524 1288 telligit,
556 1218 638 1272 vel
668 1216 967 1270 minorem?
993 1216 1072 1269 An
1101 1214 1238 1269 forte
1271 1213 1588 1283 respondet,
1621 1221 1676 1267 et
1701 1213 1744 1266 si
1774 1210 1874 1265 sibi

294 1312 504 1365 notitiae
534 1310 684 1379 hujus
717 1316 957 1364 reservat
982 1307 1243 1361 Divinitas
1267 1308 1378 1360 sola
1401 1314 1700 1370 secretum,
1734 1304 1875 1357 unde

296 1413 346 1462 is
374 1407 640 1475 aequalem
671 1399 815 1454 Patri
847 1398 1034 1453 Filium
1066 1397 1398 1467 cognovisti?
1425 1399 1494 1450 At
1520 1410 1617 1465 ego
1640 1396 1875 1464 inquam,

298 1499 674 1571 pateruitatcm
705 1494 845 1549 ﬁlius
874 1491 1128 1563 loquitur,
1160 1490 1600 1561 omnipotentiam
1633 1496 1877 1542 creatura

299 1601 530 1646 tesmtnr
557 1608 568 1640 :
599 1590 666 1644 de
691 1586 1004 1643 substantiae
1030 1593 1206 1639 autem
1240 1584 1448 1648 intimo,
1477 1582 1519 1636 si
1554 1594 1712 1636 nemo
1734 1579 1880 1633 novit

301 1683 501 1737 Filium
534 1681 634 1734 nisi
681 1681 857 1745 Pater,
886 1692 1056 1747 neque
1101 1677 1308 1730 Patrem
1341 1675 1456 1744 quis
1487 1675 1635 1728 novit
1662 1673 1762 1725 nisi
1792 1671 1881 1725 Fi-

301 1774 436 1835 lius;
471 1772 561 1824 ubi
591 1769 807 1839 :equalis
836 1777 914 1822 tst
945 1768 1168 1822 consilio
1197 1767 1496 1821 alternante
1526 1765 1709 1819 notitia
1731 1806 1745 1831 ,
1772 1778 1877 1817 una

1239 374 1586 432 VARIORUM
1624 366 2129 426 OPUSCULORL'M
2175 369 2612 426 FRAGMENTA.

1895 483 1944 539 Α
1976 480 2165 534 Ita-bitat
2195 486 2243 537 in
2273 486 2410 537 vobis
2442 488 2489 554 (Ι
2516 491 2637 541 Cor.
2662 501 2747 552 ttt,
2784 485 2904 556 16)?
2937 485 3071 541 Ecce
3098 501 3226 556 ergo
3256 496 3308 541 tt
3338 489 3555 556 Sp'ritns

3449 376 3552 431 300

1975 573 2114 627 Deus
2146 584 2259 642 est,
2302 579 2344 630 si
2390 576 2593 630 habitat
2635 578 2926 644 templum,
2975 579 3116 646 quod
3151 590 3344 646 praeter
3389 581 3553 634 Deum

1974 665 2149 719 nullus
2193 667 2471 721 inhabitat.
2513 667 2665 722 Unde
2713 669 2916 734 inquit,
2963 668 3191 722 Membra
3227 681 3391 724 vestra
3433 680 3558 725 tem-

1974 758 2115 826 plum
2153 760 2201 810 in
2235 759 2369 812 vobis
2400 769 2471 812 est
2502 759 2728 828 Spiritus
2755 761 2952 824 sancti,
2985 778 3129 829 quem
3162 763 3356 815 habetis
3383 781 3413 816 a
3453 763 3558 818 Deo

1979 848 2293 918 (160nm,
2344 850 2464 920 l9).
2510 851 2648 920 Ergo
2690 853 2731 906 si
2786 851 2996 906 habetis
3041 869 3067 905 a
3120 854 3230 909 Deo
3276 855 3473 921 Deum,
3507 866 3561 910 et

1977 943 2232 1011 templum
2279 944 2370 998 Dei
2414 946 2565 1009 estis,
2597 954 2650 999 et
2694 960 2889 1014 corpus
2924 954 3159 999 vestrum
3194 949 3445 1015 templum
3475 958 3559 1002 e~t

1977 1035 2206 1104 Spiritus
2236 1037 2432 1101 sancti;
2466 1053 2782 1106 quocunque
2821 1053 2925 1091 non
2964 1050 3213 1106 receptus
3254 1039 3413 1094 fuerit
3441 1041 3559 1109 Spi-

1979 1131 2139 1196 r'tus,
2175 1145 2277 1183 non
2310 1129 2519 1199 capitur
2570 1131 2729 1186 Deus.
2782 1130 2941 1200 Igitur
2982 1147 3103 1186 cum
3137 1133 3261 1185 talia
3306 1133 3555 1198 dicimus,

1982 1236 2087 1275 non
2144 1221 2296 1274 nobis
2345 1221 2718 1276 obirascantur
2768 1223 2958 1291 quibus
3011 1234 3252 1276 sanetum
3304 1223 3558 1290 Sp'ritum

1983 1315 2304 1385 persuadere
2327 1330 2583 1370 conamur
2609 1333 2619 1367 :
2645 1317 2765 1384 quia
2796 1316 2896 1367 nisi
2928 1317 3063 1368 Deus
3085 1317 3342 1377 creditur,
3374 1317 3561 1383 ignoro

1980 1406 2106 1476 quid
2137 1407 2202 1461 de
2236 1409 2481 1475 prtesen‘i
2516 1407 2802 1460 festivitate
2832 1407 3055 1467 dicatur,
3090 1416 3181 1461 aut
3205 1407 3326 1475 quid
3360 1407 3410 1460 in
3441 1408 3556 1475 ejus

1983 1500 2213 1554 adventu
2247 1500 2464 1554 honoris
2498 1499 2778 1554 litereticus
2823 1500 3065 1562 excolat,
3107 1515 3262 1566 quem
3307 1510 3562 1568 quantum

1981 1591 2046 1647 ad
2077 1606 2136 1647 se
2162 1601 2274 1660 est,
2316 1591 2474 1644 etiam
2514 1591 2731 1645 nomine
2763 1591 3033 1644 servitutis
3061 1590 3317 1644 inclinat:
3349 1603 3468 1646 cum
3501 1589 3563 1647 li-

1982 1695 2086 1748 cet,
2137 1682 2181 1737 si
2222 1698 2316 1740 vos
2340 1681 2505 1739 Filius
2541 1681 2870 1746 liberaverit,
2909 1693 3036 1735 tunc
3071 1696 3194 1736 vere
3245 1679 3397 1735 liberi
3446 1683 3564 1736 sitis

1985 1778 2164 1834 tJoan.
2183 1792 2295 1840 \‘lll,
2324 1777 2436 1845 56),
2460 1776 2547 1831 ubi
2570 1787 2746 1832 tamen
2773 1775 3003 1846 Spiritus
3028 1776 3232 1830 Domini
3253 1776 3322 1832 ibi
3345 1776 3564 1831 libertas

307 1874 390 1917 cst
440 1861 623 1930 prccul
651 1859 813 1914 dubio
852 1859 902 1913 in
950 1858 1260 1912 substantia;
1304 1856 1629 1926 perfectione
1669 1863 1877 1907 natura.
1913 1848 1956 1907 Β
1987 1873 2071 1944 (ιι
2095 1873 2323 1939 Comm,
2356 1873 2466 1942 Π).

299 1956 490 2023 Neque
519 1954 659 2009 enim
691 1953 860 2022 major
880 1951 1161 2005 autminor
1189 1959 1303 2014 est,
1327 1951 1414 2019 qui
1444 1963 1544 2004 nec
1572 1949 1746 2002 minus
1782 1961 1880 2002 nec

299 2047 536 2115 amplius
579 2056 733 2098 notus
758 2054 856 2100 εει.
886 2043 1022 2111 Quid
1059 2056 1201 2097 nunc
1240 2041 1305 2096 de
1335 2041 1537 2112 Spiritu
1578 2049 1764 2095 sancto
1798 2039 1879 2093 di-

300 2151 515 2201 cemus,
549 2150 704 2205 quem
743 2135 964 2190 credere
992 2143 1352 2204 consequente
1382 2133 1609 2203 symboli
1643 2141 1794 2200 parte
1828 2133 1879 2187 in

301 2229 570 2283 Trinitate
619 2227 990 2296 przecipimur?
1032 2227 1214 2295 Neque
1264 2226 1443 2290 enim,
1485 2226 1530 2280 si
1576 2225 1786 2279 Patrem
1831 2232 1885 2278 et

301 2320 502 2374 Filium
545 2319 646 2373 sibi
676 2318 907 2373 invicem
944 2319 1152 2373 confert
1192 2317 1291 2372 ista
1336 2319 1516 2372 notitia
1538 2360 1553 2385 ,
1586 2318 1790 2371 alienus
1818 2317 1885 2372 ab

301 2427 362 2466 ea
396 2411 502 2465 erit
530 2409 758 2478 Spiritus
787 2418 1024 2473 sanctus,
1054 2409 1120 2465 de
1149 2425 1252 2478 quo
1279 2410 1527 2464 scribitur
1553 2410 1690 2479 quod
1723 2409 1888 2479 Spiri-

300 2513 380 2556 tus
423 2503 597 2556 omnia
627 2511 897 2569 scrutatur,
935 2504 1083 2554 etiam
1113 2502 1405 2555 altitudines
1446 2499 1542 2553 Dei
1592 2499 1646 2572 (Ι
1678 2501 1792 2554 Cor.
1817 2516 1884 2566 ll,

304 2593 418 2661 10).
451 2592 596 2661 Ergo
630 2607 735 2645 non
778 2591 1143 2645 tantummodo
1187 2606 1245 2646 se
1286 2593 1442 2647 Pater
1479 2603 1532 2648 et
1562 2593 1748 2658 Filius,
1792 2590 1886 2646 sed

300 2685 565 2754 Spiritum
596 2697 750 2737 suum
794 2690 1020 2747 norunt;
1057 2683 1141 2738 cui
1172 2683 1292 2738 ideo
1323 2685 1452 2738 nihil
1491 2685 1710 2739 omnino
1748 2684 1890 2739 cela-

305 2788 426 2844 tur,
482 2777 605 2847 quia
663 2776 792 2832 nihil
841 2779 957 2832 sine
1007 2777 1100 2831 illo
1151 2776 1202 2830 iu
1249 2777 1476 2832 veritate
1527 2777 1887 2846 cognoscitur.

303 2872 572 2938 Quocirca
603 2871 680 2925 sic
711 2879 793 2925 est
838 2869 1092 2939 cognitio,
1137 2868 1274 2923 sicut
1312 2869 1618 2938 cooperatio
1659 2868 1890 2922 Trinita-

305 2963 394 3017 tis.
423 2961 558 3016 Nam
592 2968 712 3029 post
760 2961 896 3016 istud
927 2962 1284 3030 generationis
1313 2960 1503 3015 divinae
1543 2961 1885 3032 mysterium,

306 3055 352 3108 si
402 3052 458 3106 in
517 3050 732 3106 Christo
788 3053 1084 3122 cogitemus
1134 3052 1401 3120 humana,
1463 3051 1602 3122 quod
1649 3052 1884 3106 celebra-

310 3158 437 3199 mus
487 3143 759 3213 Virginem
811 3144 1113 3212 peperisse,
1166 3143 1321 3197 Pater
1373 3142 1548 3207 misit,
1592 3141 1760 3196 Filius
1798 3156 1887 3196 ve-

2721 1962 2831 2016 VII.

2306 2055 2410 2125 (Ex
2443 2069 2690 2110 sermone
2719 2055 2784 2110 de
2814 2054 2982 2109 Natali
3015 2054 3240 2124 calicis.)

2059 2153 2138 2209 Eo
2185 2151 2582 2222 superstitionis
2634 2151 2738 2205 ritu
2791 2150 3038 2218 plectitur
3092 2151 3335 2219 impietas
3391 2149 3564 2206 rt-bel-

1989 2247 2212 2300 lantium
2235 2244 2572 2307 Judaeorum,
2607 2251 2666 2296 ut
2713 2241 2909 2295 animal
2957 2241 3334 2310 corruptibile,
3385 2239 3434 2294 id
3482 2249 3566 2294 est

1987 2352 2179 2407 agnum
2200 2378 2213 2397 .
2247 2351 2367 2390 cum
2399 2333 2745 2388 veneratione
2787 2332 3099 2396 comedam,
3129 2333 3217 2401 qui
3250 2333 3359 2385 veri
3384 2341 3435 2384 it
3466 2331 3566 2384 im-

1991 2429 2236 2485 maculati
2281 2427 2415 2497 Agni
2444 2441 2618 2481 escam
2667 2424 3113 2493 periculosissima
3153 2422 3290 2476 fame
3328 2431 3566 2475 contem-

1990 2528 2143 2576 nunt.
2180 2518 2329 2574 Unde
2358 2517 2456 2571 sibi
2488 2516 2735 2569 videntur
2765 2514 3026 2583 paschalis
3054 2512 3172 2566 festi
3204 2527 3359 2580 agere
3391 2526 3566 2565 sacra-

1990 2619 2228 2665 mentum
2252 2652 2264 2675 ,
2301 2607 2451 2675 cujus
2479 2605 2638 2659 hodie
2666 2606 2840 2658 omnis
2867 2603 3106 2658 Ecclesia
3136 2603 3345 2657 initium
3375 2603 3564 2664 sumit,

1991 2700 2302 2770 mysterium
2348 2697 2640 2766 intelligit,
2689 2694 2967 2764 praemium
3013 2693 3379 2762 concupiscit,
3423 2692 3566 2761 quod

1991 2807 2170 2848 sermo
2201 2789 2413 2844 Domini
2443 2788 2717 2856 discipulis
2759 2787 2871 2841 suis
2914 2785 3190 2841 evidenter
3226 2783 3455 2837 insinuat
3486 2783 3567 2835 tli-

1991 2896 2155 2936 cens:
2191 2880 2344 2935 Scitis
2389 2878 2509 2947 quia
2554 2886 2663 2946 post
2708 2877 2917 2929 biduum
2963 2873 3165 2926 Pascha
3215 2873 3300 2940 [iet
3347 2871 3564 2942 (Matth.

1991 2988 2146 3037 xxvi,
2173 2970 2264 3041 2)?
2306 2969 2460 3024 Aliud
2507 2977 2694 3033 sonat,
2734 2969 2837 3021 erit
2871 2974 2961 3019 aut
2999 2964 3376 3027 celebrabitur,
3421 2962 3566 3016 aliud

1990 3075 2165 3118 autem
2196 3063 2395 3117 Pascha
2423 3060 2534 3114 lict.
2556 3058 2808 3114 Numeret
2833 3072 2959 3128 ergo
2985 3058 3111 3111 mihi
3138 3056 3371 3119 Judarus,
3399 3070 3566 3123 usque

1992 3169 2133 3208 nunc
2173 3155 2241 3210 ab
2275 3154 2419 3208 exitu
2454 3151 2644 3217 Israel,
2675 3159 2901 3219 quantos
2932 3149 3044 3201 vult
3073 3161 3279 3202 annos:
3312 3157 3564 3200 caeterum

309 3235 425 3300 nit,
480 3235 710 3303 Spiritus
767 3244 980 3289 sanctus
1028 3233 1236 3288 infudit.
1294 3205 1627 3302 Quapropter
1677 3247 1777 3287 nec
1833 3234 1884 3287 in

1993 3205 2459 3310 Paschaﬁpr'imum
2485 3205 2663 3294 adhuc
2694 3205 2824 3308 Ipost
2866 3238 3086 3292 biduum
3129 3236 3214 3291 lict
3235 3281 3248 3301 ,
3278 3251 3396 3289 cum
3429 3250 3566 3302 pras-

309 3327 616 3382 bumilitate
659 3327 1028 3383 minorationis
1070 3326 1412 3383 absconditur
1453 3326 1667 3382 claritas
1709 3341 1888 3394 mqua-

312 3420 505 3477 litatis.

1072 3512 1138 3568 ν.

709 3603 813 3674 (Ex
844 3602 994 3658 libris
1021 3611 1204 3659 contra
1228 3601 1501 3674 Arianos.)

397 3694 565 3749 Nobis
607 3702 777 3748 autem
826 3692 963 3748 Deus
1012 3694 1248 3749 reuelauit
1289 3709 1380 3762 per
1423 3693 1677 3762 Spiritum
1720 3707 1889 3746 suum.

316 3788 551 3857 Spiritus
583 3787 714 3840 enim
745 3789 913 3840 omnia
940 3795 1215 3855 scrutatur,
1257 3787 1407 3839 etiam
1442 3785 1732 3838 altitudines
1775 3783 1891 3837 Dei.

315 3881 448 3944 Quis
489 3879 624 3931 enim
665 3877 924 3930 hominum
970 3877 1104 3930 novit
1136 3892 1247 3945 qua:
1284 3877 1336 3929 in
1362 3877 1565 3930 homine
1602 3884 1756 3940 sunt,
1795 3872 1893 3927 nisi

315 3970 528 4036 spiritus
567 3967 784 4021 hominis
811 3969 894 4036 qui
937 3968 990 4021 in
1035 3968 1144 4037 ipso
1183 3969 1294 4021 est?
1323 3966 1410 4022 Sic
1453 3976 1500 4022 et
1538 3984 1650 4037 qua:
1695 3970 1748 4021 in
1785 3967 1893 4022 Deo

314 4069 436 4115 sunt
468 4075 618 4113 nemo
663 4061 828 4125 novit,
871 4059 970 4112 nisi
1008 4058 1232 4128 Spiritus
1275 4057 1370 4112 Dei
1414 4056 1613 4130 (Ibid.,
1643 4059 1740 4124 10,
1773 4059 1893 4129 11).

316 4152 475 4221 Rogo
503 4151 838 4219 suppliciter,
872 4151 1046 4205 locum
1079 4150 1268 4216 istum,
1299 4157 1358 4203 ut
1390 4158 1513 4218 pote
1553 4148 1834 4203 illuminati
1864 4164 1893 4202 a

316 4243 432 4296 Deo
461 4241 679 4304 arbitri,
707 4241 966 4310 iudicate;
998 4249 1050 4293 et
1079 4247 1257 4293 utrum
1293 4240 1514 4308 aequalis
1543 4240 1613 4294 sit
1640 4240 1780 4292 Patri
1811 4238 1897 4294 vel

318 4334 462 4389 Filio
503 4331 733 4400 Spiritus
762 4341 997 4394 sanctus,
1022 4345 1089 4384 ex
1133 4329 1245 4396 ipsa
1271 4329 1508 4382 scientim
1539 4343 1647 4383 suae
1677 4327 1898 4397 profun-

317 4424 492 4477 ditate
537 4421 867 4490 perpendite.
897 4421 1063 4475 Nemo
1107 4421 1255 4475 novit
1304 4420 1526 4485 Filium,
1568 4419 1672 4474 nisi
1717 4419 1890 4485 Pater,

318 4526 503 4582 neque
531 4512 739 4565 Patrem
779 4511 897 4580 quis
929 4511 1075 4566 novit
1120 4511 1222 4565 nisi
1267 4511 1457 4566 Filius.
1502 4511 1610 4566 Sed
1638 4512 1760 4580 quia
1799 4525 1898 4566 nec

319 4605 507 4666 Pater,
550 4617 648 4656 nec
688 4603 880 4670 Filius,
928 4605 1044 4658 sine
1084 4605 1281 4674 Spiritu
1328 4605 1528 4674 aliquid
1560 4607 1735 4670 novit,
1778 4605 1898 4660 ideo

317 4708 442 4761 qua:
489 4692 541 4746 in
574 4692 683 4746 Deo
709 4701 832 4746 sunt
859 4708 1017 4747 nemo
1046 4695 1140 4747 scit
1164 4735 1178 4759 ,
1211 4694 1312 4749 nisi
1356 4694 1587 4764 Spiritus
1618 4695 1743 4761 Dei;
1774 4697 1897 4765 quia

318 4797 422 4836 nec
450 4781 680 4849 Spiritus
707 4783 846 4836 scire
877 4782 1071 4851 aliquid
1098 4783 1213 4838 sine
1246 4784 1398 4839 Patre
1425 4786 1508 4840 vel
1539 4784 1671 4840 Filio
1701 4795 1890 4855 potest.

317 4872 463 4939 Quid
506 4881 616 4942 est,
644 4888 801 4929 nemo
831 4874 976 4928 novit
1017 4884 1211 4943 praeter
1238 4875 1447 4931 Patrem
1468 4917 1485 4943 ,
1517 4892 1676 4932 nemo
1707 4888 1899 4946 pra-ter

319 4966 556 5029 Filium,
588 4980 745 5019 nemo
786 4974 979 5035 praeter
1023 4966 1278 5035 Spiritum
1323 4977 1596 5035 sanctum,
1642 4968 1744 5023 nisi
1774 4969 1896 5038 quia

315 5059 373 5112 in
407 5056 668 5111 Trinitate
698 5066 892 5125 prater
932 5062 1185 5111 unitatem
1238 5057 1371 5111 nihil
1414 5071 1696 5126 possumus
1743 5059 1896 5113 inve-

315 5147 482 5200 nire?
510 5145 754 5213 Legimus
783 5146 886 5200 alio
915 5147 1051 5211 loco,
1086 5147 1186 5213 Qui
1227 5145 1422 5202 Filium
1444 5164 1547 5202 non
1588 5150 1769 5215 habet,
1808 5165 1898 5203 nec

319 5235 542 5289 Patrem
571 5235 716 5289 habet
753 5234 806 5307 (ι
833 5234 987 5292 Joan.
1013 5252 1078 5305 ll,
1115 5237 1227 5308 25).
1262 5237 1496 5310 Itemque
1531 5238 1638 5294 alio
1673 5240 1813 5307 loco,
1838 5239 1898 5296 Si

315 5328 437 5395 quis
460 5327 713 5397 Spiritum
731 5329 916 5382 Christi
942 5345 1038 5382 non
1061 5329 1229 5395 habet,
1251 5331 1334 5384 hic
1361 5347 1459 5385 non
1482 5341 1557 5387 est
1581 5333 1689 5402 ejus
1714 5332 1894 5403 (Rom.

315 5433 455 5480 vni,
478 5417 552 5486 9).
581 5417 734 5482 Quod
778 5433 884 5473 non
920 5427 1094 5487 potest
1137 5405 1244 5476 non
1271 5421 1428 5476 simul
1471 5428 1637 5476 totum
1677 5421 1895 5490 haberi,

316 5507 597 5576 quomodo
625 5509 823 5580 paterit
849 5509 1051 5566 dividi?

1064 5601 1153 5657 Vl.

690 5691 790 5762 (Ex
816 5706 1064 5749 sermone
1087 5693 1154 5750 de
1179 5692 1542 5765 Pentecoste.)

397 5783 480 5836 An
513 5785 708 5841 nescitis
736 5787 853 5856 quia
881 5787 1121 5857 templum
1152 5785 1247 5843 Dei
1285 5789 1430 5856 estis,
1463 5795 1509 5843 et
1546 5787 1770 5859 Spiritus
1805 5785 1903 5842 Dei

1996 3337 2178 3391 teritas
2211 3334 2435 3404 implens
2467 3333 2681 3402 figuras,
2722 3331 2863 3385 sicut
2904 3329 3190 3396 Apostolus
3218 3329 3325 3390 ait,
3364 3327 3566 3379 Pascha

1993 3439 2220 3483 nostrum
2249 3426 2537 3479 immolatus
2565 3432 2636 3478 est
2667 3422 2895 3477 Christus
2925 3419 2976 3491 (ι
3006 3419 3124 3474 Cor.
3159 3435 3214 3484 v,
3251 3415 3326 3485 7).

2704 3513 2836 3570 VIII.

2334 3605 2434 3675 (Ex
2463 3604 2612 3658 libris
2638 3602 2832 3656 Contra
2864 3600 3239 3669 Phantasma.)

2067 3699 2203 3765 Quid
2229 3698 2310 3753 vel
2337 3698 2424 3753 illo
2453 3697 2691 3766 Apostoli
2718 3711 2964 3750 sermone
2994 3695 3241 3758 lucidius,
3271 3702 3399 3759 etc.,
3427 3701 3482 3746 ut
3515 3692 3567 3745 in

1997 3792 2211 3862 epistola
2239 3790 2275 3844 Ξ
2315 3790 2438 3863 (col.
2476 3788 2602 3856 206,
2628 3787 2702 3858 c),
2734 3804 2885 3858 usque
2924 3788 2993 3840 ad
3022 3787 3109 3857 qui
3149 3786 3320 3856 legem
3350 3785 3568 3840 dederat

1999 3887 2050 3941 in
2083 3891 2371 3956 praecepto.

2740 3968 2830 4023 IX.

2424 4064 2523 4135 (Ex
2554 4076 2803 4118 sermone
2829 4060 2896 4114 de
2921 4059 3099 4127 Jona.)

2068 4155 2312 4222 Pelagus,
2344 4152 2544 4220 inquit,
2574 4150 2766 4219 aperuit
2809 4158 2958 4216 caput
2997 4162 3160 4200 meum
3206 4143 3359 4215 (Jan.
3395 4159 3462 4210 ιι,
3489 4143 3570 4214 6).

2000 4247 2109 4303 Nec
2141 4244 2278 4300 istud
2310 4243 2507 4298 frustra
2535 4242 2601 4297 de
2640 4241 2757 4296 solo
2783 4240 2956 4308 capite
2984 4237 3226 4303 dicebat,
3256 4251 3413 4307 quem
3445 4236 3572 4290 abs-

1998 4353 2101 4408 que
2132 4337 2294 4391 dubio
2343 4334 2559 4405 pelagus
2603 4332 2745 4386 omni
2791 4346 2853 4385 ex
2902 4341 3052 4398 parte
3090 4337 3430 4390 contexerat;
3477 4326 3572 4381 sed

2001 4429 2195 4484 celavit
2232 4424 2553 4482 contumelia
2581 4420 2762 4476 mundi
2799 4420 3079 4474 Dominum
3108 4417 3248 4472 coeli.
3278 4416 3448 4487 Caput
3476 4415 3574 4470 viri

2002 4518 2280 4584 Christus,
2314 4523 2475 4585 caput
2513 4521 2688 4566 autem
2718 4511 2918 4566 Christi
2963 4511 3104 4565 Deus
3147 4508 3200 4581 (1
3230 4507 3462 4572 Cat-.11,
3495 4506 3569 4574 5).

2015 4610 2218 4664 Velavit
2259 4604 2530 4660 humilitas
2562 4616 2678 4657 mea
2708 4602 2930 4671 gloriam
2976 4615 3177 4664 meam,
3209 4608 3263 4652 et
3305 4597 3443 4651 Deus
3473 4591 3574 4668 (II

2007 4700 2125 4757 Cor.
2151 4715 2201 4762 v,
2230 4698 2340 4767 19),
2369 4695 2456 4766 qui
2488 4693 2635 4764 quasi
2665 4701 2824 4761 caput
2861 4694 3031 4748 inerat
3069 4689 3281 4743 Christo
3318 4687 3574 4742 mundum

2006 4787 2358 4844 reconcilians
2383 4784 2516 4848 sibi,
2549 4783 2615 4837 ab
2647 4783 2724 4836 eis
2747 4782 2834 4850 qui
2867 4781 3134 4835 hominem
3165 4778 3407 4848 patibulo
3449 4791 3575 4832 con-

2006 4882 2262 4945 fixerant,
2294 4890 2399 4930 non
2431 4874 2603 4944 potuit
2631 4871 2916 4943 pervideri.

2755 4962 2825 5018 Χ.

2364 5060 2466 5132 (Ex
2496 5071 2743 5112 sermone
2770 5058 2802 5109 5
2829 5049 3222 5122 Rogationum.)

2077 5152 2366 5210 Praesentis
2409 5148 2594 5204 smculi
2625 5147 2786 5216 actio,
2831 5144 3010 5199 dilatis
3048 5154 3327 5197 causarum
3371 5139 3576 5193 eventi-

2008 5245 2132 5312 bus,
2160 5243 2397 5299 omnium
2429 5253 2653 5309 operum
2697 5234 3050 5306 perversitate
3092 5229 3310 5285 confusa
3329 5270 3344 5294 ,
3369 5242 3473 5282 non
3497 5232 3577 5280 est

2010 5344 2243 5404 tempus,
2276 5331 2370 5388 sed
2401 5343 2558 5385 causa
2599 5326 2802 5398 judicii.
2837 5324 2910 5377 Da
2939 5336 3100 5393 porro
3139 5321 3192 5375 in
3228 5315 3578 5389 prtesentibus

2006 5426 2307 5483 evidentem
2339 5423 2599 5476 bonorum
2625 5417 2990 5483 malorumque
3015 5412 3347 5475 distantiam,
3376 5415 3432 5461 et
3459 5420 3581 5459 exa-

2003 5517 2132 5571 mini
2174 5513 2298 5584 quid
2329 5507 2620 5564 remansit?
2660 5506 2735 5558 Da
2765 5513 2822 5558 ut
2867 5503 2953 5559 hic
2999 5504 3194 5557 malum
3239 5498 3366 5552 nulli
3421 5496 3578 5584 liceat

2005 5583 2203 5666 facere,
2225 5600 2351 5670 quid
2381 5595 2651 5652 aeternitas
2681 5594 2800 5662 plus
2831 5593 3081 5648 habebit?
3115 5593 3183 5645 Da
3212 5597 3266 5642 ut
3297 5589 3382 5641 hic
3412 5601 3438 5638 a
3473 5583 3576 5638 [ide

2007 5695 2179 5751 nullus
2204 5690 2493 5754 exorbitet,
2519 5695 2573 5743 et
2596 5685 2830 5743 haereses
2855 5699 2974 5742 esse
3004 5683 3057 5754 (I
3081 5683 3198 5738 Cor.
3224 5695 3307 5745 ιι,
3336 5677 3423 5748 19)
3449 5690 3576 5746 qua-

2009 5787 2130 5842 liter
2150 5782 2393 5855 oportet?
2421 5781 2602 5851 Neque
2621 5778 2762 5837 enim
2788 5789 3068 5850 possumus
3089 5771 3427 5831 dissimulare
3449 5768 3577 5841 quin
