4024 6172
472 353 571 434 307

1741 374 1799 429 S.
1848 371 2026 427 AVITI
2071 369 2471 427 VIENNENSIS

3648 375 3749 430 508

471 502 714 567 oporteat
742 493 882 564 quod
918 499 1168 564 Oportcre
1195 490 1390 545 veritas
1430 489 1645 544 clamat.
1669 489 1894 557 Oportet
1918 499 2047 541 vero
2077 487 2121 546 A
2153 495 2372 556 potestas
2404 487 2455 538 in
2484 483 2607 540 cauo
2633 493 2677 538 et
2708 485 2759 537 in
2791 493 2924 538 terra
2956 482 3180 554 (Matth.
3213 500 3395 553 xxrm,
3426 485 3537 556 l8),
3573 497 3630 541 ut
3660 504 3752 556 po-

469 602 588 641 esse
629 586 920 650 ltmrescm,
970 599 1075 638 non
1121 583 1240 653 quia
1283 582 1398 651 ejus
1446 581 1765 636 commentis
1810 580 2054 635 Christus

471 680 752 744 minuitur,
795 678 887 732 sed
930 678 1052 746 quia
1099 677 1214 746 ejus
1262 674 1470 730 insidiis
1515 673 1852 729 Christianus
1897 687 2056 741 auge-

471 784 576 826 tur.
610 771 700 826 Sic
741 779 866 824 sunt
894 769 1053 823 etiam
1073 809 1086 832 ,
1120 777 1315 836 printer
1343 765 1751 820 fornicationem
1795 778 1913 834 quae
1942 761 2055 816 sola

471 871 522 919 in
561 877 756 932 corpus
802 860 1074 930 proprium
1125 867 1343 928 peccat,
1390 865 1582 910 cartera
1635 855 1810 921 mala,
1861 853 1904 907 si
1951 867 2054 923 non

469 957 665 1011 vestias
695 953 925 1018 nudum,
951 952 992 1005 si
1022 950 1210 1021 punias
1239 951 1603 1012 innocentem,
1633 946 1676 999 si
1708 945 1883 1014 rapias
1932 958 2058 1013 pro-

468 1046 636 1112 ximo,
664 1045 709 1098 si
743 1051 925 1113 parato
956 1043 1112 1095 etiam
1141 1039 1358 1108 pallium
1383 1039 1577 1091 cedere
1606 1035 1838 1088 tunicam
1872 1033 2051 1100 tollas,

467 1138 511 1190 si
551 1136 742 1189 malam
770 1137 1044 1187 dexteram
1081 1131 1334 1185 verberes
1365 1128 1525 1183 etiam
1556 1127 1740 1180 lteram
1770 1124 2052 1191 offerenti,

470 1228 513 1280 si
546 1241 638 1295 per
670 1225 816 1279 mille
846 1237 1034 1292 passus
1063 1231 1316 1275 onustum
1349 1219 1571 1287 dirigas,
1607 1228 1662 1274 et
1699 1232 1792 1286 per
1823 1216 1922 1269 alia
1950 1216 2056 1270 duo

469 1319 675 1374 servire
713 1315 1076 1369 meditantem.
1108 1315 1215 1366 Aut
1251 1309 1381 1380 quid
1423 1308 1624 1362 diutius
1665 1306 1935 1362 violentias
1965 1322 2056 1376 ge-

471 1426 597 1465 nera
638 1406 965 1478 persequar?
1007 1405 1064 1458 ln
1094 1405 1239 1458 omni
1281 1401 1506 1471 imperio
1533 1399 1773 1454 fortioris
1805 1400 2054 1470 superbia

471 1502 820 1571 temporalem
851 1500 1012 1554 habet
1055 1496 1277 1568 jubendi
1321 1495 1580 1560 fructum,
1626 1505 1886 1550 aeternum
1930 1507 2057 1548 vero

469 1595 777 1646 innatantia
811 1591 1064 1660 patiendi.

1210 1675 1302 1734 XI.

853 1777 952 1844 (Ex
985 1776 1132 1831 libris
1159 1776 1356 1832 Contra
1390 1779 1670 1845 Arianos.)

2159 585 2406 632 te5tatem
2438 577 2602 639 illam,
2645 591 2802 645 quam
2848 576 2948 630 sibi
2977 577 3187 631 diccbat
3214 576 3416 642 datam,
3450 593 3665 646 semper
3696 581 3746 634 in

2160 679 2346 724 natura
2387 669 2682 723 divinitatis
2741 683 2853 722 sua:
2903 667 3106 720 salvam
3154 666 3316 722 fuisse
3361 679 3744 732 monstrarem,

2158 764 2575 818 commemoravi
2626 763 2974 832 apostolicum
3025 761 3152 814 illud
3195 761 3334 829 quod
3386 762 3453 816 de
3494 763 3630 816 Filio
3671 764 3749 816 di-

2158 864 2300 909 ctum
2331 863 2451 909 est:
2485 853 2613 908 Cum
2659 854 2924 906 tradiderit
2967 868 3176 920 regnum
3218 852 3321 905 Deo
3351 851 3500 907 Patri
3532 853 3595 924 (Ι
3628 853 3746 908 Cor.

2160 963 2244 1011 xv,
2278 946 2408 1016 ‘24),
2442 963 2562 1000 eum
2597 947 2776 1016 utique
2801 946 2959 999 Pater
2991 945 3139 998 nullo
3166 955 3404 1013 tempore
3433 947 3548 1000 sine
3583 964 3748 1017 rcguo

2160 1053 2281 1094 esse
2323 1039 2549 1105 potuerit
2580 1058 2592 1091 :
2629 1053 2726 1092 nec
2755 1038 2873 1092 ideo
2909 1038 3145 1103 Patrem,
3175 1039 3260 1107 qui
3297 1047 3613 1108 potestatem
3660 1041 3749 1094 Fi-

2159 1133 2230 1187 lio
2259 1132 2404 1186 dedit
2432 1147 2552 1187 esse
2583 1133 2862 1199 majorem,
2908 1147 3026 1185 eum
3066 1141 3121 1186 et
3168 1133 3281 1201 ipse
3312 1133 3474 1187 Filius
3527 1150 3748 1202 regnum

2160 1223 2306 1278 Patri
2338 1223 2625 1278 traditurus
2651 1238 2771 1279 esse
2793 1224 3018 1277 dicatur.
3044 1223 3144 1279 Uhi
3171 1226 3312 1278 enim
3338 1226 3454 1290 quis
3485 1226 3748 1281 bcnclicio

2161 1313 2360 1382 aliquid
2389 1312 2597 1368 confert
2620 1354 2634 1376 ,
2685 1314 2805 1382 jure
2848 1324 3098 1368 censetur
3129 1315 3297 1382 major
3339 1317 3634 1383 accipiente
3659 1320 3748 1387 qui

2159 1404 2342 1458 donat.
2376 1404 2430 1458 Iu
2455 1405 2788 1460 ditiuitaletu
2816 1415 3012 1468 autem,
3038 1421 3101 1460 ex
3126 1423 3225 1475 qua
3253 1408 3388 1476 quod
3413 1408 3748 1468 illeil‘abiiiter

2163 1495 2270 1549 ﬁlio
2313 1495 2470 1551 datur
2500 1513 2603 1549 non
2644 1509 2725 1551 est
2764 1497 2955 1566 gratia,
2988 1499 3080 1552 sed
3117 1510 3326 1565 natura,
3362 1511 3526 1554 restat
3569 1504 3748 1560 daulis

2162 1599 2212 1643 ct
2239 1588 2550 1658 accipientis
2577 1591 2874 1659 aequalitas.

2881 1681 3019 1738 XVI.

2515 1771 2634 1843 (Ex
2690 1773 2839 1828 libris
2867 1771 3062 1829 Contra
3099 1774 3347 1830 Ariauos.

544 1871 679 1926 Dicit
706 1869 1012 1937 Apostolus,
1039 1870 1179 1939 quod
1209 1881 1434 1940 aporteat
1466 1872 1679 1924 han-eses
1704 1883 1807 1923 esse
1838 1865 2049 1938 (Ibid.).
2086 1857 2130 1917 Β
2229 1860 2354 1916 Cum
2404 1872 2571 1916 autent
2612 1863 2840 1935 subjecta
2868 1864 3054 1933 fuerint
3083 1866 3162 1919 illi
3197 1867 3390 1930 omnia,
3435 1875 3553 1922 tunc
3596 1871 3750 1924 etiam

471 1964 694 2031 Oportet
730 1971 941 2026 autem,
984 1975 1088 2014 nou
1120 1961 1387 2016 lueretieis
1429 1960 1573 2030 quod
1615 1967 1742 2014 sunt
1779 1973 1921 2022 esse,
1963 1956 2054 2011 sed

470 2052 745 2109 catholicis
788 2051 1052 2106 sustinere
1091 2049 1233 2122 quod
1278 2065 1384 2106 non
1434 2058 1577 2105 sunt.
1626 2050 1775 2104 Sicut
1813 2047 1882 2102 de
1918 2045 2055 2101 .Iuda

473 2142 730 2197 traditore
755 2157 851 2195 suo
880 2141 1129 2195 Dominus
1163 2138 1336 2205 dixit,
1366 2141 1508 2209 quod
1547 2140 1731 2192 bonum
1761 2139 1927 2206 fuerat
1960 2138 2054 2191 ho-

473 2235 596 2286 ntini
626 2233 704 2287 illi
742 2249 841 2285 non
885 2233 1024 2285 nasci
1056 2229 1269 2301 (.llatth.
1297 2245 1420 2282 xxvr
1443 2271 1455 2294 ,
1481 2228 1598 2299 2i).
1630 2229 1756 2282 lude
1801 2230 1942 2283 enim
1983 2229 2058 2281 ait

473 2327 581 2390 illi,
611 2327 731 2394 quia
763 2340 916 2380 suum
965 2324 1106 2378 nasci
1146 2323 1225 2375 illi
1275 2322 1473 2375 malum
1511 2331 1626 2375 erat
1672 2317 1761 2391 qui
1805 2320 2051 2383 tradidit,

472 2417 628 2472 nobis
674 2417 908 2484 bonum,
956 2415 1020 2469 ad
1081 2427 1213 2482 quos
1264 2412 1408 2467 solus
1458 2427 1520 2466 ex
1584 2412 1868 2467 traditione
1930 2427 2051 2482 ptr-

471 2512 640 2564 \'eu't.

1210 2595 1302 2650 XII

854 2685 960 2755 (Es
986 2684 1135 2740 libris
1162 2683 1361 2740 Contra
1388 2685 1634 2740 Arianos.
1661 2687 1678 2755 )

539 2779 672 2834 Cum
718 2779 1093 2847 apparuissent
1121 2779 1294 2847 angeli
1341 2780 1396 2836 in
1427 2789 1567 2834 terra
1590 2820 1604 2844 ,
1636 2779 2049 2836 clamaverunt:

469 2869 650 2926 Gloria
676 2870 726 2922 in
754 2870 966 2924 errelsis
1011 2867 1118 2922 Deo
1148 2869 1310 2940 (Luc.
1342 2885 1402 2935 u,
1438 2871 1502 2924 14
1520 2866 1562 2940 ).
1595 2868 1649 2924 Si
1691 2869 1850 2924 Pater
1877 2879 1930 2924 et
1959 2870 2047 2924 Fi-

467 2961 572 3016 lius
599 2969 654 3014 tt
682 2961 912 3028 Spiritus
939 2971 1155 3016 SflﬂClUS
1181 2960 1235 3014 in
1256 2960 1482 3016 excelsis
1505 2970 1608 3027 est,
1637 2952 1778 3016 bene
1798 2961 2044 3029 dicimus,

466 3051 645 3107 Cloria
676 3049 816 3104 Patri
840 3060 893 3106 et
920 3050 1051 3105 Filio
1072 3061 1124 3106 et
1145 3049 1363 3120 Spiritui
1388 3060 1604 3117 sancto;
1629 3067 1724 3106 nec
1765 3065 2047 3120 possumus

465 3142 610 3197 Patri
656 3143 774 3198 sine
824 3141 956 3204 Filio
1003 3142 1228 3214 gloriam
1279 3143 1644 3214 honoremque
1699 3143 1868 3210 dare,
1923 3159 2044 3198 cum

465 3233 661 3307 ipsein
694 3233 989 3303 Evangelio
1030 3234 1234 3302 jubcat,
1287 3234 1353 3288 Ut
1401 3251 1570 3288 omnes
1613 3235 1686 3288 sic
1714 3234 2048 3295 honori/irent

466 3322 517 3376 F
520 3325 689 3388 ilium,
732 3327 859 3380 sicut
887 3324 1228 3392 honoriﬁcam
1270 3323 1480 3378 Patrem
1518 3323 1708 3397 (Joan.
1742 3341 1793 3391 ν,
1824 3325 1954 3393 25).
1987 3326 2055 3382 Et

465 3417 756 3484 Apostolus
785 3417 937 3484 dicit,
960 3418 1100 3485 quod
1130 3435 1276 3470 uento
1297 3419 1517 3472 honorat
1552 3419 1828 3472 Dominum
1849 3417 2046 3484 Jesum,

465 3508 563 3559 nisi
597 3509 647 3559 in
679 3506 875 3576 Spiritu
903 3520 1077 3560 sancto
1109 3510 1126 3578 (
1155 3507 1179 3563 I
1210 3507 1329 3562 Cor.
1367 3525 1463 3574 xu,
1494 3509 1584 3579 5).

1179 3598 1316 3652 XIII.

788 3689 906 3758 (Ex
937 3688 1179 3759 epistolis
1213 3688 1409 3744 Contra
1443 3691 1726 3758 Arianos.)

527 3781 614 3835 De
663 3780 938 3835 divinitate
989 3780 1220 3848 Spiritus
1269 3782 1463 3846 sancti,
1499 3797 1655 3851 quem
1709 3795 1807 3836 nec
1856 3782 2050 3836 factum

469 3875 716 3942 legimus,
751 3888 848 3926 nec
877 3873 1139 3942 genitum,
1173 3887 1271 3927 nec
1321 3882 1581 3938 creatum,
1617 3873 1905 3943 Apostolus
1934 3877 2048 3928 ait:

470 3968 626 4032 Deus,
658 3966 745 4036 qui
775 3973 1011 4035 operatur
1039 3965 1207 4016 omnia
1235 3965 1288 4017 in
1335 3964 1568 4018 omnibus
1603 3965 1620 4034 (
1652 3962 1817 4032 Ibid.,
1864 3965 1953 4034 6).
1985 3967 2055 4020 Et.

469 4059 655 4118 eodem
690 4057 805 4111 loco
837 4075 852 4111 :
890 4055 1080 4108 Omnia
1117 4065 1285 4108 autem
1331 4054 1438 4108 [uec
1464 4065 1702 4124 Operatur
1746 4072 1876 4110 unus
1905 4067 2055 4125 atque

469 4151 602 4204 idem
643 4151 889 4220 Spiritus,
913 4149 1144 4202 dividens
1165 4149 1382 4219 singulis
1405 4158 1554 4217 prout
1582 4150 1682 4200 vult
1708 4151 1723 4218 (
1746 4147 1910 4211 Ibid.,
1942 4149 2052 4218 ll).

367 4223 371 4227 ’
465 4241 537 4298 Et
587 4240 774 4294 Petrus
820 4240 870 4294 in
916 4241 1138 4294 Actibus
1180 4238 1543 4308 apostolorum
1573 4255 1592 4291 :
1637 4239 1774 4305 Quid
1803 4241 2054 4302 convenit,

470 4332 642 4400 inquit
664 4371 679 4396 ,
708 4333 837 4384 inter
862 4347 948 4385 vos
969 4332 1166 4384 mentiri
1199 4331 1421 4400 Spiritui
1437 4340 1611 4384 sancto
1639 4332 1788 4400 (Aet.
1810 4348 1862 4398 ν,
1887 4333 1938 4394 5,
1963 4331 2057 4399 ωε)

471 4423 540 4476 Ει
571 4429 726 4491 post,
763 4421 884 4475 Non
929 4437 980 4475 es
1010 4422 1247 4474 mentitus
1289 4421 1597 4485 hominibus,
1643 4423 1735 4474 sed
1770 4421 1892 4475 Deo.
1928 4422 2055 4475 Item

471 4512 578 4566 alio
604 4512 722 4566 loco
753 4529 768 4567 :
802 4511 1020 4565 Nescitis
1041 4511 1164 4580 quia
1193 4511 1437 4580 templum
1465 4510 1561 4564 Dei
1587 4514 1729 4577 estis,
1751 4521 1798 4566 et
1829 4513 2058 4582 Spiritus

473 4603 569 4657 Dei
599 4602 793 4656 habitat
820 4603 872 4654 in
901 4602 1035 4654 vobis
1068 4599 1137 4672 (1
1162 4600 1283 4654 Cor.
1311 4617 1387 4666 ut,
1424 4601 1542 4672 16).
1575 4604 1636 4657 Et
1664 4604 1790 4658 alibi
1819 4623 1831 4656 :
1865 4605 1924 4658 Si
1945 4608 2058 4675 quis

477 4696 732 4763 Spiritum
762 4695 950 4751 Christi
1002 4711 1102 4747 non
1146 4692 1315 4761 habet,
1355 4693 1434 4747 hic
1475 4710 1578 4748 non
1618 4705 1689 4748 est
1723 4699 1833 4767 ejus
1866 4697 2052 4767 (Rom.

475 4802 595 4854 vui,
623 4787 705 4855 9).

1200 4877 1334 4932 XIV.

765 4972 781 5038 (
810 4970 881 5023 Ex
914 4985 1165 5024 sermone
1196 4972 1262 5023 de
1294 4983 1519 5023 ascensu
1551 4968 1776 5040 Heliae.)

550 5063 616 5116 Iit
640 5061 688 5114 si
716 5059 880 5115 multa
908 5069 1030 5112 sunt
1059 5059 1196 5112 dona
1225 5075 1236 5110 :
1287 5059 1454 5111 omnia
1492 5067 1658 5113 tamen
1687 5059 1793 5114 Ittec
1814 5071 2052 5129 operatur

475 5171 607 5208 unus
638 5163 786 5220 atque
815 5151 948 5204 idem
980 5149 1227 5217 Spiritus,
1259 5150 1487 5203 dividens
1517 5152 1729 5222 singulis
1773 5163 1920 5221 prout
1951 5155 2055 5209 vult

477 5251 494 5315 (
523 5246 549 5300 1
591 5246 709 5300 Cor.
759 5259 855 5310 xu,
888 5244 944 5297 II
967 5242 1010 5314 ).
1039 5243 1153 5298 Non
1202 5244 1252 5298 itt
1285 5244 1621 5312 paucioribus
1653 5246 1845 5311 minor,
1871 5263 1968 5303 nec
1999 5249 2051 5303 in

476 5337 766 5406 majoribus
797 5335 1057 5404 amplior;
1095 5350 1186 5402 per
1212 5351 1369 5404 quem
1397 5335 1556 5390 etiam
1586 5337 1627 5389 si
1659 5337 1793 5390 alius
1823 5339 1926 5392 alio
1950 5339 2053 5393 mi-

477 5447 576 5486 nus
629 5428 843 5498 accipit,
901 5426 1156 5496 intelligat
1204 5428 1401 5483 donum
1455 5428 1631 5497 potius
1684 5445 1838 5498 posse
1889 5430 2054 5487 minui

476 5539 632 5592 quam
663 5523 971 5579 donantem.

1224 5608 1335 5663 XV.

855 5702 980 5774 (Ex
1013 5699 1166 5755 libris
1195 5698 1388 5755 Contra
1423 5702 1704 5771 Arianos.)

549 5794 680 5863 Quia
712 5809 990 5866 posueram
1021 5794 1087 5851 de
1115 5792 1401 5863 Evangelio
1431 5809 1440 5846 :
1477 5793 1609 5847 Data
1638 5805 1709 5848 est
1745 5798 1866 5848 mihi
1895 5800 2056 5854 omnis

2160 1956 2268 2024 ipse
2292 1953 2464 2009 Filius
2493 1957 2747 2025 subiectus
2774 1958 2868 2010 erit
2909 1958 2986 2011 illi
3011 1960 3101 2027 qui
3122 1960 3218 2012 sibi
3237 1961 3450 2031 subjecit
3472 1965 3668 2028 onmia,
3697 1974 3750 2018 ut

2159 2048 2224 2100 sit
2249 2046 2383 2099 Deus
2402 2048 2570 2100 omnia
2593 2047 2643 2099 in
2675 2048 2905 2101 omnibus
2938 2047 3137 2115 (lbid.,
3165 2050 3235 2104 28
3257 2051 3296 2120 ).
3346 2050 3488 2106 Istud
3521 2054 3749 2122 Aposto-

2161 2137 2240 2192 lus
2262 2137 2328 2192 ab
2348 2138 2520 2192 octavi
2551 2139 2733 2206 psalmi
2766 2139 2939 2208 posuit
2967 2141 3235 2209 exemplo.
3258 2141 3347 2197 Sic
3365 2158 3600 2211 namque
3620 2147 3750 2199 scri-

2160 2241 2306 2298 ptum
2331 2241 2405 2284 est
2427 2249 2440 2286 :
2465 2231 2736 2286 Minorasti
2751 2249 2862 2286 eum
2880 2235 3036 2302 paulo
3061 2235 3225 2289 minus
3249 2237 3308 2288 ab
3332 2239 3550 2308 angelis;
3575 2243 3750 2294 omn'a

2159 2323 2416 2392 subjecisti
2443 2328 2534 2377 sub
2573 2324 2781 2392 pedibus
2821 2326 2931 2394 ejus
2962 2324 3145 2396 (Psal.
3180 2343 3288 2392 \‘lll,
3325 2328 3411 2398 ϐ).
3449 2330 3592 2399 Ergo
3635 2333 3750 2399 eius

2160 2416 2390 2486 pedibus
2425 2417 2602 2471 omnia
2635 2418 2836 2483 subdit,
2867 2433 3023 2488 quem
3059 2421 3214 2487 paulo
3243 2423 3424 2477 minus
3447 2423 3515 2476 ab
3543 2425 3750 2493 angelis

2166 2510 2472 2564 minoravit.
2501 2509 2609 2564 Nec
2658 2511 2848 2564 mirum
2891 2518 2993 2576 est,
3026 2520 3084 2565 ut
3125 2512 3176 2565 in
3207 2527 3267 2566 ea
3316 2524 3560 2568 creatura
3594 2515 3750 2570 Patre

2157 2601 2365 2655 dicatur
2408 2602 2603 2666 minor,
2656 2601 2706 2655 in
2753 2615 2854 2670 qua
2879 2600 2931 2656 ei
2979 2602 3139 2657 etiam
3189 2603 3462 2659 beatitudo
3507 2606 3750 2675 angelica

2157 2694 2361 2748 exstitit
2389 2693 2580 2761 major.

2866 2763 3026 2818 XVII.

2483 2853 2502 2921 (
2519 2853 2592 2908 Es
2626 2852 2777 2908 libris
2805 2851 3003 2909 Contra
3030 2853 3414 2926 Phantasma.)

2225 2945 2324 3002 Ille
2371 2947 2521 3002 solus
2571 2947 2802 3002 hominis
2829 2958 3051 3011 statum,
3084 2957 3210 3014 etc.,
3245 2959 3299 3002 ut
3344 2949 3400 3001 in
3443 2949 3668 3018 epistola
3714 2951 3749 3004 2

2153 3041 2277 3111 (col.
2306 3040 2433 3109 9.07,
2451 3039 2529 3109 α),
2547 3057 2704 3112 usque
2727 3042 2796 3095 ad
2817 3055 2974 3112 quam
2996 3051 3322 3111 susceperat,
3352 3042 3401 3096 in
3428 3041 3634 3098 inferna
3653 3043 3749 3100 dc-

2151 3131 2430 3189 scendere.

2851 3203 3034 3258 XVIII.

2535 3293 2646 3363 (Es
2675 3293 2828 3350 libris
2857 3303 3042 3349 contra
3073 3294 3326 3351 Arianos.

2226 3385 2518 3454 Apostolus
2546 3385 2741 3442 Paulus
2788 3387 2855 3441 ad
2900 3387 3146 3452 Galatas,
3179 3402 3425 3457 persona:
3477 3388 3753 3460 insepara-

2155 3477 2416 3534 bilitatem
2464 3478 2769 3548 designans,
2807 3479 2977 3548 ipsum
3008 3479 3136 3532 dicit
3185 3491 3362 3534 uatum
3408 3480 3475 3535 de
3523 3484 3752 3538 muliere

2159 3584 2317 3638 quem
2345 3569 2493 3623 misit
2521 3568 2664 3624 Deus
2705 3569 2898 3623 Filium
2929 3584 3084 3624 suum
3111 3587 3124 3632 ;
3155 3569 3297 3624 sicut
3325 3571 3432 3625 alio
3463 3571 3605 3636 loco,
3632 3573 3757 3626 Pri—

2155 3677 2290 3724 mus,
2341 3661 2546 3728 inquit,
2599 3661 2751 3714 homo
2791 3663 2855 3715 de
2899 3670 3034 3714 terra
3076 3669 3332 3725 terrenus,
3385 3663 3638 3717 secundus
3691 3665 3753 3717 de

2155 3751 2278 3805 coelo
2308 3752 2524 3806 cmlestis
2552 3750 2623 3822 (Ι
2651 3752 2769 3807 Cor.
2818 3769 2905 3818 xv,
2952 3751 3098 3823 47);
3145 3767 3266 3806 cum
3311 3767 3448 3807 unus
3499 3753 3753 3824 idemque

2157 3842 2440 3909 mediator,
2472 3843 2538 3898 de
2581 3845 2718 3899 coelo
2747 3845 2908 3908 Deus,
2940 3845 3100 3898 homo
3144 3844 3211 3899 dc
3233 3852 3375 3899 terra
3419 3845 3514 3908 sit;
3545 3845 3633 3914 qui
3688 3846 3756 3899 de

2158 3943 2311 3989 utero
2347 3933 2574 4004 Virginis
2623 3934 2817 3998 editus,
2851 3945 2972 3990 ante
3009 3951 3166 4005 quam
3215 3935 3381 3991 caelos
3407 3937 3748 4001 ascenderet,

2156 4027 2390 4083 cmlestis
2416 4043 2652 4097 congrue
2680 4027 2854 4082 dictus
2879 4036 2989 4089 est;
3016 4031 3136 4097 quia
3165 4029 3466 4084 celsitudini
3493 4029 3756 4084 substan-

2160 4121 2246 4174 tia:
2265 4119 2496 4175 caelestis
2517 4118 2810 4186 immixtus,
2837 4118 2960 4173 cmli
2986 4118 3238 4174 Dominus
3267 4119 3436 4176 factus
3463 4129 3566 4176 est.

2471 4249 2561 4302 AD
2611 4247 3016 4304 CORINTIIIOS
3059 4247 3420 4304 SECUNDEE.

2236 4387 2283 4443 1.
2329 4387 2394 4442 Ut
2451 4404 2548 4441 non
2599 4397 2798 4456 possent
2834 4391 3099 4443 intendere
3139 4391 3235 4454 ﬁlii
3273 4389 3440 4446 Israel
3475 4392 3527 4445 in
3567 4395 3759 4463 faciem

2163 4480 2364 4549 Moysi,
2397 4490 2600 4550 promer
2625 4479 2842 4550 gloriam
2873 4482 3038 4535 vultus
3058 4484 3189 4553 ejus.

2236 4571 2320 4624 11.
2354 4571 2483 4624 Item
2525 4573 2588 4625 de
2621 4573 2812 4627 eodem.

2235 4662 2262 4715 Ι
2273 4661 2355 4719 11.
2385 4662 2644 4726 Quoniam
2673 4664 2794 4716 dum
2819 4680 2992 4718 sumus
3020 4665 3071 4718 in
3097 4682 3327 4734 corpore,
3361 4669 3758 4738 peregrinantur

2163 4771 2194 4806 a
2224 4753 2464 4816 Domino,
2502 4765 2606 4808 (1.0.

2236 4847 2342 4901 IV.
2377 4848 2630 4912 Quoniam
2659 4847 2862 4917 quidem
2895 4847 3032 4904 Deus
3060 4861 3131 4904 est
3159 4851 3210 4904 in
3240 4850 3466 4918 Christo,
3498 4856 3758 4909 mundum

2162 4939 2498 4994 reconcilians
2538 4940 2654 4994 sibi.

2237 5031 2301 5085 V.
2334 5030 2540 5084 Audiuit
2564 5048 2757 5086 arcana
2780 5033 2927 5087 verba
2949 5050 3062 5103 qua:
3085 5051 3186 5089 non
3216 5036 3330 5090 licet
3356 5036 3555 5092 homini
3588 5039 3761 5107 loqui.

2926 5145 2967 5197 Ι.

2517 5254 2538 5326 (
2561 5255 2637 5310 Ex
2664 5270 2912 5311 sermone
2936 5256 3109 5312 Natali
3139 5258 3340 5314 calicis.
3366 5260 3386 5329 )

2234 5347 2524 5404 Videamus
2566 5361 2930 5418 comparatam
2961 5351 3127 5420 Moysi
3156 5361 3210 5405 et
3237 5354 3404 5406 multo
3433 5355 3771 5422 prmccllen-

2159 5445 2292 5505 tem,
2322 5454 2440 5493 eam
2473 5455 2591 5509 quae
2633 5440 2802 5494 nostri
2831 5452 2912 5496 est
2939 5444 3160 5511 gratiam
3195 5444 3570 5514 redemptoris.
3617 5448 3769 5502 Nam

2161 5535 2220 5581 ut
2247 5543 2380 5582 nova
2414 5530 2684 5598 paululum
2712 5531 2984 5586 veteribus
3008 5533 3346 5588 conferamus
3364 5578 3377 5598 ,
3405 5537 3495 5590 ille
3521 5540 3585 5589 ad
3611 5539 3773 5594 hunc

2163 5619 2417 5687 populum
2469 5620 2618 5674 venit
2649 5622 2820 5676 velata
2871 5621 3042 5689 facie,
3077 5625 3175 5678 iste
3207 5635 3390 5694 operta
3441 5628 3768 5694 divinitate.

2161 5709 2250 5766 ille
2279 5709 2606 5766 sublimitate
2633 5721 2911 5779 cornutos,
2945 5715 3045 5770 iste
3079 5714 3379 5772 humilitate
3407 5729 3773 5784 mansuetus;

2163 5800 2304 5857 illius
2331 5802 2505 5860 vultus
2537 5803 2697 5860 radiis
2730 5813 2780 5860 ct
2809 5805 3004 5864 decore
3037 5807 3354 5876 lummosus,
3387 5810 3538 5865 istius
3577 5817 3774 5878 sputis
