  <div class='ocr_page' id='page_1' title='image "/cluster/home/n/w/nwhite01/storage/ocr_20150623/59/hvd.32044073505117/160.png"; bbox 0 0 4024 6172; ppageno 0'>
   <div class='ocr_carea' id='block_1_1' title="bbox 295 354 398 413">
    <p class='ocr_par' dir='ltr' id='par_1_1' title="bbox 295 354 398 413">
     <span class='ocr_line' id='line_1_1' title="bbox 295 354 398 413; baseline -0.029 0"><span class='ocrx_word' id='word_1_1' title='bbox 295 354 398 413; x_wconf 74' lang='grc' dir='ltr'><strong>εο9</strong></span> 
     </span>
    </p>
   </div>
   <div class='ocr_carea' id='block_1_2' title="bbox 1230 354 2604 414">
    <p class='ocr_par' dir='ltr' id='par_1_2' title="bbox 1230 354 2604 414">
     <span class='ocr_line' id='line_1_2' title="bbox 1230 354 2604 414; baseline 0.002 -3"><span class='ocrx_word' id='word_1_2' title='bbox 1230 356 1582 413; x_wconf 68' lang='lat' dir='ltr'><strong>VARIORUM</strong></span> <span class='ocrx_word' id='word_1_3' title='bbox 1623 354 2124 413; x_wconf 77' lang='lat' dir='ltr'><strong>OPUSCULORUM</strong></span> <span class='ocrx_word' id='word_1_4' title='bbox 2167 356 2604 414; x_wconf 74' lang='lat' dir='ltr'><strong>FRAGMENTA.</strong></span> 
     </span>
    </p>
   </div>
   <div class='ocr_carea' id='block_1_3' title="bbox 3428 373 3530 427">
    <p class='ocr_par' dir='ltr' id='par_1_3' title="bbox 3428 373 3530 427">
     <span class='ocr_line' id='line_1_3' title="bbox 3428 373 3530 427; baseline -0.01 0"><span class='ocrx_word' id='word_1_5' title='bbox 3428 373 3530 427; x_wconf 78' lang='lat' dir='ltr'><strong>3l0</strong></span> 
     </span>
    </p>
   </div>
   <div class='ocr_carea' id='block_1_4' title="bbox 290 470 3535 556">
    <p class='ocr_par' dir='ltr' id='par_1_4' title="bbox 290 470 3535 556">
     <span class='ocr_line' id='line_1_4' title="bbox 290 470 3535 556; baseline 0.004 -28"><span class='ocrx_word' id='word_1_6' title='bbox 290 483 341 528; x_wconf 88' lang='lat' dir='ltr'><strong>et</strong></span> <span class='ocrx_word' id='word_1_7' title='bbox 364 471 508 527; x_wconf 67' lang='lat' dir='ltr'><strong>crede</strong></span> <span class='ocrx_word' id='word_1_8' title='bbox 538 470 818 527; x_wconf 70' lang='lat' dir='ltr'><strong>fmdandus</strong></span> <span class='ocrx_word' id='word_1_9' title='bbox 843 492 855 529; x_wconf 87' lang='lat'><strong>:</strong></span> <span class='ocrx_word' id='word_1_10' title='bbox 881 472 1021 527; x_wconf 91' lang='lat' dir='ltr'><strong>illius</strong></span> <span class='ocrx_word' id='word_1_11' title='bbox 1048 474 1330 528; x_wconf 87' lang='lat' dir='ltr'><strong>humanam</strong></span> <span class='ocrx_word' id='word_1_12' title='bbox 1356 471 1543 526; x_wconf 87' lang='lat' dir='ltr'><strong>faciem</strong></span> <span class='ocrx_word' id='word_1_13' title='bbox 1566 484 1856 525; x_wconf 87' lang='lat' dir='ltr'><strong>conservus</strong></span> <span class='ocrx_word' id='word_1_14' title='bbox 1888 471 1935 529; x_wconf 83' lang='lat' dir='ltr'><strong>A</strong></span> <span class='ocrx_word' id='word_1_15' title='bbox 1964 479 2017 522; x_wconf 83' lang='lat' dir='ltr'><strong>ut</strong></span> <span class='ocrx_word' id='word_1_16' title='bbox 2059 471 2108 524; x_wconf 89' lang='lat' dir='ltr'><strong>in</strong></span> <span class='ocrx_word' id='word_1_17' title='bbox 2135 473 2345 537; x_wconf 86' lang='lat' dir='ltr'><strong>epistola</strong></span> <span class='ocrx_word' id='word_1_18' title='bbox 2389 474 2458 526; x_wconf 72' lang='lat'><strong>28</strong></span> <span class='ocrx_word' id='word_1_19' title='bbox 2491 478 2612 544; x_wconf 87' lang='lat' dir='ltr'><strong>(col.</strong></span> <span class='ocrx_word' id='word_1_20' title='bbox 2646 476 2772 545; x_wconf 62' lang='grc' dir='ltr'>Ξιδ,</span> <span class='ocrx_word' id='word_1_21' title='bbox 2806 478 2878 548; x_wconf 86' lang='lat' dir='ltr'><strong>b),</strong></span> <span class='ocrx_word' id='word_1_22' title='bbox 2921 496 3077 551; x_wconf 87' lang='lat' dir='ltr'><strong>usque</strong></span> <span class='ocrx_word' id='word_1_23' title='bbox 3111 484 3193 549; x_wconf 84' lang='lat' dir='ltr'><strong>ad,</strong></span> <span class='ocrx_word' id='word_1_24' title='bbox 3229 483 3279 538; x_wconf 91' lang='lat' dir='ltr'><strong>in</strong></span> <span class='ocrx_word' id='word_1_25' title='bbox 3311 500 3535 556; x_wconf 84' lang='lat' dir='ltr'><strong>corpore</strong></span> 
     </span>
    </p>
   </div>
   <div class='ocr_carea' id='block_1_5' title="bbox 292 560 1823 630">
    <p class='ocr_par' dir='ltr' id='par_1_5' title="bbox 292 560 1823 630">
     <span class='ocr_line' id='line_1_5' title="bbox 292 560 1823 630; baseline -0.001 -15"><span class='ocrx_word' id='word_1_26' title='bbox 292 562 471 616; x_wconf 84' lang='lat' dir='ltr'><strong>videre</strong></span> <span class='ocrx_word' id='word_1_27' title='bbox 500 576 609 615; x_wconf 93' lang='lat' dir='ltr'><strong>non</strong></span> <span class='ocrx_word' id='word_1_28' title='bbox 634 561 845 629; x_wconf 90' lang='lat' dir='ltr'><strong>meruit,</strong></span> <span class='ocrx_word' id='word_1_29' title='bbox 879 562 1028 616; x_wconf 80' lang='lat' dir='ltr'><strong>istius</strong></span> <span class='ocrx_word' id='word_1_30' title='bbox 1060 562 1289 615; x_wconf 79' lang='lat' dir='ltr'><strong>divinam</strong></span> <span class='ocrx_word' id='word_1_31' title='bbox 1322 563 1568 630; x_wconf 85' lang='lat' dir='ltr'><strong>leprosos</strong></span> <span class='ocrx_word' id='word_1_32' title='bbox 1599 560 1823 629; x_wconf 77' lang='lat' dir='ltr'><strong>aspexit.</strong></span> 
     </span>
    </p>
   </div>
   <div class='ocr_carea' id='block_1_6' title="bbox 1049 653 1110 707">
    <p class='ocr_par' dir='ltr' id='par_1_6' title="bbox 1049 653 1110 707">
     <span class='ocr_line' id='line_1_6' title="bbox 1049 653 1110 707; baseline -0.066 1"><span class='ocrx_word' id='word_1_33' title='bbox 1049 653 1110 707; x_wconf 90' lang='lat' dir='ltr'><strong>ll.</strong></span> 
     </span>
    </p>
   </div>
   <div class='ocr_carea' id='block_1_7' title="bbox 576 741 1575 815">
    <p class='ocr_par' dir='ltr' id='par_1_7' title="bbox 576 741 1575 815">
     <span class='ocr_line' id='line_1_7' title="bbox 576 741 1575 815; baseline -0.006 -16"><span class='ocrx_word' id='word_1_34' title='bbox 576 745 693 815; x_wconf 81' lang='lat' dir='ltr'><strong>(Ex</strong></span> <span class='ocrx_word' id='word_1_35' title='bbox 719 758 963 798; x_wconf 84' lang='lat' dir='ltr'><strong>sermone</strong></span> <span class='ocrx_word' id='word_1_36' title='bbox 991 743 1074 797; x_wconf 91' lang='lat' dir='ltr'><strong>die</strong></span> <span class='ocrx_word' id='word_1_37' title='bbox 1118 751 1269 796; x_wconf 80' lang='lat' dir='ltr'><strong>sexto</strong></span> <span class='ocrx_word' id='word_1_38' title='bbox 1297 741 1533 796; x_wconf 69' lang='lat' dir='ltr'><strong>Paschre.</strong></span> <span class='ocrx_word' id='word_1_39' title='bbox 1558 743 1575 809; x_wconf 97' lang='lat'><strong>)</strong></span> 
     </span>
    </p>
   </div>
   <div class='ocr_carea' id='block_1_8' title="bbox 357 828 1860 903">
    <p class='ocr_par' dir='ltr' id='par_1_8' title="bbox 357 828 1860 903">
     <span class='ocr_line' id='line_1_8' title="bbox 357 828 1860 903; baseline -0.005 -15"><span class='ocrx_word' id='word_1_40' title='bbox 357 833 491 889; x_wconf 89' lang='lat' dir='ltr'><strong>Cum</strong></span> <span class='ocrx_word' id='word_1_41' title='bbox 540 848 666 887; x_wconf 84' lang='lat' dir='ltr'><strong>caro</strong></span> <span class='ocrx_word' id='word_1_42' title='bbox 710 834 873 903; x_wconf 85' lang='lat' dir='ltr'><strong>(Sap.</strong></span> <span class='ocrx_word' id='word_1_43' title='bbox 918 830 1149 900; x_wconf 73' lang='lat' dir='ltr'><strong>ts,15),</strong></span> <span class='ocrx_word' id='word_1_44' title='bbox 1180 830 1406 885; x_wconf 85' lang='lat' dir='ltr'><strong>necdum</strong></span> <span class='ocrx_word' id='word_1_45' title='bbox 1452 829 1638 884; x_wconf 88' lang='lat' dir='ltr'><strong>mortis</strong></span> <span class='ocrx_word' id='word_1_46' title='bbox 1680 828 1860 881; x_wconf 73' lang='lat' dir='ltr'><strong>forna~</strong></span> 
     </span>
    </p>
   </div>
   <div class='ocr_carea' id='block_1_9' title="bbox 290 920 1857 992">
    <p class='ocr_par' dir='ltr' id='par_1_9' title="bbox 290 920 1857 992">
     <span class='ocr_line' id='line_1_9' title="bbox 290 920 1857 992; baseline -0.006 -13"><span class='ocrx_word' id='word_1_47' title='bbox 290 926 437 979; x_wconf 80' lang='lat' dir='ltr'><strong>cibus</strong></span> <span class='ocrx_word' id='word_1_48' title='bbox 467 924 743 987; x_wconf 59' lang='lat' dir='ltr'><strong>defaecata,</strong></span> <span class='ocrx_word' id='word_1_49' title='bbox 774 930 1027 992; x_wconf 75' lang='lat' dir='ltr'><strong>aggravet</strong></span> <span class='ocrx_word' id='word_1_50' title='bbox 1058 936 1273 975; x_wconf 82' lang='lat' dir='ltr'><strong>sensum</strong></span> <span class='ocrx_word' id='word_1_51' title='bbox 1307 922 1468 974; x_wconf 89' lang='lat' dir='ltr'><strong>multa</strong></span> <span class='ocrx_word' id='word_1_52' title='bbox 1500 920 1817 989; x_wconf 77' lang='lat' dir='ltr'><strong>cogitantem</strong></span> <span class='ocrx_word' id='word_1_53' title='bbox 1842 956 1857 981; x_wconf 94' lang='lat'><strong>,</strong></span> 
     </span>
    </p>
   </div>
   <div class='ocr_carea' id='block_1_10' title="bbox 292 1012 1859 1082">
    <p class='ocr_par' dir='ltr' id='par_1_10' title="bbox 292 1012 1859 1082">
     <span class='ocr_line' id='line_1_10' title="bbox 292 1012 1859 1082; baseline -0.004 -15"><span class='ocrx_word' id='word_1_54' title='bbox 292 1023 343 1067; x_wconf 89' lang='lat' dir='ltr'><strong>ct</strong></span> <span class='ocrx_word' id='word_1_55' title='bbox 364 1015 613 1082; x_wconf 83' lang='lat' dir='ltr'><strong>impediat</strong></span> <span class='ocrx_word' id='word_1_56' title='bbox 642 1015 811 1066; x_wconf 88' lang='lat' dir='ltr'><strong>visum</strong></span> <span class='ocrx_word' id='word_1_57' title='bbox 842 1027 1004 1081; x_wconf 85' lang='lat' dir='ltr'><strong>pauca</strong></span> <span class='ocrx_word' id='word_1_58' title='bbox 1027 1021 1356 1075; x_wconf 84' lang='lat' dir='ltr'><strong>cernentem,</strong></span> <span class='ocrx_word' id='word_1_59' title='bbox 1380 1012 1661 1065; x_wconf 88' lang='lat' dir='ltr'><strong>interlucet</strong></span> <span class='ocrx_word' id='word_1_60' title='bbox 1684 1018 1859 1063; x_wconf 88' lang='lat' dir='ltr'><strong>tamen</strong></span> 
     </span>
    </p>
   </div>
   <div class='ocr_carea' id='block_1_11' title="bbox 294 1105 1859 1174">
    <p class='ocr_par' dir='ltr' id='par_1_11' title="bbox 294 1105 1859 1174">
     <span class='ocr_line' id='line_1_11' title="bbox 294 1105 1859 1174; baseline -0.003 -14"><span class='ocrx_word' id='word_1_61' title='bbox 294 1108 343 1160; x_wconf 90' lang='lat' dir='ltr'><strong>iu</strong></span> <span class='ocrx_word' id='word_1_62' title='bbox 368 1107 631 1173; x_wconf 83' lang='lat' dir='ltr'><strong>aliquibus</strong></span> <span class='ocrx_word' id='word_1_63' title='bbox 655 1106 817 1174; x_wconf 79' lang='lat' dir='ltr'><strong>chtis</strong></span> <span class='ocrx_word' id='word_1_64' title='bbox 838 1105 1064 1173; x_wconf 82' lang='lat' dir='ltr'><strong>dignitas</strong></span> <span class='ocrx_word' id='word_1_65' title='bbox 1096 1105 1419 1172; x_wconf 88' lang='lat' dir='ltr'><strong>futurorum,</strong></span> <span class='ocrx_word' id='word_1_66' title='bbox 1451 1114 1504 1159; x_wconf 89' lang='lat' dir='ltr'><strong>et</strong></span> <span class='ocrx_word' id='word_1_67' title='bbox 1533 1114 1859 1159; x_wconf 89' lang='lat' dir='ltr'><strong>secretorum</strong></span> 
     </span>
    </p>
   </div>
   <div class='ocr_carea' id='block_1_12' title="bbox 292 1195 1859 1261">
    <p class='ocr_par' dir='ltr' id='par_1_12' title="bbox 292 1195 1859 1261">
     <span class='ocr_line' id='line_1_12' title="bbox 292 1195 1859 1261; baseline -0.001 -10"><span class='ocrx_word' id='word_1_68' title='bbox 292 1198 665 1251; x_wconf 90' lang='lat' dir='ltr'><strong>immortalium</strong></span> <span class='ocrx_word' id='word_1_69' title='bbox 706 1195 961 1261; x_wconf 85' lang='lat' dir='ltr'><strong>splendor</strong></span> <span class='ocrx_word' id='word_1_70' title='bbox 988 1195 1145 1248; x_wconf 86' lang='lat' dir='ltr'><strong>etiam</strong></span> <span class='ocrx_word' id='word_1_71' title='bbox 1179 1195 1490 1249; x_wconf 87' lang='lat' dir='ltr'><strong>mortalibus</strong></span> <span class='ocrx_word' id='word_1_72' title='bbox 1525 1196 1695 1249; x_wconf 87' lang='lat' dir='ltr'><strong>oculis</strong></span> <span class='ocrx_word' id='word_1_73' title='bbox 1743 1210 1859 1249; x_wconf 87' lang='lat' dir='ltr'><strong>rara</strong></span> 
     </span>
    </p>
   </div>
   <div class='ocr_carea' id='block_1_13' title="bbox 292 1285 1859 1371">
    <p class='ocr_par' dir='ltr' id='par_1_13' title="bbox 292 1285 1859 1371">
     <span class='ocr_line' id='line_1_13' title="bbox 292 1285 1859 1371; baseline -0.002 -29"><span class='ocrx_word' id='word_1_74' title='bbox 292 1287 613 1342; x_wconf 84' lang='lat' dir='ltr'><strong>revelatione</strong></span> <span class='ocrx_word' id='word_1_75' title='bbox 641 1285 930 1338; x_wconf 89' lang='lat' dir='ltr'><strong>subradiat.</strong></span> <span class='ocrx_word' id='word_1_76' title='bbox 959 1286 1062 1339; x_wconf 89' lang='lat' dir='ltr'><strong>Sed</strong></span> <span class='ocrx_word' id='word_1_77' title='bbox 1094 1287 1191 1339; x_wconf 89' lang='lat' dir='ltr'><strong>hoc</strong></span> <span class='ocrx_word' id='word_1_78' title='bbox 1216 1286 1319 1340; x_wconf 88' lang='lat' dir='ltr'><strong>illis</strong></span> <span class='ocrx_word' id='word_1_79' title='bbox 1348 1296 1570 1371; x_wconf 52' lang='lat' dir='ltr'><strong>gntum,</strong></span> <span class='ocrx_word' id='word_1_80' title='bbox 1595 1301 1727 1354; x_wconf 88' lang='lat' dir='ltr'><strong>quos</strong></span> <span class='ocrx_word' id='word_1_81' title='bbox 1749 1287 1859 1339; x_wconf 89' lang='lat' dir='ltr'><strong>sola</strong></span> 
     </span>
    </p>
   </div>
   <div class='ocr_carea' id='block_1_14' title="bbox 292 1375 1860 1442">
    <p class='ocr_par' dir='ltr' id='par_1_14' title="bbox 292 1375 1860 1442">
     <span class='ocr_line' id='line_1_14' title="bbox 292 1375 1860 1442; baseline -0.001 -10"><span class='ocrx_word' id='word_1_82' title='bbox 292 1393 433 1438; x_wconf 84' lang='lat' dir='ltr'><strong>Caro,</strong></span> <span class='ocrx_word' id='word_1_83' title='bbox 463 1393 569 1430; x_wconf 86' lang='lat' dir='ltr'><strong>non</strong></span> <span class='ocrx_word' id='word_1_84' title='bbox 595 1376 753 1429; x_wconf 88' lang='lat' dir='ltr'><strong>etiam</strong></span> <span class='ocrx_word' id='word_1_85' title='bbox 776 1375 1059 1429; x_wconf 87' lang='lat' dir='ltr'><strong>carnalitas</strong></span> <span class='ocrx_word' id='word_1_86' title='bbox 1090 1384 1253 1442; x_wconf 89' lang='lat' dir='ltr'><strong>tenet,</strong></span> <span class='ocrx_word' id='word_1_87' title='bbox 1285 1386 1337 1430; x_wconf 91' lang='lat' dir='ltr'><strong>et</strong></span> <span class='ocrx_word' id='word_1_88' title='bbox 1357 1377 1607 1430; x_wconf 88' lang='lat' dir='ltr'><strong>cordibus</strong></span> <span class='ocrx_word' id='word_1_89' title='bbox 1635 1377 1860 1431; x_wconf 90' lang='lat' dir='ltr'><strong>mundos</strong></span> 
     </span>
    </p>
   </div>
   <div class='ocr_carea' id='block_1_15' title="bbox 294 1466 1859 1536">
    <p class='ocr_par' dir='ltr' id='par_1_15' title="bbox 294 1466 1859 1536">
     <span class='ocr_line' id='line_1_15' title="bbox 294 1466 1859 1536; baseline -0.002 -14"><span class='ocrx_word' id='word_1_90' title='bbox 294 1470 556 1522; x_wconf 86' lang='lat' dir='ltr'><strong>mundana</strong></span> <span class='ocrx_word' id='word_1_91' title='bbox 599 1466 990 1520; x_wconf 80' lang='lat' dir='ltr'><strong>colrabitatione</strong></span> <span class='ocrx_word' id='word_1_92' title='bbox 1040 1480 1142 1519; x_wconf 83' lang='lat' dir='ltr'><strong>non</strong></span> <span class='ocrx_word' id='word_1_93' title='bbox 1194 1467 1401 1533; x_wconf 90' lang='lat' dir='ltr'><strong>polluit.</strong></span> <span class='ocrx_word' id='word_1_94' title='bbox 1445 1467 1595 1521; x_wconf 87' lang='lat' dir='ltr'><strong>Sicut</strong></span> <span class='ocrx_word' id='word_1_95' title='bbox 1641 1474 1859 1536; x_wconf 68' lang='lat' dir='ltr'><strong>prresta-</strong></span> 
     </span>
    </p>
   </div>
   <div class='ocr_carea' id='block_1_16' title="bbox 292 1556 1859 1626">
    <p class='ocr_par' dir='ltr' id='par_1_16' title="bbox 292 1556 1859 1626">
     <span class='ocr_line' id='line_1_16' title="bbox 292 1556 1859 1626; baseline 0 -15"><span class='ocrx_word' id='word_1_96' title='bbox 292 1560 441 1612; x_wconf 81' lang='lat' dir='ltr'><strong>batur</strong></span> <span class='ocrx_word' id='word_1_97' title='bbox 468 1557 732 1625; x_wconf 81' lang='lat' dir='ltr'><strong>quondam</strong></span> <span class='ocrx_word' id='word_1_98' title='bbox 764 1557 867 1609; x_wconf 69' lang='lat' dir='ltr'><strong>Vati</strong></span> <span class='ocrx_word' id='word_1_99' title='bbox 917 1556 1136 1624; x_wconf 80' lang='lat' dir='ltr'><strong>legifero</strong></span> <span class='ocrx_word' id='word_1_100' title='bbox 1162 1558 1378 1611; x_wconf 62' lang='lat' dir='ltr'><strong>caeleste</strong></span> <span class='ocrx_word' id='word_1_101' title='bbox 1418 1557 1775 1626; x_wconf 84' lang='lat' dir='ltr'><strong>colloquium;</strong></span> <span class='ocrx_word' id='word_1_102' title='bbox 1807 1565 1859 1611; x_wconf 88' lang='lat' dir='ltr'><strong>et</strong></span> 
     </span>
    </p>
   </div>
   <div class='ocr_carea' id='block_1_17' title="bbox 291 1646 1854 1715">
    <p class='ocr_par' dir='ltr' id='par_1_17' title="bbox 291 1646 1854 1715">
     <span class='ocr_line' id='line_1_17' title="bbox 291 1646 1854 1715; baseline -0.001 -13"><span class='ocrx_word' id='word_1_103' title='bbox 291 1664 351 1702; x_wconf 88' lang='lat' dir='ltr'><strong>eo</strong></span> <span class='ocrx_word' id='word_1_104' title='bbox 381 1663 547 1715; x_wconf 88' lang='lat' dir='ltr'><strong>usque</strong></span> <span class='ocrx_word' id='word_1_105' title='bbox 577 1648 769 1700; x_wconf 73' lang='lat' dir='ltr'><strong>divina:</strong></span> <span class='ocrx_word' id='word_1_106' title='bbox 806 1646 985 1715; x_wconf 69' lang='lat' dir='ltr'><strong>glorim</strong></span> <span class='ocrx_word' id='word_1_107' title='bbox 1025 1646 1253 1713; x_wconf 78' lang='lat' dir='ltr'><strong>quodam</strong></span> <span class='ocrx_word' id='word_1_108' title='bbox 1304 1648 1497 1701; x_wconf 91' lang='lat' dir='ltr'><strong>intuitu</strong></span> <span class='ocrx_word' id='word_1_109' title='bbox 1537 1647 1854 1715; x_wconf 84' lang='lat' dir='ltr'><strong>donabatur,</strong></span> 
     </span>
    </p>
   </div>
   <div class='ocr_carea' id='block_1_18' title="bbox 291 1736 1859 1810">
    <p class='ocr_par' dir='ltr' id='par_1_18' title="bbox 291 1736 1859 1810">
     <span class='ocr_line' id='line_1_18' title="bbox 291 1736 1859 1810; baseline 0 -16"><span class='ocrx_word' id='word_1_110' title='bbox 291 1741 454 1794; x_wconf 73' lang='lat' dir='ltr'><strong>donec</strong></span> <span class='ocrx_word' id='word_1_111' title='bbox 484 1738 728 1807; x_wconf 85' lang='lat' dir='ltr'><strong>quiddam</strong></span> <span class='ocrx_word' id='word_1_112' title='bbox 762 1738 812 1789; x_wconf 93' lang='lat' dir='ltr'><strong>in</strong></span> <span class='ocrx_word' id='word_1_113' title='bbox 842 1738 941 1791; x_wconf 84' lang='lat' dir='ltr'><strong>levi</strong></span> <span class='ocrx_word' id='word_1_114' title='bbox 973 1736 1143 1791; x_wconf 88' lang='lat' dir='ltr'><strong>fronte</strong></span> <span class='ocrx_word' id='word_1_115' title='bbox 1170 1748 1470 1803; x_wconf 88' lang='lat' dir='ltr'><strong>cornutum,</strong></span> <span class='ocrx_word' id='word_1_116' title='bbox 1506 1755 1612 1792; x_wconf 87' lang='lat' dir='ltr'><strong>non</strong></span> <span class='ocrx_word' id='word_1_117' title='bbox 1657 1741 1859 1810; x_wconf 78' lang='lat' dir='ltr'><strong>asperi-</strong></span> 
     </span>
    </p>
   </div>
   <div class='ocr_carea' id='block_1_19' title="bbox 291 1830 1391 1900">
    <p class='ocr_par' dir='ltr' id='par_1_19' title="bbox 291 1830 1391 1900">
     <span class='ocr_line' id='line_1_19' title="bbox 291 1830 1391 1900; baseline -0.003 -12"><span class='ocrx_word' id='word_1_118' title='bbox 291 1845 364 1889; x_wconf 81' lang='lat' dir='ltr'><strong>tas</strong></span> <span class='ocrx_word' id='word_1_119' title='bbox 383 1832 658 1887; x_wconf 80' lang='lat' dir='ltr'><strong>videretur</strong></span> <span class='ocrx_word' id='word_1_120' title='bbox 681 1830 1010 1900; x_wconf 80' lang='lat' dir='ltr'><strong>produxisse,</strong></span> <span class='ocrx_word' id='word_1_121' title='bbox 1037 1831 1129 1885; x_wconf 89' lang='lat' dir='ltr'><strong>sed</strong></span> <span class='ocrx_word' id='word_1_122' title='bbox 1159 1830 1391 1885; x_wconf 83' lang='lat' dir='ltr'><strong>claritas.</strong></span> 
     </span>
    </p>
   </div>
   <div class='ocr_carea' id='block_1_20' title="bbox 1027 1920 1111 1973">
    <p class='ocr_par' dir='ltr' id='par_1_20' title="bbox 1027 1920 1111 1973">
     <span class='ocr_line' id='line_1_20' title="bbox 1027 1920 1111 1973; baseline 0.012 -1"><span class='ocrx_word' id='word_1_123' title='bbox 1027 1920 1111 1973; x_wconf 89' lang='lat' dir='ltr'><strong>lll.</strong></span> 
     </span>
    </p>
   </div>
   <div class='ocr_carea' id='block_1_21' title="bbox 673 2009 1427 2080">
    <p class='ocr_par' dir='ltr' id='par_1_21' title="bbox 673 2009 1427 2080">
     <span class='ocr_line' id='line_1_21' title="bbox 673 2009 1427 2080; baseline -0.001 -16"><span class='ocrx_word' id='word_1_124' title='bbox 673 2012 781 2080; x_wconf 82' lang='lat' dir='ltr'><strong>(Ex</strong></span> <span class='ocrx_word' id='word_1_125' title='bbox 814 2024 1060 2064; x_wconf 83' lang='lat' dir='ltr'><strong>sermone</strong></span> <span class='ocrx_word' id='word_1_126' title='bbox 1082 2009 1147 2064; x_wconf 90' lang='lat' dir='ltr'><strong>de</strong></span> <span class='ocrx_word' id='word_1_127' title='bbox 1168 2009 1427 2080; x_wconf 86' lang='lat' dir='ltr'><strong>symbolo.</strong></span> 
     </span>
    </p>
   </div>
   <div class='ocr_carea' id='block_1_22' title="bbox 355 2100 1833 2172">
    <p class='ocr_par' dir='ltr' id='par_1_22' title="bbox 355 2100 1833 2172">
     <span class='ocr_line' id='line_1_22' title="bbox 355 2100 1833 2172; baseline -0.002 -14"><span class='ocrx_word' id='word_1_128' title='bbox 355 2103 603 2172; x_wconf 71' lang='lat' dir='ltr'><strong>Legimus</strong></span> <span class='ocrx_word' id='word_1_129' title='bbox 623 2100 851 2170; x_wconf 87' lang='lat' dir='ltr'><strong>quodam</strong></span> <span class='ocrx_word' id='word_1_130' title='bbox 881 2101 1015 2163; x_wconf 85' lang='lat' dir='ltr'><strong>loco,</strong></span> <span class='ocrx_word' id='word_1_131' title='bbox 1041 2100 1180 2167; x_wconf 88' lang='lat' dir='ltr'><strong>quod</strong></span> <span class='ocrx_word' id='word_1_132' title='bbox 1208 2100 1328 2153; x_wconf 89' lang='lat' dir='ltr'><strong>dum</strong></span> <span class='ocrx_word' id='word_1_133' title='bbox 1347 2115 1521 2153; x_wconf 84' lang='lat' dir='ltr'><strong>sumus</strong></span> <span class='ocrx_word' id='word_1_134' title='bbox 1546 2101 1596 2152; x_wconf 90' lang='lat' dir='ltr'><strong>in</strong></span> <span class='ocrx_word' id='word_1_135' title='bbox 1622 2115 1833 2168; x_wconf 61' lang='lat' dir='ltr'><strong>corpore</strong></span> 
     </span>
    </p>
   </div>
   <div class='ocr_carea' id='block_1_23' title="bbox 287 2187 1852 2263">
    <p class='ocr_par' dir='ltr' id='par_1_23' title="bbox 287 2187 1852 2263">
     <span class='ocr_line' id='line_1_23' title="bbox 287 2187 1852 2263; baseline -0.003 -17"><span class='ocrx_word' id='word_1_136' title='bbox 287 2194 663 2263; x_wconf 74' lang='lat' dir='ltr'><strong>perrgrinamur</strong></span> <span class='ocrx_word' id='word_1_137' title='bbox 688 2208 718 2243; x_wconf 90' lang='lat' dir='ltr'><strong>a</strong></span> <span class='ocrx_word' id='word_1_138' title='bbox 750 2190 965 2243; x_wconf 89' lang='lat' dir='ltr'><strong>Domino</strong></span> <span class='ocrx_word' id='word_1_139' title='bbox 986 2187 1189 2257; x_wconf 90' lang='lat' dir='ltr'><strong>(IlCor.</strong></span> <span class='ocrx_word' id='word_1_140' title='bbox 1213 2206 1264 2255; x_wconf 87' lang='lat' dir='ltr'><strong>v,</strong></span> <span class='ocrx_word' id='word_1_141' title='bbox 1296 2190 1388 2259; x_wconf 85' lang='lat'><strong>6).</strong></span> <span class='ocrx_word' id='word_1_142' title='bbox 1418 2188 1680 2257; x_wconf 77' lang='lat' dir='ltr'><strong>Quidquid</strong></span> <span class='ocrx_word' id='word_1_143' title='bbox 1713 2190 1852 2242; x_wconf 91' lang='lat' dir='ltr'><strong>enim</strong></span> 
     </span>
    </p>
   </div>
   <div class='ocr_carea' id='block_1_24' title="bbox 288 2278 1850 2348">
    <p class='ocr_par' dir='ltr' id='par_1_24' title="bbox 288 2278 1850 2348">
     <span class='ocr_line' id='line_1_24' title="bbox 288 2278 1850 2348; baseline -0.004 -12"><span class='ocrx_word' id='word_1_144' title='bbox 288 2284 435 2336; x_wconf 63' lang='lat' dir='ltr'><strong>nub&#39;s</strong></span> <span class='ocrx_word' id='word_1_145' title='bbox 458 2283 525 2335; x_wconf 89' lang='lat' dir='ltr'><strong>de</strong></span> <span class='ocrx_word' id='word_1_146' title='bbox 546 2280 853 2335; x_wconf 63' lang='lat' dir='ltr'><strong>caeleSIibus</strong></span> <span class='ocrx_word' id='word_1_147' title='bbox 882 2278 1151 2348; x_wconf 85' lang='lat' dir='ltr'><strong>mysteriis</strong></span> <span class='ocrx_word' id='word_1_148' title='bbox 1175 2278 1417 2343; x_wconf 78' lang='lat' dir='ltr'><strong>traditur,</strong></span> <span class='ocrx_word' id='word_1_149' title='bbox 1444 2278 1738 2346; x_wconf 84' lang='lat' dir='ltr'><strong>quamlibet</strong></span> <span class='ocrx_word' id='word_1_150' title='bbox 1775 2280 1850 2330; x_wconf 85' lang='lat' dir='ltr'><strong>in-</strong></span> 
     </span>
    </p>
   </div>
   <div class='ocr_carea' id='block_1_25' title="bbox 287 2368 1855 2437">
    <p class='ocr_par' dir='ltr' id='par_1_25' title="bbox 287 2368 1855 2437">
     <span class='ocr_line' id='line_1_25' title="bbox 287 2368 1855 2437; baseline -0.003 -11"><span class='ocrx_word' id='word_1_151' title='bbox 287 2372 558 2426; x_wconf 71' lang='lat' dir='ltr'><strong>duliitubili</strong></span> <span class='ocrx_word' id='word_1_152' title='bbox 590 2371 812 2424; x_wconf 58' lang='lat' dir='ltr'><strong>veritate</strong></span> <span class='ocrx_word' id='word_1_153' title='bbox 856 2369 1126 2432; x_wconf 85' lang='lat' dir='ltr'><strong>subsistat,</strong></span> <span class='ocrx_word' id='word_1_154' title='bbox 1160 2368 1381 2423; x_wconf 88' lang='lat' dir='ltr'><strong>credere</strong></span> <span class='ocrx_word' id='word_1_155' title='bbox 1428 2368 1702 2433; x_wconf 67' lang='lat' dir='ltr'><strong>debemu:,</strong></span> <span class='ocrx_word' id='word_1_156' title='bbox 1735 2370 1855 2437; x_wconf 91' lang='lat' dir='ltr'><strong>quia</strong></span> 
     </span>
    </p>
   </div>
   <div class='ocr_carea' id='block_1_26' title="bbox 286 2460 1855 2532">
    <p class='ocr_par' dir='ltr' id='par_1_26' title="bbox 286 2460 1855 2532">
     <span class='ocr_line' id='line_1_26' title="bbox 286 2460 1855 2532; baseline -0.004 -13"><span class='ocrx_word' id='word_1_157' title='bbox 286 2468 465 2520; x_wconf 68' lang='lat' dir='ltr'><strong>videre</strong></span> <span class='ocrx_word' id='word_1_158' title='bbox 509 2479 613 2517; x_wconf 91' lang='lat' dir='ltr'><strong>non</strong></span> <span class='ocrx_word' id='word_1_159' title='bbox 644 2476 945 2532; x_wconf 88' lang='lat' dir='ltr'><strong>possumus.</strong></span> <span class='ocrx_word' id='word_1_160' title='bbox 976 2460 1107 2515; x_wconf 86' lang='lat' dir='ltr'><strong>Nam</strong></span> <span class='ocrx_word' id='word_1_161' title='bbox 1149 2462 1200 2513; x_wconf 92' lang='lat' dir='ltr'><strong>in</strong></span> <span class='ocrx_word' id='word_1_162' title='bbox 1246 2460 1347 2514; x_wconf 89' lang='lat' dir='ltr'><strong>isto</strong></span> <span class='ocrx_word' id='word_1_163' title='bbox 1370 2461 1586 2525; x_wconf 68' lang='lat' dir='ltr'><strong>sweulo,</strong></span> <span class='ocrx_word' id='word_1_164' title='bbox 1618 2469 1855 2513; x_wconf 90' lang='lat' dir='ltr'><strong>nostrum</strong></span> 
     </span>
    </p>
   </div>
   <div class='ocr_carea' id='block_1_27' title="bbox 287 2550 1857 2612">
    <p class='ocr_par' dir='ltr' id='par_1_27' title="bbox 287 2550 1857 2612">
     <span class='ocr_line' id='line_1_27' title="bbox 287 2550 1857 2612; baseline -0.007 0"><span class='ocrx_word' id='word_1_165' title='bbox 287 2574 442 2612; x_wconf 88' lang='lat' dir='ltr'><strong>nosse</strong></span> <span class='ocrx_word' id='word_1_166' title='bbox 496 2553 864 2609; x_wconf 89' lang='lat' dir='ltr'><strong>tantummodo</strong></span> <span class='ocrx_word' id='word_1_167' title='bbox 909 2552 1130 2606; x_wconf 89' lang='lat' dir='ltr'><strong>credere</strong></span> <span class='ocrx_word' id='word_1_168' title='bbox 1155 2560 1255 2605; x_wconf 88' lang='lat' dir='ltr'><strong>est.</strong></span> <span class='ocrx_word' id='word_1_169' title='bbox 1296 2550 1439 2603; x_wconf 81' lang='lat' dir='ltr'><strong>Beati</strong></span> <span class='ocrx_word' id='word_1_170' title='bbox 1474 2550 1614 2605; x_wconf 89' lang='lat' dir='ltr'><strong>enim</strong></span> <span class='ocrx_word' id='word_1_171' title='bbox 1666 2550 1857 2602; x_wconf 83' lang='lat' dir='ltr'><strong>nnmdo</strong></span> 
     </span>
    </p>
   </div>
   <div class='ocr_carea' id='block_1_28' title="bbox 287 2642 1857 2716">
    <p class='ocr_par' dir='ltr' id='par_1_28' title="bbox 287 2642 1857 2716">
     <span class='ocr_line' id='line_1_28' title="bbox 287 2642 1857 2716; baseline -0.004 -15"><span class='ocrx_word' id='word_1_172' title='bbox 287 2650 453 2714; x_wconf 63' lang='lat' dir='ltr'><strong>corde,</strong></span> <span class='ocrx_word' id='word_1_173' title='bbox 485 2647 723 2716; x_wconf 84' lang='lat' dir='ltr'><strong>quoniam</strong></span> <span class='ocrx_word' id='word_1_174' title='bbox 754 2645 851 2712; x_wconf 96' lang='lat' dir='ltr'><strong>ipsi</strong></span> <span class='ocrx_word' id='word_1_175' title='bbox 880 2644 1041 2696; x_wconf 85' lang='lat' dir='ltr'><strong>Deum</strong></span> <span class='ocrx_word' id='word_1_176' title='bbox 1074 2642 1295 2712; x_wconf 82' lang='lat' dir='ltr'><strong>(Matth.</strong></span> <span class='ocrx_word' id='word_1_177' title='bbox 1331 2656 1394 2709; x_wconf 72' lang='grc' dir='ltr'>ν,</span> <span class='ocrx_word' id='word_1_178' title='bbox 1435 2642 1467 2695; x_wconf 88' lang='lat'><strong>8</strong></span> <span class='ocrx_word' id='word_1_179' title='bbox 1494 2645 1545 2708; x_wconf 90' lang='lat'><strong>);</strong></span> <span class='ocrx_word' id='word_1_180' title='bbox 1576 2656 1679 2694; x_wconf 93' lang='lat' dir='ltr'><strong>non</strong></span> <span class='ocrx_word' id='word_1_181' title='bbox 1720 2642 1857 2694; x_wconf 84' lang='lat' dir='ltr'><strong>di\it</strong></span> 
     </span>
    </p>
   </div>
   <div class='ocr_carea' id='block_1_29' title="bbox 288 2733 1854 2806">
    <p class='ocr_par' dir='ltr' id='par_1_29' title="bbox 288 2733 1854 2806">
     <span class='ocr_line' id='line_1_29' title="bbox 288 2733 1854 2806; baseline -0.003 -13"><span class='ocrx_word' id='word_1_182' title='bbox 288 2742 481 2806; x_wconf 82' lang='lat' dir='ltr'><strong>vident,</strong></span> <span class='ocrx_word' id='word_1_183' title='bbox 528 2738 623 2794; x_wconf 88' lang='lat' dir='ltr'><strong>sed</strong></span> <span class='ocrx_word' id='word_1_184' title='bbox 666 2738 919 2791; x_wconf 78' lang='lat' dir='ltr'><strong>ridebunt.</strong></span> <span class='ocrx_word' id='word_1_185' title='bbox 958 2735 1111 2791; x_wconf 90' lang='lat' dir='ltr'><strong>Unde</strong></span> <span class='ocrx_word' id='word_1_186' title='bbox 1156 2734 1244 2804; x_wconf 90' lang='lat' dir='ltr'><strong>qui</strong></span> <span class='ocrx_word' id='word_1_187' title='bbox 1290 2733 1342 2787; x_wconf 92' lang='lat' dir='ltr'><strong>in</strong></span> <span class='ocrx_word' id='word_1_188' title='bbox 1372 2734 1718 2803; x_wconf 84' lang='lat' dir='ltr'><strong>praesentibus</strong></span> <span class='ocrx_word' id='word_1_189' title='bbox 1760 2735 1854 2788; x_wconf 89' lang='lat' dir='ltr'><strong>ha-</strong></span> 
     </span>
    </p>
   </div>
   <div class='ocr_carea' id='block_1_30' title="bbox 290 2824 1854 2899">
    <p class='ocr_par' dir='ltr' id='par_1_30' title="bbox 290 2824 1854 2899">
     <span class='ocr_line' id='line_1_30' title="bbox 290 2824 1854 2899; baseline -0.005 -12"><span class='ocrx_word' id='word_1_190' title='bbox 290 2834 457 2887; x_wconf 74' lang='lat' dir='ltr'><strong>buerit</strong></span> <span class='ocrx_word' id='word_1_191' title='bbox 500 2832 679 2898; x_wconf 82' lang='lat' dir='ltr'><strong>fidem,</strong></span> <span class='ocrx_word' id='word_1_192' title='bbox 713 2829 825 2899; x_wconf 89' lang='lat' dir='ltr'><strong>ipse</strong></span> <span class='ocrx_word' id='word_1_193' title='bbox 870 2829 923 2883; x_wconf 91' lang='lat' dir='ltr'><strong>in</strong></span> <span class='ocrx_word' id='word_1_194' title='bbox 959 2827 1152 2883; x_wconf 77' lang='lat' dir='ltr'><strong>futuris</strong></span> <span class='ocrx_word' id='word_1_195' title='bbox 1181 2824 1407 2894; x_wconf 81' lang='lat' dir='ltr'><strong>accipiet</strong></span> <span class='ocrx_word' id='word_1_196' title='bbox 1450 2826 1854 2895; x_wconf 77' lang='lat' dir='ltr'><strong>contemplatio-</strong></span> 
     </span>
    </p>
   </div>
   <div class='ocr_carea' id='block_1_31' title="bbox 294 2939 430 2977">
    <p class='ocr_par' dir='ltr' id='par_1_31' title="bbox 294 2939 430 2977">
     <span class='ocr_line' id='line_1_31' title="bbox 294 2939 430 2977; baseline 0 0"><span class='ocrx_word' id='word_1_197' title='bbox 294 2939 430 2977; x_wconf 81' lang='lat' dir='ltr'><strong>nem.</strong></span> 
     </span>
    </p>
   </div>
   <div class='ocr_carea' id='block_1_32' title="bbox 1024 3011 1113 3065">
    <p class='ocr_par' dir='ltr' id='par_1_32' title="bbox 1024 3011 1113 3065">
     <span class='ocr_line' id='line_1_32' title="bbox 1024 3011 1113 3065; baseline 0 0"><span class='ocrx_word' id='word_1_198' title='bbox 1024 3011 1113 3065; x_wconf 85' lang='lat' dir='ltr'><strong>IV.</strong></span> 
     </span>
    </p>
   </div>
   <div class='ocr_carea' id='block_1_33' title="bbox 602 3099 1534 3174">
    <p class='ocr_par' dir='ltr' id='par_1_33' title="bbox 602 3099 1534 3174">
     <span class='ocr_line' id='line_1_33' title="bbox 602 3099 1534 3174; baseline -0.006 -16"><span class='ocrx_word' id='word_1_199' title='bbox 602 3104 715 3174; x_wconf 81' lang='lat' dir='ltr'><strong>(Ex</strong></span> <span class='ocrx_word' id='word_1_200' title='bbox 750 3102 899 3158; x_wconf 86' lang='lat' dir='ltr'><strong>libris</strong></span> <span class='ocrx_word' id='word_1_201' title='bbox 919 3102 1115 3157; x_wconf 85' lang='lat' dir='ltr'><strong>Contra</strong></span> <span class='ocrx_word' id='word_1_202' title='bbox 1162 3099 1534 3169; x_wconf 85' lang='lat' dir='ltr'><strong>Pltantasma.)</strong></span> 
     </span>
    </p>
   </div>
   <div class='ocr_carea' id='block_1_34' title="bbox 353 3178 1934 3263">
    <p class='ocr_par' dir='ltr' id='par_1_34' title="bbox 353 3178 1934 3263">
     <span class='ocr_line' id='line_1_34' title="bbox 353 3178 1934 3263; baseline -0.006 -13"><span class='ocrx_word' id='word_1_203' title='bbox 353 3196 601 3263; x_wconf 50' lang='lat' dir='ltr'><strong>Intelligit</strong></span> <span class='ocrx_word' id='word_1_204' title='bbox 624 3195 907 3263; x_wconf 85' lang='lat' dir='ltr'><strong>Apostolus</strong></span> <span class='ocrx_word' id='word_1_205' title='bbox 930 3208 989 3247; x_wconf 85' lang='lat' dir='ltr'><strong>ac</strong></span> <span class='ocrx_word' id='word_1_206' title='bbox 1019 3193 1225 3256; x_wconf 76' lang='lat' dir='ltr'><strong>definit,</strong></span> <span class='ocrx_word' id='word_1_207' title='bbox 1252 3202 1378 3253; x_wconf 87' lang='lat' dir='ltr'><strong>etc.,</strong></span> <span class='ocrx_word' id='word_1_208' title='bbox 1417 3201 1471 3244; x_wconf 91' lang='lat' dir='ltr'><strong>ut</strong></span> <span class='ocrx_word' id='word_1_209' title='bbox 1509 3192 1561 3243; x_wconf 92' lang='lat' dir='ltr'><strong>in</strong></span> <span class='ocrx_word' id='word_1_210' title='bbox 1591 3189 1801 3260; x_wconf 82' lang='lat' dir='ltr'><strong>epistola</strong></span> <span class='ocrx_word' id='word_1_211' title='bbox 1824 3187 1859 3241; x_wconf 78' lang='lat'><strong>‘2</strong></span> <span class='ocrx_word' id='word_1_212' title='bbox 1887 3178 1934 3242; x_wconf 89' lang='lat' dir='ltr'><strong>C</strong></span> 
     </span>
    </p>
   </div>
   <div class='ocr_carea' id='block_1_35' title="bbox 291 3281 1850 3355">
    <p class='ocr_par' dir='ltr' id='par_1_35' title="bbox 291 3281 1850 3355">
     <span class='ocr_line' id='line_1_35' title="bbox 291 3281 1850 3355; baseline -0.003 -17"><span class='ocrx_word' id='word_1_213' title='bbox 291 3288 404 3355; x_wconf 78' lang='lat' dir='ltr'><strong>(rol.</strong></span> <span class='ocrx_word' id='word_1_214' title='bbox 424 3285 549 3353; x_wconf 63' lang='lat'><strong>206,</strong></span> <span class='ocrx_word' id='word_1_215' title='bbox 566 3286 641 3355; x_wconf 87' lang='lat' dir='ltr'><strong>a),</strong></span> <span class='ocrx_word' id='word_1_216' title='bbox 661 3302 817 3355; x_wconf 86' lang='lat' dir='ltr'><strong>usque</strong></span> <span class='ocrx_word' id='word_1_217' title='bbox 829 3285 893 3337; x_wconf 91' lang='lat' dir='ltr'><strong>ad</strong></span> <span class='ocrx_word' id='word_1_218' title='bbox 906 3286 1161 3353; x_wconf 88' lang='lat' dir='ltr'><strong>parentali</strong></span> <span class='ocrx_word' id='word_1_219' title='bbox 1176 3282 1528 3352; x_wconf 81' lang='lat' dir='ltr'><strong>chirographo</strong></span> <span class='ocrx_word' id='word_1_220' title='bbox 1544 3281 1850 3337; x_wconf 89' lang='lat' dir='ltr'><strong>sustineret.</strong></span> 
     </span>
    </p>
   </div>
   <div class='ocr_carea' id='block_1_36' title="bbox 1041 3397 1083 3452">
    <p class='ocr_par' dir='ltr' id='par_1_36' title="bbox 1041 3397 1083 3452">
     <span class='ocr_line' id='line_1_36' title="bbox 1041 3397 1083 3452; baseline 0 0"><span class='ocrx_word' id='word_1_221' title='bbox 1041 3397 1083 3452; x_wconf 74' lang='grc' dir='ltr'><strong>ν</strong></span> 
     </span>
    </p>
   </div>
   <div class='ocr_carea' id='block_1_37' title="bbox 584 3487 1551 3559">
    <p class='ocr_par' dir='ltr' id='par_1_37' title="bbox 584 3487 1551 3559">
     <span class='ocr_line' id='line_1_37' title="bbox 584 3487 1551 3559; baseline -0.002 -15"><span class='ocrx_word' id='word_1_222' title='bbox 584 3489 693 3559; x_wconf 82' lang='lat' dir='ltr'><strong>(Ex</strong></span> <span class='ocrx_word' id='word_1_223' title='bbox 720 3504 967 3544; x_wconf 89' lang='lat' dir='ltr'><strong>sermone</strong></span> <span class='ocrx_word' id='word_1_224' title='bbox 995 3488 1080 3543; x_wconf 89' lang='lat' dir='ltr'><strong>die</strong></span> <span class='ocrx_word' id='word_1_225' title='bbox 1101 3496 1252 3543; x_wconf 81' lang='lat' dir='ltr'><strong>sexto</strong></span> <span class='ocrx_word' id='word_1_226' title='bbox 1277 3488 1509 3543; x_wconf 73' lang='lat' dir='ltr'><strong>Pasclize.</strong></span> <span class='ocrx_word' id='word_1_227' title='bbox 1533 3487 1551 3556; x_wconf 99' lang='lat'><strong>)</strong></span> 
     </span>
    </p>
   </div>
   <div class='ocr_carea' id='block_1_38' title="bbox 364 3577 1859 3650">
    <p class='ocr_par' dir='ltr' id='par_1_38' title="bbox 364 3577 1859 3650">
     <span class='ocr_line' id='line_1_38' title="bbox 364 3577 1859 3650; baseline -0.003 -15"><span class='ocrx_word' id='word_1_228' title='bbox 364 3581 604 3636; x_wconf 83' lang='lat' dir='ltr'><strong>Insonuit</strong></span> <span class='ocrx_word' id='word_1_229' title='bbox 630 3581 777 3635; x_wconf 88' lang='lat' dir='ltr'><strong>Pauli</strong></span> <span class='ocrx_word' id='word_1_230' title='bbox 806 3580 1027 3650; x_wconf 86' lang='lat' dir='ltr'><strong>apostoli</strong></span> <span class='ocrx_word' id='word_1_231' title='bbox 1058 3581 1296 3644; x_wconf 86' lang='lat' dir='ltr'><strong>auribus,</strong></span> <span class='ocrx_word' id='word_1_232' title='bbox 1319 3582 1454 3648; x_wconf 82' lang='lat' dir='ltr'><strong>quod</strong></span> <span class='ocrx_word' id='word_1_233' title='bbox 1486 3593 1587 3633; x_wconf 91' lang='lat' dir='ltr'><strong>non</strong></span> <span class='ocrx_word' id='word_1_234' title='bbox 1614 3578 1740 3631; x_wconf 89' lang='lat' dir='ltr'><strong>licet</strong></span> <span class='ocrx_word' id='word_1_235' title='bbox 1761 3577 1859 3631; x_wconf 80' lang='grc' dir='ltr'><strong>Ιιοο</strong></span> 
     </span>
    </p>
   </div>
   <div class='ocr_carea' id='block_1_39' title="bbox 291 3668 1858 3743">
    <p class='ocr_par' dir='ltr' id='par_1_39' title="bbox 291 3668 1858 3743">
     <span class='ocr_line' id='line_1_39' title="bbox 291 3668 1858 3743; baseline -0.005 -16"><span class='ocrx_word' id='word_1_236' title='bbox 291 3675 407 3727; x_wconf 88' lang='lat' dir='ltr'><strong>mini</strong></span> <span class='ocrx_word' id='word_1_237' title='bbox 457 3672 599 3741; x_wconf 84' lang='lat' dir='ltr'><strong>loqui</strong></span> <span class='ocrx_word' id='word_1_238' title='bbox 625 3669 724 3743; x_wconf 86' lang='grc' dir='ltr'><strong>(ΙΙ</strong></span> <span class='ocrx_word' id='word_1_239' title='bbox 756 3670 872 3724; x_wconf 89' lang='lat' dir='ltr'><strong>Cor.</strong></span> <span class='ocrx_word' id='word_1_240' title='bbox 907 3686 1001 3737; x_wconf 81' lang='lat' dir='ltr'><strong>xu,</strong></span> <span class='ocrx_word' id='word_1_241' title='bbox 1028 3669 1119 3738; x_wconf 78' lang='lat'><strong>4),</strong></span> <span class='ocrx_word' id='word_1_242' title='bbox 1152 3670 1398 3739; x_wconf 87' lang='lat' dir='ltr'><strong>quodque</strong></span> <span class='ocrx_word' id='word_1_243' title='bbox 1445 3668 1535 3723; x_wconf 91' lang='lat' dir='ltr'><strong>ille</strong></span> <span class='ocrx_word' id='word_1_244' title='bbox 1582 3668 1858 3737; x_wconf 88' lang='lat' dir='ltr'><strong>permitte-</strong></span> 
     </span>
    </p>
   </div>
   <div class='ocr_carea' id='block_1_40' title="bbox 291 3758 1856 3825">
    <p class='ocr_par' dir='ltr' id='par_1_40' title="bbox 291 3758 1856 3825">
     <span class='ocr_line' id='line_1_40' title="bbox 291 3758 1856 3825; baseline -0.004 -7"><span class='ocrx_word' id='word_1_245' title='bbox 291 3776 425 3818; x_wconf 69' lang='lat' dir='ltr'><strong>retur</strong></span> <span class='ocrx_word' id='word_1_246' title='bbox 451 3764 654 3825; x_wconf 87' lang='lat' dir='ltr'><strong>dicere,</strong></span> <span class='ocrx_word' id='word_1_247' title='bbox 701 3762 743 3815; x_wconf 90' lang='lat' dir='ltr'><strong>si</strong></span> <span class='ocrx_word' id='word_1_248' title='bbox 792 3774 888 3814; x_wconf 91' lang='lat' dir='ltr'><strong>nos</strong></span> <span class='ocrx_word' id='word_1_249' title='bbox 934 3775 1261 3813; x_wconf 90' lang='lat' dir='ltr'><strong>mereremur</strong></span> <span class='ocrx_word' id='word_1_250' title='bbox 1290 3760 1493 3813; x_wconf 88' lang='lat' dir='ltr'><strong>audire.</strong></span> <span class='ocrx_word' id='word_1_251' title='bbox 1543 3758 1597 3812; x_wconf 91' lang='lat' dir='ltr'><strong>Si</strong></span> <span class='ocrx_word' id='word_1_252' title='bbox 1631 3758 1771 3813; x_wconf 90' lang='lat' dir='ltr'><strong>enim</strong></span> <span class='ocrx_word' id='word_1_253' title='bbox 1804 3759 1856 3811; x_wconf 93' lang='lat' dir='ltr'><strong>in</strong></span> 
     </span>
    </p>
   </div>
   <div class='ocr_carea' id='block_1_41' title="bbox 290 3851 1861 3925">
    <p class='ocr_par' dir='ltr' id='par_1_41' title="bbox 290 3851 1861 3925">
     <span class='ocr_line' id='line_1_41' title="bbox 290 3851 1861 3925; baseline -0.004 -13"><span class='ocrx_word' id='word_1_254' title='bbox 290 3861 495 3914; x_wconf 67' lang='lat' dir='ltr'><strong>modico</strong></span> <span class='ocrx_word' id='word_1_255' title='bbox 532 3859 718 3914; x_wconf 86' lang='lat' dir='ltr'><strong>fideles</strong></span> <span class='ocrx_word' id='word_1_256' title='bbox 756 3872 863 3913; x_wconf 92' lang='lat' dir='ltr'><strong>non</strong></span> <span class='ocrx_word' id='word_1_257' title='bbox 919 3855 1122 3920; x_wconf 84' lang='lat' dir='ltr'><strong>fuistis,</strong></span> <span class='ocrx_word' id='word_1_258' title='bbox 1179 3853 1324 3925; x_wconf 90' lang='lat' dir='ltr'><strong>quod</strong></span> <span class='ocrx_word' id='word_1_259' title='bbox 1375 3852 1551 3921; x_wconf 86' lang='lat' dir='ltr'><strong>majus</strong></span> <span class='ocrx_word' id='word_1_260' title='bbox 1598 3858 1702 3916; x_wconf 87' lang='lat' dir='ltr'><strong>est,</strong></span> <span class='ocrx_word' id='word_1_261' title='bbox 1736 3851 1861 3919; x_wconf 90' lang='lat' dir='ltr'><strong>quis</strong></span> 
     </span>
    </p>
   </div>
   <div class='ocr_carea' id='block_1_42' title="bbox 292 3949 1145 4023">
    <p class='ocr_par' dir='ltr' id='par_1_42' title="bbox 292 3949 1145 4023">
     <span class='ocr_line' id='line_1_42' title="bbox 292 3949 1145 4023; baseline -0.008 -16"><span class='ocrx_word' id='word_1_262' title='bbox 292 3953 467 4008; x_wconf 83' lang='lat' dir='ltr'><strong>credet</strong></span> <span class='ocrx_word' id='word_1_263' title='bbox 503 3953 657 4008; x_wconf 82' lang='lat' dir='ltr'><strong>vobis</strong></span> <span class='ocrx_word' id='word_1_264' title='bbox 686 3950 837 4023; x_wconf 87' lang='lat' dir='ltr'><strong>(Luc.</strong></span> <span class='ocrx_word' id='word_1_265' title='bbox 874 3967 985 4015; x_wconf 77' lang='lat' dir='ltr'><strong>xvi,</strong></span> <span class='ocrx_word' id='word_1_266' title='bbox 1016 3949 1145 4017; x_wconf 64' lang='lat'><strong>1‘2)?</strong></span> 
     </span>
    </p>
   </div>
   <div class='ocr_carea' id='block_1_43' title="bbox 830 4061 1299 4117">
    <p class='ocr_par' dir='ltr' id='par_1_43' title="bbox 830 4061 1299 4117">
     <span class='ocr_line' id='line_1_43' title="bbox 830 4061 1299 4117; baseline -0.004 0"><span class='ocrx_word' id='word_1_267' title='bbox 830 4063 920 4117; x_wconf 86' lang='lat' dir='ltr'><strong>AD</strong></span> <span class='ocrx_word' id='word_1_268' title='bbox 960 4061 1299 4117; x_wconf 83' lang='lat' dir='ltr'><strong>GALATAS.</strong></span> 
     </span>
    </p>
   </div>
   <div class='ocr_carea' id='block_1_44' title="bbox 359 4170 1853 4237">
    <p class='ocr_par' dir='ltr' id='par_1_44' title="bbox 359 4170 1853 4237">
     <span class='ocr_line' id='line_1_44' title="bbox 359 4170 1853 4237; baseline -0.002 -8"><span class='ocrx_word' id='word_1_269' title='bbox 359 4175 403 4229; x_wconf 85' lang='grc' dir='ltr'><strong>Ι.</strong></span> <span class='ocrx_word' id='word_1_270' title='bbox 428 4176 477 4227; x_wconf 84' lang='grc' dir='ltr'><em>Μ</em></span> <span class='ocrx_word' id='word_1_271' title='bbox 485 4176 679 4227; x_wconf 84' lang='lat' dir='ltr'><strong>ediator</strong></span> <span class='ocrx_word' id='word_1_272' title='bbox 696 4182 863 4226; x_wconf 88' lang='lat' dir='ltr'><strong>autem</strong></span> <span class='ocrx_word' id='word_1_273' title='bbox 880 4173 1029 4225; x_wconf 87' lang='lat' dir='ltr'><strong>unius</strong></span> <span class='ocrx_word' id='word_1_274' title='bbox 1048 4188 1147 4225; x_wconf 88' lang='lat' dir='ltr'><strong>non</strong></span> <span class='ocrx_word' id='word_1_275' title='bbox 1163 4181 1256 4237; x_wconf 86' lang='lat' dir='ltr'><strong>est,</strong></span> <span class='ocrx_word' id='word_1_276' title='bbox 1283 4170 1419 4224; x_wconf 97' lang='lat' dir='ltr'><strong>Deus</strong></span> <span class='ocrx_word' id='word_1_277' title='bbox 1436 4178 1601 4224; x_wconf 87' lang='lat' dir='ltr'><strong>autent</strong></span> <span class='ocrx_word' id='word_1_278' title='bbox 1615 4186 1745 4224; x_wconf 86' lang='lat' dir='ltr'><strong>unus</strong></span> <span class='ocrx_word' id='word_1_279' title='bbox 1759 4179 1853 4226; x_wconf 86' lang='lat' dir='ltr'><strong>est.</strong></span> 
     </span>
    </p>
   </div>
   <div class='ocr_carea' id='block_1_45' title="bbox 361 4261 1781 4330">
    <p class='ocr_par' dir='ltr' id='par_1_45' title="bbox 361 4261 1781 4330">
     <span class='ocr_line' id='line_1_45' title="bbox 361 4261 1781 4330; baseline -0.001 -14"><span class='ocrx_word' id='word_1_280' title='bbox 361 4263 437 4317; x_wconf 82' lang='lat' dir='ltr'><strong>Il.</strong></span> <span class='ocrx_word' id='word_1_281' title='bbox 478 4262 623 4315; x_wconf 78' lang='lat' dir='ltr'><strong>Misit</strong></span> <span class='ocrx_word' id='word_1_282' title='bbox 657 4263 790 4315; x_wconf 84' lang='lat' dir='ltr'><strong>Deus</strong></span> <span class='ocrx_word' id='word_1_283' title='bbox 819 4261 1011 4315; x_wconf 86' lang='lat' dir='ltr'><strong>Filium</strong></span> <span class='ocrx_word' id='word_1_284' title='bbox 1040 4277 1185 4315; x_wconf 89' lang='lat' dir='ltr'><strong>suum</strong></span> <span class='ocrx_word' id='word_1_285' title='bbox 1210 4301 1225 4328; x_wconf 90' lang='lat'><strong>,</strong></span> <span class='ocrx_word' id='word_1_286' title='bbox 1257 4262 1444 4330; x_wconf 82' lang='lat' dir='ltr'><strong>factum</strong></span> <span class='ocrx_word' id='word_1_287' title='bbox 1468 4276 1530 4314; x_wconf 75' lang='lat' dir='ltr'><strong>ea:</strong></span> <span class='ocrx_word' id='word_1_288' title='bbox 1556 4262 1781 4315; x_wconf 77' lang='lat' dir='ltr'><strong>muliere.</strong></span> 
     </span>
    </p>
   </div>
   <div class='ocr_carea' id='block_1_46' title="bbox 359 4351 930 4407">
    <p class='ocr_par' dir='ltr' id='par_1_46' title="bbox 359 4351 930 4407">
     <span class='ocr_line' id='line_1_46' title="bbox 359 4351 930 4407; baseline -0.002 -2"><span class='ocrx_word' id='word_1_289' title='bbox 359 4352 472 4407; x_wconf 82' lang='lat' dir='ltr'><strong>HI.</strong></span> <span class='ocrx_word' id='word_1_290' title='bbox 502 4351 632 4404; x_wconf 88' lang='lat' dir='ltr'><strong>Item</strong></span> <span class='ocrx_word' id='word_1_291' title='bbox 658 4353 721 4403; x_wconf 87' lang='lat' dir='ltr'><strong>de</strong></span> <span class='ocrx_word' id='word_1_292' title='bbox 740 4352 930 4404; x_wconf 89' lang='lat' dir='ltr'><strong>eodem.</strong></span> 
     </span>
    </p>
   </div>
   <div class='ocr_carea' id='block_1_47' title="bbox 359 4437 1856 4510">
    <p class='ocr_par' dir='ltr' id='par_1_47' title="bbox 359 4437 1856 4510">
     <span class='ocr_line' id='line_1_47' title="bbox 359 4437 1856 4510; baseline 0.001 -18"><span class='ocrx_word' id='word_1_293' title='bbox 359 4440 457 4494; x_wconf 85' lang='lat' dir='ltr'><strong>IV.</strong></span> <span class='ocrx_word' id='word_1_294' title='bbox 500 4440 632 4493; x_wconf 80' lang='lat' dir='ltr'><strong>Mihi</strong></span> <span class='ocrx_word' id='word_1_295' title='bbox 660 4448 825 4493; x_wconf 87' lang='lat' dir='ltr'><strong>autem</strong></span> <span class='ocrx_word' id='word_1_296' title='bbox 848 4438 977 4493; x_wconf 87' lang='lat' dir='ltr'><strong>absit</strong></span> <span class='ocrx_word' id='word_1_297' title='bbox 998 4437 1242 4510; x_wconf 87' lang='lat' dir='ltr'><strong>gloriari,</strong></span> <span class='ocrx_word' id='word_1_298' title='bbox 1266 4438 1365 4493; x_wconf 87' lang='lat' dir='ltr'><strong>nisi</strong></span> <span class='ocrx_word' id='word_1_299' title='bbox 1392 4440 1445 4492; x_wconf 90' lang='lat' dir='ltr'><strong>in</strong></span> <span class='ocrx_word' id='word_1_300' title='bbox 1474 4455 1618 4494; x_wconf 83' lang='lat' dir='ltr'><strong>cruce</strong></span> <span class='ocrx_word' id='word_1_301' title='bbox 1648 4437 1856 4495; x_wconf 85' lang='lat' dir='ltr'><strong>Domini</strong></span> 
     </span>
    </p>
   </div>
   <div class='ocr_carea' id='block_1_48' title="bbox 297 4528 826 4586">
    <p class='ocr_par' dir='ltr' id='par_1_48' title="bbox 297 4528 826 4586">
     <span class='ocr_line' id='line_1_48' title="bbox 297 4528 826 4586; baseline 0 -3"><span class='ocrx_word' id='word_1_302' title='bbox 297 4532 443 4585; x_wconf 79' lang='lat' dir='ltr'><strong>nostri</strong></span> <span class='ocrx_word' id='word_1_303' title='bbox 468 4530 594 4586; x_wconf 75' lang='lat' dir='ltr'><strong>Iesu</strong></span> <span class='ocrx_word' id='word_1_304' title='bbox 617 4528 826 4583; x_wconf 88' lang='lat' dir='ltr'><strong>Christi.</strong></span> 
     </span>
    </p>
   </div>
   <div class='ocr_carea' id='block_1_49' title="bbox 1051 4642 1091 4695">
    <p class='ocr_par' dir='ltr' id='par_1_49' title="bbox 1051 4642 1091 4695">
     <span class='ocr_line' id='line_1_49' title="bbox 1051 4642 1091 4695; baseline 0 0"><span class='ocrx_word' id='word_1_305' title='bbox 1051 4642 1091 4695; x_wconf 87' lang='grc' dir='ltr'><strong>Ι.</strong></span> 
     </span>
    </p>
   </div>
   <div class='ocr_carea' id='block_1_50' title="bbox 634 4753 1532 4821">
    <p class='ocr_par' dir='ltr' id='par_1_50' title="bbox 634 4753 1532 4821">
     <span class='ocr_line' id='line_1_50' title="bbox 634 4753 1532 4821; baseline -0.006 -12"><span class='ocrx_word' id='word_1_306' title='bbox 634 4754 717 4809; x_wconf 79' lang='lat' dir='ltr'><strong>Ex</strong></span> <span class='ocrx_word' id='word_1_307' title='bbox 751 4753 899 4808; x_wconf 91' lang='lat' dir='ltr'><strong>libris</strong></span> <span class='ocrx_word' id='word_1_308' title='bbox 927 4753 1119 4808; x_wconf 85' lang='lat' dir='ltr'><strong>Contra</strong></span> <span class='ocrx_word' id='word_1_309' title='bbox 1150 4753 1488 4806; x_wconf 83' lang='lat' dir='ltr'><strong>Pltantasma.</strong></span> <span class='ocrx_word' id='word_1_310' title='bbox 1514 4753 1532 4821; x_wconf 97' lang='lat'><strong>)</strong></span> 
     </span>
    </p>
   </div>
   <div class='ocr_carea' id='block_1_51' title="bbox 366 4844 1858 4913">
    <p class='ocr_par' dir='ltr' id='par_1_51' title="bbox 366 4844 1858 4913">
     <span class='ocr_line' id='line_1_51' title="bbox 366 4844 1858 4913; baseline -0.002 -15"><span class='ocrx_word' id='word_1_311' title='bbox 366 4845 465 4901; x_wconf 86' lang='lat' dir='ltr'><strong>lloc</strong></span> <span class='ocrx_word' id='word_1_312' title='bbox 493 4845 788 4900; x_wconf 89' lang='lat' dir='ltr'><strong>remedium</strong></span> <span class='ocrx_word' id='word_1_313' title='bbox 816 4845 1099 4913; x_wconf 85' lang='lat' dir='ltr'><strong>Apostolus</strong></span> <span class='ocrx_word' id='word_1_314' title='bbox 1123 4844 1250 4899; x_wconf 86' lang='lat' dir='ltr'><strong>dicit</strong></span> <span class='ocrx_word' id='word_1_315' title='bbox 1279 4845 1612 4913; x_wconf 90' lang='lat' dir='ltr'><strong>dispositum,</strong></span> <span class='ocrx_word' id='word_1_316' title='bbox 1643 4852 1771 4909; x_wconf 90' lang='lat' dir='ltr'><strong>etc.,</strong></span> <span class='ocrx_word' id='word_1_317' title='bbox 1804 4851 1858 4895; x_wconf 83' lang='lat' dir='ltr'><strong>ut</strong></span> 
     </span>
    </p>
   </div>
   <div class='ocr_carea' id='block_1_52' title="bbox 297 4934 1857 5007">
    <p class='ocr_par' dir='ltr' id='par_1_52' title="bbox 297 4934 1857 5007">
     <span class='ocr_line' id='line_1_52' title="bbox 297 4934 1857 5007; baseline 0 -20"><span class='ocrx_word' id='word_1_318' title='bbox 297 4936 348 4987; x_wconf 89' lang='lat' dir='ltr'><strong>in</strong></span> <span class='ocrx_word' id='word_1_319' title='bbox 371 4936 573 5004; x_wconf 84' lang='lat' dir='ltr'><strong>epistola</strong></span> <span class='ocrx_word' id='word_1_320' title='bbox 600 4936 637 4989; x_wconf 68' lang='grc' dir='ltr'><strong>’Ξ</strong></span> <span class='ocrx_word' id='word_1_321' title='bbox 662 4935 787 5007; x_wconf 87' lang='lat' dir='ltr'><strong>(col.</strong></span> <span class='ocrx_word' id='word_1_322' title='bbox 816 4936 940 5003; x_wconf 68' lang='lat'><strong>206,</strong></span> <span class='ocrx_word' id='word_1_323' title='bbox 976 4936 1051 5006; x_wconf 67' lang='grc' dir='ltr'>ιι),</span> <span class='ocrx_word' id='word_1_324' title='bbox 1084 4952 1239 5006; x_wconf 84' lang='lat' dir='ltr'><strong>usque</strong></span> <span class='ocrx_word' id='word_1_325' title='bbox 1257 4938 1322 4989; x_wconf 89' lang='lat' dir='ltr'><strong>ad</strong></span> <span class='ocrx_word' id='word_1_326' title='bbox 1345 4950 1507 4991; x_wconf 88' lang='lat' dir='ltr'><strong>unum</strong></span> <span class='ocrx_word' id='word_1_327' title='bbox 1538 4934 1768 4990; x_wconf 86' lang='lat' dir='ltr'><strong>reddidit</strong></span> <span class='ocrx_word' id='word_1_328' title='bbox 1791 4948 1857 4988; x_wconf 81' lang='lat' dir='ltr'><strong>ex</strong></span> 
     </span>
    </p>
   </div>
   <div class='ocr_carea' id='block_1_53' title="bbox 298 5029 541 5102">
    <p class='ocr_par' dir='ltr' id='par_1_53' title="bbox 298 5029 541 5102">
     <span class='ocr_line' id='line_1_53' title="bbox 298 5029 541 5102; baseline 0.016 -21"><span class='ocrx_word' id='word_1_329' title='bbox 298 5029 541 5102; x_wconf 85' lang='lat' dir='ltr'><strong>utrisque.</strong></span> 
     </span>
    </p>
   </div>
   <div class='ocr_carea' id='block_1_54' title="bbox 1035 5118 1097 5171">
    <p class='ocr_par' dir='ltr' id='par_1_54' title="bbox 1035 5118 1097 5171">
     <span class='ocr_line' id='line_1_54' title="bbox 1035 5118 1097 5171; baseline 0 0"><span class='ocrx_word' id='word_1_330' title='bbox 1035 5118 1097 5171; x_wconf 88' lang='grc'><strong>11.</strong></span> 
     </span>
    </p>
   </div>
   <div class='ocr_carea' id='block_1_55' title="bbox 601 5206 1539 5279">
    <p class='ocr_par' dir='ltr' id='par_1_55' title="bbox 601 5206 1539 5279">
     <span class='ocr_line' id='line_1_55' title="bbox 601 5206 1539 5279; baseline -0.002 -16"><span class='ocrx_word' id='word_1_331' title='bbox 601 5212 621 5279; x_wconf 93' lang='grc'><strong>(</strong></span> <span class='ocrx_word' id='word_1_332' title='bbox 646 5211 718 5263; x_wconf 81' lang='lat' dir='ltr'><strong>Ex</strong></span> <span class='ocrx_word' id='word_1_333' title='bbox 749 5208 897 5263; x_wconf 90' lang='lat' dir='ltr'><strong>libris</strong></span> <span class='ocrx_word' id='word_1_334' title='bbox 924 5206 1118 5263; x_wconf 88' lang='lat' dir='ltr'><strong>Contra</strong></span> <span class='ocrx_word' id='word_1_335' title='bbox 1168 5207 1539 5277; x_wconf 82' lang='lat' dir='ltr'><strong>Pliantasma.)</strong></span> 
     </span>
    </p>
   </div>
   <div class='ocr_carea' id='block_1_56' title="bbox 364 5298 1852 5365">
    <p class='ocr_par' dir='ltr' id='par_1_56' title="bbox 364 5298 1852 5365">
     <span class='ocr_line' id='line_1_56' title="bbox 364 5298 1852 5365; baseline 0 -12"><span class='ocrx_word' id='word_1_336' title='bbox 364 5301 504 5355; x_wconf 76' lang='lat' dir='ltr'><strong>Adsit</strong></span> <span class='ocrx_word' id='word_1_337' title='bbox 552 5316 691 5354; x_wconf 90' lang='lat' dir='ltr'><strong>nunc</strong></span> <span class='ocrx_word' id='word_1_338' title='bbox 717 5300 950 5355; x_wconf 88' lang='lat' dir='ltr'><strong>sermoni</strong></span> <span class='ocrx_word' id='word_1_339' title='bbox 990 5306 1170 5353; x_wconf 90' lang='lat' dir='ltr'><strong>nostro</strong></span> <span class='ocrx_word' id='word_1_340' title='bbox 1201 5298 1533 5365; x_wconf 87' lang='lat' dir='ltr'><strong>Emmanuel,</strong></span> <span class='ocrx_word' id='word_1_341' title='bbox 1567 5307 1691 5365; x_wconf 89' lang='lat' dir='ltr'><strong>etc.,</strong></span> <span class='ocrx_word' id='word_1_342' title='bbox 1722 5308 1776 5351; x_wconf 90' lang='lat' dir='ltr'><strong>ut</strong></span> <span class='ocrx_word' id='word_1_343' title='bbox 1799 5301 1852 5353; x_wconf 89' lang='lat' dir='ltr'><strong>in</strong></span> 
     </span>
    </p>
   </div>
   <div class='ocr_carea' id='block_1_57' title="bbox 297 5388 1860 5464">
    <p class='ocr_par' dir='ltr' id='par_1_57' title="bbox 297 5388 1860 5464">
     <span class='ocr_line' id='line_1_57' title="bbox 297 5388 1860 5464; baseline 0 -21"><span class='ocrx_word' id='word_1_344' title='bbox 297 5392 493 5455; x_wconf 81' lang='lat' dir='ltr'><strong>epistola</strong></span> <span class='ocrx_word' id='word_1_345' title='bbox 509 5392 543 5445; x_wconf 63' lang='grc' dir='ltr'>Ξ</span> <span class='ocrx_word' id='word_1_346' title='bbox 559 5393 683 5464; x_wconf 89' lang='lat' dir='ltr'><strong>(col.</strong></span> <span class='ocrx_word' id='word_1_347' title='bbox 707 5390 836 5457; x_wconf 71' lang='grc'><strong>205,</strong></span> <span class='ocrx_word' id='word_1_348' title='bbox 860 5393 931 5458; x_wconf 90' lang='lat' dir='ltr'><strong>a),</strong></span> <span class='ocrx_word' id='word_1_349' title='bbox 956 5406 1110 5459; x_wconf 87' lang='lat' dir='ltr'><strong>usque</strong></span> <span class='ocrx_word' id='word_1_350' title='bbox 1136 5390 1201 5441; x_wconf 89' lang='lat' dir='ltr'><strong>ad</strong></span> <span class='ocrx_word' id='word_1_351' title='bbox 1233 5389 1316 5442; x_wconf 87' lang='lat' dir='ltr'><strong>ltic</strong></span> <span class='ocrx_word' id='word_1_352' title='bbox 1337 5398 1389 5443; x_wconf 89' lang='lat' dir='ltr'><strong>et</strong></span> <span class='ocrx_word' id='word_1_353' title='bbox 1410 5388 1503 5443; x_wconf 88' lang='lat' dir='ltr'><strong>Dei</strong></span> <span class='ocrx_word' id='word_1_354' title='bbox 1528 5388 1663 5443; x_wconf 81' lang='lat' dir='ltr'><strong>illius</strong></span> <span class='ocrx_word' id='word_1_355' title='bbox 1688 5400 1741 5444; x_wconf 88' lang='lat' dir='ltr'><strong>et</strong></span> <span class='ocrx_word' id='word_1_356' title='bbox 1765 5389 1860 5443; x_wconf 88' lang='lat' dir='ltr'><strong>lto-</strong></span> 
     </span>
    </p>
   </div>
   <div class='ocr_carea' id='block_1_58' title="bbox 298 5481 583 5536">
    <p class='ocr_par' dir='ltr' id='par_1_58' title="bbox 298 5481 583 5536">
     <span class='ocr_line' id='line_1_58' title="bbox 298 5481 583 5536; baseline 0.014 -4"><span class='ocrx_word' id='word_1_357' title='bbox 298 5481 442 5534; x_wconf 87' lang='lat' dir='ltr'><strong>minis</strong></span> <span class='ocrx_word' id='word_1_358' title='bbox 464 5484 583 5536; x_wconf 90' lang='lat' dir='ltr'><strong>erit.</strong></span> 
     </span>
    </p>
   </div>
   <div class='ocr_carea' id='block_1_59' title="bbox 1032 5568 1119 5622">
    <p class='ocr_par' dir='ltr' id='par_1_59' title="bbox 1032 5568 1119 5622">
     <span class='ocr_line' id='line_1_59' title="bbox 1032 5568 1119 5622; baseline -0.011 0"><span class='ocrx_word' id='word_1_359' title='bbox 1032 5568 1119 5622; x_wconf 85' lang='lat' dir='ltr'><strong>Ill.</strong></span> 
     </span>
    </p>
   </div>
   <div class='ocr_carea' id='block_1_60' title="bbox 588 5658 1559 5728">
    <p class='ocr_par' dir='ltr' id='par_1_60' title="bbox 588 5658 1559 5728">
     <span class='ocr_line' id='line_1_60' title="bbox 588 5658 1559 5728; baseline -0.001 -13"><span class='ocrx_word' id='word_1_360' title='bbox 588 5662 697 5727; x_wconf 77' lang='lat' dir='ltr'><strong>(Ex</strong></span> <span class='ocrx_word' id='word_1_361' title='bbox 731 5662 864 5715; x_wconf 85' lang='lat' dir='ltr'><strong>libro</strong></span> <span class='ocrx_word' id='word_1_362' title='bbox 894 5661 959 5715; x_wconf 92' lang='lat' dir='ltr'><strong>de</strong></span> <span class='ocrx_word' id='word_1_363' title='bbox 987 5658 1184 5714; x_wconf 89' lang='lat' dir='ltr'><strong>Christi</strong></span> <span class='ocrx_word' id='word_1_364' title='bbox 1228 5659 1559 5728; x_wconf 88' lang='lat' dir='ltr'><strong>nativitate.)</strong></span> 
     </span>
    </p>
   </div>
   <div class='ocr_carea' id='block_1_61' title="bbox 371 5747 1850 5821">
    <p class='ocr_par' dir='ltr' id='par_1_61' title="bbox 371 5747 1850 5821">
     <span class='ocr_line' id='line_1_61' title="bbox 371 5747 1850 5821; baseline -0.002 -15"><span class='ocrx_word' id='word_1_365' title='bbox 371 5754 640 5821; x_wconf 71' lang='lat' dir='ltr'><strong>Apostolus</strong></span> <span class='ocrx_word' id='word_1_366' title='bbox 655 5755 802 5821; x_wconf 73' lang='lat' dir='ltr'><strong>dicit,</strong></span> <span class='ocrx_word' id='word_1_367' title='bbox 827 5751 1097 5819; x_wconf 85' lang='lat' dir='ltr'><strong>Postquam</strong></span> <span class='ocrx_word' id='word_1_368' title='bbox 1112 5764 1227 5804; x_wconf 79' lang='lat' dir='ltr'><strong>vero</strong></span> <span class='ocrx_word' id='word_1_369' title='bbox 1239 5750 1367 5803; x_wconf 82' lang='lat' dir='ltr'><strong>venit</strong></span> <span class='ocrx_word' id='word_1_370' title='bbox 1383 5747 1522 5821; x_wconf 88' lang='lat' dir='ltr'><strong>(Gal.</strong></span> <span class='ocrx_word' id='word_1_371' title='bbox 1542 5764 1613 5817; x_wconf 86' lang='lat' dir='ltr'><strong>tv,</strong></span> <span class='ocrx_word' id='word_1_372' title='bbox 1630 5748 1705 5819; x_wconf 74' lang='grc' dir='ltr'>ι),</span> <span class='ocrx_word' id='word_1_373' title='bbox 1722 5757 1821 5805; x_wconf 91' lang='lat' dir='ltr'><strong>etc.</strong></span> <span class='ocrx_word' id='word_1_374' title='bbox 1834 5790 1850 5817; x_wconf 89' lang='lat'><strong>,</strong></span> 
     </span>
    </p>
   </div>
   <div class='ocr_carea' id='block_1_62' title="bbox 1965 563 2642 628">
    <p class='ocr_par' dir='ltr' id='par_1_62' title="bbox 1965 563 2642 628">
     <span class='ocr_line' id='line_1_62' title="bbox 1965 563 2642 628; baseline 0.006 -13"><span class='ocrx_word' id='word_1_375' title='bbox 1965 563 2209 628; x_wconf 67' lang='lat' dir='ltr'><strong>coepisse,</strong></span> <span class='ocrx_word' id='word_1_376' title='bbox 2252 563 2317 617; x_wconf 89' lang='lat' dir='ltr'><strong>de</strong></span> <span class='ocrx_word' id='word_1_377' title='bbox 2346 573 2512 619; x_wconf 83' lang='lat' dir='ltr'><strong>matre</strong></span> <span class='ocrx_word' id='word_1_378' title='bbox 2541 574 2642 619; x_wconf 86' lang='lat' dir='ltr'><strong>est.</strong></span> 
     </span>
    </p>
   </div>
   <div class='ocr_carea' id='block_1_63' title="bbox 2697 660 2782 713">
    <p class='ocr_par' dir='ltr' id='par_1_63' title="bbox 2697 660 2782 713">
     <span class='ocr_line' id='line_1_63' title="bbox 2697 660 2782 713; baseline 0 0"><span class='ocrx_word' id='word_1_379' title='bbox 2697 660 2782 713; x_wconf 76' lang='grc' dir='ltr'><strong>Π.</strong></span> 
     </span>
    </p>
   </div>
   <div class='ocr_carea' id='block_1_64' title="bbox 2243 748 3258 825">
    <p class='ocr_par' dir='ltr' id='par_1_64' title="bbox 2243 748 3258 825">
     <span class='ocr_line' id='line_1_64' title="bbox 2243 748 3258 825; baseline 0.005 -25"><span class='ocrx_word' id='word_1_380' title='bbox 2243 748 2355 817; x_wconf 85' lang='lat' dir='ltr'><strong>(Ex</strong></span> <span class='ocrx_word' id='word_1_381' title='bbox 2388 763 2635 805; x_wconf 83' lang='lat' dir='ltr'><strong>sermone</strong></span> <span class='ocrx_word' id='word_1_382' title='bbox 2661 751 2745 805; x_wconf 90' lang='lat' dir='ltr'><strong>die</strong></span> <span class='ocrx_word' id='word_1_383' title='bbox 2775 752 2808 804; x_wconf 84' lang='lat'><strong>5</strong></span> <span class='ocrx_word' id='word_1_384' title='bbox 2845 752 3258 825; x_wconf 69' lang='lat' dir='ltr'><strong>ltogationum.)</strong></span> 
     </span>
    </p>
   </div>
   <div class='ocr_carea' id='block_1_65' title="bbox 2033 836 3535 917">
    <p class='ocr_par' dir='ltr' id='par_1_65' title="bbox 2033 836 3535 917">
     <span class='ocr_line' id='line_1_65' title="bbox 2033 836 3535 917; baseline 0.008 -25"><span class='ocrx_word' id='word_1_385' title='bbox 2033 836 2181 892; x_wconf 86' lang='lat' dir='ltr'><strong>Sicut</strong></span> <span class='ocrx_word' id='word_1_386' title='bbox 2213 839 2352 892; x_wconf 88' lang='lat' dir='ltr'><strong>enim</strong></span> <span class='ocrx_word' id='word_1_387' title='bbox 2379 839 2683 895; x_wconf 60' lang='lat' dir='ltr'><strong>indecorum</strong></span> <span class='ocrx_word' id='word_1_388' title='bbox 2712 842 2818 906; x_wconf 85' lang='lat' dir='ltr'><strong>lex,</strong></span> <span class='ocrx_word' id='word_1_389' title='bbox 2849 844 2917 897; x_wconf 90' lang='lat' dir='ltr'><strong>ita</strong></span> <span class='ocrx_word' id='word_1_390' title='bbox 2938 847 3172 912; x_wconf 83' lang='lat' dir='ltr'><strong>gentium</strong></span> <span class='ocrx_word' id='word_1_391' title='bbox 3202 848 3389 915; x_wconf 70' lang='lat' dir='ltr'><strong>gloria,</strong></span> <span class='ocrx_word' id='word_1_392' title='bbox 3416 864 3535 917; x_wconf 78' lang='lat' dir='ltr'><strong>gra-</strong></span> 
     </span>
    </p>
   </div>
   <div class='ocr_carea' id='block_1_66' title="bbox 1962 927 3532 1009">
    <p class='ocr_par' dir='ltr' id='par_1_66' title="bbox 1962 927 3532 1009">
     <span class='ocr_line' id='line_1_66' title="bbox 1962 927 3532 1009; baseline 0.01 -28"><span class='ocrx_word' id='word_1_393' title='bbox 1962 927 2032 981; x_wconf 88' lang='lat' dir='ltr'><strong>tia</strong></span> <span class='ocrx_word' id='word_1_394' title='bbox 2057 940 2156 980; x_wconf 90' lang='lat' dir='ltr'><strong>est.</strong></span> <span class='ocrx_word' id='word_1_395' title='bbox 2194 928 2258 981; x_wconf 87' lang='lat' dir='ltr'><strong>Et</strong></span> <span class='ocrx_word' id='word_1_396' title='bbox 2306 929 2426 983; x_wconf 91' lang='lat' dir='ltr'><strong>ideo</strong></span> <span class='ocrx_word' id='word_1_397' title='bbox 2471 932 2742 999; x_wconf 90' lang='lat' dir='ltr'><strong>apostolus</strong></span> <span class='ocrx_word' id='word_1_398' title='bbox 2776 933 2966 988; x_wconf 87' lang='lat' dir='ltr'><strong>Paulus</strong></span> <span class='ocrx_word' id='word_1_399' title='bbox 3003 936 3067 989; x_wconf 88' lang='lat' dir='ltr'><strong>ad</strong></span> <span class='ocrx_word' id='word_1_400' title='bbox 3126 952 3283 992; x_wconf 89' lang='lat' dir='ltr'><strong>unam</strong></span> <span class='ocrx_word' id='word_1_401' title='bbox 3332 951 3532 1009; x_wconf 88' lang='lat' dir='ltr'><strong>partem</strong></span> 
     </span>
    </p>
   </div>
   <div class='ocr_carea' id='block_1_67' title="bbox 1962 1018 3533 1099">
    <p class='ocr_par' dir='ltr' id='par_1_67' title="bbox 1962 1018 3533 1099">
     <span class='ocr_line' id='line_1_67' title="bbox 1962 1018 3533 1099; baseline 0.01 -28"><span class='ocrx_word' id='word_1_402' title='bbox 1962 1018 2108 1080; x_wconf 87' lang='lat' dir='ltr'><strong>dicit,</strong></span> <span class='ocrx_word' id='word_1_403' title='bbox 2145 1019 2261 1071; x_wconf 66' lang='lat' dir='ltr'><strong>Non</strong></span> <span class='ocrx_word' id='word_1_404' title='bbox 2308 1019 2439 1073; x_wconf 85' lang='lat' dir='ltr'><strong>bona</strong></span> <span class='ocrx_word' id='word_1_405' title='bbox 2488 1021 2728 1090; x_wconf 83' lang='lat' dir='ltr'><strong>gloriatio</strong></span> <span class='ocrx_word' id='word_1_406' title='bbox 2770 1035 2928 1077; x_wconf 86' lang='lat' dir='ltr'><strong>vestra</strong></span> <span class='ocrx_word' id='word_1_407' title='bbox 2958 1025 3035 1096; x_wconf 71' lang='grc' dir='ltr'><strong>(1ι</strong></span> <span class='ocrx_word' id='word_1_408' title='bbox 3097 1027 3216 1082; x_wconf 76' lang='lat' dir='ltr'><strong>Cor.</strong></span> <span class='ocrx_word' id='word_1_409' title='bbox 3264 1045 3315 1093; x_wconf 83' lang='grc' dir='ltr'>ν,</span> <span class='ocrx_word' id='word_1_410' title='bbox 3347 1031 3434 1099; x_wconf 88' lang='lat'><strong>6),</strong></span> <span class='ocrx_word' id='word_1_411' title='bbox 3467 1034 3533 1087; x_wconf 85' lang='lat' dir='ltr'><strong>ad</strong></span> 
     </span>
    </p>
   </div>
   <div class='ocr_carea' id='block_1_68' title="bbox 1963 1108 3532 1185">
    <p class='ocr_par' dir='ltr' id='par_1_68' title="bbox 1963 1108 3532 1185">
     <span class='ocr_line' id='line_1_68' title="bbox 1963 1108 3532 1185; baseline 0.013 -26"><span class='ocrx_word' id='word_1_412' title='bbox 1963 1108 2118 1161; x_wconf 86' lang='lat' dir='ltr'><strong>aliam</strong></span> <span class='ocrx_word' id='word_1_413' title='bbox 2143 1126 2287 1173; x_wconf 83' lang='lat' dir='ltr'><strong>vero,</strong></span> <span class='ocrx_word' id='word_1_414' title='bbox 2317 1111 2447 1164; x_wconf 82' lang='lat' dir='ltr'><strong>Mihi</strong></span> <span class='ocrx_word' id='word_1_415' title='bbox 2466 1124 2631 1166; x_wconf 81' lang='lat' dir='ltr'><strong>autem</strong></span> <span class='ocrx_word' id='word_1_416' title='bbox 2652 1115 2777 1167; x_wconf 89' lang='lat' dir='ltr'><strong>absit</strong></span> <span class='ocrx_word' id='word_1_417' title='bbox 2800 1117 3029 1185; x_wconf 82' lang='lat' dir='ltr'><strong>gloriari,</strong></span> <span class='ocrx_word' id='word_1_418' title='bbox 3052 1119 3152 1172; x_wconf 87' lang='lat' dir='ltr'><strong>nisi</strong></span> <span class='ocrx_word' id='word_1_419' title='bbox 3170 1122 3223 1174; x_wconf 87' lang='lat' dir='ltr'><strong>in</strong></span> <span class='ocrx_word' id='word_1_420' title='bbox 3249 1138 3395 1176; x_wconf 83' lang='lat' dir='ltr'><strong>cruce</strong></span> <span class='ocrx_word' id='word_1_421' title='bbox 3427 1121 3532 1178; x_wconf 85' lang='lat' dir='ltr'><strong>Do-</strong></span> 
     </span>
    </p>
   </div>
   <div class='ocr_carea' id='block_1_69' title="bbox 1962 1199 3469 1277">
    <p class='ocr_par' dir='ltr' id='par_1_69' title="bbox 1962 1199 3469 1277">
     <span class='ocr_line' id='line_1_69' title="bbox 1962 1199 3469 1277; baseline 0.013 -27"><span class='ocrx_word' id='word_1_422' title='bbox 1962 1199 2086 1251; x_wconf 87' lang='lat' dir='ltr'><strong>mini</strong></span> <span class='ocrx_word' id='word_1_423' title='bbox 2114 1200 2271 1252; x_wconf 78' lang='lat' dir='ltr'><strong>nostri</strong></span> <span class='ocrx_word' id='word_1_424' title='bbox 2296 1199 2417 1254; x_wconf 74' lang='lat' dir='ltr'><strong>Jrsu</strong></span> <span class='ocrx_word' id='word_1_425' title='bbox 2450 1202 2637 1256; x_wconf 85' lang='lat' dir='ltr'><strong>Christi</strong></span> <span class='ocrx_word' id='word_1_426' title='bbox 2664 1204 2816 1273; x_wconf 86' lang='lat' dir='ltr'><strong>(Gal.</strong></span> <span class='ocrx_word' id='word_1_427' title='bbox 2845 1220 2918 1273; x_wconf 71' lang='grc' dir='ltr'>ιιι,</span> <span class='ocrx_word' id='word_1_428' title='bbox 2951 1209 3070 1277; x_wconf 72' lang='grc'><strong>14).</strong></span> <span class='ocrx_word' id='word_1_429' title='bbox 3468 1208 3469 1211; x_wconf 33' lang='grc'><em>“</em></span> 
     </span>
    </p>
   </div>
   <div class='ocr_carea' id='block_1_70' title="bbox 2506 1292 2984 1353">
    <p class='ocr_par' dir='ltr' id='par_1_70' title="bbox 2506 1292 2984 1353">
     <span class='ocr_line' id='line_1_70' title="bbox 2506 1292 2984 1353; baseline 0.017 -8"><span class='ocrx_word' id='word_1_430' title='bbox 2506 1292 2598 1346; x_wconf 88' lang='lat' dir='ltr'><strong>AD</strong></span> <span class='ocrx_word' id='word_1_431' title='bbox 2638 1295 2984 1353; x_wconf 78' lang='lat' dir='ltr'><strong>EPHESIOS.</strong></span> 
     </span>
    </p>
   </div>
   <div class='ocr_carea' id='block_1_71' title="bbox 2032 1378 3389 1459">
    <p class='ocr_par' dir='ltr' id='par_1_71' title="bbox 2032 1378 3389 1459">
     <span class='ocr_line' id='line_1_71' title="bbox 2032 1378 3389 1459; baseline 0.014 -29"><span class='ocrx_word' id='word_1_432' title='bbox 2032 1378 2081 1431; x_wconf 91' lang='grc' dir='ltr'><strong>Ι.</strong></span> <span class='ocrx_word' id='word_1_433' title='bbox 2112 1378 2173 1432; x_wconf 88' lang='lat' dir='ltr'><strong>In</strong></span> <span class='ocrx_word' id='word_1_434' title='bbox 2194 1397 2291 1447; x_wconf 88' lang='lat' dir='ltr'><strong>quo</strong></span> <span class='ocrx_word' id='word_1_435' title='bbox 2310 1382 2493 1451; x_wconf 79' lang='lat' dir='ltr'><strong>signati</strong></span> <span class='ocrx_word' id='word_1_436' title='bbox 2516 1385 2630 1437; x_wconf 84' lang='lat' dir='ltr'><strong>estis</strong></span> <span class='ocrx_word' id='word_1_437' title='bbox 2653 1386 2705 1437; x_wconf 86' lang='lat' dir='ltr'><strong>in</strong></span> <span class='ocrx_word' id='word_1_438' title='bbox 2724 1387 2806 1439; x_wconf 87' lang='lat' dir='ltr'><strong>die</strong></span> <span class='ocrx_word' id='word_1_439' title='bbox 2822 1389 3173 1459; x_wconf 81' lang='lat' dir='ltr'><strong>redemptionis</strong></span> <span class='ocrx_word' id='word_1_440' title='bbox 3196 1402 3389 1449; x_wconf 69' lang='lat' dir='ltr'><strong>vestrm.</strong></span> 
     </span>
    </p>
   </div>
   <div class='ocr_carea' id='block_1_72' title="bbox 2032 1468 3389 1549">
    <p class='ocr_par' dir='ltr' id='par_1_72' title="bbox 2032 1468 3389 1549">
     <span class='ocr_line' id='line_1_72' title="bbox 2032 1468 3389 1549; baseline 0.012 -28"><span class='ocrx_word' id='word_1_441' title='bbox 2032 1468 2116 1523; x_wconf 88' lang='grc'><strong>11.</strong></span> <span class='ocrx_word' id='word_1_442' title='bbox 2155 1470 2297 1525; x_wconf 90' lang='lat' dir='ltr'><strong>Unus</strong></span> <span class='ocrx_word' id='word_1_443' title='bbox 2330 1472 2600 1539; x_wconf 86' lang='lat' dir='ltr'><strong>Dominus,</strong></span> <span class='ocrx_word' id='word_1_444' title='bbox 2632 1492 2734 1529; x_wconf 90' lang='lat' dir='ltr'><strong>una</strong></span> <span class='ocrx_word' id='word_1_445' title='bbox 2762 1477 2907 1544; x_wconf 84' lang='lat' dir='ltr'><strong>ﬁdes,</strong></span> <span class='ocrx_word' id='word_1_446' title='bbox 2936 1495 3094 1531; x_wconf 87' lang='lat' dir='ltr'><strong>unum</strong></span> <span class='ocrx_word' id='word_1_447' title='bbox 3119 1481 3389 1549; x_wconf 86' lang='lat' dir='ltr'><strong>baptisma.</strong></span> 
     </span>
    </p>
   </div>
   <div class='ocr_carea' id='block_1_73' title="bbox 2030 1558 3532 1643">
    <p class='ocr_par' dir='ltr' id='par_1_73' title="bbox 2030 1558 3532 1643">
     <span class='ocr_line' id='line_1_73' title="bbox 2030 1558 3532 1643; baseline 0.01 -32"><span class='ocrx_word' id='word_1_448' title='bbox 2030 1558 2149 1613; x_wconf 88' lang='grc'><em>111.</em></span> <span class='ocrx_word' id='word_1_449' title='bbox 2180 1560 2278 1625; x_wconf 87' lang='lat' dir='ltr'><strong>Qui</strong></span> <span class='ocrx_word' id='word_1_450' title='bbox 2299 1562 2573 1631; x_wconf 74' lang='lat' dir='ltr'><strong>descendit,</strong></span> <span class='ocrx_word' id='word_1_451' title='bbox 2598 1565 2704 1632; x_wconf 89' lang='lat' dir='ltr'><strong>ipse</strong></span> <span class='ocrx_word' id='word_1_452' title='bbox 2728 1575 2801 1618; x_wconf 87' lang='lat' dir='ltr'><strong>est</strong></span> <span class='ocrx_word' id='word_1_453' title='bbox 2830 1576 2876 1619; x_wconf 88' lang='lat' dir='ltr'><strong>et</strong></span> <span class='ocrx_word' id='word_1_454' title='bbox 2898 1568 2982 1635; x_wconf 85' lang='lat' dir='ltr'><strong>qui</strong></span> <span class='ocrx_word' id='word_1_455' title='bbox 3004 1570 3224 1623; x_wconf 84' lang='lat' dir='ltr'><strong>ascendit</strong></span> <span class='ocrx_word' id='word_1_456' title='bbox 3252 1588 3400 1643; x_wconf 85' lang='lat' dir='ltr'><strong>super</strong></span> <span class='ocrx_word' id='word_1_457' title='bbox 3423 1588 3532 1627; x_wconf 89' lang='lat' dir='ltr'><strong>om-</strong></span> 
     </span>
    </p>
   </div>
   <div class='ocr_carea' id='block_1_74' title="bbox 1961 1651 2245 1706">
    <p class='ocr_par' dir='ltr' id='par_1_74' title="bbox 1961 1651 2245 1706">
     <span class='ocr_line' id='line_1_74' title="bbox 1961 1651 2245 1706; baseline 0.011 -3"><span class='ocrx_word' id='word_1_458' title='bbox 1961 1666 2046 1704; x_wconf 82' lang='lat' dir='ltr'><strong>nes</strong></span> <span class='ocrx_word' id='word_1_459' title='bbox 2075 1651 2245 1706; x_wconf 75' lang='lat' dir='ltr'><strong>cwlos.</strong></span> 
     </span>
    </p>
   </div>
   <div class='ocr_carea' id='block_1_75' title="bbox 2032 1738 3530 1821">
    <p class='ocr_par' dir='ltr' id='par_1_75' title="bbox 2032 1738 3530 1821">
     <span class='ocr_line' id='line_1_75' title="bbox 2032 1738 3530 1821; baseline 0.01 -29"><span class='ocrx_word' id='word_1_460' title='bbox 2032 1738 2060 1792; x_wconf 84' lang='grc' dir='ltr'><strong><em>Ι</em></strong></span> <span class='ocrx_word' id='word_1_461' title='bbox 2075 1740 2136 1794; x_wconf 76' lang='grc' dir='ltr'><strong>γ.</strong></span> <span class='ocrx_word' id='word_1_462' title='bbox 2169 1742 2298 1807; x_wconf 83' lang='lat' dir='ltr'><strong>Quia</strong></span> <span class='ocrx_word' id='word_1_463' title='bbox 2325 1744 2544 1798; x_wconf 87' lang='lat' dir='ltr'><strong>membra</strong></span> <span class='ocrx_word' id='word_1_464' title='bbox 2566 1760 2740 1800; x_wconf 88' lang='lat' dir='ltr'><strong>sumus</strong></span> <span class='ocrx_word' id='word_1_465' title='bbox 2763 1749 2991 1813; x_wconf 84' lang='lat' dir='ltr'><strong>corporis</strong></span> <span class='ocrx_word' id='word_1_466' title='bbox 3018 1750 3149 1817; x_wconf 88' lang='lat' dir='ltr'><strong>ejus,</strong></span> <span class='ocrx_word' id='word_1_467' title='bbox 3174 1752 3235 1805; x_wconf 87' lang='lat' dir='ltr'><strong>de</strong></span> <span class='ocrx_word' id='word_1_468' title='bbox 3256 1768 3408 1809; x_wconf 78' lang='lat' dir='ltr'><strong>carne</strong></span> <span class='ocrx_word' id='word_1_469' title='bbox 3422 1757 3530 1821; x_wconf 81' lang='lat' dir='ltr'><strong>eius</strong></span> 
     </span>
    </p>
   </div>
   <div class='ocr_carea' id='block_1_76' title="bbox 1883 1826 2489 1901">
    <p class='ocr_par' dir='ltr' id='par_1_76' title="bbox 1883 1826 2489 1901">
     <span class='ocr_line' id='line_1_76' title="bbox 1883 1826 2489 1901; baseline 0.012 -21"><span class='ocrx_word' id='word_1_470' title='bbox 1883 1826 1928 1886; x_wconf 81' lang='grc' dir='ltr'><strong>Β</strong></span> <span class='ocrx_word' id='word_1_471' title='bbox 1958 1839 2003 1882; x_wconf 87' lang='lat' dir='ltr'><strong>et</strong></span> <span class='ocrx_word' id='word_1_472' title='bbox 2041 1830 2103 1882; x_wconf 88' lang='lat' dir='ltr'><strong>de</strong></span> <span class='ocrx_word' id='word_1_473' title='bbox 2133 1832 2328 1883; x_wconf 86' lang='lat' dir='ltr'><strong>ossibus</strong></span> <span class='ocrx_word' id='word_1_474' title='bbox 2360 1834 2489 1901; x_wconf 85' lang='lat' dir='ltr'><strong>ejus.</strong></span> 
     </span>
    </p>
   </div>
   <div class='ocr_carea' id='block_1_77' title="bbox 2034 1919 3039 1995">
    <p class='ocr_par' dir='ltr' id='par_1_77' title="bbox 2034 1919 3039 1995">
     <span class='ocr_line' id='line_1_77' title="bbox 2034 1919 3039 1995; baseline 0.011 -24"><span class='ocrx_word' id='word_1_475' title='bbox 2034 1919 2097 1973; x_wconf 85' lang='lat' dir='ltr'><strong>V.</strong></span> <span class='ocrx_word' id='word_1_476' title='bbox 2136 1920 2202 1973; x_wconf 88' lang='lat' dir='ltr'><strong>Et</strong></span> <span class='ocrx_word' id='word_1_477' title='bbox 2233 1934 2379 1975; x_wconf 87' lang='lat' dir='ltr'><strong>erunt</strong></span> <span class='ocrx_word' id='word_1_478' title='bbox 2409 1923 2510 1977; x_wconf 89' lang='lat' dir='ltr'><strong>duo</strong></span> <span class='ocrx_word' id='word_1_479' title='bbox 2528 1925 2583 1978; x_wconf 90' lang='lat' dir='ltr'><strong>in</strong></span> <span class='ocrx_word' id='word_1_480' title='bbox 2604 1942 2756 1980; x_wconf 85' lang='lat' dir='ltr'><strong>carae</strong></span> <span class='ocrx_word' id='word_1_481' title='bbox 2783 1943 2906 1995; x_wconf 88' lang='lat' dir='ltr'><strong>una,</strong></span> <span class='ocrx_word' id='word_1_482' title='bbox 2936 1937 3039 1982; x_wconf 87' lang='lat' dir='ltr'><strong>etc.</strong></span> 
     </span>
    </p>
   </div>
   <div class='ocr_carea' id='block_1_78' title="bbox 2335 2102 3153 2179">
    <p class='ocr_par' dir='ltr' id='par_1_78' title="bbox 2335 2102 3153 2179">
     <span class='ocr_line' id='line_1_78' title="bbox 2335 2102 3153 2179; baseline 0.007 -22"><span class='ocrx_word' id='word_1_483' title='bbox 2335 2102 2441 2175; x_wconf 84' lang='lat' dir='ltr'><strong>(Ex</strong></span> <span class='ocrx_word' id='word_1_484' title='bbox 2471 2104 2620 2160; x_wconf 87' lang='lat' dir='ltr'><strong>libris</strong></span> <span class='ocrx_word' id='word_1_485' title='bbox 2641 2105 2835 2161; x_wconf 86' lang='lat' dir='ltr'><strong>Contra</strong></span> <span class='ocrx_word' id='word_1_486' title='bbox 2866 2108 3110 2163; x_wconf 87' lang='lat' dir='ltr'><strong>Arianos.</strong></span> <span class='ocrx_word' id='word_1_487' title='bbox 3135 2110 3153 2179; x_wconf 90' lang='lat'><strong>)</strong></span> 
     </span>
    </p>
   </div>
   <div class='ocr_carea' id='block_1_79' title="bbox 2028 2187 3525 2267">
    <p class='ocr_par' dir='ltr' id='par_1_79' title="bbox 2028 2187 3525 2267">
     <span class='ocr_line' id='line_1_79' title="bbox 2028 2187 3525 2267; baseline 0.008 -23"><span class='ocrx_word' id='word_1_488' title='bbox 2028 2187 2201 2244; x_wconf 91' lang='lat' dir='ltr'><strong>Unum</strong></span> <span class='ocrx_word' id='word_1_489' title='bbox 2234 2206 2428 2246; x_wconf 89' lang='lat' dir='ltr'><strong>nomen</strong></span> <span class='ocrx_word' id='word_1_490' title='bbox 2470 2205 2550 2248; x_wconf 85' lang='lat' dir='ltr'><strong>est</strong></span> <span class='ocrx_word' id='word_1_491' title='bbox 2575 2194 2867 2249; x_wconf 86' lang='lat' dir='ltr'><strong>Trinitatis.</strong></span> <span class='ocrx_word' id='word_1_492' title='bbox 2913 2197 3088 2267; x_wconf 89' lang='lat' dir='ltr'><strong>Neque</strong></span> <span class='ocrx_word' id='word_1_493' title='bbox 3125 2200 3256 2252; x_wconf 87' lang='lat' dir='ltr'><strong>enim</strong></span> <span class='ocrx_word' id='word_1_494' title='bbox 3287 2210 3355 2254; x_wconf 85' lang='lat' dir='ltr'><strong>est</strong></span> <span class='ocrx_word' id='word_1_495' title='bbox 3381 2202 3525 2256; x_wconf 77' lang='lat' dir='ltr'><strong>aliud</strong></span> 
     </span>
    </p>
   </div>
   <div class='ocr_carea' id='block_1_80' title="bbox 1957 2282 3524 2357">
    <p class='ocr_par' dir='ltr' id='par_1_80' title="bbox 1957 2282 3524 2357">
     <span class='ocr_line' id='line_1_80' title="bbox 1957 2282 3524 2357; baseline 0.008 -26"><span class='ocrx_word' id='word_1_496' title='bbox 1957 2294 2139 2332; x_wconf 87' lang='lat' dir='ltr'><strong>nomen</strong></span> <span class='ocrx_word' id='word_1_497' title='bbox 2188 2289 2245 2334; x_wconf 91' lang='lat' dir='ltr'><strong>ut</strong></span> <span class='ocrx_word' id='word_1_498' title='bbox 2288 2282 2338 2334; x_wconf 93' lang='lat' dir='ltr'><strong>in</strong></span> <span class='ocrx_word' id='word_1_499' title='bbox 2367 2282 2587 2338; x_wconf 88' lang='lat' dir='ltr'><strong>Actibus</strong></span> <span class='ocrx_word' id='word_1_500' title='bbox 2634 2285 2992 2351; x_wconf 89' lang='lat' dir='ltr'><strong>apostolorum</strong></span> <span class='ocrx_word' id='word_1_501' title='bbox 3046 2288 3291 2357; x_wconf 87' lang='lat' dir='ltr'><strong>legimus,</strong></span> <span class='ocrx_word' id='word_1_502' title='bbox 3340 2306 3393 2343; x_wconf 83' lang='grc' dir='ltr'>ιη</span> <span class='ocrx_word' id='word_1_503' title='bbox 3428 2309 3524 2357; x_wconf 86' lang='lat' dir='ltr'><strong>quo</strong></span> 
     </span>
    </p>
   </div>
   <div class='ocr_carea' id='block_1_81' title="bbox 1959 2373 3525 2448">
    <p class='ocr_par' dir='ltr' id='par_1_81' title="bbox 1959 2373 3525 2448">
     <span class='ocr_line' id='line_1_81' title="bbox 1959 2373 3525 2448; baseline 0.008 -28"><span class='ocrx_word' id='word_1_504' title='bbox 1959 2379 2182 2435; x_wconf 81' lang='lat' dir='ltr'><strong>oporteat</strong></span> <span class='ocrx_word' id='word_1_505' title='bbox 2213 2388 2305 2425; x_wconf 88' lang='lat' dir='ltr'><strong>nos</strong></span> <span class='ocrx_word' id='word_1_506' title='bbox 2342 2374 2506 2425; x_wconf 76' lang='lat' dir='ltr'><strong>salvos</strong></span> <span class='ocrx_word' id='word_1_507' title='bbox 2534 2373 2647 2441; x_wconf 78' lang='lat' dir='ltr'><strong>ﬁeri</strong></span> <span class='ocrx_word' id='word_1_508' title='bbox 2679 2374 2822 2445; x_wconf 84' lang='lat' dir='ltr'><strong>(Act.</strong></span> <span class='ocrx_word' id='word_1_509' title='bbox 2850 2391 2920 2441; x_wconf 84' lang='lat' dir='ltr'><strong>tv,</strong></span> <span class='ocrx_word' id='word_1_510' title='bbox 2956 2375 3020 2429; x_wconf 71' lang='grc'><strong>12</strong></span> <span class='ocrx_word' id='word_1_511' title='bbox 3040 2377 3079 2447; x_wconf 89' lang='grc'><strong>).</strong></span> <span class='ocrx_word' id='word_1_512' title='bbox 3115 2379 3167 2433; x_wconf 93' lang='lat' dir='ltr'><strong>Si</strong></span> <span class='ocrx_word' id='word_1_513' title='bbox 3200 2390 3525 2448; x_wconf 82' lang='lat' dir='ltr'><strong>sequestrata</strong></span> 
     </span>
    </p>
   </div>
   <div class='ocr_carea' id='block_1_82' title="bbox 1959 2458 3527 2533">
    <p class='ocr_par' dir='ltr' id='par_1_82' title="bbox 1959 2458 3527 2533">
     <span class='ocr_line' id='line_1_82' title="bbox 1959 2458 3527 2533; baseline 0.006 -21"><span class='ocrx_word' id='word_1_514' title='bbox 1959 2458 2114 2525; x_wconf 86' lang='lat' dir='ltr'><strong>Filio,</strong></span> <span class='ocrx_word' id='word_1_515' title='bbox 2149 2461 2214 2514; x_wconf 91' lang='lat' dir='ltr'><strong>de</strong></span> <span class='ocrx_word' id='word_1_516' title='bbox 2235 2462 2353 2514; x_wconf 90' lang='lat' dir='ltr'><strong>solo</strong></span> <span class='ocrx_word' id='word_1_517' title='bbox 2382 2462 2522 2516; x_wconf 86' lang='lat' dir='ltr'><strong>istud</strong></span> <span class='ocrx_word' id='word_1_518' title='bbox 2551 2463 2762 2518; x_wconf 88' lang='lat' dir='ltr'><strong>nomine</strong></span> <span class='ocrx_word' id='word_1_519' title='bbox 2796 2464 2963 2519; x_wconf 81' lang='lat' dir='ltr'><strong>Patris</strong></span> <span class='ocrx_word' id='word_1_520' title='bbox 2983 2467 3235 2533; x_wconf 90' lang='lat' dir='ltr'><strong>creditur,</strong></span> <span class='ocrx_word' id='word_1_521' title='bbox 3273 2470 3527 2523; x_wconf 55' lang='lat' dir='ltr'><strong>dicendus</strong></span> 
     </span>
    </p>
   </div>
   <div class='ocr_carea' id='block_1_83' title="bbox 1957 2553 3527 2627">
    <p class='ocr_par' dir='ltr' id='par_1_83' title="bbox 1957 2553 3527 2627">
     <span class='ocr_line' id='line_1_83' title="bbox 1957 2553 3527 2627; baseline 0.008 -24"><span class='ocrx_word' id='word_1_522' title='bbox 1957 2562 2036 2604; x_wconf 48' lang='lat' dir='ltr'><strong>est</strong></span> <span class='ocrx_word' id='word_1_523' title='bbox 2069 2566 2170 2604; x_wconf 88' lang='lat' dir='ltr'><strong>nou</strong></span> <span class='ocrx_word' id='word_1_524' title='bbox 2199 2553 2409 2608; x_wconf 80' lang='lat' dir='ltr'><strong>salvare</strong></span> <span class='ocrx_word' id='word_1_525' title='bbox 2434 2554 2699 2621; x_wconf 84' lang='lat' dir='ltr'><strong>salvator;</strong></span> <span class='ocrx_word' id='word_1_526' title='bbox 2729 2571 3019 2627; x_wconf 88' lang='lat' dir='ltr'><strong>rursusque</strong></span> <span class='ocrx_word' id='word_1_527' title='bbox 3044 2559 3090 2613; x_wconf 90' lang='lat' dir='ltr'><strong>si</strong></span> <span class='ocrx_word' id='word_1_528' title='bbox 3117 2559 3269 2616; x_wconf 78' lang='lat' dir='ltr'><strong>Patre</strong></span> <span class='ocrx_word' id='word_1_529' title='bbox 3296 2562 3527 2625; x_wconf 31' lang='lat' dir='ltr'><strong>seclusa,</strong></span> 
     </span>
    </p>
   </div>
   <div class='ocr_carea' id='block_1_84' title="bbox 1958 2642 3527 2720">
    <p class='ocr_par' dir='ltr' id='par_1_84' title="bbox 1958 2642 3527 2720">
     <span class='ocr_line' id='line_1_84' title="bbox 1958 2642 3527 2720; baseline 0.008 -24"><span class='ocrx_word' id='word_1_530' title='bbox 1958 2642 2009 2696; x_wconf 87' lang='lat' dir='ltr'><strong>id</strong></span> <span class='ocrx_word' id='word_1_531' title='bbox 2056 2644 2218 2697; x_wconf 91' lang='lat' dir='ltr'><strong>solius</strong></span> <span class='ocrx_word' id='word_1_532' title='bbox 2267 2645 2618 2714; x_wconf 89' lang='lat' dir='ltr'><strong>redemptoris</strong></span> <span class='ocrx_word' id='word_1_533' title='bbox 2667 2649 2880 2703; x_wconf 88' lang='lat' dir='ltr'><strong>nomine</strong></span> <span class='ocrx_word' id='word_1_534' title='bbox 2914 2653 3258 2720; x_wconf 86' lang='lat' dir='ltr'><strong>acquirimur,</strong></span> <span class='ocrx_word' id='word_1_535' title='bbox 3302 2665 3527 2708; x_wconf 65' lang='lat' dir='ltr'><strong>cessavit</strong></span> 
     </span>
    </p>
   </div>
   <div class='ocr_carea' id='block_1_85' title="bbox 1957 2734 3526 2813">
    <p class='ocr_par' dir='ltr' id='par_1_85' title="bbox 1957 2734 3526 2813">
     <span class='ocr_line' id='line_1_85' title="bbox 1957 2734 3526 2813; baseline 0.007 -25"><span class='ocrx_word' id='word_1_536' title='bbox 1957 2734 2025 2789; x_wconf 89' lang='lat' dir='ltr'><strong>ab</strong></span> <span class='ocrx_word' id='word_1_537' title='bbox 2050 2736 2145 2789; x_wconf 81' lang='lat' dir='ltr'><strong>hac</strong></span> <span class='ocrx_word' id='word_1_538' title='bbox 2169 2736 2536 2805; x_wconf 91' lang='lat' dir='ltr'><strong>redemptione</strong></span> <span class='ocrx_word' id='word_1_539' title='bbox 2559 2738 2734 2804; x_wconf 89' lang='lat' dir='ltr'><strong>Pater,</strong></span> <span class='ocrx_word' id='word_1_540' title='bbox 2759 2740 2825 2795; x_wconf 92' lang='lat' dir='ltr'><strong>de</strong></span> <span class='ocrx_word' id='word_1_541' title='bbox 2854 2757 2957 2811; x_wconf 92' lang='lat' dir='ltr'><strong>quo</strong></span> <span class='ocrx_word' id='word_1_542' title='bbox 2984 2742 3241 2812; x_wconf 89' lang='lat' dir='ltr'><strong>scriptum</strong></span> <span class='ocrx_word' id='word_1_543' title='bbox 3265 2753 3364 2809; x_wconf 86' lang='lat' dir='ltr'><strong>est,</strong></span> <span class='ocrx_word' id='word_1_544' title='bbox 3389 2746 3526 2813; x_wconf 85' lang='lat' dir='ltr'><strong>quod</strong></span> 
     </span>
    </p>
   </div>
   <div class='ocr_carea' id='block_1_86' title="bbox 1958 2829 3525 2906">
    <p class='ocr_par' dir='ltr' id='par_1_86' title="bbox 1958 2829 3525 2906">
     <span class='ocr_line' id='line_1_86' title="bbox 1958 2829 3525 2906; baseline 0.004 -25"><span class='ocrx_word' id='word_1_545' title='bbox 1958 2829 2352 2893; x_wconf 86' lang='lat' dir='ltr'><strong>redemptionem</strong></span> <span class='ocrx_word' id='word_1_546' title='bbox 2382 2831 2569 2883; x_wconf 83' lang='lat' dir='ltr'><strong>miserit</strong></span> <span class='ocrx_word' id='word_1_547' title='bbox 2597 2833 2785 2899; x_wconf 89' lang='lat' dir='ltr'><strong>populo</strong></span> <span class='ocrx_word' id='word_1_548' title='bbox 2818 2849 2909 2887; x_wconf 89' lang='lat' dir='ltr'><strong>suo</strong></span> <span class='ocrx_word' id='word_1_549' title='bbox 2943 2833 3123 2901; x_wconf 86' lang='lat' dir='ltr'><strong>(Psal.</strong></span> <span class='ocrx_word' id='word_1_550' title='bbox 3156 2851 3243 2900; x_wconf 79' lang='lat' dir='ltr'><strong>cx,</strong></span> <span class='ocrx_word' id='word_1_551' title='bbox 3275 2835 3338 2906; x_wconf 88' lang='lat'><strong>9)</strong></span> <span class='ocrx_word' id='word_1_552' title='bbox 3364 2852 3377 2901; x_wconf 88' lang='lat'>;</span> <span class='ocrx_word' id='word_1_553' title='bbox 3405 2854 3525 2890; x_wconf 79' lang='lat' dir='ltr'><strong>cum</strong></span> 
     </span>
    </p>
   </div>
   <div class='ocr_carea' id='block_1_87' title="bbox 1958 2920 3526 2999">
    <p class='ocr_par' dir='ltr' id='par_1_87' title="bbox 1958 2920 3526 2999">
     <span class='ocr_line' id='line_1_87' title="bbox 1958 2920 3526 2999; baseline 0.006 -25"><span class='ocrx_word' id='word_1_554' title='bbox 1958 2920 2097 2974; x_wconf 89' lang='lat' dir='ltr'><strong>etde</strong></span> <span class='ocrx_word' id='word_1_555' title='bbox 2134 2920 2332 2988; x_wconf 88' lang='lat' dir='ltr'><strong>Spiritu</strong></span> <span class='ocrx_word' id='word_1_556' title='bbox 2382 2930 2565 2975; x_wconf 88' lang='lat' dir='ltr'><strong>sancto</strong></span> <span class='ocrx_word' id='word_1_557' title='bbox 2592 2924 2881 2991; x_wconf 84' lang='lat' dir='ltr'><strong>Apostolus</strong></span> <span class='ocrx_word' id='word_1_558' title='bbox 2905 2925 3080 2978; x_wconf 81' lang='lat' dir='ltr'><strong>dicat:</strong></span> <span class='ocrx_word' id='word_1_559' title='bbox 3125 2925 3188 2979; x_wconf 86' lang='lat' dir='ltr'><strong>In</strong></span> <span class='ocrx_word' id='word_1_560' title='bbox 3220 2943 3316 2995; x_wconf 91' lang='lat' dir='ltr'><strong>quo</strong></span> <span class='ocrx_word' id='word_1_561' title='bbox 3344 2929 3526 2999; x_wconf 78' lang='lat' dir='ltr'><strong>signati</strong></span> 
     </span>
    </p>
   </div>
   <div class='ocr_carea' id='block_1_88' title="bbox 1959 3012 3381 3090">
    <p class='ocr_par' dir='ltr' id='par_1_88' title="bbox 1959 3012 3381 3090">
     <span class='ocr_line' id='line_1_88' title="bbox 1959 3012 3381 3090; baseline 0.008 -26"><span class='ocrx_word' id='word_1_562' title='bbox 1959 3013 2076 3065; x_wconf 84' lang='lat' dir='ltr'><strong>estis</strong></span> <span class='ocrx_word' id='word_1_563' title='bbox 2109 3012 2158 3064; x_wconf 91' lang='lat' dir='ltr'><strong>in</strong></span> <span class='ocrx_word' id='word_1_564' title='bbox 2186 3012 2265 3065; x_wconf 78' lang='lat' dir='ltr'><strong>die</strong></span> <span class='ocrx_word' id='word_1_565' title='bbox 2297 3014 2651 3083; x_wconf 71' lang='lat' dir='ltr'><strong>redemptionis</strong></span> <span class='ocrx_word' id='word_1_566' title='bbox 2687 3026 2861 3071; x_wconf 68' lang='lat' dir='ltr'><strong>uestra?</strong></span> <span class='ocrx_word' id='word_1_567' title='bbox 2888 3018 2906 3089; x_wconf 94' lang='lat'><strong>(</strong></span> <span class='ocrx_word' id='word_1_568' title='bbox 2929 3017 3114 3088; x_wconf 75' lang='lat' dir='ltr'><strong>Ephes.</strong></span> <span class='ocrx_word' id='word_1_569' title='bbox 3143 3035 3218 3088; x_wconf 84' lang='lat' dir='ltr'><strong>tv,</strong></span> <span class='ocrx_word' id='word_1_570' title='bbox 3251 3021 3319 3075; x_wconf 79' lang='lat'><strong>50</strong></span> <span class='ocrx_word' id='word_1_571' title='bbox 3339 3024 3381 3090; x_wconf 91' lang='lat'><strong>).</strong></span> 
     </span>
    </p>
   </div>
   <div class='ocr_carea' id='block_1_89' title="bbox 2318 3196 3174 3271">
    <p class='ocr_par' dir='ltr' id='par_1_89' title="bbox 2318 3196 3174 3271">
     <span class='ocr_line' id='line_1_89' title="bbox 2318 3196 3174 3271; baseline 0.008 -22"><span class='ocrx_word' id='word_1_572' title='bbox 2318 3196 2429 3267; x_wconf 76' lang='lat' dir='ltr'><strong>(Es</strong></span> <span class='ocrx_word' id='word_1_573' title='bbox 2464 3197 2612 3253; x_wconf 72' lang='lat' dir='ltr'><strong>libris</strong></span> <span class='ocrx_word' id='word_1_574' title='bbox 2654 3197 2849 3252; x_wconf 89' lang='lat' dir='ltr'><strong>Contra</strong></span> <span class='ocrx_word' id='word_1_575' title='bbox 2886 3200 3174 3271; x_wconf 82' lang='lat' dir='ltr'><strong>Arianos.)</strong></span> 
     </span>
    </p>
   </div>
   <div class='ocr_carea' id='block_1_90' title="bbox 2028 3286 3523 3363">
    <p class='ocr_par' dir='ltr' id='par_1_90' title="bbox 2028 3286 3523 3363">
     <span class='ocr_line' id='line_1_90' title="bbox 2028 3286 3523 3363; baseline 0.007 -21"><span class='ocrx_word' id='word_1_576' title='bbox 2028 3286 2124 3342; x_wconf 88' lang='lat' dir='ltr'><strong>Ubi</strong></span> <span class='ocrx_word' id='word_1_577' title='bbox 2170 3286 2373 3356; x_wconf 87' lang='lat' dir='ltr'><strong>plurale</strong></span> <span class='ocrx_word' id='word_1_578' title='bbox 2402 3289 2597 3358; x_wconf 87' lang='lat' dir='ltr'><strong>aliquid</strong></span> <span class='ocrx_word' id='word_1_579' title='bbox 2630 3289 2681 3343; x_wconf 89' lang='lat' dir='ltr'><strong>in</strong></span> <span class='ocrx_word' id='word_1_580' title='bbox 2722 3290 2996 3346; x_wconf 78' lang='lat' dir='ltr'><strong>divinitate</strong></span> <span class='ocrx_word' id='word_1_581' title='bbox 3042 3293 3376 3363; x_wconf 84' lang='lat' dir='ltr'><strong>subresonat,</strong></span> <span class='ocrx_word' id='word_1_582' title='bbox 3419 3312 3523 3352; x_wconf 90' lang='lat' dir='ltr'><strong>non</strong></span> 
     </span>
    </p>
   </div>
   <div class='ocr_carea' id='block_1_91' title="bbox 1957 3379 3526 3451">
    <p class='ocr_par' dir='ltr' id='par_1_91' title="bbox 1957 3379 3526 3451">
     <span class='ocr_line' id='line_1_91' title="bbox 1957 3379 3526 3451; baseline 0.006 -18"><span class='ocrx_word' id='word_1_583' title='bbox 1957 3379 2181 3433; x_wconf 87' lang='lat' dir='ltr'><strong>dualitas</strong></span> <span class='ocrx_word' id='word_1_584' title='bbox 2221 3379 2430 3434; x_wconf 86' lang='lat' dir='ltr'><strong>videtur</strong></span> <span class='ocrx_word' id='word_1_585' title='bbox 2461 3381 2822 3451; x_wconf 80' lang='lat' dir='ltr'><strong>intelligenda,</strong></span> <span class='ocrx_word' id='word_1_586' title='bbox 2868 3385 2958 3438; x_wconf 82' lang='lat' dir='ltr'><strong>sed</strong></span> <span class='ocrx_word' id='word_1_587' title='bbox 3005 3384 3254 3450; x_wconf 86' lang='lat' dir='ltr'><strong>Trinitas,</strong></span> <span class='ocrx_word' id='word_1_588' title='bbox 3294 3389 3432 3441; x_wconf 86' lang='lat' dir='ltr'><strong>sicut</strong></span> <span class='ocrx_word' id='word_1_589' title='bbox 3473 3390 3526 3445; x_wconf 91' lang='lat' dir='ltr'><strong>in</strong></span> 
     </span>
    </p>
   </div>
   <div class='ocr_carea' id='block_1_92' title="bbox 1958 3469 3527 3544">
    <p class='ocr_par' dir='ltr' id='par_1_92' title="bbox 1958 3469 3527 3544">
     <span class='ocr_line' id='line_1_92' title="bbox 1958 3469 3527 3544; baseline 0.001 -22"><span class='ocrx_word' id='word_1_590' title='bbox 1958 3469 2072 3538; x_wconf 90' lang='lat' dir='ltr'><strong>ipso</strong></span> <span class='ocrx_word' id='word_1_591' title='bbox 2097 3469 2437 3525; x_wconf 70' lang='lat' dir='ltr'><strong>Sodomiticte</strong></span> <span class='ocrx_word' id='word_1_592' title='bbox 2469 3471 2614 3525; x_wconf 84' lang='lat' dir='ltr'><strong>urbis</strong></span> <span class='ocrx_word' id='word_1_593' title='bbox 2659 3472 2887 3539; x_wconf 58' lang='lat' dir='ltr'><strong>refertur,</strong></span> <span class='ocrx_word' id='word_1_594' title='bbox 2922 3474 3104 3527; x_wconf 81' lang='lat' dir='ltr'><strong>exitio.</strong></span> <span class='ocrx_word' id='word_1_595' title='bbox 3145 3476 3527 3544; x_wconf 76' lang='lat' dir='ltr'><strong>Apparuit,‘in.</strong></span> 
     </span>
    </p>
   </div>
   <div class='ocr_carea' id='block_1_93' title="bbox 1957 3562 3528 3635">
    <p class='ocr_par' dir='ltr' id='par_1_93' title="bbox 1957 3562 3528 3635">
     <span class='ocr_line' id='line_1_93' title="bbox 1957 3562 3528 3635; baseline 0.004 -19"><span class='ocrx_word' id='word_1_596' title='bbox 1957 3563 2091 3632; x_wconf 86' lang='lat' dir='ltr'><strong>quit,</strong></span> <span class='ocrx_word' id='word_1_597' title='bbox 2140 3562 2387 3617; x_wconf 82' lang='lat' dir='ltr'><strong>Dominus</strong></span> <span class='ocrx_word' id='word_1_598' title='bbox 2438 3564 2654 3617; x_wconf 71' lang='lat' dir='ltr'><strong>Abraha’</strong></span> <span class='ocrx_word' id='word_1_599' title='bbox 2681 3564 2872 3618; x_wconf 84' lang='lat' dir='ltr'><strong>sedenti</strong></span> <span class='ocrx_word' id='word_1_600' title='bbox 2918 3565 2967 3617; x_wconf 90' lang='lat' dir='ltr'><strong>in</strong></span> <span class='ocrx_word' id='word_1_601' title='bbox 3016 3566 3147 3619; x_wconf 79' lang='lat' dir='ltr'><strong>ostio</strong></span> <span class='ocrx_word' id='word_1_602' title='bbox 3199 3566 3528 3635; x_wconf 82' lang='lat' dir='ltr'><strong>tabernaculi,</strong></span> 
     </span>
    </p>
   </div>
   <div class='ocr_carea' id='block_1_94' title="bbox 1956 3655 3528 3731">
    <p class='ocr_par' dir='ltr' id='par_1_94' title="bbox 1956 3655 3528 3731">
     <span class='ocr_line' id='line_1_94' title="bbox 1956 3655 3528 3731; baseline 0.004 -23"><span class='ocrx_word' id='word_1_603' title='bbox 1956 3655 2010 3708; x_wconf 86' lang='lat' dir='ltr'><strong>in</strong></span> <span class='ocrx_word' id='word_1_604' title='bbox 2039 3656 2148 3721; x_wconf 87' lang='lat' dir='ltr'><strong>ipso</strong></span> <span class='ocrx_word' id='word_1_605' title='bbox 2177 3657 2370 3725; x_wconf 79' lang='lat' dir='ltr'><strong>feruore</strong></span> <span class='ocrx_word' id='word_1_606' title='bbox 2398 3658 2497 3709; x_wconf 86' lang='lat' dir='ltr'><strong>diei</strong></span> <span class='ocrx_word' id='word_1_607' title='bbox 2525 3673 2541 3721; x_wconf 89' lang='lat'><strong><em>;</em></strong></span> <span class='ocrx_word' id='word_1_608' title='bbox 2573 3672 2783 3725; x_wconf 84' lang='lat' dir='ltr'><strong>cumque</strong></span> <span class='ocrx_word' id='word_1_609' title='bbox 2809 3658 3019 3711; x_wconf 82' lang='lat' dir='ltr'><strong>levasset</strong></span> <span class='ocrx_word' id='word_1_610' title='bbox 3047 3658 3238 3728; x_wconf 86' lang='lat' dir='ltr'><strong>oculos,</strong></span> <span class='ocrx_word' id='word_1_611' title='bbox 3271 3677 3528 3731; x_wconf 81' lang='lat' dir='ltr'><strong>apparue-</strong></span> 
     </span>
    </p>
   </div>
   <div class='ocr_carea' id='block_1_95' title="bbox 1957 3747 3530 3816">
    <p class='ocr_par' dir='ltr' id='par_1_95' title="bbox 1957 3747 3530 3816">
     <span class='ocr_line' id='line_1_95' title="bbox 1957 3747 3530 3816; baseline 0.001 -17"><span class='ocrx_word' id='word_1_612' title='bbox 1957 3757 2075 3799; x_wconf 80' lang='lat' dir='ltr'><strong>runt</strong></span> <span class='ocrx_word' id='word_1_613' title='bbox 2107 3748 2147 3798; x_wconf 89' lang='lat' dir='ltr'><strong>ei</strong></span> <span class='ocrx_word' id='word_1_614' title='bbox 2179 3758 2279 3800; x_wconf 88' lang='lat' dir='ltr'><strong>tres</strong></span> <span class='ocrx_word' id='word_1_615' title='bbox 2320 3747 2444 3807; x_wconf 83' lang='lat' dir='ltr'><strong>uiri;</strong></span> <span class='ocrx_word' id='word_1_616' title='bbox 2473 3762 2597 3816; x_wconf 83' lang='lat' dir='ltr'><strong>quos</strong></span> <span class='ocrx_word' id='word_1_617' title='bbox 2633 3764 2745 3799; x_wconf 85' lang='lat' dir='ltr'><strong>cum</strong></span> <span class='ocrx_word' id='word_1_618' title='bbox 2777 3748 2979 3800; x_wconf 75' lang='lat' dir='ltr'><strong>vidisset</strong></span> <span class='ocrx_word' id='word_1_619' title='bbox 3013 3751 3232 3801; x_wconf 77' lang='lat' dir='ltr'><strong>cucurrit</strong></span> <span class='ocrx_word' id='word_1_620' title='bbox 3262 3751 3314 3803; x_wconf 87' lang='lat' dir='ltr'><strong>in</strong></span> <span class='ocrx_word' id='word_1_621' title='bbox 3355 3767 3530 3803; x_wconf 80' lang='lat' dir='ltr'><strong>occur-</strong></span> 
     </span>
    </p>
   </div>
   <div class='ocr_carea' id='block_1_96' title="bbox 1958 3837 3529 3905">
    <p class='ocr_par' dir='ltr' id='par_1_96' title="bbox 1958 3837 3529 3905">
     <span class='ocr_line' id='line_1_96' title="bbox 1958 3837 3529 3905; baseline 0.001 -14"><span class='ocrx_word' id='word_1_622' title='bbox 1958 3855 2075 3891; x_wconf 87' lang='lat' dir='ltr'><strong>sum</strong></span> <span class='ocrx_word' id='word_1_623' title='bbox 2101 3855 2303 3905; x_wconf 87' lang='lat' dir='ltr'><strong>eorum,</strong></span> <span class='ocrx_word' id='word_1_624' title='bbox 2325 3849 2373 3892; x_wconf 88' lang='lat' dir='ltr'><strong>et</strong></span> <span class='ocrx_word' id='word_1_625' title='bbox 2408 3838 2647 3893; x_wconf 86' lang='lat' dir='ltr'><strong>adoravit</strong></span> <span class='ocrx_word' id='word_1_626' title='bbox 2676 3839 2729 3890; x_wconf 88' lang='lat' dir='ltr'><strong>in</strong></span> <span class='ocrx_word' id='word_1_627' title='bbox 2763 3846 2980 3903; x_wconf 88' lang='lat' dir='ltr'><strong>terram,</strong></span> <span class='ocrx_word' id='word_1_628' title='bbox 3004 3847 3051 3890; x_wconf 91' lang='lat' dir='ltr'><strong>et</strong></span> <span class='ocrx_word' id='word_1_629' title='bbox 3076 3837 3249 3891; x_wconf 72' lang='lat' dir='ltr'><strong>dixit:</strong></span> <span class='ocrx_word' id='word_1_630' title='bbox 3288 3837 3529 3899; x_wconf 85' lang='lat' dir='ltr'><strong>Domine,</strong></span> 
     </span>
    </p>
   </div>
   <div class='ocr_carea' id='block_1_97' title="bbox 1958 3932 3534 4003">
    <p class='ocr_par' dir='ltr' id='par_1_97' title="bbox 1958 3932 3534 4003">
     <span class='ocr_line' id='line_1_97' title="bbox 1958 3932 3534 4003; baseline 0.002 -19"><span class='ocrx_word' id='word_1_631' title='bbox 1958 3933 2004 3984; x_wconf 88' lang='lat' dir='ltr'><strong>si</strong></span> <span class='ocrx_word' id='word_1_632' title='bbox 2027 3933 2197 3985; x_wconf 69' lang='lat' dir='ltr'><strong>inveni</strong></span> <span class='ocrx_word' id='word_1_633' title='bbox 2228 3935 2456 4003; x_wconf 83' lang='lat' dir='ltr'><strong>gratiam</strong></span> <span class='ocrx_word' id='word_1_634' title='bbox 2489 3934 2542 3986; x_wconf 88' lang='lat' dir='ltr'><strong>in</strong></span> <span class='ocrx_word' id='word_1_635' title='bbox 2583 3932 2749 3985; x_wconf 83' lang='lat' dir='ltr'><strong>oculis</strong></span> <span class='ocrx_word' id='word_1_636' title='bbox 2792 3932 2916 3995; x_wconf 86' lang='lat' dir='ltr'><strong>tuis,</strong></span> <span class='ocrx_word' id='word_1_637' title='bbox 2951 3948 3013 3984; x_wconf 89' lang='lat' dir='ltr'><strong>ne</strong></span> <span class='ocrx_word' id='word_1_638' title='bbox 3052 3941 3291 3986; x_wconf 86' lang='lat' dir='ltr'><strong>transeas</strong></span> <span class='ocrx_word' id='word_1_639' title='bbox 3327 3952 3534 3988; x_wconf 74' lang='lat' dir='ltr'><strong>seruum</strong></span> 
     </span>
    </p>
   </div>
   <div class='ocr_carea' id='block_1_98' title="bbox 1955 4020 3526 4092">
    <p class='ocr_par' dir='ltr' id='par_1_98' title="bbox 1955 4020 3526 4092">
     <span class='ocr_line' id='line_1_98' title="bbox 1955 4020 3526 4092; baseline 0.001 -18"><span class='ocrx_word' id='word_1_640' title='bbox 1955 4031 2096 4075; x_wconf 88' lang='lat' dir='ltr'><strong>tuum</strong></span> <span class='ocrx_word' id='word_1_641' title='bbox 2126 4020 2285 4092; x_wconf 80' lang='lat' dir='ltr'><strong>(Gen.</strong></span> <span class='ocrx_word' id='word_1_642' title='bbox 2328 4036 2480 4085; x_wconf 82' lang='lat' dir='ltr'><strong>xvrtt,</strong></span> <span class='ocrx_word' id='word_1_643' title='bbox 2511 4022 2558 4086; x_wconf 77' lang='grc' dir='ltr'>ί,</span> <span class='ocrx_word' id='word_1_644' title='bbox 2586 4020 2675 4086; x_wconf 77' lang='grc'><strong>5).</strong></span> <span class='ocrx_word' id='word_1_645' title='bbox 2714 4021 2871 4075; x_wconf 89' lang='lat' dir='ltr'><strong>Certe</strong></span> <span class='ocrx_word' id='word_1_646' title='bbox 2916 4036 3017 4074; x_wconf 93' lang='lat' dir='ltr'><strong>non</strong></span> <span class='ocrx_word' id='word_1_647' title='bbox 3050 4021 3100 4073; x_wconf 94' lang='lat' dir='ltr'><strong>in</strong></span> <span class='ocrx_word' id='word_1_648' title='bbox 3132 4023 3306 4087; x_wconf 86' lang='lat' dir='ltr'><strong>aliquo</strong></span> <span class='ocrx_word' id='word_1_649' title='bbox 3336 4021 3526 4076; x_wconf 87' lang='lat' dir='ltr'><strong>horum</strong></span> 
     </span>
    </p>
   </div>
   <div class='ocr_carea' id='block_1_99' title="bbox 1955 4111 3524 4181">
    <p class='ocr_par' dir='ltr' id='par_1_99' title="bbox 1955 4111 3524 4181">
     <span class='ocr_line' id='line_1_99' title="bbox 1955 4111 3524 4181; baseline 0 -12"><span class='ocrx_word' id='word_1_650' title='bbox 1955 4114 2149 4181; x_wconf 87' lang='lat' dir='ltr'><strong>trium,</strong></span> <span class='ocrx_word' id='word_1_651' title='bbox 2199 4120 2288 4165; x_wconf 91' lang='lat' dir='ltr'><strong>aut</strong></span> <span class='ocrx_word' id='word_1_652' title='bbox 2342 4112 2533 4165; x_wconf 91' lang='lat' dir='ltr'><strong>cultior</strong></span> <span class='ocrx_word' id='word_1_653' title='bbox 2582 4111 2809 4175; x_wconf 82' lang='lat' dir='ltr'><strong>habitus,</strong></span> <span class='ocrx_word' id='word_1_654' title='bbox 2864 4120 2952 4165; x_wconf 89' lang='lat' dir='ltr'><strong>aut</strong></span> <span class='ocrx_word' id='word_1_655' title='bbox 3001 4113 3319 4167; x_wconf 90' lang='lat' dir='ltr'><strong>eminentior</strong></span> <span class='ocrx_word' id='word_1_656' title='bbox 3356 4114 3524 4169; x_wconf 88' lang='lat' dir='ltr'><strong>forma</strong></span> 
     </span>
    </p>
   </div>
   <div class='ocr_carea' id='block_1_100' title="bbox 1954 4201 3527 4275">
    <p class='ocr_par' dir='ltr' id='par_1_100' title="bbox 1954 4201 3527 4275">
     <span class='ocr_line' id='line_1_100' title="bbox 1954 4201 3527 4275; baseline -0.001 -17"><span class='ocrx_word' id='word_1_657' title='bbox 1954 4206 2257 4275; x_wconf 69' lang='lat' dir='ltr'><strong>prmstabat.</strong></span> <span class='ocrx_word' id='word_1_658' title='bbox 2313 4203 2377 4255; x_wconf 87' lang='lat' dir='ltr'><strong>Et</strong></span> <span class='ocrx_word' id='word_1_659' title='bbox 2426 4212 2600 4255; x_wconf 87' lang='lat' dir='ltr'><strong>tamen</strong></span> <span class='ocrx_word' id='word_1_660' title='bbox 2650 4201 2955 4266; x_wconf 85' lang='lat' dir='ltr'><strong>Abraham,</strong></span> <span class='ocrx_word' id='word_1_661' title='bbox 3005 4212 3396 4257; x_wconf 70' lang='lat' dir='ltr'><strong>sacramentum</strong></span> <span class='ocrx_word' id='word_1_662' title='bbox 3450 4205 3527 4256; x_wconf 80' lang='lat' dir='ltr'><strong>in-</strong></span> 
     </span>
    </p>
   </div>
   <div class='ocr_carea' id='block_1_101' title="bbox 1954 4290 3526 4364">
    <p class='ocr_par' dir='ltr' id='par_1_101' title="bbox 1954 4290 3526 4364">
     <span class='ocr_line' id='line_1_101' title="bbox 1954 4290 3526 4364; baseline 0.001 -16"><span class='ocrx_word' id='word_1_663' title='bbox 1954 4294 2137 4349; x_wconf 74' lang='lat' dir='ltr'><strong>divisa:</strong></span> <span class='ocrx_word' id='word_1_664' title='bbox 2181 4292 2454 4346; x_wconf 86' lang='lat' dir='ltr'><strong>Trinitatis</strong></span> <span class='ocrx_word' id='word_1_665' title='bbox 2488 4290 2816 4359; x_wconf 81' lang='lat' dir='ltr'><strong>intelligens,</strong></span> <span class='ocrx_word' id='word_1_666' title='bbox 2859 4306 2962 4344; x_wconf 93' lang='lat' dir='ltr'><strong>uno</strong></span> <span class='ocrx_word' id='word_1_667' title='bbox 3006 4293 3221 4348; x_wconf 91' lang='lat' dir='ltr'><strong>nomine</strong></span> <span class='ocrx_word' id='word_1_668' title='bbox 3270 4302 3377 4348; x_wconf 89' lang='lat' dir='ltr'><strong>tres</strong></span> <span class='ocrx_word' id='word_1_669' title='bbox 3409 4310 3526 4364; x_wconf 68' lang='grc' dir='ltr'>ιιι-θη</span> 
     </span>
    </p>
   </div>
   <div class='ocr_carea' id='block_1_102' title="bbox 1955 4382 3527 4453">
    <p class='ocr_par' dir='ltr' id='par_1_102' title="bbox 1955 4382 3527 4453">
     <span class='ocr_line' id='line_1_102' title="bbox 1955 4382 3527 4453; baseline 0.003 -13"><span class='ocrx_word' id='word_1_670' title='bbox 1955 4396 2139 4450; x_wconf 90' lang='lat' dir='ltr'><strong>catur,</strong></span> <span class='ocrx_word' id='word_1_671' title='bbox 2190 4385 2310 4453; x_wconf 89' lang='lat' dir='ltr'><strong>quia</strong></span> <span class='ocrx_word' id='word_1_672' title='bbox 2366 4383 2501 4437; x_wconf 90' lang='lat' dir='ltr'><strong>trina</strong></span> <span class='ocrx_word' id='word_1_673' title='bbox 2553 4382 2605 4436; x_wconf 89' lang='lat' dir='ltr'><strong>in</strong></span> <span class='ocrx_word' id='word_1_674' title='bbox 2660 4383 2858 4436; x_wconf 88' lang='lat' dir='ltr'><strong>unitate</strong></span> <span class='ocrx_word' id='word_1_675' title='bbox 2906 4398 3129 4453; x_wconf 87' lang='lat' dir='ltr'><strong>persona</strong></span> <span class='ocrx_word' id='word_1_676' title='bbox 3158 4425 3172 4449; x_wconf 90' lang='lat'><strong>,</strong></span> <span class='ocrx_word' id='word_1_677' title='bbox 3215 4394 3270 4440; x_wconf 89' lang='lat' dir='ltr'><strong>et</strong></span> <span class='ocrx_word' id='word_1_678' title='bbox 3308 4402 3409 4440; x_wconf 91' lang='lat' dir='ltr'><strong>una</strong></span> <span class='ocrx_word' id='word_1_679' title='bbox 3451 4397 3527 4444; x_wconf 89' lang='lat' dir='ltr'><strong>est</strong></span> 
     </span>
    </p>
   </div>
   <div class='ocr_carea' id='block_1_103' title="bbox 1962 4473 3526 4543">
    <p class='ocr_par' dir='ltr' id='par_1_103' title="bbox 1962 4473 3526 4543">
     <span class='ocr_line' id='line_1_103' title="bbox 1962 4473 3526 4543; baseline 0.002 -15"><span class='ocrx_word' id='word_1_680' title='bbox 1962 4479 2013 4530; x_wconf 89' lang='lat' dir='ltr'><strong>in</strong></span> <span class='ocrx_word' id='word_1_681' title='bbox 2052 4475 2312 4529; x_wconf 86' lang='lat' dir='ltr'><strong>Trinitate</strong></span> <span class='ocrx_word' id='word_1_682' title='bbox 2353 4473 2677 4537; x_wconf 89' lang='lat' dir='ltr'><strong>substantia;</strong></span> <span class='ocrx_word' id='word_1_683' title='bbox 2723 4473 2790 4527; x_wconf 86' lang='lat' dir='ltr'><strong>de</strong></span> <span class='ocrx_word' id='word_1_684' title='bbox 2825 4487 2924 4541; x_wconf 91' lang='lat' dir='ltr'><strong>qua</strong></span> <span class='ocrx_word' id='word_1_685' title='bbox 2960 4484 3012 4528; x_wconf 88' lang='lat' dir='ltr'><strong>et</strong></span> <span class='ocrx_word' id='word_1_686' title='bbox 3041 4476 3325 4543; x_wconf 89' lang='lat' dir='ltr'><strong>Apostolus</strong></span> <span class='ocrx_word' id='word_1_687' title='bbox 3360 4477 3526 4531; x_wconf 69' lang='lat' dir='ltr'><strong>dil&#39;ll:</strong></span> 
     </span>
    </p>
   </div>
   <div class='ocr_carea' id='block_1_104' title="bbox 1969 4566 3528 4637">
    <p class='ocr_par' dir='ltr' id='par_1_104' title="bbox 1969 4566 3528 4637">
     <span class='ocr_line' id='line_1_104' title="bbox 1969 4566 3528 4637; baseline 0.002 -15"><span class='ocrx_word' id='word_1_688' title='bbox 1969 4568 2121 4623; x_wconf 86' lang='lat' dir='ltr'><strong>Unus</strong></span> <span class='ocrx_word' id='word_1_689' title='bbox 2149 4567 2414 4633; x_wconf 88' lang='lat' dir='ltr'><strong>Dominus,</strong></span> <span class='ocrx_word' id='word_1_690' title='bbox 2443 4582 2541 4618; x_wconf 91' lang='lat' dir='ltr'><strong>una</strong></span> <span class='ocrx_word' id='word_1_691' title='bbox 2559 4566 2706 4633; x_wconf 81' lang='lat' dir='ltr'><strong>ﬁdes,</strong></span> <span class='ocrx_word' id='word_1_692' title='bbox 2733 4580 2886 4618; x_wconf 89' lang='lat' dir='ltr'><strong>unum</strong></span> <span class='ocrx_word' id='word_1_693' title='bbox 2918 4566 3163 4637; x_wconf 85' lang='lat' dir='ltr'><strong>baptisma</strong></span> <span class='ocrx_word' id='word_1_694' title='bbox 3192 4569 3210 4637; x_wconf 96' lang='lat'><strong>(</strong></span> <span class='ocrx_word' id='word_1_695' title='bbox 3233 4568 3420 4636; x_wconf 82' lang='lat' dir='ltr'><strong>Ephes.</strong></span> <span class='ocrx_word' id='word_1_696' title='bbox 3457 4588 3528 4637; x_wconf 80' lang='lat' dir='ltr'><strong>tv,</strong></span> 
     </span>
    </p>
   </div>
   <div class='ocr_carea' id='block_1_105' title="bbox 1964 4657 3530 4729">
    <p class='ocr_par' dir='ltr' id='par_1_105' title="bbox 1964 4657 3530 4729">
     <span class='ocr_line' id='line_1_105' title="bbox 1964 4657 3530 4729; baseline 0 -13"><span class='ocrx_word' id='word_1_697' title='bbox 1964 4662 2043 4729; x_wconf 85' lang='lat'><strong>5).</strong></span> <span class='ocrx_word' id='word_1_698' title='bbox 2093 4659 2222 4725; x_wconf 82' lang='lat' dir='ltr'><strong>Quis</strong></span> <span class='ocrx_word' id='word_1_699' title='bbox 2252 4666 2537 4727; x_wconf 66' lang='lat' dir='ltr'><strong>praesumat</strong></span> <span class='ocrx_word' id='word_1_700' title='bbox 2576 4665 2757 4711; x_wconf 88' lang='lat' dir='ltr'><strong>contra</strong></span> <span class='ocrx_word' id='word_1_701' title='bbox 2803 4670 2896 4709; x_wconf 89' lang='lat' dir='ltr'><strong>vas</strong></span> <span class='ocrx_word' id='word_1_702' title='bbox 2949 4657 3224 4712; x_wconf 87' lang='lat' dir='ltr'><strong>electionis</strong></span> <span class='ocrx_word' id='word_1_703' title='bbox 3274 4661 3530 4715; x_wconf 88' lang='lat' dir='ltr'><strong>unitatem</strong></span> 
     </span>
    </p>
   </div>
   <div class='ocr_carea' id='block_1_106' title="bbox 1966 4746 3531 4818">
    <p class='ocr_par' dir='ltr' id='par_1_106' title="bbox 1966 4746 3531 4818">
     <span class='ocr_line' id='line_1_106' title="bbox 1966 4746 3531 4818; baseline 0 -15"><span class='ocrx_word' id='word_1_704' title='bbox 1966 4750 2122 4804; x_wconf 89' lang='lat' dir='ltr'><strong>istam</strong></span> <span class='ocrx_word' id='word_1_705' title='bbox 2149 4748 2451 4818; x_wconf 89' lang='lat' dir='ltr'><strong>pluralitate</strong></span> <span class='ocrx_word' id='word_1_706' title='bbox 2476 4746 2840 4801; x_wconf 88' lang='lat' dir='ltr'><strong>confundere?</strong></span> <span class='ocrx_word' id='word_1_707' title='bbox 2870 4747 3094 4801; x_wconf 84' lang='lat' dir='ltr'><strong>Noverat</strong></span> <span class='ocrx_word' id='word_1_708' title='bbox 3137 4764 3364 4817; x_wconf 87' lang='lat' dir='ltr'><strong>namque</strong></span> <span class='ocrx_word' id='word_1_709' title='bbox 3409 4768 3531 4805; x_wconf 87' lang='lat' dir='ltr'><strong>eum</strong></span> 
     </span>
    </p>
   </div>
   <div class='ocr_carea' id='block_1_107' title="bbox 1965 4834 3531 4907">
    <p class='ocr_par' dir='ltr' id='par_1_107' title="bbox 1965 4834 3531 4907">
     <span class='ocr_line' id='line_1_107' title="bbox 1965 4834 3531 4907; baseline -0.001 -13"><span class='ocrx_word' id='word_1_710' title='bbox 1965 4838 2124 4894; x_wconf 85' lang='lat' dir='ltr'><strong>Patre</strong></span> <span class='ocrx_word' id='word_1_711' title='bbox 2154 4838 2233 4892; x_wconf 86' lang='lat' dir='ltr'><strong>vel</strong></span> <span class='ocrx_word' id='word_1_712' title='bbox 2266 4836 2399 4890; x_wconf 84' lang='lat' dir='ltr'><strong>Filio</strong></span> <span class='ocrx_word' id='word_1_713' title='bbox 2426 4834 2688 4889; x_wconf 88' lang='lat' dir='ltr'><strong>dominari</strong></span> <span class='ocrx_word' id='word_1_714' title='bbox 2713 4834 2963 4903; x_wconf 91' lang='lat' dir='ltr'><strong>Spiritum</strong></span> <span class='ocrx_word' id='word_1_715' title='bbox 2990 4839 3352 4901; x_wconf 89' lang='lat' dir='ltr'><strong>sanctum,cui</strong></span> <span class='ocrx_word' id='word_1_716' title='bbox 3382 4838 3531 4907; x_wconf 85' lang='lat' dir='ltr'><strong>quasi</strong></span> 
     </span>
    </p>
   </div>
   <div class='ocr_carea' id='block_1_108' title="bbox 1967 4926 3531 4999">
    <p class='ocr_par' dir='ltr' id='par_1_108' title="bbox 1967 4926 3531 4999">
     <span class='ocr_line' id='line_1_108' title="bbox 1967 4926 3531 4999; baseline -0.005 -12"><span class='ocrx_word' id='word_1_717' title='bbox 1967 4933 2180 4988; x_wconf 87' lang='lat' dir='ltr'><strong>domum</strong></span> <span class='ocrx_word' id='word_1_718' title='bbox 2208 4943 2431 4998; x_wconf 87' lang='lat' dir='ltr'><strong>corpora</strong></span> <span class='ocrx_word' id='word_1_719' title='bbox 2465 4936 2639 4981; x_wconf 86' lang='lat' dir='ltr'><strong>nostra</strong></span> <span class='ocrx_word' id='word_1_720' title='bbox 2668 4927 2911 4980; x_wconf 88' lang='lat' dir='ltr'><strong>sacrabat</strong></span> <span class='ocrx_word' id='word_1_721' title='bbox 2930 4927 3114 4981; x_wconf 88' lang='lat' dir='ltr'><strong>dicens</strong></span> <span class='ocrx_word' id='word_1_722' title='bbox 3135 4944 3145 4977; x_wconf 89' lang='lat'><strong>:</strong></span> <span class='ocrx_word' id='word_1_723' title='bbox 3168 4926 3385 4981; x_wconf 84' lang='lat' dir='ltr'><strong>Nescitis</strong></span> <span class='ocrx_word' id='word_1_724' title='bbox 3412 4932 3531 4999; x_wconf 87' lang='lat' dir='ltr'><strong>quia</strong></span> 
     </span>
    </p>
   </div>
   <div class='ocr_carea' id='block_1_109' title="bbox 1964 5016 3529 5091">
    <p class='ocr_par' dir='ltr' id='par_1_109' title="bbox 1964 5016 3529 5091">
     <span class='ocr_line' id='line_1_109' title="bbox 1964 5016 3529 5091; baseline -0.004 -14"><span class='ocrx_word' id='word_1_725' title='bbox 1964 5022 2209 5091; x_wconf 83' lang='lat' dir='ltr'><strong>templum</strong></span> <span class='ocrx_word' id='word_1_726' title='bbox 2232 5020 2327 5074; x_wconf 91' lang='lat' dir='ltr'><strong>Dei</strong></span> <span class='ocrx_word' id='word_1_727' title='bbox 2351 5021 2491 5086; x_wconf 86' lang='lat' dir='ltr'><strong>estis,</strong></span> <span class='ocrx_word' id='word_1_728' title='bbox 2518 5028 2562 5072; x_wconf 89' lang='lat' dir='ltr'><strong>et</strong></span> <span class='ocrx_word' id='word_1_729' title='bbox 2586 5018 2809 5087; x_wconf 83' lang='lat' dir='ltr'><strong>Spiritus</strong></span> <span class='ocrx_word' id='word_1_730' title='bbox 2833 5016 2927 5069; x_wconf 86' lang='lat' dir='ltr'><strong>Dei</strong></span> <span class='ocrx_word' id='word_1_731' title='bbox 2962 5016 3152 5069; x_wconf 81' lang='lat' dir='ltr'><strong>habitat</strong></span> <span class='ocrx_word' id='word_1_732' title='bbox 3190 5017 3243 5070; x_wconf 88' lang='lat' dir='ltr'><strong>in</strong></span> <span class='ocrx_word' id='word_1_733' title='bbox 3282 5018 3418 5089; x_wconf 85' lang='lat' dir='ltr'><strong>vobis</strong></span> <span class='ocrx_word' id='word_1_734' title='bbox 3457 5019 3475 5088; x_wconf 93' lang='lat'><strong>(</strong></span> <span class='ocrx_word' id='word_1_735' title='bbox 3502 5016 3529 5070; x_wconf 85' lang='grc'><em>1</em></span> 
     </span>
    </p>
   </div>
   <div class='ocr_carea' id='block_1_110' title="bbox 1962 5107 3532 5182">
    <p class='ocr_par' dir='ltr' id='par_1_110' title="bbox 1962 5107 3532 5182">
     <span class='ocr_line' id='line_1_110' title="bbox 1962 5107 3532 5182; baseline -0.004 -13"><span class='ocrx_word' id='word_1_736' title='bbox 1962 5115 2083 5169; x_wconf 81' lang='lat' dir='ltr'><strong>Cor.</strong></span> <span class='ocrx_word' id='word_1_737' title='bbox 2111 5129 2193 5179; x_wconf 88' lang='grc' dir='ltr'>ιιι,</span> <span class='ocrx_word' id='word_1_738' title='bbox 2212 5113 2327 5182; x_wconf 75' lang='lat'><strong>16)?</strong></span> <span class='ocrx_word' id='word_1_739' title='bbox 2346 5111 2462 5176; x_wconf 84' lang='lat' dir='ltr'><strong>Quo</strong></span> <span class='ocrx_word' id='word_1_740' title='bbox 2487 5124 2716 5178; x_wconf 91' lang='lat' dir='ltr'><strong>unquam</strong></span> <span class='ocrx_word' id='word_1_741' title='bbox 2745 5107 2911 5177; x_wconf 82' lang='lat' dir='ltr'><strong>magis</strong></span> <span class='ocrx_word' id='word_1_742' title='bbox 2934 5108 3236 5162; x_wconf 88' lang='lat' dir='ltr'><strong>testimonio</strong></span> <span class='ocrx_word' id='word_1_743' title='bbox 3258 5109 3395 5163; x_wconf 90' lang='lat' dir='ltr'><strong>Deus</strong></span> <span class='ocrx_word' id='word_1_744' title='bbox 3412 5124 3532 5176; x_wconf 87' lang='lat' dir='ltr'><strong>pro-</strong></span> 
     </span>
    </p>
   </div>
   <div class='ocr_carea' id='block_1_111' title="bbox 1964 5198 3530 5273">
    <p class='ocr_par' dir='ltr' id='par_1_111' title="bbox 1964 5198 3530 5273">
     <span class='ocr_line' id='line_1_111' title="bbox 1964 5198 3530 5273; baseline -0.005 -12"><span class='ocrx_word' id='word_1_745' title='bbox 1964 5207 2175 5261; x_wconf 82' lang='lat' dir='ltr'><strong>babitur</strong></span> <span class='ocrx_word' id='word_1_746' title='bbox 2204 5204 2437 5273; x_wconf 87' lang='lat' dir='ltr'><strong>Spiritus</strong></span> <span class='ocrx_word' id='word_1_747' title='bbox 2467 5210 2712 5267; x_wconf 89' lang='lat' dir='ltr'><strong>sanctus,</strong></span> <span class='ocrx_word' id='word_1_748' title='bbox 2766 5214 2925 5268; x_wconf 87' lang='lat' dir='ltr'><strong>quam</strong></span> <span class='ocrx_word' id='word_1_749' title='bbox 2982 5199 3120 5268; x_wconf 86' lang='lat' dir='ltr'><strong>quod</strong></span> <span class='ocrx_word' id='word_1_750' title='bbox 3172 5198 3530 5253; x_wconf 89' lang='lat' dir='ltr'><strong>habitaculum</strong></span> 
     </span>
    </p>
   </div>
   <div class='ocr_carea' id='block_1_112' title="bbox 1963 5289 3531 5367">
    <p class='ocr_par' dir='ltr' id='par_1_112' title="bbox 1963 5289 3531 5367">
     <span class='ocr_line' id='line_1_112' title="bbox 1963 5289 3531 5367; baseline -0.008 -15"><span class='ocrx_word' id='word_1_751' title='bbox 1963 5297 2127 5367; x_wconf 85' lang='lat' dir='ltr'><strong>ipsius</strong></span> <span class='ocrx_word' id='word_1_752' title='bbox 2151 5296 2355 5359; x_wconf 84' lang='lat' dir='ltr'><strong>sumus,</strong></span> <span class='ocrx_word' id='word_1_753' title='bbox 2388 5301 2441 5346; x_wconf 92' lang='lat' dir='ltr'><strong>et</strong></span> <span class='ocrx_word' id='word_1_754' title='bbox 2465 5292 2600 5345; x_wconf 89' lang='lat' dir='ltr'><strong>Deus</strong></span> <span class='ocrx_word' id='word_1_755' title='bbox 2631 5290 2833 5345; x_wconf 86' lang='lat' dir='ltr'><strong>habitat</strong></span> <span class='ocrx_word' id='word_1_756' title='bbox 2862 5293 2912 5344; x_wconf 91' lang='lat' dir='ltr'><strong>in</strong></span> <span class='ocrx_word' id='word_1_757' title='bbox 2941 5292 3125 5344; x_wconf 90' lang='lat' dir='ltr'><strong>nobis?</strong></span> <span class='ocrx_word' id='word_1_758' title='bbox 3156 5290 3259 5343; x_wconf 73' lang='lat' dir='ltr'><strong>Sed</strong></span> <span class='ocrx_word' id='word_1_759' title='bbox 3297 5291 3401 5358; x_wconf 85' lang='lat' dir='ltr'><strong>jam</strong></span> <span class='ocrx_word' id='word_1_760' title='bbox 3435 5289 3531 5341; x_wconf 83' lang='lat' dir='ltr'><strong>du-</strong></span> 
     </span>
    </p>
   </div>
   <div class='ocr_carea' id='block_1_113' title="bbox 1966 5379 3530 5455">
    <p class='ocr_par' dir='ltr' id='par_1_113' title="bbox 1966 5379 3530 5455">
     <span class='ocr_line' id='line_1_113' title="bbox 1966 5379 3530 5455; baseline -0.008 -11"><span class='ocrx_word' id='word_1_761' title='bbox 1966 5389 2091 5444; x_wconf 91' lang='lat' dir='ltr'><strong>dum</strong></span> <span class='ocrx_word' id='word_1_762' title='bbox 2124 5383 2427 5455; x_wconf 84' lang='lat' dir='ltr'><strong>liujusmodi</strong></span> <span class='ocrx_word' id='word_1_763' title='bbox 2449 5382 2813 5437; x_wconf 89' lang='lat' dir='ltr'><strong>credulitatem</strong></span> <span class='ocrx_word' id='word_1_764' title='bbox 2842 5382 3031 5433; x_wconf 76' lang='lat' dir='ltr'><strong>divina:</strong></span> <span class='ocrx_word' id='word_1_765' title='bbox 3056 5383 3313 5431; x_wconf 81' lang='lat' dir='ltr'><strong>voeationi</strong></span> <span class='ocrx_word' id='word_1_766' title='bbox 3344 5379 3530 5431; x_wconf 81' lang='lat' dir='ltr'><strong>Paulus</strong></span> 
     </span>
    </p>
   </div>
   <div class='ocr_carea' id='block_1_114' title="bbox 1970 5469 3529 5541">
    <p class='ocr_par' dir='ltr' id='par_1_114' title="bbox 1970 5469 3529 5541">
     <span class='ocr_line' id='line_1_114' title="bbox 1970 5469 3529 5541; baseline -0.012 -7"><span class='ocrx_word' id='word_1_767' title='bbox 1970 5479 2213 5534; x_wconf 90' lang='lat' dir='ltr'><strong>debebat.</strong></span> <span class='ocrx_word' id='word_1_768' title='bbox 2240 5475 2294 5529; x_wconf 90' lang='lat' dir='ltr'><strong>Si</strong></span> <span class='ocrx_word' id='word_1_769' title='bbox 2324 5474 2519 5541; x_wconf 91' lang='lat' dir='ltr'><strong>quippe</strong></span> <span class='ocrx_word' id='word_1_770' title='bbox 2548 5471 2599 5523; x_wconf 89' lang='lat' dir='ltr'><strong>in</strong></span> <span class='ocrx_word' id='word_1_771' title='bbox 2625 5472 2984 5538; x_wconf 88' lang='lat' dir='ltr'><strong>apostolorum</strong></span> <span class='ocrx_word' id='word_1_772' title='bbox 3019 5470 3233 5522; x_wconf 87' lang='lat' dir='ltr'><strong>Actibus</strong></span> <span class='ocrx_word' id='word_1_773' title='bbox 3252 5469 3493 5520; x_wconf 72' lang='lat' dir='ltr'><strong>scribitur</strong></span> <span class='ocrx_word' id='word_1_774' title='bbox 3520 5482 3529 5516; x_wconf 93' lang='lat'>:</span> 
     </span>
    </p>
   </div>
   <div class='ocr_carea' id='block_1_115' title="bbox 1972 5556 3531 5626">
    <p class='ocr_par' dir='ltr' id='par_1_115' title="bbox 1972 5556 3531 5626">
     <span class='ocr_line' id='line_1_115' title="bbox 1972 5556 3531 5626; baseline -0.01 -3"><span class='ocrx_word' id='word_1_775' title='bbox 1972 5563 2370 5623; x_wconf 76' lang='lat' dir='ltr'><strong>Deseruientibus</strong></span> <span class='ocrx_word' id='word_1_776' title='bbox 2402 5569 2571 5613; x_wconf 88' lang='lat' dir='ltr'><strong>autem</strong></span> <span class='ocrx_word' id='word_1_777' title='bbox 2596 5558 2701 5612; x_wconf 86' lang='lat' dir='ltr'><strong>illis</strong></span> <span class='ocrx_word' id='word_1_778' title='bbox 2729 5567 2773 5611; x_wconf 88' lang='lat' dir='ltr'><strong>et</strong></span> <span class='ocrx_word' id='word_1_779' title='bbox 2791 5559 3164 5626; x_wconf 80' lang='lat' dir='ltr'><strong>jeiunantibus,</strong></span> <span class='ocrx_word' id='word_1_780' title='bbox 3199 5557 3332 5607; x_wconf 70' lang='lat' dir='ltr'><strong>dixit</strong></span> <span class='ocrx_word' id='word_1_781' title='bbox 3366 5556 3531 5622; x_wconf 79' lang='lat' dir='ltr'><strong>Spiri-</strong></span> 
     </span>
    </p>
   </div>
   <div class='ocr_carea' id='block_1_116' title="bbox 1974 5645 3531 5721">
    <p class='ocr_par' dir='ltr' id='par_1_116' title="bbox 1974 5645 3531 5721">
     <span class='ocr_line' id='line_1_116' title="bbox 1974 5645 3531 5721; baseline -0.006 -12"><span class='ocrx_word' id='word_1_782' title='bbox 1974 5668 2051 5709; x_wconf 86' lang='lat' dir='ltr'><strong>tus</strong></span> <span class='ocrx_word' id='word_1_783' title='bbox 2080 5663 2301 5718; x_wconf 83' lang='lat' dir='ltr'><strong>sanctus,</strong></span> <span class='ocrx_word' id='word_1_784' title='bbox 2338 5650 2610 5721; x_wconf 88' lang='lat' dir='ltr'><strong>Segregate</strong></span> <span class='ocrx_word' id='word_1_785' title='bbox 2632 5647 2754 5699; x_wconf 88' lang='lat' dir='ltr'><strong>mihi</strong></span> <span class='ocrx_word' id='word_1_786' title='bbox 2804 5647 3025 5700; x_wconf 83' lang='lat' dir='ltr'><strong>Paulum</strong></span> <span class='ocrx_word' id='word_1_787' title='bbox 3064 5656 3107 5697; x_wconf 89' lang='lat' dir='ltr'><strong>et</strong></span> <span class='ocrx_word' id='word_1_788' title='bbox 3153 5645 3435 5698; x_wconf 80' lang='lat' dir='ltr'><strong>Barnabam</strong></span> <span class='ocrx_word' id='word_1_789' title='bbox 3467 5648 3531 5700; x_wconf 80' lang='lat' dir='ltr'><strong>ad</strong></span> 
     </span>
    </p>
   </div>
   <div class='ocr_carea' id='block_1_117' title="bbox 1974 5734 3531 5817">
    <p class='ocr_par' dir='ltr' id='par_1_117' title="bbox 1974 5734 3531 5817">
     <span class='ocr_line' id='line_1_117' title="bbox 1974 5734 3531 5817; baseline -0.012 -15"><span class='ocrx_word' id='word_1_790' title='bbox 1974 5764 2099 5817; x_wconf 91' lang='lat' dir='ltr'><strong>opus</strong></span> <span class='ocrx_word' id='word_1_791' title='bbox 2127 5745 2193 5799; x_wconf 86' lang='lat' dir='ltr'><strong>ad</strong></span> <span class='ocrx_word' id='word_1_792' title='bbox 2220 5744 2353 5814; x_wconf 86' lang='lat' dir='ltr'><strong>quod</strong></span> <span class='ocrx_word' id='word_1_793' title='bbox 2375 5742 2544 5798; x_wconf 81' lang='lat' dir='ltr'><strong>vocavi</strong></span> <span class='ocrx_word' id='word_1_794' title='bbox 2571 5756 2653 5796; x_wconf 87' lang='lat' dir='ltr'><strong>eos</strong></span> <span class='ocrx_word' id='word_1_795' title='bbox 2683 5740 2815 5806; x_wconf 80' lang='lat' dir='ltr'><strong>(Act.</strong></span> <span class='ocrx_word' id='word_1_796' title='bbox 2852 5754 2963 5805; x_wconf 82' lang='lat' dir='ltr'><strong>xm,</strong></span> <span class='ocrx_word' id='word_1_797' title='bbox 2988 5735 3061 5814; x_wconf 73' lang='lat'><strong>2).</strong></span> <span class='ocrx_word' id='word_1_798' title='bbox 3098 5734 3210 5791; x_wconf 82' lang='lat' dir='ltr'><strong>Non</strong></span> <span class='ocrx_word' id='word_1_799' title='bbox 3258 5754 3320 5791; x_wconf 84' lang='lat' dir='ltr'><strong>ex</strong></span> <span class='ocrx_word' id='word_1_800' title='bbox 3372 5752 3531 5804; x_wconf 77' lang='lat' dir='ltr'><strong>supe.</strong></span> 
     </span>
    </p>
   </div>
  </div>
