4024 6172
509 362 607 431 stt

1757 344 1814 399 S.
1855 336 2039 396 AVlTl
2078 334 2274 393 VIENN
2284 333 2475 392 ENSlS

3650 319 3751 374 5l2

512 469 668 525 rioris
693 473 977 537 prmccpto,
1014 460 1107 519 sed
1147 467 1437 529 spontanea
1485 464 1587 521 est,
1620 464 1679 511 ut
1722 454 1933 522 opinor,
1974 451 2076 505 ista
2103 441 2155 502 Δ
2182 450 2371 518 gelista
2399 445 2576 520 (Joan.
2609 461 2720 509 xix,
2749 444 2839 510 5t,
2869 439 3242 512 52)quotnode
3259 434 3509 492 crueifixo
3526 434 3749 490 Domino

511 561 737 615 vocatio.
763 557 875 613 Sibi
904 552 1225 624 sequestrari
1253 548 1518 619 praecipit,
1550 547 1654 603 sibi
1693 545 1824 601 dicit
1852 540 2074 599 assumi.

512 654 649 707 Deus
676 658 757 704 est
784 646 898 701 sine
925 643 1173 712 ambiguo
1201 641 1289 710 qui
1322 639 1579 707 inspirat,
1619 637 1770 707 eligit
1796 634 1883 689 vel
1913 631 2077 688 mittit

511 739 797 807 apostolos.
833 736 897 789 Et
926 743 1102 787 tamen
1133 731 1272 784 idem
1300 736 1515 783 sanctus
1546 726 1737 781 Paulus
1762 766 1777 789 ,
1823 739 1943 779 cum
1993 722 2076 775 di-

510 830 699 884 stincte
728 824 1008 895 aliquoties
1040 823 1272 886 Patrem,
1306 818 1495 873 Filium
1537 816 1621 871 vel
1652 815 1910 883 Spiritum
1951 826 2078 866 san-

511 931 648 974 ctum
680 918 955 972 Dominum
979 926 1099 967 esse
1140 911 1365 976 doceat,
1421 906 1545 961 ﬁdei
1596 906 1807 962 culmen
1859 918 1921 958 ea
1971 916 2075 972 qua

510 1024 668 1080 supra
697 1007 800 1062 dixi
832 1004 1140 1059 deﬁnitione
1165 1010 1504 1055 consummat
1537 1015 1550 1051 :
1592 997 1738 1053 Unus
1788 994 2075 1059 Dominus,

513 1117 615 1153 una
639 1098 785 1168 ﬁdes,
811 1111 967 1149 unum
995 1094 1241 1164 baptisma
1264 1090 1477 1163 (Ephes.
1503 1105 1573 1155 tv,
1590 1089 1665 1157 5).
1691 1087 1781 1143 Sic
1811 1101 1940 1155 ergo
1971 1100 2075 1138 non

514 1204 794 1259 possumus
823 1188 953 1241 duos
980 1186 1137 1248 Deos,
1169 1185 1306 1237 sicut
1334 1196 1432 1239 nec
1457 1180 1590 1234 duas
1618 1178 1750 1232 ﬁdes
1772 1218 1788 1244 ,
1830 1191 1929 1230 nec
1968 1176 2075 1229 duo

515 1279 829 1349 baptismata
858 1276 1056 1331 dicere.
1089 1275 1226 1329 Deos
1252 1273 1529 1327 nominare
1554 1267 1823 1339 gentilitas
1853 1264 2075 1334 appetit,

516 1369 705 1423 crebro
732 1383 792 1423 se
823 1370 1033 1421 lavacro
1058 1379 1087 1419 a
1113 1363 1347 1435 peccatis
1402 1360 1543 1415 ablui
1586 1357 1808 1416 ludatus
1860 1354 2032 1411 credit
2064 1394 2079 1419 ,

518 1460 646 1515 ﬁdes
668 1459 858 1529 plurali
885 1472 1109 1513 numero
1137 1455 1287 1526 quasi
1311 1455 1502 1508 multas
1530 1449 1636 1506 dici
1668 1449 1863 1504 veritas
1889 1444 2072 1516 prohi-

517 1553 627 1617 bet,
661 1566 760 1605 nec
785 1550 1044 1605 Latinitas
1074 1547 1220 1604 sinit.
1256 1546 1402 1602 Unus
1432 1543 1685 1600 Dominus
1715 1548 1829 1605 est,
1871 1553 1976 1593 non
2005 1537 2083 1591 di-

518 1643 782 1708 vidimus;
812 1656 915 1697 una
946 1640 1096 1707 ﬁdes,
1129 1654 1236 1694 non
1255 1637 1583 1701 scindimus;
1617 1648 1778 1688 unum
1800 1631 2082 1700 baptisma,

448 1802 449 1813 χ
520 1750 624 1790 non
654 1736 929 1790 iteramus.
952 1733 1049 1787 (lui
1073 1732 1330 1785 honorem
1351 1742 1505 1783 suum
1533 1726 1693 1780 etiam
1745 1725 1800 1778 in
1832 1721 2085 1777 Bonosia-

2180 555 2301 594 cum
2330 540 2540 595 duobus
2564 537 2883 599 latronibus,
2931 533 3136 588 scilicet
3165 539 3314 586 sexta
3354 528 3563 583 sabbati
3610 528 3750 583 circa

2177 644 2478 700 vesperam,
2512 628 2588 683 uti
2633 643 2699 681 ne
2751 622 3093 695 pendentium
3142 634 3370 688 corpora
3408 617 3599 672 feriata
3645 616 3749 670 diei

2178 722 2490 779 solemnitas
2513 719 2795 781 inveniret,
2823 716 3003 770 fractis
3050 729 3148 781 pro
3193 709 3535 767 acceleranda
3579 716 3750 763 morte

2178 814 2444 869 latronum
2474 809 2742 872 cruribus,
2772 821 2892 861 cum
2944 804 3054 874 jam
3109 801 3411 871 exspirasse
3460 797 3742 853 Dominum

2178 903 2591 973 cognovissent,
2657 899 2997 953 adverterunt
3052 909 3082 947 a
3126 891 3366 961 supplicii
3404 887 3751 944 similitudine

2180 994 2586 1065 temperandum
2609 1009 2623 1057 ;
2647 992 2771 1061 quia
2792 991 2951 1045 etiam
2979 988 3022 1042 si
3047 994 3318 1057 prematur
3346 983 3542 1038 veritas
3564 981 3743 1035 inimi-

2180 1104 2363 1144 corum
2393 1085 2783 1155 conjuratione,
2816 1096 2923 1136 non
2953 1078 3246 1150 frangitur:
3279 1077 3513 1131 maxime
3540 1088 3662 1128 cum
3700 1082 3752 1127 et

2182 1181 2247 1235 de
2277 1181 2409 1249 Agni
2437 1185 2584 1233 esset
2613 1174 2978 1231 immolatione
3006 1170 3343 1240 praedictum,
3376 1167 3445 1220 Os
3484 1182 3595 1219 non
3624 1181 3749 1217 con-

2187 1269 2417 1338 fringetis
2444 1285 2505 1322 ea:
2523 1284 2580 1322 eo
2605 1265 2801 1337 (Exod.
2827 1280 2897 1319 ιιι
2923 1304 2937 1328 ,
2979 1262 3093 1331 46).
3138 1261 3206 1316 Ει
3246 1268 3424 1314 tamen
3475 1256 3563 1311 hic
3610 1257 3753 1311 circa

2181 1356 2604 1425 Dominum,sic
2626 1370 2837 1426 quoque
2882 1352 3025 1423 quod
3072 1366 3178 1407 non
3237 1348 3334 1404 fuit
3386 1347 3750 1403 necessarium

2184 1448 2300 1503 ﬁeri
2331 1462 2427 1518 pro
2450 1447 2633 1508 exitio.
2661 1460 2755 1513 pro
2784 1449 3117 1498 sacramento
3143 1438 3438 1510 perfectum
3469 1447 3572 1492 est.
3604 1435 3754 1492 Unus

2184 1557 2413 1611 namque
2436 1541 2502 1596 de
2523 1540 2781 1595 militibus
2807 1544 3021 1602 arrepto
3076 1535 3261 1591 missili
3290 1574 3305 1600 ,
3351 1542 3411 1589 ut
3447 1546 3753 1586 sermonem

2185 1633 2357 1703 ipsum
2384 1644 2600 1701 ponam,
2626 1629 2760 1682 latus
2790 1626 2900 1691 eius
2926 1625 3127 1694 aperuit
3144 1621 3325 1694 (Joan.
3351 1637 3463 1684 xix,
3481 1620 3755 1690 34).Ergo

2188 1739 2291 1779 non
2310 1721 2474 1791 rupit,
2504 1734 2611 1775 non
2644 1714 2949 1781 transfodit,
2976 1728 3083 1768 non
3109 1711 3370 1782 iugulavit
3390 1711 3456 1765 ad
3485 1711 3756 1779 ultimum,

520 1840 703 1880 corum
731 1825 1063 1892 aliorumque
1088 1823 1394 1889 receptione
1442 1825 1721 1873 servantes
1742 1853 1758 1880 ,
1809 1814 1855 1868 si
1909 1826 1968 1865 se
2025 1811 2075 1865 in
2110 1811 2153 1871 Β
2181 1813 2275 1868 sed
2298 1811 2485 1881 inquit,
2505 1808 2734 1874 aperuit;
2763 1816 2814 1859 ut
2838 1803 3070 1873 patentis
3101 1803 3267 1872 plagae
3290 1808 3495 1869 portam
3514 1799 3756 1864 vitalem,

520 1916 736 1970 nomine
768 1912 940 1968 Patris
969 1921 1023 1967 et
1045 1910 1167 1966 Filii
1193 1918 1248 1965 et
1292 1908 1523 1977 Spiritus
1569 1903 1739 1961 sancti
1786 1900 2082 1970 baptizatos

521 2023 641 2065 esse
670 2006 1048 2077 reSpondeant,
1082 2005 1223 2074 quod
1254 2002 1390 2057 bene
1410 2000 1640 2056 confessi
1664 1994 2084 2065 sunt,servando

521 2098 838 2167 recipimus;
866 2093 1010 2166 quod
1036 2108 1317 2164 perperam
1340 2089 1702 2154 crediderant,
1723 2084 2087 2143 benedicendo

521 2204 770 2245 canamus
796 2205 811 2254 ;
842 2199 894 2243 et
924 2186 1064 2257 quod
1106 2185 1283 2239 minus
1323 2184 1495 2237 fuerat
1538 2180 1904 2235 nominatione
1951 2190 2086 2246 prte-

522 2281 704 2346 missa,
734 2279 1008 2348 suppletur
1036 2275 1346 2332 credulitate
1376 2273 1604 2326 ﬁrmata.

903 2459 1005 2530 (Ex
1038 2457 1189 2511 libris
1210 2455 1407 2510 Contra
1439 2449 1713 2521 Arianos.)

595 2554 838 2611 Psalmus
860 2548 986 2605 dicit
1015 2564 1031 2603 :
1058 2551 1102 2599 Α
1124 2562 1320 2600 summa
1346 2545 1456 2599 caeli
1484 2544 1703 2615 egressio
1725 2546 1833 2614 ejus
1858 2582 1872 2607 ,
1912 2548 1959 2593 et
2004 2555 2088 2593 re-

526 2663 707 2703 cursus
731 2648 840 2717 ejus
862 2657 1019 2711 usque
1042 2640 1108 2693 ad
1128 2653 1380 2694 sumntum
1421 2641 1530 2709 ejus
1579 2636 1598 2707 (
1621 2634 1771 2689 Psal.
1801 2648 1930 2689 xvut
1947 2675 1961 2701 ,
2007 2634 2089 2702 7).

525 2740 693 2794 Nemo
724 2751 885 2806 porro
908 2734 1155 2794 recurrit,
1191 2730 1292 2784 nisi
1334 2745 1442 2800 quo
1477 2729 1599 2795 fuit;
1636 2728 1731 2784 sed
1767 2729 2092 2785 ascendente

525 2830 761 2894 Christo,
780 2826 944 2880 Filius
973 2823 1203 2877 hominis
1227 2820 1456 2877 recurrit
1483 2821 1533 2875 in
1564 2820 1792 2886 coelum,
1838 2819 1931 2889 qui
1975 2827 2097 2874 erat

529 2922 678 2992 prius
708 2920 762 2974 in
789 2918 948 2974 calo.
988 2916 1076 2971 Sic
1113 2916 1272 2970 etiam
1312 2921 1530 2969 sanctus
1578 2912 1773 2967 Paulus
1821 2924 2092 2981 exponens

527 3012 603 3066 ait
632 3027 645 3063 :
678 3008 964 3064 Ascendens
992 3012 1044 3059 in
1064 3006 1227 3059 altum
1249 3006 1499 3071 captivam
1541 3004 1687 3056 duxit
1714 3003 2051 3072 captivitatem
2075 3040 2090 3066 ,

527 3103 665 3156 dedit
694 3104 827 3155 dona
844 3097 1128 3153 hominibus
1150 3095 1362 3167 (Ephes.
1392 3109 1462 3160 tv,
1488 3094 1544 3160 8,
1569 3093 1643 3164 9).
1669 3094 1733 3148 Et
1762 3092 1916 3161 paulo
1936 3102 2052 3161 post
2076 3109 2088 3144 :

530 3192 630 3257 Qui
660 3189 936 3252 descendit,
990 3157 1181 3256 inquit,
1221 3157 1335 3255 ipse
1380 3157 1459 3238 est
1500 3157 1544 3238 et
1567 3157 1653 3253 qui
1680 3157 1904 3236 ascendit
1937 3157 2093 3252 super
2118 3157 2166 3220 θ

526 3297 700 3335 omnes
722 3281 894 3345 caelos,
919 3285 977 3331 ut
996 3276 1225 3347 impleret
1247 3276 1437 3328 omnia.
1464 3273 1704 3342 Cumque
1741 3288 1836 3342 per
1878 3287 2090 3326 omnem

523 3371 718 3440 eloquii
750 3370 834 3425 sui
861 3372 1033 3424 locum
1056 3369 1218 3420 Deum
1248 3364 1459 3419 venisse
1500 3363 1775 3433 praedicet,
1815 3363 2086 3416 hominem

526 3462 733 3517 redisse
760 3458 1106 3523 concludens,
1132 3458 1215 3511 hic
1244 3465 1418 3508 tamen
1447 3454 1619 3521 ipsum
1650 3452 1772 3506 dicit
1802 3451 2091 3505 ascendere

526 3555 612 3625 qui
636 3553 939 3617 descendit;
969 3552 1093 3620 quia
1119 3551 1170 3603 in
1199 3548 1414 3602 Christo
1440 3547 1579 3600 Deus
1630 3554 1686 3599 et
1733 3544 1932 3608 homo;
1986 3558 2092 3596 non

525 3646 676 3709 alter,
710 3642 803 3697 sed
834 3641 946 3710 ipse
971 3656 987 3705 ;
1010 3655 1114 3695 non
1146 3639 1251 3694 duo
1275 3654 1341 3695 ex
1383 3637 1642 3703 diversis,
1684 3635 1779 3691 sed
1827 3634 1966 3689 idem
2014 3650 2083 3689 ex

525 3743 749 3801 utroque
779 3731 1061 3787 mediator.
1090 3728 1310 3784 Gemina
1359 3727 1572 3799 quidem
1619 3725 1912 3782 substantia
1935 3764 1951 3792 ,
1998 3724 2089 3781 sed

525 3837 629 3879 una
660 3823 829 3878 forma
857 3830 957 3877 est.
1268 3888 1332 3944 Iv

796 3984 902 4054 (Ex
930 3995 1179 4037 sermone
1201 3980 1270 4036 de
1296 3980 1542 4050 passione
1574 3977 1831 4046 Domini.)

590 4076 876 4146 Apostolus
910 4073 1128 4145 (Ephes.
1149 4087 1207 4141 v,
1239 4074 1336 4137 31,
1365 4070 1454 4141 52)
1490 4086 1679 4126 somno
1710 4070 1837 4125 Adae
1865 4069 2093 4126 domini-

524 4184 639 4221 cam
670 4175 898 4220 mortem
928 4156 1203 4233 coeptans,
1230 4165 1283 4215 in
1306 4166 1419 4231 ipso
1449 4161 1632 4217 mundi
1675 4162 1936 4232 principio
1963 4162 2093 4215 mdi-

524 4257 820 4312 ﬁcatiouem
844 4255 1080 4308 mulieris
1104 4254 1169 4308 tle
1198 4266 1346 4308 cosm
1372 4253 1684 4308 dormientis
1715 4254 1835 4320 viri,
1867 4267 2093 4309 nascen-

525 4349 592 4403 tis
622 4338 863 4403 ecclesiae
901 4345 1029 4399 dicit
1065 4344 1306 4409 signasse
1337 4358 1667 4413 compagem.
1698 4342 1936 4412 Namque
1970 4356 2091 4396 cum

524 4441 747 4496 formato
775 4439 841 4494 de
862 4446 1001 4492 terra
1033 4436 1255 4500 homini,
1279 4436 1323 4489 si
1347 4435 1483 4491 lecta
1529 4436 1845 4498 recolimus,
1896 4435 2091 4504 conjux

2185 1922 2290 1961 non
2315 1914 2422 1959 tam
2452 1900 2732 1970 vestigium
2763 1896 3018 1958 vulneris,
3049 1908 3208 1964 quam
3239 1894 3427 1949 salutis
3446 1908 3569 1949 esse
3596 1893 3755 1946 intel-

2184 1994 2410 2064 ligamus
2441 1992 2759 2059 ingressum.
2786 1987 2914 2041 Nam
2939 1994 2991 2040 et
3019 1999 3198 2039 arcam
3222 1983 3365 2037 illam
3400 1981 3553 2053 (Gen.
3571 1998 3648 2047 vi,
3670 1981 3765 2053 14)

2185 2084 2337 2153 cujus
2381 2082 2619 2136 claustro
2656 2088 2799 2133 tutus
2850 2076 2963 2131 Noe
3018 2084 3286 2130 tumentes
3336 2074 3518 2130 saeculi
3567 2074 3758 2129 fluctus

2186 2182 2522 2244 mortemque
2549 2171 2922 2234 bacchantem,
2946 2167 3166 2235 impune
3190 2166 3337 2222 solus
3382 2166 3594 2221 cunctis
3635 2180 3757 2234 per-

2186 2267 2436 2324 euntibus
2465 2261 2931 2327 enatavit,ostium
2962 2273 3069 2328 quo
3100 2271 3186 2313 ve.
3208 2256 3275 2312 ad
3296 2256 3522 2311 salutem
3553 2256 3758 2325 ingres-

2186 2375 2299 2425 sus,
2328 2358 2410 2414 vel
2444 2369 2718 2426 regressus
2749 2352 2815 2407 ad
2835 2353 3006 2407 lucem
3034 2358 3116 2406 est
3146 2392 3160 2417 ,
3221 2348 3274 2405 in
3321 2349 3486 2404 latere
3534 2346 3760 2417 legimus

2189 2447 2461 2505 habuisse.
2493 2446 2736 2515 Agnosco
2770 2443 2930 2509 igitur
2953 2450 3008 2496 et
3037 2439 3196 2493 hodie
3243 2438 3293 2491 in
3344 2437 3570 2491 Domino
3598 2477 3614 2500 ,
3667 2435 3759 2507 qui

2188 2539 2356 2608 surgit
2383 2552 2478 2608 per
2505 2548 2719 2590 crucem
2749 2530 2916 2602 (Psal.
2939 2544 3126 2592 cxxxt,
3155 2527 3210 2597 8)
3241 2527 3293 2581 in
3314 2526 3549 2595 requiem
3580 2538 3758 2594 suam,

2189 2630 2305 2700 ipse
2333 2636 2387 2683 et
2407 2641 2553 2689 arca,
2586 2624 2638 2678 id
2668 2630 2751 2678 est
2774 2636 2921 2684 caro,
2954 2617 3387 2673 sanctiﬁcationis
3416 2630 3527 2670 sure
3552 2633 3565 2667 :
3598 2629 3762 2684 agno-

2191 2736 2305 2787 sco,
2335 2721 2575 2789 inquam,
2611 2715 2668 2770 in
2692 2715 2860 2769 latrre
2886 2725 3024 2766 arcte
3048 2709 3201 2764 istius
3246 2708 3445 2763 aditum
3492 2715 3758 2762 nostrum.

2190 2813 2481 2869 Videamus
2510 2810 2737 2880 primum
2770 2803 2897 2876 quid
2943 2802 3066 2859 inde
3103 2800 3375 2872 procedit,
3416 2799 3763 2853 adbertamul

2192 2912 2377 2974 postea
2400 2896 2665 2970 quomodo
2715 2896 2786 2950 ibi
2828 2894 3162 2949 Christianus
3216 2889 3438 2944 introiit.
3487 2886 3765 2942 Patefacto

2191 3010 2317 3064 ergo
2346 2994 2511 3047 latere
2541 2986 2771 3051 Domini,
2821 2984 3087 3054 processit
3137 2981 3367 3035 ubertim
3423 2975 3767 3032 manantibus

2193 3086 2321 3141 rivis
2345 3097 2479 3152 aqua
2504 3079 2587 3134 vel
2620 3075 2856 3146 sanguis.
2884 3072 3019 3141 Quid
3061 3068 3425 3126 admirabilius
3456 3067 3545 3121 tali
3589 3066 3767 3120 facto!

2194 3173 2317 3245 quid
2350 3170 2574 3227 lucidius
2598 3166 2830 3222 indicio?
2856 3162 2983 3234 quid
3002 3159 3257 3232 mysterio
3282 3158 3519 3229 plenius?
3546 3157 3767 3213 Certum

2196 3272 2281 3319 est
2305 3260 2521 3332 quidem
2554 3256 2694 3327 quod
2728 3253 2896 3309 doluit
2919 3250 3188 3317 Christus,
3210 3249 3350 3320 quod
3394 3248 3597 3304 interiit
3642 3262 3768 3303 cer-

2192 3362 2303 3407 tum
2331 3366 2346 3415 ;
2377 3348 2469 3404 sed
2504 3354 2682 3401 servat
2712 3344 2765 3398 in
2789 3358 2856 3399 eo
2879 3341 3189 3411 dignitatem
3209 3353 3357 3393 suam
3379 3339 3538 3393 etiam
3568 3337 3769 3391 veritas

2193 3443 2403 3498 mortis.
2418 3442 2546 3507 Qum
2577 3436 2813 3493 conditio
2832 3448 3063 3503 unquam
3085 3431 3300 3486 humani
3318 3430 3560 3501 corporis
3581 3429 3767 3485 habuit

2193 3546 2342 3601 aqua:
2371 3528 2458 3584 vel
2487 3524 2758 3596 sanguinis
2780 3522 3014 3579 fluxum?
3062 3520 3210 3587 Esto,
3263 3520 3406 3590 quod
3453 3528 3628 3574 tamen
3679 3520 3767 3573 vix

2191 3616 2591 3676 consuetudinis
2641 3614 2850 3670 ratione
2914 3609 3280 3683 permittitur,
3339 3618 3398 3662 ut
3437 3608 3769 3662 continuerit

2190 3724 2438 3767 cruorem
2475 3723 2631 3763 suum
2673 3720 2799 3760 caro
2845 3702 3132 3766 defuncta;
3186 3700 3275 3754 ubi
3326 3697 3483 3753 latuit
3536 3697 3769 3751 viventis

2191 3817 2342 3870 aquae
2374 3800 2664 3855 fonticulus
2694 3797 2749 3852 in
2780 3808 3004 3864 corpore
3026 3789 3502 3848 morientisiUude
3526 3788 3771 3857 procedit

2191 3894 2389 3965 duplex
2417 3891 2570 3947 rivus
2597 3899 2836 3944 arentem
2867 3885 3122 3941 mundum
3155 3882 3566 3946 iecundaturus,
3599 3896 3767 3950 purus

2192 3985 2385 4051 laticis,
2414 3983 2679 4052 pretiosus
2707 3978 2956 4033 cruoris?
2986 3975 3135 4032 Unde
3157 3974 3326 4028 sancti
3354 3972 3587 4027 ﬂuminis
3620 3974 3763 4025 unda

2192 4075 2515 4146 prorumpit,
2539 4074 2652 4128 sola
2686 4067 3083 4139 restinguendis
3121 4065 3377 4135 gehennae
3421 4062 3765 4118 satisfactura

2191 4164 2518 4236 vaporibus?
2547 4162 2682 4217 Ecce
2703 4160 2892 4214 videtis
2918 4157 2985 4212 de
3026 4157 3192 4211 latere
3222 4156 3389 4209 Adam
3426 4152 3597 4207 nostri
3632 4168 3767 4207 con-

2189 4258 2366 4327 jugem
2396 4268 2545 4310 suam
2570 4250 2729 4306 strui.
2761 4250 2898 4304 Ecce
2930 4260 3181 4317 sponsam
3211 4244 3437 4309 victuro,
3475 4242 3601 4296 dum
3650 4257 3769 4297 mo-

2192 4348 2347 4412 ritur,
2371 4341 2680 4416 praeparari.
2713 4340 2852 4394 Ecce
2879 4336 3165 4392 dormienti
3194 4334 3409 4402 pracipi
3440 4331 3579 4399 quod
3625 4332 3766 4385 lmti-

2200 4438 2680 4507 ﬁcetvigilaturttm
2709 4449 2723 4491 :
2756 4429 2930 4485 omnis
2974 4434 3150 4481 autem
3198 4424 3435 4479 Ecclesia
3486 4422 3591 4477 duo
3640 4430 3768 4475 sunt

524 4529 755 4594 deesset,
789 4536 842 4583 et
866 4539 1163 4596 quanquam
1198 4525 1482 4593 inexperti,
1517 4534 1690 4579 tamen
1734 4526 1909 4579 solatii
1957 4540 2087 4579 con-

2198 4505 2714 4601 generavbominttm.
2739 4521 2913 4577 Unum
2938 4525 3040 4581 est,
3064 4514 3204 4586 quod
3231 4513 3372 4569 ﬁdeli
3401 4520 3590 4576 morte,
3620 4511 3766 4565 aliud

525 4619 827 4674 tubernium
867 4615 1016 4669 rudis
1053 4614 1263 4667 animus
1315 4613 1609 4682 flagitaret,
1671 4615 1862 4683 ligatur
1918 4613 2087 4668 Adam

526 4723 709 4774 sensu,
738 4706 963 4761 solvitur
988 4718 1199 4766 somno,
1227 4703 1605 4771 cclebratoque
1635 4704 1790 4773 hujus
1837 4705 2088 4757 similitu-

526 4798 663 4851 dinis
684 4801 1040 4857 sacramento,
1074 4801 1178 4845 tam
1212 4806 1452 4861 pressum
1479 4790 1600 4844 novi
1637 4792 1845 4861 s0poris
1883 4790 2089 4860 pondus

523 4884 780 4948 incubuit,
812 4892 864 4937 ut
887 4881 1077 4937 merito
1104 4890 1329 4935 mortem
1351 4880 1677 4948 significasse
1719 4895 1783 4935 ex
1832 4880 1948 4949 ipso
1993 4882 2091 4934 im-

524 4959 705 5028 mobili
732 4980 889 5041 atque
918 4971 1212 5026 insensibili
1236 4970 1415 5039 quiete
1443 4968 1713 5024 videatur.
1760 4969 1962 5024 Taliter
1997 4985 2092 5024 au-

525 5076 633 5121 tem
676 5064 874 5135 jacenti
920 5063 1218 5120 detrahitur
1256 5078 1357 5116 una
1402 5070 1667 5117 costarum
1695 5099 1713 5128 ,
1759 5069 1919 5130 atque
1968 5061 2093 5117 inde

523 5158 749 5213 formata
778 5158 1020 5221 muliere,
1050 5156 1384 5213 revivisceuti
1437 5154 1725 5211 admodum
1782 5157 1903 5210 viro
1928 5195 1945 5221 ,
1999 5169 2095 5226 pro

523 5248 805 5317 dispendio
829 5249 1074 5313 membri,
1100 5254 1450 5315 repensantur
1472 5248 1619 5300 lucra
1663 5244 1916 5315 coniugii.
1951 5246 2091 5301 Ecce

526 5347 582 5394 et
605 5339 691 5394 hic
720 5339 879 5394 hodie
909 5339 1071 5394 Adam
1099 5354 1315 5402 novum,
1333 5337 1513 5406 culpas
1534 5347 1737 5393 veteres
1758 5345 2088 5404 sanaturum,

526 5446 835 5502 oppressum
867 5446 1058 5485 somno
1115 5432 1357 5500 impacta:
1412 5429 1586 5485 crucis
1637 5428 1858 5498 suscipit
1914 5430 2085 5498 quies.

526 5521 677 5577 Nunc
698 5521 980 5577 videndum
1014 5531 1097 5575 est
1126 5520 1252 5591 quid
1280 5523 1369 5586 sit,
1396 5520 1538 5592 quod
1569 5520 1637 5577 de
1679 5521 1795 5577 solo
1841 5520 1958 5591 eius
2014 5520 2091 5574 la-

530 5620 640 5665 tere
668 5611 905 5667 Ecclesia
936 5610 1152 5665 formari
1174 5610 1385 5674 dicitur,
1414 5626 1535 5667 cum
1578 5619 1720 5666 totus
1764 5611 1877 5680 ipse
1931 5610 2092 5666 homo

526 5710 629 5767 pro
652 5700 905 5758 Ecclesia
924 5702 1092 5759 salute
1114 5699 1389 5757 moriatur.
1416 5699 1598 5756 Refert
1649 5699 1879 5756 Joannes
1926 5715 2088 5756 evan.

2195 4620 2333 4691 quod
2357 4617 2567 4673 subtimi
2590 4613 2834 4684 passione
2858 4611 3123 4670 salvator;
3148 4620 3311 4661 unum
3335 4603 3473 4673 quod
3497 4618 3590 4672 pro
3610 4601 3766 4656 Chri-

2194 4719 2277 4765 sto
2302 4706 2570 4771 occubuit,
2588 4702 2726 4758 aliud
2754 4699 2895 4769 quod
2918 4698 3130 4753 Christo
3160 4696 3308 4749 vixit.
3336 4694 3441 4749 Nos
3465 4706 3590 4762 ergo
3612 4692 3766 4747 exci-

2197 4800 2404 4870 piamus
2427 4810 2615 4866 aquam
2631 4794 2695 4848 de
2718 4792 2888 4845 latere
2905 4788 3136 4851 Domini,
3158 4796 3416 4853 martyres
3430 4784 3765 4851 sanguinem.

2197 4890 2321 4945 Illos
2349 4889 2577 4957 pretiosa
2606 4883 2878 4954 sanguinis
2904 4892 3139 4949 purpura
3177 4876 3370 4932 vestiat
3399 4914 3414 4941 ,
3469 4887 3566 4929 nos
3610 4872 3768 4927 nivea

2198 4979 2525 5051 baptismatis
2551 4975 2688 5031 unda
2712 4978 3007 5042 respergat.
3100 4964 3103 4967 ’

2584 5154 2685 5223 (Ex
2709 5150 2855 5207 libris
2887 5149 3087 5205 Contra
3119 5146 3394 5211 Arianos.)

2266 5247 2554 5304 Consultus
2577 5246 2628 5299 in
2656 5240 2952 5310 Evangelio
2982 5238 3265 5303 Dominus,
3288 5233 3416 5304 quid
3460 5233 3530 5289 de
3568 5230 3771 5287 vinculi

2202 5334 2605 5394 matrimonialis
2625 5330 2895 5387 soliditate
2917 5328 3250 5391 decerneret,
3282 5323 3403 5378 Non
3418 5331 3558 5386 sunt,
3575 5320 3771 5390 inquit,

2189 5434 2307 5503 jam
2330 5429 2452 5493 duo,
2482 5425 2568 5481 sed
2594 5439 2696 5478 una
2724 5438 2863 5477 caro.
2892 5419 3111 5489 PrOpter
3133 5417 3267 5485 quod
3289 5415 3405 5469 dico
3429 5413 3590 5476 vobis,
3619 5411 3772 5475 Quod

2198 5521 2337 5578 Deus
2357 5518 2557 5591 junxit,
2582 5517 2732 5570 homo
2761 5530 2862 5568 non
2883 5518 3077 5580 separet
3107 5507 3318 5579 (Matth.
3352 5521 3463 5570 six,
3510 5504 3588 5572 6).
3632 5503 3775 5557 Ecce

2197 5612 2337 5684 quod
2360 5611 2434 5666 ait
2456 5607 2742 5679 Apostolus
2786 5604 2850 5659 de
2903 5601 3190 5670 coniugio,
3237 5597 3627 5652 Sacramentum
3673 5591 3773 5644 hoc

2202 5682 2437 5775 magnum
2462 5717 2481 5768 ;
2522 5715 2610 5771 ego
2634 5707 2798 5753 autem
2830 5695 2941 5749 dico
2962 5693 3124 5760 vobis,
3152 5691 3206 5745 in
3236 5688 3439 5744 Christo
3484 5697 3531 5741 et
3579 5686 3631 5738 in
3662 5682 3771 5737 ει.
