4046 6170
257 315 357 370 515

254 510 472 579 exempli
497 506 719 562 altitudo
748 506 1004 576 mysterii.
1029 505 1084 560 Si
1109 520 1177 558 ex
1204 506 1412 559 duobus
1434 505 1631 560 dicitur
1654 523 1819 562 unum

253 601 423 655 facere
452 597 638 665 copula
668 594 960 663 corporalis
986 635 1002 661 ,
1055 608 1221 664 quare
1279 602 1443 649 totam
1497 595 1819 653 Trinitatem

253 705 352 745 non
380 686 683 741 solidaverit
706 700 807 738 una
825 684 1117 738 substantia
1143 684 1166 737 ?
1193 692 1284 738 aut
1322 700 1444 739 cum
1472 685 1736 755 dicamus,
1766 689 1820 743 in

254 778 474 833 terrenis
502 774 741 845 separari
788 789 896 828 non
936 773 1099 828 licere
1132 773 1273 843 quod
1317 773 1459 831 Deus
1504 775 1683 842 junxit
1726 792 1821 847 per

250 867 620 929 concordiam,
666 872 863 932 quanto
910 863 1150 931 periculo
1196 863 1250 917 in
1297 863 1541 930 supernis
1582 867 1818 934 separari

252 957 471 1012 velimus
500 955 640 1025 quod
693 955 833 1009 Deus
867 953 1081 1021 junctus
1122 964 1201 1008 est
1242 969 1339 1023 per
1387 957 1674 1010 naturam?
1702 955 1819 1012 lam

253 1057 305 1102 ut
324 1045 453 1099 illud
480 1054 685 1100 taceam
708 1042 847 1113 quod
869 1043 1124 1111 scriptum
1153 1052 1258 1107 est,
1285 1042 1424 1110 quod
1471 1045 1819 1101 multitudinis

250 1135 553 1192 credentium
579 1142 686 1187 erat
714 1133 887 1186 anima
913 1150 1038 1199 una,
1063 1142 1108 1186 et
1135 1149 1222 1186 cor
1245 1148 1402 1185 unum
1427 1132 1564 1200 (Act.
1596 1151 1666 1200 tv,
1686 1134 1775 1204 52)
1798 1150 1813 1188 :

250 1242 469 1297 quorum
500 1224 705 1292 singula
734 1222 895 1278 corda
926 1238 1086 1276 unum
1112 1236 1208 1277 cor
1250 1222 1508 1278 reddebat
1556 1225 1819 1279 unanimi-

252 1328 348 1382 tas,
370 1316 507 1371 sicut
534 1314 776 1383 proprias
804 1314 859 1368 in
906 1312 1166 1368 Triuitate
1210 1327 1473 1383 personas
1522 1314 1715 1371 solidat
1764 1323 1819 1372 et

249 1418 446 1465 exunat
474 1405 771 1476 aequalitas.

710 1539 801 1593 AP
838 1536 1340 1595 PHILIPPENSES.

312 1654 361 1709 Ι.
407 1654 509 1723 Qui
544 1669 658 1709 cum
687 1653 741 1707 in
770 1653 935 1721 forma
966 1652 1059 1706 Dei
1096 1662 1251 1720 esset,
1279 1652 1601 1725 semetipsum
1640 1652 1816 1708 exina-

249 1750 383 1807 nivit.

312 1842 338 1895 l
348 1842 396 1896 1.
430 1841 621 1896 Factus
650 1840 883 1895 obediens
906 1856 1061 1910 usque
1085 1841 1153 1893 ad
1177 1848 1406 1893 mortem.

310 1932 431 1987 III.
463 1932 682 2003 Propter
704 1933 838 2003 quod
866 1931 1004 1985 Deus
1027 1932 1173 1985 illum
1199 1932 1466 1996 exultavit,
1514 1940 1559 1984 et
1607 1930 1812 1984 donavit

247 2028 317 2081 illi
343 2044 529 2080 nomen
548 2027 682 2097 quod
702 2034 774 2080 est
798 2041 953 2095 super
980 2041 1130 2079 omne
1159 2040 1364 2079 nomen.

309 2117 336 2170 1
350 2117 415 2171 γ.
444 2115 511 2171 Ut
543 2120 593 2169 in
615 2116 818 2170 nomine
835 2115 865 2168 J
874 2132 959 2170 esu
980 2132 1127 2169 omne
1149 2131 1282 2187 genu
1308 2118 1564 2184 ﬂectatur.

314 2208 374 2262 γ.
415 2206 481 2260 Et
512 2208 671 2261 omnis
702 2207 881 2277 lingua
904 2207 1208 2278 conﬁteatur
1226 2210 1347 2279 quia
1387 2205 1636 2263 Dominus
1663 2206 1810 2263 Iesus

244 2302 290 2354 in
319 2302 487 2372 gloria
516 2309 590 2354 est
624 2299 713 2355 Dei
742 2297 936 2355 Patris.

312 2394 413 2449 VI.
447 2393 581 2449 Item
603 2394 665 2449 de
693 2395 888 2449 eodem.

558 2599 655 2669 (Ex
685 2598 835 2655 libris
863 2598 1062 2655 Contra
1085 2597 1455 2671 Phantasma.)

304 2730 434 2784 Cum
456 2730 509 2783 in
539 2732 705 2801 [arma
735 2728 827 2785 Dei
865 2740 1011 2800 esset,
1038 2732 1361 2801 semetipsum
1386 2732 1666 2787 exinanivit
1703 2735 1810 2805 for-

236 2837 365 2875 mam
406 2825 539 2875 servi
567 2822 816 2890 accipiens
839 2862 855 2889 ,
887 2832 932 2876 et
976 2822 1259 2876 humiliavit
1302 2825 1623 2894 semetipsum
1652 2842 1809 2897 usque

239 2914 303 2963 ad
327 2921 565 2977 mortem,
597 2920 803 2965 mortem
828 2921 995 2965 autem
1021 2914 1185 2967 erucis
1208 2912 1467 2985 (Philipp.
1521 2931 1559 2970 tt
1585 2956 1601 2982 ,
1650 2918 1804 2986 6-8).

241 3000 407 3057 Verus
443 3004 583 3057 Deus
606 3011 687 3057 est
712 3004 799 3072 qui
830 3003 1077 3073 dignatur
1116 3005 1403 3071 inclinari;
1445 3022 1605 3064 verus
1648 3009 1807 3066 homo

238 3102 331 3155 est,
364 3093 457 3162 qui
486 3093 661 3163 potuit
690 3094 844 3149 mori.
876 3093 1095 3166 PrOpter
1113 3098 1269 3165 quod,
1319 3098 1527 3169 inquit,
1571 3109 1621 3154 et
1672 3100 1807 3156 Deus

237 3192 369 3251 pater
398 3184 643 3237 exultavit
667 3184 833 3251 illum,
862 3195 909 3238 et
948 3186 1151 3239 donavit
1194 3188 1275 3242 illi
1327 3205 1507 3244 nomen
1554 3191 1690 3259 quod
1734 3200 1806 3246 est

237 3289 381 3339 super
410 3289 565 3327 omne
592 3290 793 3327 nomen.
824 3274 970 3329 Inter
1011 3291 1132 3331 cum
1172 3279 1262 3349 qui
1293 3279 1418 3346 dat,
1464 3291 1517 3335 et
1558 3296 1679 3336 eum
1717 3284 1806 3352 qui

237 3365 425 3435 accipit
452 3365 733 3434 honorem,
764 3367 923 3422 trium
951 3376 1033 3423 est
1064 3384 1223 3426 omne
1252 3385 1467 3427 nomen.
1511 3371 1678 3427 lmum
1723 3382 1806 3429 est

237 3458 407 3521 homo,
442 3457 676 3512 medium
704 3459 947 3527 angelus,
978 3474 1247 3515 summum
1279 3461 1441 3517 Deus.
1468 3463 1578 3518 lloc
1610 3480 1805 3520 nomen

236 3547 449 3601 donavit
475 3547 614 3618 quod
638 3563 798 3617 super
823 3564 981 3605 omne
1012 3566 1205 3605 nomen
1238 3559 1351 3616 est,
1410 3568 1513 3606 non
1558 3554 1608 3607 ei
1646 3569 1805 3623 quem

234 3640 434 3708 genuit,
467 3639 562 3694 sed
593 3639 670 3693 illi
692 3654 849 3709 quem
876 3641 1055 3704 misit,
1102 3645 1192 3712 qui
1231 3642 1402 3698 factus
1435 3652 1517 3699 est
1550 3644 1807 3702 obediens

235 3744 396 3796 usque
424 3730 493 3782 ad
525 3739 772 3785 mortem.
818 3730 927 3785 Aut
960 3732 1083 3801 quid
1123 3748 1319 3788 novum
1352 3743 1455 3801 est,
1484 3736 1628 3790 credi
1660 3736 1712 3791 in
1742 3752 1808 3792 eo

234 3819 459 3873 turmam
489 3820 655 3885 servi,
685 3821 774 3890 qui
804 3836 902 3876 nec
925 3822 1193 3878 maledicti
1223 3825 1506 3893 opprobria
1544 3826 1685 3882 ferre
1714 3827 1803 3882 de-

234 3914 454 3981 spexit?
483 3913 739 3981 Aposto'o
768 3921 1134 3982 protestante,
1164 3932 1276 3970 eum
1316 3918 1405 3988 qui
1451 3934 1549 3972 non
1600 3930 1807 3973 noverat

235 4015 518 4071 precatum,
552 4021 645 4071 pro
672 4005 815 4059 nobis
839 4007 1166 4064 maledictum
1192 4011 1310 4080 fecit
1335 4009 1420 4081 (Il
1442 4010 1560 4065 Cor.
1587 4028 1619 4066 ν
1647 4054 1662 4078 ,
1688 4013 1805 4082 21).

234 4094 362 4165 Quia
387 4095 650 4166 scriptum
680 4104 782 4167 est,
814 4100 1002 4170 inquit,
1033 4100 1336 4156 Maledictus
1365 4103 1525 4156 omnis
1557 4104 1644 4173 qui
1684 4120 1808 4173 pen-

234 4196 311 4244 det
335 4194 387 4245 iu
421 4191 564 4259 ligno
594 4190 739 4263 (Gal.
788 4207 866 4258 ιιι,
919 4192 1029 4261 15).
1080 4193 1301 4262 Propter
1351 4194 1491 4266 quod
1546 4197 1806 4251 exaltatus

234 4292 332 4347 est,
366 4293 420 4335 ut
457 4282 507 4336 in
529 4283 745 4337 nomine
774 4283 923 4346 Jesu,
956 4299 1135 4351 omne,
1160 4285 1211 4339 id
1244 4293 1325 4340 est
1368 4302 1472 4341 non
1514 4287 1683 4341 solum
1712 4287 1807 4341 ho-

235 4372 410 4435 minis,
446 4387 626 4426 vcrum
655 4374 812 4427 etiam
841 4374 1038 4442 angeli,
1062 4390 1199 4443 genu
1228 4375 1466 4431 ﬂeetatur
1490 4394 1504 4431 :
1529 4379 1576 4430 ei
1605 4378 1806 4432 scilicet

236 4463 317 4529 qui
338 4464 636 4517 secundum
668 4463 907 4532 ejusdem
936 4465 1177 4534 Apostoli
1202 4467 1399 4522 dictum
1427 4510 1441 4533 ,
1488 4480 1698 4540 propter
1721 4488 1805 4525 vos

236 4568 423 4621 pauper
451 4553 613 4620 factus
641 4564 712 4606 est
737 4570 850 4606 cum
878 4555 1013 4608 dit-es
1035 4566 1160 4609 esset
1200 4555 1285 4627 (ll
1324 4558 1442 4613 Cor.
1482 4575 1601 4624 vm,
1726 4560 1806 4630 9),

237 4636 378 4693 dives
409 4639 480 4693 ab
507 4641 823 4701 aeternitate.
860 4655 1058 4711 pauper
1086 4656 1151 4698 ex
1183 4653 1367 4701 ventre
1394 4662 1410 4712 ;
1439 4646 1587 4703 dives
1616 4647 1669 4702 in
1697 4664 1807 4705 ca:-

236 4729 318 4797 lis,
351 4745 556 4799 pauper
584 4731 637 4785 in
671 4733 881 4801 pannis.

973 4841 1036 4897 II.

621 4951 723 5023 (Ex
748 4951 898 5007 libris
921 4951 1121 5008 Contra
1146 4955 1417 5025 Arianos.)

296 5057 417 5112 Non
449 5074 545 5128 per
567 5059 669 5115 hoc
695 5063 888 5117 minuit
930 5064 1283 5133 aequalitatem
1327 5067 1448 5123 Filii
1488 5068 1622 5136 Dei,
1665 5072 1805 5141 quod

232 5147 371 5204 titius
406 5151 643 5206 hominis
666 5152 919 5208 obedivit.
952 5155 1230 5223 Quomodo
1256 5158 1398 5213 enim
1430 5174 1537 5216 non
1562 5161 1808 5219 obediret

232 5237 397 5303 Patri,
429 5240 517 5310 qui
555 5242 799 5297 subditus
839 5252 955 5299 erat
993 5247 1189 5300 matri?
1225 5246 1442 5304 dicente
1486 5251 1808 5320 evangelista

231 5328 295 5383 de
311 5333 626 5397 parentibus
653 5334 769 5402 ejus
793 5353 805 5387 ε
828 5333 895 5389 Et
917 5338 1047 5391 venit
1071 5337 1357 5406 Nazareth,
1381 5350 1429 5394 et
1452 5354 1560 5395 erat
1580 5343 1809 5399 subditus

232 5418 512 5485 illis(Luc.
539 5437 597 5487 ιι,
629 5423 743 5493 51).
771 5424 861 5481 Sic
883 5427 1023 5481 enim
1052 5426 1221 5484 factus
1245 5439 1326 5485 est
1348 5472 1362 5495 ,
1399 5431 1613 5489 dicente
1658 5435 1806 5504 Apo-

215 5510 391 5594 ξιοιοῖ
415 5509 649 5565 obsdiens
670 5528 828 5582 usque
853 5516 922 5569 ad
942 5528 1151 5573 mortem
1183 5519 1439 5592 (Philipp.
1469 5536 1529 5590 tt,
1565 5522 1643 5594 8),
1671 5527 1809 5581 sicut

222 5587 341 5659 ipse
362 5592 622 5653 Dominus
649 5601 803 5668 dixit,
832 5603 1016 5661 Tristis
1053 5617 1127 5663 est
1164 5587 1360 5666 animai
1382 5587 1494 5667 mea
1514 5587 1698 5686 usque
1737 5616 1807 5671 ad

224 5694 449 5743 mortem
466 5686 674 5758 (Matth.
707 5708 852 5764 xxvr,
885 5694 995 5768 58).

1180 305 1533 365 νΑιιιοΒυΜ
1573 308 2069 369 OPUSCULORUM
2110 313 2546 376 FRAGMENTA.

256 424 397 477 rlesia
422 419 635 491 (Ep/tes.
670 434 724 486 v,
754 414 866 487 3‘2).
891 415 1137 471 Nascitur
1171 430 1359 484 nempe
1406 417 1477 471 ab
1520 417 1818 474 humilitate
1848 424 1899 482 Α

3391 335 3496 389 514

2664 432 2748 491 Ill.

2303 517 2406 591 (Ex
2435 518 2585 576 libris
2613 519 2812 578 Contra
2839 524 3115 598 Arianos.)

1993 605 2070 660 An
2103 603 2239 660 forte
2267 608 2413 664 solus
2465 610 2624 666 Pater
2661 612 2920 669 dicendus
2957 626 3041 671 est
3095 618 3389 675 Dominus?
3438 623 3493 678 In

1922 694 2209 765 Evangelia
2233 697 2480 754 Christus
2503 699 2777 769 discipulis
2806 704 2878 757 ait
2906 721 2920 757 :
2978 703 3183 760 Vacalis
3219 724 3298 763 me
3328 710 3495 780 Magi-

1920 793 2081 837 strum
2100 794 2147 837 et
2174 785 2470 854 Dominum,
2496 789 2618 843 bene
2646 792 2845 859 dicitis;
2874 810 2986 853 sum
3014 796 3147 849 enim
3180 797 3354 867 (Joan.
3379 817 3490 866 xm,

1925 874 2034 943 l5).
2068 874 2444 944 EtApostolus
2472 881 2548 935 ait
2568 879 2825 953 (Philipp.
2862 901 2919 949 ιι,
2946 884 2997 950 8,
3047 886 3137 958 9),
3188 891 3326 958 quod
3376 901 3491 960 post

1922 974 2146 1021 mortem
2182 968 2403 1032 Christi,
2435 983 2662 1028 mortem
2694 985 2871 1030 autem
2925 980 3120 1043 crucis,
3174 982 3492 1040 exaltaverit

1920 1071 2041 1112 eum
2072 1056 2249 1123 Pater,
2275 1068 2329 1115 et
2347 1061 2555 1118 dederit
2584 1065 2632 1119 ei
2659 1080 2873 1133 nomen,
2901 1076 2959 1123 ut
3007 1069 3058 1123 in
3108 1073 3323 1128 nomine
3363 1075 3489 1131 Jesu

1920 1165 2078 1206 omne
2104 1166 2241 1221 genu
2266 1152 2531 1221 ﬂectatur,
2555 1158 2877 1225 caelestium,
2905 1164 3231 1217 terrestrium
3255 1173 3307 1218 et
3329 1165 3489 1220 inter.

1920 1258 2132 1311 norum,
2166 1244 2216 1297 id
2243 1254 2327 1299 cst
2352 1248 2562 1314 adoret,
2592 1248 2804 1303 dicente
2830 1251 2955 1306 alibi
2988 1254 3101 1321 ipso
3124 1255 3367 1322 Domino,
3385 1257 3488 1311 Do-

1919 1335 2113 1388 minum
2143 1333 2306 1391 Deum
2335 1348 2474 1392 tuum
2500 1340 2758 1407 adorabis,
2783 1351 2831 1396 et
2855 1343 2931 1397 illi
2957 1345 3053 1397 soli
3071 1347 3252 1400 servies
3276 1348 3485 1417 (Matth.

1921 1441 1992 1491 tv,
2024 1427 2136 1499 10).

2648 1525 2739 1581 IV.

2274 1612 2372 1683 (Ex
2406 1628 2656 1669 sermone
2678 1615 2745 1671 de
2776 1615 3108 1675 Pentecoste.

1986 1699 2133 1755 Crux
2167 1700 2253 1755 illa
2278 1703 2329 1756 in
2357 1719 2459 1772 qua
2490 1704 2600 1758 vita
2629 1706 2893 1773 pendente
2926 1724 3070 1765 mors
3113 1710 3307 1779 periit,
3350 1711 3485 1769 sicut

1840 1781 1888 1842 B
1917 1791 1966 1846 in
1994 1793 2242 1861 passione
2270 1797 2592 1864 evangelista
2619 1796 2852 1854 Joannes
2878 1810 3095 1856 enarrat
3132 1801 3323 1873 (Joan.
3356 1820 3443 1859 xix
3468 1847 3484 1871 ,

1911 1882 2177 1953 20),quia
2203 1883 2555 1953 multiplicem
2592 1900 2785 1956 capere
2832 1904 2938 1943 non
2994 1892 3207 1960 potuit,
3263 1894 3487 1963 triplicis

1914 1974 2111 2042 linguae
2135 1973 2325 2043 pagina
2353 1974 2449 2028 luit
2481 1992 2495 2029 :
2525 1984 2633 2030 uta
2665 1985 2776 2033 toto
2810 1980 3009 2033 mundo
3059 1981 3485 2038 incunctabilitcr

1914 2064 2247 2134 crederetur,
2278 2065 2419 2135 quod
2453 2066 2727 2123 Hebraicis
2752 2068 2963 2137 litteris,
2998 2086 3095 2126 nec
3136 2088 3241 2128 non
3282 2074 3485 2129 Latinis

1914 2154 2226 2223 Graecisque
2253 2156 2635 2225 conscriptum,
2667 2159 2815 2227 quasi
2842 2159 2894 2213 in
2940 2175 3034 2216 ore
3079 2161 3235 2217 trium
3267 2166 3481 2220 testium

1916 2244 2253 2310 ﬁrmaretur;
2286 2259 2347 2300 ac
2369 2246 2624 2316 deinceps
2652 2250 2818 2303 omnis
2844 2249 3020 2321 lingua
3041 2253 3343 2320 conﬁteatur
3362 2257 3484 2325 quia

1912 2332 2164 2389 Dominus
2192 2333 2343 2390 Jesus
2363 2336 2415 2388 in
2435 2337 2599 2407 gloria
2620 2348 2690 2391 est
2712 2338 2806 2392 Dei
2836 2339 3012 2396 Patris
3065 2342 3085 2415 (
3112 2342 3347 2413 Philipp.
3402 2360 3478 2411 ιι,

1913 2427 2025 2496 tl).
2062 2426 2112 2480 id
2144 2427 2297 2481 estin
2324 2441 2422 2481 una
2469 2442 2589 2481 cum
2632 2427 2813 2483 Patre.
2847 2430 2997 2497 Quod
3045 2434 3333 2502 quamlibet
3380 2435 3483 2488 ali-

1910 2531 2139 2587 quorum
2173 2516 2397 2571 intentio
2428 2532 2624 2586 negare
2654 2520 2926 2587 persistat,
2957 2531 3010 2575 et
3036 2524 3079 2576 si
3112 2540 3216 2579 non
3241 2525 3479 2580 omnium

1912 2619 2112 2673 sermo,
2136 2614 2282 2661 certe
2303 2609 2477 2663 omnis
2508 2608 2681 2677 lingua
2712 2609 3023 2678 proclamat.

2672 2700 2735 2757 V.

2290 2788 2395 2860 (Ex
2426 2789 2578 2844 libris
2608 2789 2805 2846 Contra
2831 2792 3103 2865 Arianos.)

1984 2874 2102 2929 Dixi
2124 2890 2245 2930 cum
2273 2877 2427 2932 Patre
2444 2880 2575 2935 Filio
2595 2882 2852 2949 aqualem
2869 2883 3090 2953 gloriam
3117 2885 3479 2959 honoremque

1910 2981 2010 3023 nos
2038 2968 2217 3024 dicere
2242 2985 2255 3023 :
2286 2970 2408 3038 quia
2434 2970 2676 3040 legimus,
2697 2970 2763 3027 Ut
2785 2978 2945 3028 onmis
2978 2977 3152 3047 lingua
3180 2980 3479 3045 conﬁteatur

1908 3059 2046 3129 quod
2073 3059 2317 3117 Dominus
2345 3060 2495 3118 Iesus
2525 3062 2756 3119 Christus
2776 3068 2829 3119 in
2860 3067 3024 3137 gloria
3063 3079 3132 3122 est
3165 3069 3258 3124 Dei
3302 3070 3478 3127 Patris

1834 3142 1880 3206 C
1911 3152 2122 3224 (Ibid.).
2152 3155 2206 3211 Si
2239 3157 2606 3212 tantummodo
2624 3157 2847 3213 dixisset
2875 3159 2926 3213 in
2957 3159 3072 3225 Dei,
3104 3160 3238 3216 forte
3266 3172 3478 3231 putare-

1912 3256 2018 3316 tur,
2050 3257 2167 3305 esto
2196 3251 2248 3304 in
2290 3249 2408 3316 Dei,
2445 3258 2591 3305 certe
2638 3250 2886 3317 minoris;
2921 3260 2976 3306 at
3022 3269 3141 3307 cum
3202 3254 3252 3308 in
3306 3255 3477 3311 Patris

1907 3341 2096 3409 gloria,
2128 3341 2252 3410 quid
2282 3341 2576 3411 inaequale?
2604 3343 2729 3413 quid
2750 3343 3030 3412 exiguum?
3058 3344 3184 3414 quid
3208 3344 3475 3401 divisum?

1908 3433 2022 3487 Non
2051 3434 2196 3487 enim
2228 3434 2281 3488 in
2311 3435 2549 3503 angelica
2576 3435 2658 3489 vel
2688 3434 2937 3504 humana,
2962 3437 3053 3492 sed
3093 3438 3143 3492 in
3179 3438 3347 3508 gloria
3392 3449 3474 3495 est

1909 3523 2001 3578 Dei
2028 3523 2221 3580 Patris.
2246 3525 2393 3581 Alias
2421 3535 2622 3593 autem,
2650 3526 2753 3582 nisi
2780 3528 2998 3598 aequalis
3029 3529 3196 3598 gloria
3225 3531 3323 3585 ista
3355 3545 3474 3586 ere-

1908 3614 2084 3679 datur,
2116 3625 2301 3669 contra
2325 3616 2488 3684 ipsius
2513 3616 2724 3671 Domini
2745 3618 3036 3686 jussionem
3063 3620 3241 3693 (Joan.
3270 3638 3321 3692 v,
3352 3605 3469 3692 23'),

1909 3718 2013 3758 non
2042 3719 2229 3759 omnes
2259 3706 2338 3760 sic
2370 3704 2797 3763 honorificabunt
2822 3709 3036 3777 Filium,
3085 3713 3222 3767 sicut
3259 3713 3473 3770 honori-

1906 3792 2063 3848 ﬁcam
2090 3794 2321 3850 Patrem.
2345 3794 2499 3851 Nulla
2526 3798 2669 3853 enim
2700 3799 2907 3856 ratione
2933 3802 3011 3855 sic
3042 3801 3291 3858 honorari
3320 3816 3472 3874 pote-

1906 3884 1975 3938 rit
2010 3884 2179 3953 major
2210 3893 2265 3939 ut
2294 3886 2490 3942 minor.
2515 3887 2621 3943 Sed
2653 3890 2955 3959 quicunque
2978 3907 3083 3946 non
3111 3893 3189 3947 sic
3220 3894 3473 3948 honoriﬁ-

1905 3978 2107 4031 caverit
2135 3975 2325 4031 Filium
2365 3979 2500 4033 sicut
2552 3979 2867 4036 honorificat
2903 3981 3112 4037 Patrem
3146 4021 3161 4049 ,
3217 3984 3479 4056 quidquid

1903 4067 2086 4136 gloria:
2117 4066 2428 4138 dempserit,
2452 4071 2789 4127 contumeliae
2818 4072 3115 4141 deputavit.

2647 4182 2731 4238 VI.

1905 4269 2007 4339 (Ex
2031 4283 2278 4325 sermone
2306 4269 2360 4326 in
2396 4270 2732 4395 dedicatlionle
2753 4269 2992 4413 et):clesiae
3020 4274 3327 4346 archangeli
3372 4276 3469 4332 Mi~

2561 4356 2590 4396 c
2613 4356 2694 4396 tae
2719 4357 2781 4397 is.

2561 4356 2781 4397 cuaelts.

1981 4422 2086 4486 Iste
2124 4430 2192 4485 sit
2220 4430 2344 4496 ille,
2389 4444 2546 4500 quam
2573 4431 2765 4498 dulcis,
2798 4439 2902 4486 tam
2936 4433 3191 4488 terribilis
3220 4434 3386 4501 locus,
3419 4437 3472 4496 in

1832 4497 1887 4558 Π
1909 4535 2015 4591 quo
2042 4520 2203 4576 Jacob
2231 4519 2386 4590 (Gen.
2406 4497 2598 4590 xxvtlt,
2628 4521 2721 4593 17)
2747 4497 2970 4579 cernens
3012 4524 3287 4579 Dominum
3318 4497 3474 4585 scalis

1910 4614 2185 4679 innixum,
2233 4629 2432 4683 perque
2477 4629 2569 4669 eas
2597 4616 2948 4671 ascendentes
2987 4616 3476 4687 descendentesque

1908 4705 2125 4774 angelos
2170 4705 2393 4771 videns,
2441 4704 2661 4760 domum
2709 4706 3006 4761 Divinitatis
3061 4710 3350 4778 intelligit:
3389 4713 3476 4767 ubi

1908 4807 2095 4867 parato
2140 4798 2408 4868 mysteriis
2460 4798 2633 4867 lapide
2677 4808 2833 4869 caput
2881 4800 3130 4865 effultus,
3179 4801 3478 4860 latinorum

1906 4890 2082 4944 c..usis
2110 4889 2309 4958 aptavit
2353 4896 2680 4958 unguentum
2708 4906 2720 4942 :
2745 4891 2858 4943 sive
2886 4905 3004 4943 cum
3038 4893 3239 4959 passuri
3271 4893 3478 4950 Media-

1911 4981 2042 5035 toris
2072 4978 2359 5049 pendulum
2384 4980 2585 5034 crinem
2607 5022 2622 5047 ,
2653 4978 2955 5048 justiﬁcatze
2985 4983 3295 5049 peccatricis
3324 4984 3480 5040 obsec

1914 5070 2042 5140 quia
2068 5110 2083 5136 ,
2127 5070 2412 5140 fragrantis
2455 5070 2707 5126 alabastri
2749 5070 2889 5125 unda
2937 5072 3167 5140 perfudit
3194 5090 3208 5128 :
3238 5083 3298 5129 ut
3340 5075 3480 5144 quod

1910 5161 2175 5232 lapidibus
2200 5160 2336 5217 vivis
2365 5161 2418 5216 in
2461 5161 2791 5231 spiritualem
2834 5160 3088 5217 fabricam
3126 5175 3480 5233 congruenter

1911 5254 2270 5309 necessarium
2293 5254 2583 5319 ﬂueret,ex
2611 5254 2811 5323 irriguo
2834 5253 3102 5324 angularis
3127 5256 3317 5327 lapidis
3338 5257 3480 5313 l‘onte

1912 5351 2154 5397 manaret
2179 5382 2195 5408 ,
2241 5343 2424 5414 sicque
2448 5342 2678 5398 Abrahm
2703 5342 2795 5397 lilii
2832 5358 2929 5413 per
2956 5344 3219 5400 lavacrum
3249 5361 3318 5400 ex
3348 5346 3482 5415 lapi-

1911 5433 2069 5488 dibus
2098 5433 2360 5500 suscitati,
2392 5442 2449 5487 ut
2473 5433 2775 5488 ariditatein
2811 5435 3041 5503 contagii
3072 5436 3328 5490 naturalis
3356 5450 3481 5490 eva-

1912 5521 2062 5588 dant,
2091 5521 2344 5576 odorileri
2371 5521 2676 5577 chrismatis
2702 5537 2922 5578 munere
2955 5525 3124 5593 gratia
3168 5524 3487 5579 fecundante

1912 5613 2337 5681 pinguescerent.
2388 5611 2533 5667 Istud
2574 5611 2740 5669 Jacob
2788 5614 2993 5683 sopitus
3020 5613 3152 5668 vidit
3180 5615 3231 5667 in
3262 5614 3480 5684 spiritu,

1914 5701 2317 5775 expergefactus
2344 5703 2507 5775 gessit
2535 5703 2590 5763 in
2618 5704 2793 5776 signo.
2822 5705 2956 5762 Cum
2980 5703 3133 5761 nobis
3162 5704 3285 5762 inde
3314 5704 3486 5762 oratio
