4024 6172
540 377 643 433 515

537 578 794 647 inuigilat.
830 575 1000 629 Scala:
1032 587 1158 627 vero
1190 584 1320 636 quas
1350 570 1503 636 vidit,
1536 569 1731 639 gradus
1760 577 1883 622 sunt
1916 566 2121 636 suppli-

538 665 762 720 cationis
812 665 1097 728 humanze,
1149 661 1340 731 quibus
1384 661 1614 729 quisque
1666 674 1761 728 pro
1812 657 2021 711 viribus
2068 656 2123 709 in

540 761 743 815 divinas
782 772 937 811 aures
968 771 1182 825 precum
1217 755 1471 824 qualitate
1515 754 1777 807 mittatur.
1812 750 2125 804 Aseendunt

541 864 714 906 autem
763 865 858 919 per
907 866 997 903 eas
1042 850 1243 917 angeli,
1288 862 1409 901 cum
1462 854 1582 900 vota
1632 852 1812 898 nostra
1845 844 1894 895 in
1926 844 2121 897 cmlum

542 946 816 1013 porrigunt
842 959 853 994 :
879 942 1245 1005 descendunt,
1276 954 1395 994 cum
1429 939 1494 992 de
1524 937 1677 993 cmlis
1705 936 1921 991 obtenta
1954 943 2126 988 trans-

541 1040 775 1092 mittunt.
812 1035 1079 1089 Assistunt
1105 1033 1156 1085 hi
1182 1032 1429 1101 precibus
1452 1030 1671 1093 nostris,
1698 1043 1802 1081 non
1832 1039 2125 1095 pennarum

543 1130 691 1195 ﬂatu,
725 1125 815 1179 sed
844 1125 1105 1179 donorum
1137 1124 1345 1192 spiritu,
1390 1134 1612 1188 quorum
1646 1118 1856 1172 volasse
1896 1115 2127 1169 voluisse

544 1230 645 1275 est.
680 1220 925 1285 Interque
954 1218 1049 1271 hos
1076 1216 1176 1271 sibi
1202 1215 1431 1270 vindicat
1454 1213 1677 1268 Michael
1710 1213 1955 1281 princeps
1984 1210 2129 1277 prin-

544 1312 717 1379 cipem
754 1311 949 1374 locum,
990 1324 1145 1378 quem
1179 1307 1362 1361 Daniel
1406 1306 1482 1375 (κ,
1516 1304 1603 1373 13)
1651 1304 1739 1357 ille
1778 1301 2019 1355 sublimis
2050 1298 2128 1353 vir

546 1400 958 1461 desideriorum,
993 1397 1258 1453 visionum
1308 1403 1524 1465 potens,
1556 1394 1848 1448 dissolutor
1872 1392 2128 1458 aenigma-

548 1501 681 1557 tum,
713 1489 988 1558 expositor
1019 1488 1331 1557 ﬁgurarum,
1381 1485 1733 1541 hebdomade:
1766 1485 1989 1553 triplicis
2016 1484 2128 1537 fer-

548 1589 707 1635 vente
750 1580 955 1649 jejunio
977 1620 991 1643 ,
1024 1594 1210 1646 parum
1242 1577 1343 1632 fuit
1373 1588 1428 1631 ut
1459 1577 1683 1631 haberet
1711 1575 1997 1640 visibilem,
2028 1574 2128 1627 nisi

549 1672 817 1739 acciperet
864 1670 1184 1737 adjutorem.
1240 1668 1499 1735 Quocirca
1559 1666 1717 1721 etiam
1772 1666 1856 1719 hic
1904 1663 2129 1718 Michael

552 1771 758 1829 noster,
810 1762 1118 1815 sinceritate
1147 1760 1292 1824 voti,
1317 1758 1649 1827 joeunditate
1679 1758 1777 1810 loci
1802 1798 1815 1822 ,
1846 1756 2129 1809 devotione

1810 362 1865 418 S.
1909 360 2092 419 AVITI
2134 356 2533 419 VIENNENSIS

536 485 895 542 consecrantis
920 482 1187 545 inclamat,
1215 479 1366 534 nobis
1398 478 1471 533 ibi
1503 476 1770 532 somnium
1798 474 2113 530 dormientis
2146 472 2204 534 Α

3709 367 3806 422 316

2469 477 2557 531 AD
2597 477 3285 535 TllESSALONICENSES
3324 479 3577 534 PRIMAE.

2301 568 2350 622 1.
2399 568 2650 633 Quoniam
2698 570 2806 639 ipse
2851 568 3097 623 Dominus
3139 573 3190 623 in
3219 574 3364 640 jussu
3404 582 3448 625 et
3487 573 3541 624 in
3580 588 3696 626 ecce
3731 589 3810 623 er-

2230 660 2487 728 changeli,
2514 670 2556 711 ιι
2588 660 2639 713 in
2668 660 2788 714 tuba
2815 660 2929 725 Dei,
2963 670 3065 715 etc.

2302 751 2386 804 ll.
2422 752 2694 820 Rapiemur
2721 753 2772 805 in
2801 753 3011 805 nubibus
3039 752 3231 807 obviam
3262 752 3461 809 Christo
3490 754 3541 807 in
3567 770 3708 808 aera.

2301 840 2417 893 111.
2462 840 2591 895 Item
2629 842 2692 894 de
2721 843 2914 896 eodem.

2449 1024 2561 1092 (Ex
2595 1039 2845 1078 sermone
2872 1024 2938 1077 de
2968 1024 3298 1079 Ascensione
3328 1026 3560 1081 Domini.
3586 1024 3608 1095 )

2302 1116 2409 1169 Vas
2438 1115 2718 1169 electionis
2748 1116 2985 1185 gentium
3024 1115 3231 1180 doctor,
3258 1116 3308 1170 in
3341 1132 3445 1185 quo
3476 1118 3651 1172 adhuc
3683 1133 3820 1173 mor-

2236 1207 2324 1261 tali
2372 1207 2587 1261 homine
2636 1208 2907 1276 angelicus
2952 1222 3131 1263 sermo
3160 1208 3392 1276 vivebat,
3426 1223 3547 1263 cum
3581 1224 3815 1264 resurre-

2234 1300 2466 1355 ctionem
2520 1307 2853 1353 mortuorum
2908 1314 3014 1353 non
3062 1307 3273 1353 mortuo
3320 1314 3569 1357 sermone
3620 1300 3816 1354 descri-

2234 1392 2406 1455 beret,
2444 1391 2834 1461 Dominumqne
2882 1400 3123 1445 nostrum
3168 1392 3222 1444 in
3256 1393 3449 1461 jussu,
3500 1391 3551 1444 id
3591 1401 3675 1445 est
3704 1408 3816 1448 cum

2233 1485 2481 1553 imperio,
2512 1486 2632 1538 etin
2664 1500 2782 1538 voce
2808 1484 3104 1553 archangeli
3132 1485 3334 1549 adfore,
3355 1486 3504 1554 quasi
3536 1499 3658 1539 cum
3690 1501 3821 1555 ντες

2234 1577 2384 1629 conis
2416 1583 2673 1629 terrorem
2703 1583 3045 1641 monstraret,
3082 1586 3191 1629 tum
3224 1575 3429 1639 deinde,
3458 1576 3647 1643 inquit,
3674 1578 3821 1630 etiam

2234 1684 2325 1721 nos
2354 1669 2617 1735 rapiemur
2649 1669 2700 1720 in
2724 1667 2878 1721 nubes
2899 1668 3095 1721 obviam
3120 1666 3323 1721 Christo
3348 1667 3402 1720 in
3422 1684 3541 1720 aet‘a
3565 1667 3617 1739 (Ι
3645 1666 3821 1721 Thess.

2236 1775 2308 1825 tv,
2358 1760 2469 1828 15).
2526 1759 2675 1813 Tunc
2717 1758 2819 1813 erit
2869 1759 3123 1828 possibile
3169 1758 3309 1827 quod
3364 1758 3521 1812 modo
3576 1758 3820 1812 arduum.

550 1856 729 1926 populi
757 1897 770 1921 ,
802 1862 1119 1923 provocatus
1149 1851 1323 1905 adstat
1354 1892 1366 1915 ,
1399 1849 1727 1905 conferendo
1755 1863 1942 1917 magna
1968 1888 1982 1913 ,
2016 1863 2131 1900 ma-
2164 1845 2212 1905 Β
2242 1852 2391 1917 Quod
2436 1866 2578 1904 nunc
2628 1850 2679 1904 in
2729 1849 2943 1904 Christo
2995 1850 3195 1905 veritas
3237 1849 3562 1914 divinitatis,
3606 1859 3736 1903 tunc
3773 1850 3823 1903 in

553 1951 694 2004 xima
739 1946 1051 2013 obtinendo,
1082 1953 1430 2013 conspectum
1460 1942 1760 1997 Divinitatis
1788 1956 1893 2009 quo
1922 1956 2136 2009 semper

550 2041 869 2102 illustratur,
905 2038 1008 2091 huc
1037 2036 1288 2090 attrahat.
1321 2035 1398 2089 Ad
1430 2050 1608 2104 quem,
1634 2033 1760 2102 quia
1788 2032 1968 2086 multis
1992 2032 2138 2085 Seri-

551 2143 828 2202 pturarum
878 2130 1009 2183 loc's
1060 2129 1391 2199 agnovimus,
1442 2124 1863 2180 subvehentibus
1909 2121 2133 2191 angelis,

553 2224 665 2278 sive
710 2222 850 2291 quod
903 2221 1045 2289 pium
1078 2220 1337 2289 poscitur,
1372 2218 1483 2272 sive
1512 2217 1655 2287 quod
1700 2224 1903 2270 rectum
1935 2214 2139 2283 geritur

554 2317 859 2387 pervenire,
889 2314 1294 2383 acceptabilium
1326 2327 1549 2381 operum
1593 2310 1995 2377 salubriumque
2038 2322 2137 2361 vo-

556 2417 727 2462 torum
762 2406 1144 2476 prospieiamus
1172 2405 1222 2458 in
1254 2404 1431 2458 studio
1458 2402 1863 2468 beatitudinem,
1897 2400 1983 2470 qui
2016 2414 2139 2470 pro-

557 2500 783 2555 vidimus
815 2501 863 2553 in
894 2496 1213 2567 archangelo
1246 2496 1577 2565 portitorem.

1045 2630 1136 2683 AD
1176 2628 1662 2685 COLOSSENSES.

663 2748 704 2801 Ι.
748 2746 847 2813 Qui
873 2755 943 2800 est
976 2747 1281 2816 principium
1313 2747 1677 2817 primogenitus
1708 2763 1769 2801 ea:
1800 2748 2033 2801 mortuis.

1334 2859 1376 2914 1.

846 2947 953 3018 (Ex
983 2962 1232 3002 sermone
1259 2948 1345 3003 die
1376 2949 1547 3017 primo
1576 2950 1813 3004 Pamhae.
1838 2949 1855 3019 )

639 3060 724 3113 Fit
745 3058 987 3115 Christus
1019 3060 1068 3114 in
1096 3059 1349 3115 hodierna
1381 3059 1668 3115 festivitate
1690 3078 1795 3115 non
1824 3061 2147 3132 unigenitus,

561 3152 654 3207 sed
682 3194 696 3217 ,
728 3153 861 3206 sicut
893 3152 1181 3222 Apostolus
1226 3153 1355 3208 dicit
1381 3195 1395 3217 ,
1428 3154 1795 3224 prinwgenitus
1826 3170 1888 3208 ea:
1936 3155 2147 3209 mortuis

563 3245 804 3316 (Coloss.
838 3262 875 3311 ι,
913 3246 978 3299 18
1002 3244 1040 3315 ).
1074 3244 1239 3299 Video
1269 3253 1444 3299 tamen
1484 3259 1641 3314 posse
1668 3245 1873 3314 aliquos
1914 3244 2000 3301 hic
2031 3262 2146 3299 mo-

562 3335 675 3391 veri
723 3334 1106 3413 curgChrislus
1152 3336 1539 3405 primogenitus
1582 3350 1647 3389 ex
1697 3337 1921 3391 mortuis
1975 3339 2148 3393 nomi-

564 3437 740 3489 netur,
791 3442 910 3481 cum
961 3426 1155 3480 factum
1209 3427 1306 3493 sit,
1354 3427 1490 3481 sicut
1528 3428 1837 3497 plerumque
1869 3445 1965 3482 nos
1996 3445 2147 3485 sacer

566 3520 863 3575 caelestium
914 3520 1200 3573 lectionum
1250 3534 1439 3573 cursus
1489 3520 1777 3585 instruxit,
1836 3530 1894 3575 ut
1941 3523 2148 3591 al‘quns

565 3620 897 3665 mortuorum
926 3650 940 3676 ,
990 3612 1148 3663 et'am
1194 3619 1498 3664 sanctorum
1543 3611 1925 3665 intercessione
1954 3614 2148 3668 redivi-

566 3715 683 3765 Vos,
718 3702 906 3754 laxatis
934 3713 1139 3755 natura:
1166 3701 1389 3755 vinculis
1408 3743 1421 3766 ,
1451 3702 1539 3756 lux
1572 3703 1806 3756 secunda
1832 3704 2145 3772 susciperet.

567 3791 717 3858 Quod
768 3791 1156 3847 admirabiliter
1224 3807 1433 3861 quoque
1483 3809 1545 3849 ae
1594 3793 1982 3863 triumphaliter
2036 3797 2149 3865 ipse

568 3884 825 3938 Dominus
856 3884 1051 3938 t'eCerat
1083 3884 1294 3955 (Matth.
1329 3901 1400 3953 nt,
1430 3885 1527 3950 24;
1571 3886 1693 3940 Luc.
1726 3903 1819 3956 vn,
1854 3888 1950 3950 ἱεὶς
1991 3886 2146 3943 Joan.

568 3991 645 4039 ιι,
676 3974 810 4045 45),
858 3990 978 4029 cum
1028 3976 1309 4044 prohibitis
1356 3978 1499 4044 prius
1530 3976 1737 4031 duobus
1781 3977 2055 4046 spiritibus
2084 3977 2149 4032 de

569 4066 799 4128 inferno,
832 4066 1145 4133 corporibus
1172 4066 1238 4121 de
1268 4066 1537 4134 sepulcro,
1569 4066 1825 4121 Lazarum
1859 4066 2149 4121 novissime

568 4158 832 4212 suscitans
859 4197 873 4220 ,
909 4156 1152 4224 jussione
1184 4158 1359 4223 tertia,
1391 4157 1478 4212 die
1504 4166 1709 4227 quarta,
1742 4175 1847 4212 non
1879 4160 1943 4213 de
1973 4159 2146 4225 fauce,

565 4247 661 4303 sed
691 4246 1085 4311 quodammodo
1114 4246 1179 4301 de
1212 4258 1400 4301 ventre
1443 4248 1660 4313 mortis,
1700 4249 1905 4304 vinctas
1936 4249 2147 4317 funere,

570 4335 852 4399 putredine
921 4337 1221 4399 relaxatus.
1276 4338 1502 4413 l‘eteqtes
1568 4349 1843 4407 tempore,
1907 4341 2151 4409 jussione

567 4428 809 4482 viventes
854 4433 1074 4482 retraxit
1105 4432 1406 4499 exsequias.
1442 4431 1545 4486 Sed
1578 4434 1879 4503 quicunque
1911 4436 1989 4489 sie
2017 4446 2151 4490 tem-

571 4519 823 4588 poraliter
871 4530 1320 4584 resurrexerunt,
1372 4531 1428 4575 ut
1485 4521 1740 4591 deinceps
1787 4535 2146 4589 morerentur,

570 4610 667 4665 hos
710 4622 1040 4665 mortuorum
1093 4612 1352 4679 pr?mitias
1379 4655 1395 4679 ,
1447 4614 1496 4667 id
1546 4622 1630 4669 est
1674 4616 2053 4687 primogenitos
2083 4633 2145 4671 ex
2178 4587 2229 4647 D

569 4700 815 4765 mortuis,
846 4701 986 4768 quod
1017 4700 1083 4754 de
1114 4702 1229 4754 solo
1258 4702 1471 4756 Christo
1502 4703 1698 4757 dictum
1729 4716 1847 4771 est,
1881 4706 2151 4774 appellare

570 4806 673 4845 non
707 4804 1010 4858 pessumus.
1044 4791 1315 4859 Siquidem
1347 4792 1437 4847 isti
1487 4794 1555 4848 de
1601 4805 1771 4849 morte
1812 4811 1931 4849 cum
1968 4798 2154 4852 mortis

570 4880 794 4933 vinculis
842 4889 1209 4945 revertentes,
1264 4896 1362 4935 nec
1402 4882 1503 4938 sub
1551 4883 1824 4949 remedio,
1856 4886 1948 4939 sed
1982 4886 2153 4939 adhuc

568 4972 669 5025 sub
699 4971 1059 5040 chirographo
1086 5014 1099 5037 ,
1139 4987 1241 5026 non
1272 4984 1391 5027 sunt
1424 4990 1450 5024 a
1485 4975 1795 5030 conditione
1826 4977 2016 5043 liberi,
2059 4979 2152 5033 sed

570 5076 665 5129 pro
714 5063 1111 5129 Opportunitate
1160 5063 1340 5116 laxati.
1375 5062 1609 5118 Christus
1657 5076 1834 5122 autem
1866 5085 2148 5139 resurgens,

570 5162 626 5206 ut
658 5152 940 5220 Apostolus
984 5154 1083 5219 ait,
1134 5155 1247 5223 jam
1291 5170 1391 5207 non
1438 5158 1670 5222 moritur,
1739 5176 1872 5211 mors
1923 5161 1967 5213 ei
2020 5162 2156 5213 ultra

571 5259 670 5295 non
724 5244 1073 5297 dominabitur
1124 5244 1143 5317 (
1170 5245 1318 5298 Rom.
1345 5262 1416 5309 vt,
1448 5246 1545 5317 9).
1589 5248 1727 5316 Ergo
1757 5250 2011 5303 hactenus
2043 5254 2153 5320 ipse

571 5336 717 5390 stilus
739 5346 840 5400 est,
867 5338 953 5403 qui
986 5355 1090 5393 non
1117 5342 1405 5396 moriturus
1436 5344 1832 5408 resurrexetit;
1868 5344 1969 5399 hoc
1994 5348 2152 5400 etiam

570 5430 681 5483 suis
729 5430 1063 5497 postmodum
1116 5432 1401 5502 largiturus
1427 5475 1440 5498 ,
1488 5450 1607 5489 cum
1655 5450 1747 5490 eos
1775 5451 1801 5488 a
1834 5446 2005 5491 morte
2037 5454 2155 5505 per-

571 5529 728 5588 petuo
759 5519 992 5575 victuros
1014 5524 1371 5578 resuscitabit.
1395 5525 1651 5591 Quocirca
1681 5526 1765 5579 illa
1786 5526 1894 5595 jam
1920 5528 2155 5583 secunda

573 5609 748 5662 lmtiti't
776 5612 874 5665 erit
896 5652 909 5676 ,
952 5626 1055 5682 qua
1084 5610 1269 5667 ﬁdeles
1300 5625 1599 5685 resurgent.
1628 5614 1891 5670 Cmterum
1923 5619 2155 5686 primum

569 5706 878 5773 resurgendi
927 5707 1173 5779 gaudium
1228 5706 1582 5779 primogenita
1629 5723 1693 5764 ex
1759 5713 1986 5769 mortuis
2031 5713 2151 5783 jure

571 5792 809 5849 debetur.

2242 1946 2395 1999 nobis
2446 1944 2645 2012 poterit
2692 1943 3004 1998 similitudo.
3058 1944 3211 1999 Tunc
3255 1945 3417 1998 etiam
3466 1944 3667 1998 nostris
3706 1958 3824 2001 aere

2241 2037 2462 2106 pedibus
2512 2035 2817 2102 subjugato,
2863 2036 3072 2089 levibus
3120 2035 3403 2093 elementis
3445 2035 3825 2090 defazcatorum

2240 2143 2525 2197 corpormn
2560 2126 2795 2181 membra
2830 2141 3094 2195 ponemus
3130 2144 3145 2181 :
3177 2127 3221 2181 si
3250 2137 3426 2181 tamen
3458 2128 3713 2181 veniente
3742 2143 3826 2182 eo-

2240 2219 2362 2273 dem
2395 2232 2518 2287 rcge
2562 2228 2769 2281 nostro,
2820 2232 2923 2271 non
2976 2218 3027 2271 in
3082 2218 3413 2287 prteteritum
3464 2218 3646 2272 timida
3681 2218 3827 2272 dim:-

2242 2309 2393 2365 renlli
2445 2295 2766 2361 conscieiitia
2818 2310 3095 2376 retrahat,
3148 2310 3243 2364 sed
3295 2309 3399 2362 [ida
3451 2310 3721 2364 securitas
3769 2312 3829 2363 ad

2244 2406 2646 2474 percipiendam
2677 2408 2834 2463 citius
2878 2408 3192 2479 dignitatem
3242 2407 3428 2478 glorias
3479 2407 3719 2463 caelestis
3747 2422 3835 2462 oc.

2248 2511 2445 2556 currat.

3005 2598 3071 2651 ll.

2463 2686 2578 2754 (Ex
2607 2701 2859 2742 sermone
2887 2688 2974 2742 die
3002 2688 3175 2758 primo
3206 2688 3625 2758 Rogationum.)

2327 2775 2632 2840 Prmparare
2663 2778 2713 2829 in
2759 2794 3027 2831 occursum
3076 2778 3170 2833 Dei
3214 2780 3312 2841 tui,
3338 2776 3502 2832 Israel
3531 2779 3731 2847 (Amos.
3763 2793 3833 2846 tv,

2252 2868 2319 2921 12
2344 2867 2383 2937 ).
2418 2869 2553 2922 Dicit
2584 2869 2799 2937 quidem
2830 2870 3029 2923 Paulus
3056 2874 3351 2940 apostolus,
3386 2871 3473 2925 ubi
3513 2871 3834 2940 Redempto~

2251 2957 2325 3010 ris
2370 2957 2440 3024 (Ι
2477 2959 2647 3013 Thess.
2681 2958 2892 3029 tv,15)
2940 2960 3200 3016 describit
3245 2962 3561 3026 adventum,
3611 2963 3843 3031 qualiter

2252 3050 2521 3115 rapiemur
2566 3051 2630 3105 ad
2683 3052 2851 3107 nubes
2878 3053 3089 3108 obviam
3123 3054 3336 3109 Christo
3369 3056 3418 3108 in
3458 3069 3603 3108 aera.
3638 3054 3739 3109 Hic
3766 3063 3837 3109 ta.

2253 3154 2374 3193 men
2407 3150 2533 3208 puto
2574 3156 2857 3196 occursum
2892 3143 3049 3197 istum
3081 3145 3147 3198 ad
3175 3146 3340 3199 alium
3385 3146 3683 3215 pertinere.
3711 3146 3837 3201 Nam
3864 3146 3873 3153 ’

2252 3242 2303 3285 et
2334 3231 2419 3286 hic
2450 3234 2690 3288 viventes
2717 3236 2865 3303 quasi
2899 3236 3234 3290 occurrimus
3263 3237 3467 3303 Deo,-si
3503 3246 3836 3307 praeceptum

2250 3324 2390 3390 quod
2439 3324 2731 3391 porrigitur
2774 3325 3149 3394 amplectimur
3193 3345 3203 3380 :
3249 3337 3300 3382 et
3351 3328 3471 3396 quia
3518 3338 3736 3396 paratus
3765 3336 3839 3386 est

2250 3414 2336 3468 ille
2367 3415 2432 3468 ad
2464 3414 2851 3483 ignoscendum
2882 3458 2897 3483 ,
2928 3428 3176 3473 occurrat
3203 3420 3250 3473 ei
3282 3421 3547 3474 correctio
3574 3421 3642 3474 ad
3676 3421 3839 3489 poznb

2252 3506 2489 3559 tendum.
2523 3508 2629 3561 Sed
2666 3517 2721 3562 et
2768 3510 3072 3578 quicunque
3107 3522 3324 3579 propter
3353 3527 3592 3566 amorem
3625 3523 3841 3567 {eterna}

2256 3596 2379 3650 vitae
2405 3637 2418 3661 ,
2473 3613 2576 3652 non
2610 3599 2781 3653 solum
2814 3600 2881 3653 ab
2930 3602 3129 3656 illicitis
3174 3602 3429 3667 abstinet,
3464 3618 3651 3656 verum
3685 3604 3840 3657 etiam

2251 3702 2277 3740 a
2310 3688 2466 3742 licitis
2492 3704 2550 3743 se
2578 3698 2808 3757 eeercet,
2835 3701 3028 3759 sponte
3062 3695 3362 3747 occurrisse
3388 3693 3714 3761 judicandus
3744 3703 3841 3748 est.

2249 3777 2408 3840 Nam,
2440 3788 2495 3833 ut
2524 3782 2752 3850 exempli
2786 3785 2952 3850 gratia
2985 3799 3150 3838 unum
3180 3784 3534 3853 quodcunque
3579 3785 3841 3847 dieanms,

2252 3872 2514 3928 adulterio
2553 3876 2874 3944 generaliter
2906 3876 3191 3931 interdicto
3214 3918 3228 3941 ,
3262 3877 3489 3945 simplex
3532 3878 3842 3945 eonjugium

2251 3963 2369 4031 lege
2415 3967 2773 4033 permittitur;
2815 3967 2899 4021 cui
2953 3975 3131 4022 tamen
3164 3967 3485 4035 virginitatis
3533 3968 3683 4021 nitor
3735 3969 3845 4022 sine

2253 4057 2656 4122 comparatione
2702 4058 2984 4127 praefertur
3010 4076 3023 4112 :
3052 4058 3194 4113 unde
3224 4058 3312 4126 qui
3359 4058 3449 4111 dat
3480 4067 3707 4126 nuptum
3738 4061 3847 4112 vir-

2252 4144 2428 4211 ginem
2460 4161 2609 4199 suam
2642 4147 2777 4202 bene
2809 4148 2935 4202 facit
2961 4190 2974 4211 ,
3009 4157 3063 4203 et
3107 4148 3194 4216 qui
3228 4164 3333 4202 non
3379 4148 3465 4200 dat
3500 4148 3694 4200 melius
3729 4148 3849 4201 fcit

2253 4232 2325 4305 (Ι
2355 4232 2474 4287 Cor.
2501 4250 2591 4300 vn,
2627 4235 2759 4306 58).
2790 4236 2902 4292 Hoc
2931 4253 3058 4308 ergo
3101 4238 3168 4292 de
3199 4238 3341 4291 omni
3372 4238 3630 4292 debemus
3661 4239 3851 4291 obser-

2254 4325 2465 4380 vatione
2492 4326 2709 4381 sentire.
2744 4328 2844 4393 Qui
2872 4330 3009 4383 male
3040 4330 3191 4395 facit,
3218 4328 3383 4399 fugit;
3429 4329 3515 4397 qui
3546 4329 3706 4395 bene,
3745 4344 3840 4381 cx-

2254 4426 2487 4486 speetat;
2530 4420 2616 4488 qui
2648 4421 2857 4491 melius,
2889 4423 3148 4477 occurrit.

3006 4512 3096 4567 III.

2634 4603 2751 4673 (Ex
2784 4604 2937 4659 libris
2966 4614 3151 4658 contra
3185 4604 3465 4674 Arianos.)

2329 4691 2740 4765 intelligendum
2770 4705 2874 4763 est,
2912 4696 3055 4767 quod
3083 4696 3297 4751 dicente
3325 4698 3451 4763 tilio,
3485 4698 3651 4752 Nemo
3678 4717 3853 4753 ascen-

2259 4793 2342 4845 dct
2364 4792 2415 4844 in
2438 4790 2642 4853 cwlum,
2668 4789 2765 4842 nisi
2788 4790 2875 4857 qui
2905 4789 2967 4841 de
2988 4790 3111 4843 cazlo
3134 4789 3388 4842 descendit
3417 4788 3597 4860 (Joan.
3625 4808 3708 4855 nt,
3742 4795 3853 4857 t3),

2258 4883 2550 4937 divinitatis
2604 4890 2808 4935 tantum
2856 4889 3092 4949 potestas
3125 4881 3265 4935 unde
3296 4892 3513 4935 venerat
3562 4898 3856 4937 ascensura

2258 4978 2489 5039 dicatur,
2536 4989 2640 5029 non
2674 4988 2739 5029 eo
2768 4974 2929 5029 modo
2974 4988 3078 5042 quo
3107 4988 3386 5027 ascensum
3420 4975 3620 5029 sanctis
3646 4976 3733 5029 vel
3770 4976 3859 5028 tri-

2270 5070 2383 5124 bnit
2430 5069 2571 5123 idem
2606 5068 2882 5133 Dominus,
2914 5068 2996 5121 vel
3027 5067 3292 5135 promisit.
3327 5067 3401 5119 Ex
3433 5066 3625 5135 quibus
3668 5068 3859 5122 Enoch

2270 5165 2286 5228 (
2315 5160 2473 5235 Ilebr.
2512 5176 2584 5224 XI,
2619 5160 2651 5213 5
2678 5160 2695 5228 )
2726 5174 2841 5227 pro;
2864 5166 2944 5213 ter
2980 5158 3227 5211 meritum
3274 5157 3559 5211 translatus
3591 5173 3619 5209 a
3650 5161 3818 5212 terris
3842 5202 3856 5223 ,

2262 5252 2447 5305 Helias
2483 5250 2586 5322 (IV
2615 5251 2743 5320 Reg.
2772 5266 2830 5317 tt,
2862 5249 2949 5320 it)
2982 5265 3142 5304 curru
3170 5250 3341 5303 elatus
3367 5259 3448 5303 est
3475 5249 3649 5305 cmlis.
3682 5251 3860 5305 Taceo

2263 5344 2412 5397 illum
2446 5343 2533 5412 qui
2565 5343 2583 5412 (
2611 5341 2671 5394 Il
2706 5342 2822 5395 Cor.
2854 5358 2948 5408 ιιι,
2980 5343 3045 5407 2,
3088 5350 3191 5396 etc.
3218 5342 3235 5407 )
3270 5342 3320 5394 in
3344 5355 3573 5409 corpore
3605 5358 3671 5396 an
3707 5354 3859 5397 extra

2261 5447 2455 5502 corpus
2504 5432 2686 5486 nescio
2719 5433 2858 5487 Deus
2889 5433 2991 5486 scit
3018 5477 3032 5501 ,
3067 5433 3118 5486 in
3171 5432 3468 5500 triplicibus
3497 5447 3861 5499 supernorum

2263 5530 2486 5584 secretis
2532 5529 2731 5582 audivit
2764 5528 2929 5583 verba
2979 5542 3097 5597 qua:
3147 5543 3252 5581 non
3304 5527 3497 5591 licebat
3546 5528 3861 5583 hominibus

2261 5621 2463 5690 eloqui,
2506 5620 2627 5688 quia
2654 5619 2871 5673 videbat
2899 5633 3093 5673 arcana
3123 5634 3239 5687 qua:
3266 5632 3369 5671 non
3402 5618 3624 5671 licuerat
3649 5630 3863 5673 morta~

2258 5714 2395 5767 libus
2448 5713 2659 5766 intueri.
2693 5712 2796 5767 Sed
2846 5712 2985 5766 forte
3034 5726 3221 5779 parum
3254 5709 3465 5763 videtur
3511 5708 3578 5764 de
3620 5725 3862 5766 ascensu

2261 5804 2493 5860 tidclium
2525 5804 2823 5875 personalia
2858 5801 3128 5872 replicari.
3163 5801 3394 5858 Noverat
3426 5799 3674 5856 videlicet
3714 5804 3863 5870 Apo-
