4024 6172
182 394 278 448 517
1098 381 1456 442 VARIORUM
1497 377 2010 438 OPUSCULORUM
2049 383 2494 442 FRAGMENTA.

3365 393 3468 451 5l8

182 505 348 560 stolus
397 499 624 572 praemia
671 498 968 553 futurorum
994 536 1009 562 ,
1063 509 1182 549 cum
1229 494 1524 564 sponderet
1556 493 1661 547 illis
1703 491 1768 545 ad
1802 493 1850 550 A
1879 496 2063 552 ciliare
2093 498 2400 568 praevaleat.
2446 497 2616 569 longe
2662 513 2822 570 porro
2852 508 2908 556 ut
2935 503 3003 556 sit
3030 501 3118 573 (II
3145 503 3264 560 Cor.
3288 522 3340 574 v,
3379 509 3468 576 19)

181 611 312 668 quos
353 593 631 651 scribebat
664 589 922 661 (Philipp.
956 601 1036 657 ιιι,
1061 586 1176 656 20),
1223 587 1364 656 quod
1417 595 1565 641 recte
1592 585 1776 638 viven-

183 691 314 744 tium
346 685 693 742 conversatio
719 682 827 752 jam
873 695 1014 735 nunc
1044 689 1188 735 esset
1220 682 1270 734 in
1303 679 1460 735 cmlis
1486 720 1501 745 ,
1535 694 1639 746 quo
1668 677 1773 732 uti-

182 796 284 850 que
330 789 454 849 post
506 774 955 830 resurrectionem
1003 771 1244 840 corporis
1282 779 1335 826 et
1368 769 1626 823 habitatio
1656 783 1777 823 ser-

183 880 398 923 varetur
427 883 442 920 :
468 873 607 920 sicut
653 873 708 918 et
751 863 1007 916 Dominus
1036 871 1218 916 noster
1258 861 1533 930 discipulis
1567 861 1682 915 suis
1716 859 1769 914 in

182 960 479 1030 Evangelio
507 959 727 1014 Joannis
758 955 989 1010 insinuat
1014 953 1226 1008 dicens:
1248 954 1396 1008 Vada
1423 970 1606 1021 parare
1633 953 1770 1007 vobis

183 1057 371 1110 locant.
419 1051 485 1104 Et
512 1053 554 1103 si
580 1047 750 1101 abiero
774 1086 791 1111 ,
831 1055 876 1100 et
918 1060 1156 1115 parat-ero
1181 1045 1317 1098 vobis
1348 1047 1537 1109 locum,
1579 1045 1766 1097 iterum

183 1146 346 1205 uenio,
372 1152 420 1196 et
450 1156 650 1195 accerso
681 1153 766 1192 vos
799 1137 868 1190 ad
897 1152 996 1202 me,
1021 1145 1076 1187 ut
1107 1136 1192 1188 ubi
1223 1151 1313 1204 ego
1336 1151 1445 1188 sum
1471 1147 1516 1188 et
1551 1150 1634 1187 vos
1659 1134 1768 1186 sitis

184 1236 389 1309 (locu.
436 1250 544 1297 xtv,
576 1231 676 1303 Ξ).
720 1230 878 1284 Juxta
929 1243 1086 1299 quam
1140 1227 1551 1297 promissionem
1599 1226 1772 1281 sancti

183 1333 232 1387 in
264 1328 407 1384 cmlo
436 1326 599 1380 futuri
631 1331 778 1377 sunt.
805 1321 1050 1389 Nunquid
1082 1320 1198 1375 sine
1235 1333 1461 1372 ascensu
1497 1317 1774 1372 celsitudi-

183 1439 302 1479 nem
355 1421 509 1490 regni
550 1417 785 1473 ctelestis
827 1413 1136 1469 intrabunt?
1175 1413 1240 1466 Et
1281 1410 1553 1481 quomodo
1599 1410 1769 1464 Nemo

185 1516 419 1568 ascendet
451 1513 504 1564 in
533 1511 733 1573 caelum,
780 1507 879 1560 nisi
914 1506 1002 1574 qui
1045 1505 1107 1558 de
1143 1504 1267 1558 cmlo
1296 1501 1554 1556 descendit
1586 1501 1766 1572 (Joou.

185 1623 257 1673 ιιι,
294 1606 425 1675 1'5)?
458 1604 565 1660 Sed
593 1602 714 1672 quia
747 1597 1195 1654 incommutabilis
1226 1596 1444 1660 veritas,
1479 1603 1585 1648 tam
1617 1594 1686 1649 de
1714 1608 1773 1648 se

187 1699 291 1753 falli
339 1711 467 1751 cum
511 1699 863 1764 protestetur,
911 1705 1068 1760 quam
1119 1688 1186 1742 de
1236 1687 1392 1741 nobis
1440 1685 1624 1740 fallere
1664 1699 1770 1738 non

188 1798 358 1860 potest
405 1802 533 1842 cum
581 1785 896 1855 pollicetur;
937 1780 1232 1852 quamlibet
1281 1779 1387 1832 illic
1416 1793 1535 1832 cum
1570 1777 1660 1831 illo
1690 1775 1771 1829 fu—

189 1857 286 1940 turi
319 1884 430 1937 sint
459 1881 547 1951 qui
596 1879 795 1934 fuerint
834 1875 1189 1947 gloriﬁcandi,
1223 1873 1311 1929 ille
1339 1873 1485 1927 solus
1530 1870 1771 1925 ascendit
1805 1857 1852 1916 Β

189 1976 270 2046 qui
317 1973 489 2028 levari
536 1971 756 2026 alterius
785 1983 887 2038 ope
919 1983 1022 2022 non
1073 1966 1292 2034 indiget.
1324 1964 1420 2019 Cui
1456 1979 1576 2017 cum
1607 1962 1774 2016 voluit

189 2066 355 2122 solide
385 2065 696 2118 substratus
741 2071 823 2116 est
850 2061 990 2115 aeris
1022 2061 1236 2129 gradus.
1270 2057 1434 2124 Cujus
1479 2071 1584 2126 quo
1615 2069 1768 2110 vene-

190 2166 263 2212 rat
288 2155 646 2217 revertentis,
680 2151 746 2206 de
772 2165 1004 2220 superno
1033 2151 1214 2219 vigore
1242 2148 1504 2202 vibratum
1525 2187 1541 2213 ,
1571 2146 1638 2202 de
1669 2158 1775 2202 ter-

191 2249 342 2306 restri
388 2246 694 2302 substantia
744 2245 1114 2314 corpulentum
1143 2283 1156 2306 ,
1208 2242 1308 2296 vite
1354 2241 1604 2295 famulata
1639 2256 1774 2310 pcn-

190 2340 330 2396 denti
376 2337 640 2393 sustinuit
689 2351 815 2390 aura
858 2333 1157 2404 vestigium.
1206 2332 1410 2386 Prteter
1463 2332 1605 2386 hunc
1646 2347 1773 2400 ergo

189 2432 382 2495 solum,
415 2429 526 2493 cui,
561 2437 620 2482 ut
648 2441 789 2496 sa'pe
811 2426 921 2495 jam
967 2425 1098 2491 dixi,
1132 2440 1227 2493 per
1256 2424 1520 2493 duplicem
1551 2439 1774 2493 genera-

190 2523 386 2576 tionem
439 2520 696 2588 suppetiit
728 2518 841 2572 hzec
873 2524 1112 2587 potestas
1136 2555 1152 2582 ,
1182 2515 1333 2570 multi
1363 2516 1414 2568 in
1443 2515 1580 2569 cmlo
1613 2513 1772 2569 futuri

191 2623 330 2679 sunt,
355 2613 458 2668 scd
483 2611 659 2666 nullus
679 2609 950 2665 ascendet.
975 2609 1107 2675 Quia
1135 2618 1192 2662 ut
1216 2607 1496 2676 impleatur
1525 2605 1773 2660 ﬁdelibus

190 2706 363 2761 divina
389 2705 700 2776 promissio,
725 2718 832 2756 non
855 2702 1178 2768 ascensuris,
1199 2701 1294 2756 sed
1315 2700 1654 2756 assumendis
1675 2699 1770 2753 da-

190 2796 330 2853 bitur
356 2795 608 2850 altitudo.
645 2794 796 2861 Quod
828 2792 1158 2862 praevidebat
1186 2791 1476 2861 Apostolus
1503 2788 1556 2858 (Ι
1589 2788 1764 2842 Thess.

190 2905 253 2959 tv,
291 2888 410 2959 15),
444 2903 565 2943 cum
595 2885 879 2942 soeiandos
911 2899 1008 2939 nos
1056 2884 1302 2949 Domino,
1353 2889 1408 2937 et
1433 2883 1570 2952 apud
1599 2882 1771 2952 ipsum

190 3001 403 3055 semper
437 2983 648 3037 futurus
671 3021 687 3048 ,
741 2995 835 3048 per
863 2978 1058 3032 nubem
1088 2975 1372 3046 rapiendos
1404 2976 1455 3029 in
1483 2990 1604 3028 aera
1636 2990 1773 3044 prae-

189 3083 462 3131 moneret.
496 3073 664 3126 Porro
692 3069 914 3138 intelligi
962 3078 1263 3137 promptum
1290 3074 1388 3130 est,
1419 3065 1559 3135 quod
1597 3064 1772 3118 alieno

191 3168 478 3222 subvectus
524 3162 748 3216 arbitrio
796 3175 901 3213 non
955 3158 1195 3227 graditur
1244 3157 1456 3227 propria
1506 3156 1768 3210 libertatis

1879 590 2022 645 Deus
2071 591 2124 644 in
2168 589 2382 647 Christo
2406 633 2421 657 ,
2454 600 2507 647 et
2533 599 2616 648 est
2657 594 2915 648 mundum
2949 599 3305 654 reconcilians
3341 600 3466 656 sibi.

1878 681 2000 751 Ipse
2047 681 2295 738 videlicet
2342 699 2505 748 penes
2554 700 2712 754 quem
2758 686 3021 753 agendum
3073 699 3188 754 est,
3218 693 3332 761 ipse
3377 693 3468 763 qui

1877 784 2001 844 agat
2040 793 2053 828 :
2095 776 2174 830 sic
2221 776 2360 831 idem
2409 780 2603 833 missus
2629 819 2644 844 ,
2697 790 2750 834 et
2802 780 2943 835 idem
2977 797 3289 852 regressus;
3330 787 3469 840 sicut

1879 866 1992 935 ipse
2018 866 2308 936 judicatus,
2342 878 2396 924 et
2427 869 2542 938 ipse
2574 870 2928 940 judicaturus.

2637 964 2702 1018 ll.

2091 1053 2192 1118 (Ex
2226 1069 2476 1109 sermone
2505 1055 2572 1109 de
2597 1055 2937 1111 ordinatione
2967 1057 3253 1129 episcopi.)

1951 1143 2211 1212 Superest
2238 1161 2410 1210 nunc,
2462 1154 2518 1200 ut
2548 1147 2794 1202 lectionis
2828 1149 2984 1215 hujus
3027 1164 3243 1218 semper
3272 1149 3464 1204 memi-

1878 1236 2036 1301 nerit,
2070 1252 2187 1305 quae
2218 1238 2560 1304 peculiariter
2591 1240 2636 1293 ei
2672 1254 2810 1294 nunc
2842 1240 2978 1294 lecta
3011 1250 3116 1307 est,
3146 1243 3466 1297 inclamante

1877 1330 2134 1397 Apostolo
2158 1369 2172 1393 ,
2208 1331 2538 1385 acclamante
2581 1332 2798 1400 populo,
2833 1333 3200 1386 conclamante
3237 1334 3462 1402 judicio,

1878 1420 1938 1476 Si
1961 1422 2076 1490 quis
2121 1422 2470 1491 episcopatum
2512 1423 2802 1489 desiderat,
2829 1425 3013 1479 bonum
3044 1444 3169 1497 opus
3210 1428 3466 1482 desiderat

1877 1514 1926 1585 (Ι
1968 1513 2099 1570 Tim.
2125 1529 2212 1578 ιιι,
2242 1514 2265 1565 1
2293 1513 2336 1584 ).
2383 1515 2574 1569 Solent
2602 1525 2782 1570 autem
2817 1517 3054 1586 plerique
3094 1519 3320 1588 propriae
3350 1535 3466 1572 am-

1876 1608 2094 1664 bitionis
2134 1608 2438 1663 incendium
2489 1609 2617 1663 dicti
2671 1608 2832 1677 hujus
2868 1610 3145 1678 apostolici
3195 1611 3347 1679 quasi
3380 1626 3467 1665 re-

1877 1700 2093 1768 frigerio
2139 1709 2457 1769 temperare,
2493 1701 2632 1770 quod
2669 1701 2778 1768 jam
2817 1710 2868 1754 ct
2908 1701 3157 1756 libertate
3206 1702 3464 1769 permissa

1877 1807 1964 1846 res
2013 1792 2135 1846 boni
2182 1793 2364 1859 aperis
2407 1794 2834 1862 concupiscatur.
2885 1795 2991 1848 Sed
3023 1794 3198 1848 statim
3229 1801 3465 1849 cessaret

1881 1884 1982 1938 tale
2009 1885 2328 1940 desiderium
2358 1927 2370 1949 ,
2421 1887 2464 1940 si
2509 1887 2786 1954 sequentia
2818 1895 3192 1940 tractarentur.
3230 1885 3460 1955 Oportet,

1880 1977 2086 2045 inquit,
2140 1976 2437 2046 hujusmodi
2467 1976 2957 2045 irreprehensibilcm
3002 1991 3109 2028 esse
3139 1973 3343 2045 (lbid.,
3372 1975 3461 2032 2).

1882 2069 1974 2122 llic
2003 2083 2182 2122 secum
2228 2083 2356 2138 rogo
2385 2083 2632 2122 crescens
2672 2067 2906 2121 ambitus
2931 2075 2984 2120 et
3011 2066 3251 2120 animosa
3292 2067 3462 2122 hono-

1880 2176 1995 2214 rum
2028 2169 2150 2214 vota
2198 2160 2471 2214 decertent
2516 2177 2529 2212 :
2574 2159 2658 2214 hic
2704 2159 3018 2227 permissam
3065 2159 3167 2212 sibi
3211 2157 3461 2213 desiderii

1878 2253 2220 2306 securitatem
2263 2251 2451 2305 merita
2493 2252 2776 2319 semetipsa
2821 2260 3052 2304 scrutata
3085 2250 3458 2314 considerent;

1879 2343 1921 2396 si
1955 2344 2021 2396 ab
2053 2343 2195 2396 omni
2249 2342 2546 2397 interdictae
2588 2342 3024 2411 reprehensionis
3055 2358 3204 2395 naevo
3235 2341 3460 2394 candida

1879 2434 2073 2488 divina:
2120 2433 2368 2502 imaginis
2412 2432 2690 2502 integritas
2741 2433 3073 2497 custoditur;
3127 2431 3171 2485 si
3221 2435 3461 2499 quando~

1879 2541 2089 2593 cunque
2137 2525 2334 2580 mentis
2381 2525 2610 2594 impetus
2655 2523 3035 2578 moderationis
3084 2524 3301 2578 limitem
3354 2539 3459 2577 non

1879 2619 2137 2680 excessit;
2181 2618 2224 2673 si
2273 2618 2683 2687 quibuscunque
2735 2618 3092 2687 indigentibus
3133 2617 3460 2687 superlluum

1878 2710 2141 2780 quispiam
2193 2725 2382 2764 manus
2415 2726 2518 2764 non
2567 2711 2765 2774 tenuit;
2807 2711 2849 2764 si
2879 2725 3147 2779 nunquam
3198 2709 3460 2764 sermonis

1878 2803 2169 2871 petulantia
2202 2801 2539 2856 honestatem
2586 2801 2783 2856 silentii
2815 2801 3128 2856 salubrioris
3160 2800 3382 2869 irrupit;
3417 2801 3460 2853 si

1878 2893 2117 2965 (ΕρΙιρδ.
2147 2910 2220 2957 tv,
2251 2893 2318 2948 26
2345 2893 2362 2962 )
2398 2895 2666 2948 calentem
2697 2895 2800 2948 diei
2848 2893 3100 2948 ferventis
3130 2891 3460 2946 iracundiam

1878 2986 2030 3039 limes
2060 2985 2266 3039 occidui
2298 2985 2426 3038 solis
2455 2985 2709 3046 absolvit;
2750 2985 2794 3038 si
2844 2999 3114 3052 nunquam
3163 2982 3328 3038 corde
3366 2984 3462 3036 du-

1881 3073 2002 3141 plici
2025 3074 2292 3128 diversum
2311 3076 2550 3128 sonantis
2571 3075 2959 3144 cogitantisqne
2976 3073 3290 3128 aliudverba
3304 3087 3459 3140 quam

1879 3175 2000 3222 vota
2052 3167 2377 3230 moliuntur;
2422 3167 2466 3220 si
2515 3167 2582 3220 ad
2631 3167 2877 3220 ultimum
2910 3165 3064 3234 digna
3107 3164 3463 3218 observantia:

191 3265 379 3327 sponte
404 3254 496 3324 qui
523 3251 748 3322 rapitur.
788 3249 897 3305 Nec
927 3263 1140 3318 semper
1185 3247 1382 3301 invitos
1419 3247 1531 3314 rapi
1561 3247 1726 3300 rearis
1753 3264 1766 3300 :

1881 3276 2000 3316 cura
2027 3301 2043 3326 ,
2077 3269 2132 3314 ut
2181 3260 2246 3313 de
2274 3261 2594 3328 jntamentis
2626 3269 2855 3322 taceam,
2888 3259 2972 3311 vel
3015 3256 3246 3328 perjuria
3279 3256 3462 3310 formi-

191 3350 500 3418 frequcnler
527 3353 710 3414 raptos
739 3355 865 3396 ευοε
892 3347 1156 3395 monstrat
1185 3347 1236 3394 el
1268 3337 1461 3407 ενδιίθο
1497 3335 1772 3404 Siquidem
1874 3356 2090 3410 dantur.
2123 3355 2238 3408 Non
2270 3353 2412 3423 quod
2441 3353 2507 3406 ab
2538 3353 2620 3407 bis
2651 3352 2900 3406 omnibus
2931 3351 3080 3406 liberi
3125 3363 3244 3404 esse
3274 3363 3464 3402 omnes

193 3449 322 3496 teste
355 3437 647 3506 Evangelio
675 3433 856 3505 (Joau.
890 3449 965 3499 vt,
989 3432 1107 3503 44),
1135 3439 1186 3486 ει
1215 3431 1372 3485 Pater
1400 3429 1563 3484 trahit
1589 3430 1679 3498 qui
1706 3429 1771 3484 ad

194 3529 379 3584 Filium
407 3528 649 3589 veniunt,
669 3535 720 3580 et
751 3541 778 3578 a
799 3523 1042 3579 violentis
1073 3524 1277 3592 rapitur
1304 3537 1524 3591 regnum
1555 3520 1774 3576 cmleste

193 3619 418 3685 (Matth.
466 3634 538 3685 xi,
575 3617 698 3686 £2).
732 3617 857 3684 Qua:
888 3617 964 3670 sic
994 3616 1180 3684 rapina
1210 3615 1460 3669 desiderii
1494 3613 1574 3667 sui
1602 3613 1773 3668 sancti

193 3709 354 3764 efﬁcit
384 3718 684 3779 compotem
711 3750 728 3775 ,
772 3717 828 3762 ut
855 3709 948 3762 Dei
989 3709 1074 3763 cui
1107 3707 1208 3763 hoc
1241 3709 1502 3763 violenter
1528 3707 1771 3777 eripitur,

193 3803 356 3874 magis
384 3810 641 3873 provocet
672 3801 993 3870 largitatem.

569 3955 659 4010 AD
698 3952 1104 4009 TIMOTHEUM
1140 3951 1397 4007 PRM-UE.

268 4091 320 4144 1.
372 4090 514 4146 Unus
544 4090 794 4144 mediator
836 4086 932 4142 Dei
960 4096 1006 4144 et
1029 4086 1314 4155 hominum,
1363 4086 1515 4140 homo
1545 4085 1774 4140 Christus

190 4181 363 4237 Iesus.
1269 4231 1282 4237 -

257 4274 284 4328 Ι
293 4274 343 4328 1.
385 4274 446 4330 Si
475 4276 586 4344 quis
608 4275 958 4344 episcopatum
994 4272 1269 4340 desiderat,
1307 4271 1495 4325 bouum
1525 4287 1654 4342 Opus
1684 4271 1774 4324 de-

194 4364 399 4428 s’derat,
427 4373 531 4418 etc.

259 4456 317 4508 Il
328 4457 374 4510 1.
419 4455 544 4510 Cum
573 4456 708 4509 enim
735 4456 1008 4509 luxuriam
1035 4455 1222 4525 fuerint
1251 4454 1300 4507 in
1334 4453 1560 4524 Christo,
1588 4454 1773 4508 nubere

197 4554 380 4613 velunt,
411 4556 516 4602 etc.

260 4640 361 4692 IV.
403 4639 557 4694 Nihil
580 4638 849 4693 intulimus
876 4639 926 4692 in
958 4637 1094 4692 hunc
1126 4640 1389 4705 mundum,
1423 4647 1526 4693 etc.

956 4729 997 4783 l.

564 4824 582 4893 (
608 4822 684 4876 Ex
718 4821 868 4876 libris
898 4830 1082 4875 contra
1109 4822 1395 4891 Arianos.)

258 4915 314 4968 In
336 4916 545 4971 Christo
581 4917 722 4970 Deus
751 4926 805 4970 et
831 4915 1012 4980 homo,
1039 4929 1143 4968 non
1175 4915 1335 4978 alter,
1359 4913 1452 4968 sed
1481 4914 1598 4980 ipse
1622 4931 1633 4967 :
1665 4929 1770 4969 non

190 5005 294 5061 duo
323 5024 389 5063 ex
418 5009 667 5076 diversis,
701 5007 794 5061 sed
826 5021 960 5060 unus
1001 5021 1068 5061 ex
1101 5015 1326 5075 utroque
1359 5004 1639 5059 mediator.
1664 5005 1768 5060 Ce-

189 5103 329 5155 mina
362 5101 574 5170 quidem
608 5099 922 5160 substantia,
950 5097 1044 5151 sed
1080 5111 1179 5149 una
1215 5110 1440 5164 persona
1473 5107 1572 5150 est.
1604 5095 1770 5162 Quam

187 5189 510 5244 soliditatem
576 5189 620 5242 si
670 5189 790 5256 quis
845 5186 1091 5241 scindere
1139 5185 1392 5240 dualitate
1436 5198 1770 5254 praesumat,

188 5282 420 5349 primum
469 5288 550 5334 est
597 5279 738 5349 quod
789 5278 1002 5347 publice
1048 5287 1234 5332 contra
1267 5277 1509 5346 Apostoli
1559 5287 1774 5333 senten-

186 5372 317 5424 tiam
349 5373 646 5439 proﬁtetur,
676 5371 944 5425 dicentem
970 5387 982 5423 :
1017 5369 1161 5423 Unus
1193 5370 1438 5422 mediator
1482 5369 1576 5422 Dei
1608 5379 1654 5424 et
1683 5370 1773 5423 ho-

187 5463 389 5514 minum
425 5463 652 5517 Christus
690 5460 842 5516 Iesus
885 5460 962 5532 (Ι
987 5461 1117 5514 Tim.
1153 5477 1210 5531 ιι,
1244 5461 1338 5529 5).
1371 5461 1573 5516 Deinde
1616 5463 1775 5530 eligat

184 5567 414 5608 necesse
456 5563 539 5609 est
587 5555 656 5608 de
705 5553 950 5618 duobus,
1001 5552 1052 5607 id
1083 5562 1166 5608 est
1195 5553 1372 5606 divina
1410 5552 1771 5620 humanaque,

182 5661 348 5716 quam
385 5658 624 5702 naturam
656 5645 996 5702 mediationis
1023 5646 1181 5715 hujus
1213 5646 1334 5700 velit
1377 5647 1630 5716 mysteria
1658 5659 1777 5699 sns-

182 5741 420 5808 cepisse.
452 5740 506 5795 Si
543 5740 690 5796 solus
721 5742 860 5797 Deus
894 5740 1175 5806 mediator,
1206 5755 1310 5795 non
1361 5751 1443 5794 est
1472 5740 1610 5793 alius
1635 5738 1772 5808 apud

184 5844 352 5900 quem
385 5831 675 5890 intercedat
702 5853 711 5886 :
739 5834 783 5890 si
828 5833 972 5891 solus
1002 5832 1183 5902 homo,
1218 5846 1323 5888 non
1355 5841 1435 5889 est
1466 5833 1554 5902 qui
1585 5847 1772 5890 recon-

1795 4585 1851 4644 D

1878 3450 2145 3518 possimus
2171 3487 2186 3513 ,
2237 3447 2329 3501 sed
2361 3446 2500 3514 quod
2532 3446 2888 3515 periculosum
2931 3443 3000 3498 sit
3030 3455 3465 3510 unumquemque

1877 3541 2069 3594 merita
2101 3553 2196 3592 sua
2227 3553 2332 3591 non
2365 3537 2629 3601 recolere,
2664 3545 2717 3591 et
2746 3536 2886 3604 quod
2918 3535 3046 3588 Solis
3076 3531 3465 3599 irreprehensi—

1877 3632 2074 3686 bilibus
2122 3630 2366 3696 debetur,
2401 3630 2624 3682 ambire.
2677 3627 2794 3682 Jam
2827 3627 2951 3696 quid
2997 3626 3065 3679 de
3096 3625 3200 3679 illis
3230 3623 3458 3687 dicatur,

1877 3739 2011 3794 quos
2055 3724 2440 3793 pretiositatem
2473 3722 2655 3790 gratia:
2688 3721 2843 3790 pretii
2886 3719 3087 3774 vilitate
3138 3727 3460 3780 mcrcantes,

1880 3831 2046 3885 usque
2071 3815 2136 3869 ad
2165 3815 2422 3881 jacturam
2457 3813 2696 3882 pecuniae
2728 3810 3064 3866 verecundia:
3103 3809 3308 3878 jar-tura
3343 3822 3464 3872 pro-

1877 3905 2064 3961 ducit?
2121 3908 2358 3970 Quorum
2405 3902 2878 3958 acclamationibus
2926 3899 3157 3952 militant
3204 3896 3462 3949 conducta

1878 3998 2187 4062 mendacia,
2207 4012 2432 4066 quorum
2458 3996 2760 4063 prurientes
2792 3989 3152 4058 scalpentibus
3183 3985 3463 4053 prmconiis

1881 4105 2042 4145 aures
2090 4088 2457 4144 mercenarius
2505 4085 2708 4138 clamor
2749 4081 3074 4141 inﬂammat;
3117 4077 3312 4146 quique
3354 4090 3459 4126 non

1879 4181 2291 4238 reminiscentes
2320 4176 2592 4229 Simonem
2621 4173 2829 4240 Magum
2863 4169 3001 4240 (Act.
3031 4183 3144 4230 vni,
3180 4164 3269 4233 18)
3295 4161 3462 4217 divini

1877 4271 2126 4328 muneris
2174 4265 2627 4336 dispensationem
2681 4261 2852 4330 pretio
2913 4259 3148 4312 voluisse
3195 4253 3457 4320 mercari,

1879 4379 1999 4420 eum
2047 4361 2270 4431 pecunia
2300 4373 2393 4413 sua
2428 4371 2533 4410 non
2566 4357 2615 4408 in
2645 4352 3026 4417 sacerdotium,
3063 4351 3157 4406 sed
3190 4350 3241 4404 in
3273 4349 3458 4403 interi.

1879 4467 1988 4511 tum
2037 4453 2380 4522 deputantur.
2435 4448 2628 4503 Lubere
2675 4460 2804 4514 ergo
2855 4444 2988 4498 .hme
3032 4457 3210 4496 coram
3260 4440 3459 4494 ambitu

1885 4549 2060 4601 electo
2105 4543 2488 4612 compulsoque
2537 4540 2810 4594 detester:
2841 4535 3052 4602 placere
3099 4533 3208 4587 Dco
3251 4531 3461 4600 penitus

1885 4637 2088 4707 nequit,
2119 4635 2208 4706 qui
2241 4649 2408 4703 usque
2440 4633 2502 4686 ad
2527 4632 2607 4686 sui
2636 4629 2957 4685 electionem
2989 4625 3088 4679 sibi
3115 4625 3226 4692 ipse
3248 4623 3462 4693 placue-

1884 4733 1972 4785 rit.
2025 4729 2166 4796 Quin
2216 4729 2393 4796 potius
2440 4726 2506 4780 de
2556 4725 2896 4777 innocentum
2945 4718 3238 4773 antistitum
3280 4717 3463 4771 labore

1879 4821 2141 4876 dicamus.
2174 4820 2360 4890 Neque
2400 4817 2540 4873 enim
2571 4815 2706 4870 levis
2746 4822 2828 4867 est
2856 4809 3273 4866 administraturi
3304 4823 3463 4863 causa

1882 4915 2149 4985 pontiﬁcis
2174 4953 2190 4980 ,
2237 4927 2394 4982 quem
2442 4915 2622 4964 manet
2652 4906 2954 4975 dupliciter,
2983 4918 3160 4959 sermo
3189 4911 3248 4956 ut
3283 4901 3465 4970 populi

1878 5005 2221 5074 magistrum,
2255 5011 2405 5056 attus
2432 5010 2488 5055 ut
2513 4997 2713 5054 Christi
2745 4996 3065 5065 discipulum
3094 5011 3106 5046 :
3133 4995 3221 5064 qui
3252 4993 3463 5063 plebem

1881 5113 1987 5151 non
2051 5095 2227 5150 minus
2285 5095 2482 5163 pietate
2531 5105 2688 5161 quam
2734 5091 3022 5144 severitate
3070 5097 3315 5142 recturus
3359 5093 3462 5139 est.

1885 5189 2056 5254 Quem
2110 5187 2301 5240 timere
2340 5184 2591 5239 convenit
2638 5181 2930 5250 diSpendiis
2959 5179 3091 5245 suis,
3127 5192 3283 5245 quem
3315 5190 3464 5230 com-

1883 5280 2157 5334 municare
2189 5293 2294 5333 non
2325 5276 2572 5332 convenit
2600 5273 2914 5328 criminibus
2939 5269 3148 5325 alienis.
3171 5267 3270 5334 Qui
3300 5266 3462 5320 alium

1880 5381 2068 5426 onerat
2101 5386 2159 5425 se
2190 5378 2550 5432 contestante,
2585 5366 2674 5436 qui
2698 5366 2950 5418 damnum
2985 5361 3184 5430 patitur
3212 5358 3316 5412 alio
3348 5371 3464 5425 pcr-

1883 5475 2062 5522 cunte.
2097 5462 2322 5531 Quando
2351 5461 2514 5523 audit,
2546 5475 2644 5513 non
2674 5457 2835 5527 turpis
2883 5455 3015 5508 lucri
3046 5452 3306 5521 cupidum,
3334 5457 3464 5500 tem-

1886 5569 2166 5628 peraturus
2197 5563 2280 5610 est
2311 5564 2366 5607 ut
2398 5554 2462 5607 sit
2498 5550 2756 5621 cupidus,
2799 5559 2851 5603 et
2899 5547 3112 5618 quidem
3145 5542 3275 5597 lucri
3303 5579 3319 5604 ,
3367 5552 3464 5591 nec

1887 5661 2060 5704 tamen
2097 5649 2262 5717 turpis
2308 5665 2319 5699 :
2367 5647 2415 5699 id
2463 5654 2566 5711 est,
2598 5653 2655 5698 ut
2684 5643 2893 5698 studeat
2937 5638 3221 5696 commissa
3253 5631 3350 5685 sibi
3387 5638 3465 5683 ta-

1887 5743 2028 5797 lenta
2071 5740 2297 5795 assiduae
2326 5736 2723 5808 prmdicationis
2751 5729 3086 5790 sermonibus
3115 5723 3378 5794 expolire,
3409 5730 3464 5775 et

1887 5832 2140 5904 acquisita
2174 5831 2624 5901 multiplicataque
2659 5826 2833 5897 gregis
2861 5823 2939 5878 sui
2972 5822 3141 5875 salute
3167 5815 3464 5889 geminare.
