4046 6170
506 279 608 332 519

1765 267 1818 324 8.
1865 271 1904 322 A
1919 267 2046 321 VITI
2093 265 2487 322 VIENNENSIS

3642 265 3745 326 33.0

509 391 729 444 Julii-tur
775 401 895 442 esse
943 395 1186 449 ornatus;
1227 397 1324 438 nec
1355 383 1494 438 istud
1537 383 1892 452 corporaliter
1936 380 2077 436 acci-
2109 383 2158 446 Α
2188 379 2434 449 ferimus,
2463 384 2689 435 animam
2719 390 2893 436 tamen
2922 379 3124 434 arbitrii
3154 387 3450 448 compotem
3477 392 3746 449 capacem-

514 479 759 547 piendum
791 487 892 532 est.
940 475 1255 544 Episcopum
1288 475 1373 528 cui
1414 473 1647 542 injuncta
1695 475 1888 528 merito
1925 484 2081 527 orna-

514 577 690 621 menta
732 564 1105 634 suppeditent,
1159 578 1262 617 non
1293 563 1454 617 comit
1487 577 1674 631 pompa
1701 601 1717 627 ,
1766 561 1858 615 sed
1889 561 2074 631 gratia.

515 659 602 711 Sic
632 659 808 724 itaque
832 653 1173 707 sacerdotalis
1208 654 1391 717 locus,
1445 661 1649 705 arctam
1683 651 1827 704 illam
1860 660 1911 704 et
1956 664 2084 703 eon-

519 747 818 800 tribulatam
851 743 1122 812 Evangelii
1152 744 1393 796 semitam
1424 753 1611 796 tenens
1636 783 1651 808 ,
1685 755 1884 810 perque
1922 754 2086 807 angu-

519 837 646 890 stias
675 835 789 904 ejus
821 842 938 902 post
967 849 1025 888 se
1054 835 1212 888 etiam
1247 834 1496 902 p0pulum
1546 833 1781 898 trahens,
1815 832 2084 884 sinistram

523 927 744 996 fugiens,
777 925 1048 979 dexteram
1078 941 1183 980 non
1228 939 1558 994 prmsumens
1579 965 1594 989 ,
1637 923 1992 992 periculosum
2022 938 2088 976 ex

523 1030 746 1088 utraque
797 1028 943 1088 parte
993 1018 1250 1072 lubricum
1299 1017 1671 1085 pertimescat,
1726 1025 1780 1070 et
1824 1014 2090 1070 sermonis

524 1110 798 1179 apostolici
849 1109 1038 1161 libram
1067 1107 1374 1177 aequalitate
1405 1106 1848 1162 ronsideratiouis
1891 1119 2090 1174 θρρειιο

525 1204 680 1267 dens,
717 1203 760 1256 si
791 1201 1064 1256 districtus
1094 1215 1212 1254 esse
1241 1200 1490 1262 voluerit,
1523 1199 1663 1266 legat
1689 1213 1787 1249 non
1830 1210 2094 1264 percusso-

526 1309 671 1356 rem;
710 1293 754 1345 si
787 1291 1047 1344 humanus
1072 1330 1088 1356 ,
1120 1306 1220 1342 non
1261 1289 1605 1350 vinolentum;
1643 1288 1686 1342 si
1727 1286 1958 1350 sobrius,
1991 1301 2094 1338 non

528 1397 772 1447 avarum;
810 1381 854 1434 si
886 1381 1159 1445 subditus,
1197 1396 1298 1432 non
1333 1381 1618 1451 abjeetum;
1656 1378 1700 1433 si
1732 1392 1954 1440 servus,
1995 1393 2096 1430 non

531 1475 748 1537 elatum;
786 1473 830 1525 si
873 1473 1210 1532 misericors.
1244 1486 1344 1524 non
1388 1471 1692 1532 remissum;
1731 1469 1775 1523 si
1821 1469 2095 1532 terribilis,

531 1577 632 1614 non
658 1571 957 1623 cruentum;
995 1561 1037 1613 si
1069 1561 1273 1613 domum
1302 1577 1444 1612 suam
1469 1559 1588 1612 bene
1612 1569 1884 1629 regentem,
1919 1559 2099 1628 utique

533 1651 866 1704 ordinantem
897 1650 1103 1714 omnia,
1147 1649 1502 1719 negligentem
1535 1650 1697 1716 nulla,
1737 1650 2096 1718 acquiretttetn

2185 489 2288 544 que
2313 473 2556 540 rationis,
2581 473 2644 527 ad
2678 472 2977 542 eligendum
3010 471 3204 525 bonum
3227 510 3242 537 ,
3278 470 3322 522 si
3355 472 3490 524 Deus
3528 470 3750 539 inspira-

2186 567 2343 630 verit,
2374 565 2704 621 exhibemus.
2737 564 2975 633 Cumque
3005 577 3255 632 processu
3289 561 3544 630 temporis
3569 563 3752 615 Volun-

2186 657 2309 711 tatis
2363 665 2557 710 nostra:
2599 655 2825 724 qualitas
2854 654 3216 715 confirmatur,
3267 651 3358 706 Dei
3404 651 3645 705 voluntas
3671 659 3752 706 est

2188 755 2246 800 ut
2283 746 2415 799 bene
2447 746 2734 811 faciamus,
2770 744 2863 798 sed
2903 753 3140 797 nostrum
3172 750 3252 797 est
3278 741 3418 810 quod
3453 740 3750 795 fecerimus.

2187 835 2270 889 An
2309 835 2444 889 forte
2471 835 2596 889 dicit
2624 835 2812 902 aliquis
2838 875 2852 898 ,
2889 843 2942 888 et
2974 834 3108 887 hanc
3144 833 3311 902 ipsam
3345 833 3466 886 boni
3493 833 3753 886 actionem

2193 935 2367 996 potest
2392 927 2554 981 homo
2582 927 2864 980 insidiante
2887 924 3098 979 diabolo
3129 924 3368 992 perdere.
3403 924 3594 978 Verum
3638 931 3755 988 est,

2192 1017 2331 1087 quod
2360 1017 2603 1071 amittere
2633 1016 2791 1070 homo
2820 1015 3015 1070 bonum
3048 1013 3316 1083 proprium
3346 1012 3551 1066 iurante
3570 1013 3757 1066 adver-

2193 1107 2334 1161 sario
2358 1116 2552 1176 potest.
2586 1106 2689 1160 Sed
2723 1105 2845 1160 hinc
2875 1107 3040 1173 magis
3071 1113 3310 1158 nostrum
3339 1103 3525 1173 conjici
3565 1104 3756 1170 debet,

2195 1201 2315 1269 quia
2341 1214 2446 1254 non
2473 1199 2735 1253 violenter
2763 1198 3018 1253 aufertur.
3061 1196 3174 1250 Non
3217 1197 3357 1251 enim
3393 1195 3565 1251 taliter
3590 1195 3758 1264 perdi-

2197 1304 2314 1343 mus
2346 1289 2676 1354 mercedem,
2710 1289 2939 1357 qualiter
2970 1287 3294 1341 facultatem.
3319 1286 3467 1352 Quod
3501 1287 3641 1341 enim
3667 1301 3761 1341 ex-

2200 1389 2278 1434 tra
2308 1394 2403 1435 nos
2434 1389 2546 1447 est,
2579 1380 2811 1433 carnalis
2850 1378 3098 1432 inimicus
3142 1377 3395 1445 rapiendo
3421 1376 3630 1431 auferre
3670 1393 3762 1445 po-

2201 1478 2299 1524 test
2331 1488 2345 1526 :
2377 1472 2515 1539 quod
2544 1484 2667 1523 vero
2690 1469 2823 1523 intra
2848 1482 2977 1536 nos,
3011 1483 3116 1522 non
3148 1476 3320 1536 potest
3344 1467 3631 1536 Spiritualis
3662 1468 3762 1521 nisi

2203 1560 2501 1615 insidiando
2526 1560 2709 1614 furari.
2743 1560 2808 1612 Et
2837 1558 2984 1625 ideo,
3030 1558 3075 1611 si
3108 1559 3256 1611 sciret
3277 1558 3642 1626 paterfamilias
3669 1573 3765 1624 qua

2202 1653 2328 1706 hora
2359 1653 2442 1719 {ur
2474 1653 2631 1716 renit,
2671 1651 2896 1721 vigilaret
2929 1651 3121 1720 utique,
3157 1659 3202 1702 et
3229 1667 3328 1702 non
3368 1649 3544 1702 sinent
3572 1650 3765 1718 perfodi

532 1741 695 1794 multa
721 1784 735 1808 ,
793 1741 1016 1809 plutima
1061 1741 1478 1811 dispensatttem.
1515 1741 1654 1810 Ergo
1684 1751 1738 1794 et
1767 1740 1888 1795 huic
1917 1755 1982 1794 ex
2007 1741 2099 1794 ad-
2132 1738 2174 1796 Β
2205 1743 2410 1795 domum
2455 1759 2599 1796 suam
2646 1741 2806 1813 (Luc.
2864 1756 2968 1808 xit,
3013 1740 3136 1810 '59).
3183 1740 3276 1793 illa
3316 1755 3444 1808 ergo
3477 1739 3766 1794 estdomus

535 1832 846 1886 ministratae
895 1833 1084 1887 domus
1112 1835 1334 1903 probato
1378 1843 1630 1903 rectoque
1669 1833 1868 1903 judicio
1895 1877 1909 1902 ,
1942 1849 2102 1903 super

535 1924 823 1990 evangelici
862 1924 1002 1977 illius
1052 1924 1390 1978 nummularii
1420 1939 1656 1978 mensam
1690 1929 1911 1993 pecunia
1940 1927 2103 1978 multa

537 2014 897 2081 committitur,
931 2029 1049 2083 qua:
1097 2015 1447 2085 multiplicato
1477 2015 1746 2071 reddenda
1788 2017 2105 2085 compendio

537 2120 636 2161 vos
662 2108 829 2162 eritis.

1280 2201 1363 2255 lIl.

865 2292 882 2359 (
909 2291 982 2344 Ex
1015 2291 1235 2359 epistola
1259 2300 1442 2346 contra
1469 2290 1779 2359 Faustum.)

610 2379 799 2434 Fateor
827 2381 878 2434 in
920 2383 1234 2435 necessitate
1266 2382 1469 2450 positis,
1509 2392 1638 2436 etc..
1670 2393 1721 2435 ut
1751 2383 1802 2435 in
1832 2383 2044 2453 epistola
2074 2384 2106 2442 4

547 2471 648 2539 (col
657 2469 774 2525 .221
789 2513 802 2536 ,
818 2471 896 2541 a),
923 2473 1153 2540 usquead
1176 2472 1226 2526 itt
1249 2487 1408 2528 carne
1431 2487 1535 2528 non
1556 2475 1752 2529 vicerat
1773 2475 2103 2545 eonjugatos.

1280 2562 1365 2616 IV.

825 2651 941 2720 (Ex
970 2666 1216 2707 sermone
1245 2654 1329 2710 die
1359 2655 1393 2708 2
1424 2655 1828 2728 Rogationum.)

614 2741 724 2809 Age
755 2756 913 2805 nunc,
949 2743 1000 2795 in
1023 2755 1275 2812 quantum
1308 2755 1479 2814 potest
1503 2746 1650 2810 fieri,
1677 2748 1952 2804 videamus
1991 2765 2110 2820 qua:

547 2838 726 2884 nostra
780 2845 966 2899 quaeve
1008 2833 1178 2885 aliena
1229 2837 1353 2887 sint.
1405 2835 1494 2889 Ait
1541 2836 1732 2890 Paulus
1775 2839 2046 2906 apostolus
2093 2855 2106 2893 :

549 2921 696 2975 Nihil
723 2923 989 2975 intulimus
1012 2925 1063 2976 in
1095 2925 1224 2976 hunc
1247 2926 1510 2992 mundum,
1542 2927 1628 2980 sed
1657 2944 1745 2980 nec
1773 2930 1974 2997 auferre
1994 2946 2112 2998 pos-

546 3028 717 3065 sumus
761 3011 820 3083 (1
849 3013 978 3066 Tim.
1020 3030 1102 3080 v1,
1137 3015 1221 3086 7).
1257 3016 1319 3070 Et
1345 3017 1471 3085 quid
1503 3027 1739 3072 nostrum
1766 3019 1868 3074 dici
1901 3027 2107 3088 potest,

2209 1843 2409 1897 nostra,
2437 1848 2576 1902 qum,
2607 1834 2648 1886 si
2681 1832 2957 1902 vigilamus
2983 1874 2995 1896 ,
3029 1848 3131 1886 non
3165 1838 3336 1901 potest
3361 1830 3496 1887 dirui
3529 1847 3540 1882 :
3575 1830 3660 1882 illa
3687 1844 3768 1883 ve-

2208 1939 2268 1979 ro
2295 1939 2513 1992 protsus
2551 1923 2720 1977 aliena
2747 1931 2829 1978 est
2849 1961 2864 1988 ,
2905 1937 3022 1992 quas
3055 1932 3224 1992 potest
3255 1923 3592 1991 vigilantibus
3622 1918 3769 1974 nobis

2209 2013 2480 2082 occupari.
2901 2055 2904 2058 .

2527 2105 2567 2158 A
2581 2104 2620 2158 D
2655 2103 3058 2160 TIMOTIIEUM
3099 2103 3458 2160 SECUNDJE.

2210 2195 2262 2252 1.
2306 2195 2371 2250 1η
2413 2212 2596 2264 magna
2635 2205 2806 2247 autem
2836 2196 2983 2247 domo
3009 2211 3110 2247 non
3136 2196 3302 2248 solum
3331 2205 3445 2248 sunt
3473 2211 3593 2249 rasa
3618 2209 3770 2247 aurea

2495 2297 2540 2341 et
2567 2297 2824 2357 argentea,
2855 2287 2942 2342 sed
2964 2299 3006 2341 et
3035 2288 3200 2358 lignea
3229 2298 3274 2341 et
3302 2288 3497 2355 ﬁctilia.

2505 2467 2614 2539 (Ex
2645 2481 2890 2523 sermone
2916 2467 3004 2522 die
3030 2466 3064 2519 5
3095 2466 3491 2535 Rogationum.)

2285 2559 2566 2626 Quomodo
2594 2560 2673 2623 si,
2707 2558 2876 2628 inquit
2904 2556 3065 2628 (lsai.
3099 2572 3256 2625 vat,
3280 2558 3404 2626 20),
3437 2557 3669 2611 inferant
3691 2555 3777 2610 filii

2213 2652 2372 2708 israel
2420 2666 2612 2705 munus
2643 2652 2695 2704 in
2725 2664 2849 2704 vase
2880 2651 3076 2704 mundo
3107 2650 3157 2703 in
3191 2650 3405 2703 domum
3438 2647 3679 2711 Domini;
3710 2649 3780 2701 le«

2212 2743 2384 2812 gimus
2417 2744 2468 2796 in
2499 2741 2774 2810 Apostolo,
2807 2741 2859 2793 in
2886 2740 3034 2793 domo
3069 2756 3253 2811 magna
3284 2755 3381 2792 non
3407 2739 3571 2792 solum
3600 2753 3782 2808 argen-

2211 2843 2290 2886 tea
2311 2833 2386 2886 rel
2407 2848 2595 2898 aurea,
2625 2831 2713 2884 sed
2738 2832 2888 2884 etiam
2916 2831 3084 2902 lignea
3110 2846 3229 2882 rasa
3250 2839 3294 2883 et
3318 2829 3496 2897 fictilia
3524 2826 3618 2898 (11
3645 2827 3780 2883 Tim.

2213 2937 2252 2976 tt
2277 2966 2291 2990 ,
2341 2923 2442 2989 ‘20)
2493 2920 2734 2989 reperiri.
2774 2921 2900 2988 Quae
2944 2921 2996 2974 in
3034 2921 3146 2989 ipsa
3187 2920 3444 2989 graduum
3474 2921 3782 2974 diversitate

2213 3013 2389 3067 omnia
2425 3022 2647 3082 possunt
2671 3027 2789 3066 esse
2819 3013 2965 3078 usui,
3011 3011 3220 3066 etiamsi
3264 3027 3365 3063 non
3395 3017 3518 3064 sunt
3558 3009 3779 3078 aequalia

546 3101 684 3170 quod
714 3117 817 3156 non
851 3105 1156 3171 intulimus,
1199 3107 1444 3176 quodque
1487 3125 1591 3163 non
1633 3109 1848 3164 relaturi
1890 3110 2111 3165 sumus?
2138 3097 2183 3159 C
2215 3105 2479 3172 dignitati.
2511 3102 3027 3159 Cuilibetdistantite
3073 3101 3212 3154 nitor
3242 3116 3372 3168 Opus
3393 3109 3491 3154 est.
3520 3100 3701 3154 Potest
3733 3101 3781 3151 in

549 3190 758 3260 Nudus,
790 3193 959 3263 inquit
986 3195 1104 3258 Job,
1137 3197 1263 3248 exiri
1303 3197 1365 3250 de
1397 3207 1535 3250 utero
1564 3199 1736 3252 matris
1764 3215 1914 3266 mete,
1946 3201 2112 3253 nudus

548 3296 768 3338 revertar
807 3286 859 3338 in
892 3298 1075 3338 terrain
1103 3287 1230 3356 (Job
1264 3303 1307 3355 ι,
1350 3290 1410 3342 21
1514 3291 1663 3344 Patet
1700 3305 1856 3359 quam
1889 3291 2113 3346 infidelis

549 3375 616 3427 sit
646 3389 774 3428 usus
795 3375 1116 3442 divitiarum,
1152 3376 1242 3445 qui
1274 3391 1369 3432 nos
1400 3395 1494 3433 nec
1523 3379 1572 3431 itt
1607 3379 1864 3448 principio
1893 3389 2110 3445 nostro,

553 3481 649 3520 nec
671 3467 722 3519 in
754 3467 857 3520 fine
883 3470 1183 3522 etimitatttr.
1211 3468 1342 3535 Quid
1371 3485 1556 3523 aurum
1581 3479 1634 3524 et
1659 3482 1930 3540 argentum
1955 3486 2113 3527 avare

553 3554 907 3623 multiplieas?
934 3557 1058 3625 quid
1087 3568 1228 3610 tuttttt
1260 3558 1414 3624 dicis,
1446 3560 1510 3613 ad
1532 3562 1669 3629 qttod
1695 3564 1864 3616 nudus
1886 3565 2116 3618 venisti?

553 3647 728 3701 Mundi
752 3658 834 3702 est
865 3647 1082 3702 facultas
1112 3665 1265 3718 quam
1297 3661 1438 3704 tuam
1461 3695 1476 3719 ,
1517 3656 1812 3707 communis
1852 3664 1932 3709 est
1958 3671 2114 3725 quam

553 3739 822 3807 proprim
848 3749 1019 3806 putas.
1055 3740 1145 3793 \‘ia
1174 3741 1376 3794 itineris
1405 3745 1765 3812 cujuscunque
1794 3761 1948 3814 quam
1993 3762 2115 3815 gra-

554 3828 749 3893 ditnur,
784 3828 1018 3884 breviter
1049 3830 1151 3883 dici
1180 3840 1355 3887 nostra
1387 3843 1585 3902 potest,
1609 3834 1731 3888 dum
1765 3851 1792 3888 a
1825 3837 1978 3891 nobis
2007 3853 2122 3890 am-

555 3920 764 3974 bulatur
811 3936 824 3973 :
874 3920 1027 3974 nobis
1054 3935 1179 3975 vero
1219 3925 1642 3992 praetergressis,
1686 3926 1893 3979 illotutn
1921 3927 2117 3994 estqui

555 4019 867 4078 sequuntur.
901 4011 1174 4076 Quomodo
1206 4021 1377 4080 potest
1407 4023 1584 4068 nostra
1625 4030 1743 4070 esse
1785 4017 2002 4070 facultas
2031 4031 2120 4072 ca-

555 4101 686 4153 duca
712 4112 865 4170 atque
888 4108 1124 4167 terrena,
1147 4102 1188 4155 si
1218 4118 1320 4156 non
1342 4116 1520 4170 pascat
1541 4121 1785 4175 egenum,
1813 4121 1930 4161 cum
1955 4107 2118 4176 possit

556 4206 772 4259 pascere
802 4192 1123 4246 violentum?
1167 4193 1442 4259 Quomodo
1473 4209 1711 4250 nostrum
1753 4207 1868 4262 est,
1913 4198 1966 4250 itt
2015 4210 2122 4266 quo

556 4299 654 4338 nec
681 4283 936 4352 capiendo
958 4283 1178 4348 innoxii,
1205 4299 1302 4338 nec
1328 4286 1648 4341 continendo
1669 4287 1798 4356 justi
1819 4326 1837 4353 ,
1866 4303 1964 4343 nec
1994 4302 2120 4356 pos-

557 4376 778 4430 sidendo
821 4376 985 4439 certi,
1035 4391 1131 4429 nec
1177 4378 1543 4432 conservando
1586 4379 1762 4432 securi
1803 4381 2024 4434 sumus?
2055 4379 2123 4433 Et

2214 3193 2464 3249 fictilibus
2517 3195 2778 3258 vasculis,
2833 3192 3121 3247 dummodo
3167 3192 3423 3246 munditia
3465 3206 3569 3243 non
3611 3191 3779 3251 desit,

2213 3286 2406 3340 divina:
2441 3285 2620 3339 domui
2652 3299 2843 3338 munus
2864 3283 3042 3338 offerri
3062 3324 3076 3347 ,
3107 3284 3150 3338 si
3183 3297 3273 3336 vas
3301 3299 3363 3336 ex
3395 3282 3576 3336 eadem
3609 3295 3780 3334 massa

2217 3378 2430 3444 fictum,
2474 3377 2596 3446 quia
2641 3377 2913 3445 peccando
2960 3376 3225 3431 ceciderat
3271 3376 3322 3429 in
3369 3373 3779 3435 contumeliam,

2216 3467 2523 3538 paenitendo
2553 3467 2738 3523 redeat
2765 3467 2829 3521 ad
2873 3467 3149 3521 honorem.
3194 3467 3454 3520 Habemus
3483 3465 3625 3519 enim
3671 3463 3783 3515 the-

2217 3573 2431 3612 saurum
2469 3559 2627 3613 istum
2657 3559 2709 3613 in
2739 3558 2879 3613 vasis
2909 3557 3156 3613 ﬁctilibus
3187 3555 3278 3626 (II
3305 3555 3420 3609 Cor.
3450 3571 3522 3619 tv,
3552 3556 3638 3623 '7).
3666 3553 3784 3607 ιιι-ε

2217 3667 2346 3722 ergo
2378 3653 2625 3720 vascula,
2657 3660 2713 3706 ut
2741 3650 2878 3717 dixi,
2909 3650 3273 3718 pmnitentium
3298 3657 3508 3702 teneant
3529 3658 3785 3712 compnno

2217 3743 2470 3796 ctionem.
2496 3742 2664 3796 Patro
2696 3741 2868 3810 lignea
2901 3740 3186 3808 legitimam
3219 3738 3620 3806 conjugatorum
3655 3751 3784 3804 prte-

2221 3835 2397 3890 ferant
2419 3835 2811 3903 simplicitatem
2841 3851 2853 3886 :
2876 3848 3066 3888 cruore
3089 3834 3334 3903 martyris
3354 3847 3512 3886 aurea
3532 3833 3783 3892 rubeant;

2222 3924 2544 3992 virginitatis
2585 3923 2732 3977 radio
2786 3934 3037 3992 argentea
3092 3924 3475 3991 perlucescant.
3527 3921 3787 3975 \‘asortua

2223 4015 2405 4072 talium
2437 4015 2701 4083 capacitas
2729 4023 2843 4081 est,
2878 4013 3017 4083 quod
3058 4014 3386 4067 rationabilis
3430 4022 3634 4065 naturae
3660 4027 3788 4066 eon-

2223 4105 2316 4160 diti
2347 4118 2554 4158 sumus.
2588 4105 2641 4158 In
2685 4104 2796 4158 hare
2825 4105 2984 4157 modo
3018 4105 3290 4172 provideat
3332 4104 3398 4158 de
3441 4118 3538 4155 suo
3567 4104 3788 4171 quisque

2222 4197 2364 4264 quod
2393 4195 2583 4250 on‘erat
2617 4213 2630 4248 :
2665 4209 2760 4263 pro
2797 4194 3053 4262 qualitate
3081 4209 3357 4246 munerum
3404 4191 3457 4245 fit
3491 4192 3792 4260 pretiositas

2224 4287 2585 4342 vasculorum.
2628 4285 2745 4339 Istis
2788 4284 2948 4338 credo
2987 4283 3209 4336 vasculis
3247 4283 3485 4334 lleliseus
3517 4278 3634 4348 (IV
3669 4283 3789 4347 Heg.

2227 4379 2314 4448 Iv)
2342 4379 2608 4448 quondam
2642 4379 2900 4445 liquorem
2925 4378 3023 4428 olei
3048 4375 3245 4428 vivacis
3275 4373 3482 4437 infudit,
3507 4370 3649 4442 quod
3675 4385 3790 4424 cum

557 4480 712 4532 quam
747 4481 840 4531 pro
869 4475 1014 4519 certo
1043 4473 1280 4520 tenemus
1303 4506 1318 4530 ,
1371 4482 1467 4522 nos
1511 4469 1678 4522 nudos
1726 4469 1778 4522 in
1809 4479 2004 4524 terram
2033 4485 2120 4524 ve~
2154 4452 2201 4512 Ῐ)
2229 4469 2416 4524 ﬂueret
2446 4468 2719 4537 irriguum,
2754 4483 2857 4520 non
2887 4481 2915 4520 e
2941 4465 3094 4519 fluxit
3121 4465 3416 4532 impletum.

558 4557 720 4618 uisse,
757 4565 859 4607 tam
883 4568 1029 4608 certo
1052 4555 1299 4622 sciamus,
1331 4557 1397 4611 de
1421 4559 1757 4614 terrestribus
1787 4575 1884 4614 nos
1913 4561 2123 4615 auferre

559 4645 687 4698 nihil
720 4658 892 4712 po:se.
922 4645 1206 4712 Apostolus
1227 4663 1283 4700 se
1312 4648 1499 4702 recolit
1528 4649 1658 4703 nihil
1689 4651 1927 4706 intulisse
1947 4692 1959 4713 ,
1991 4651 2123 4704 nihil

560 4737 854 4790 ablaturum
886 4751 1022 4789 esse.
1059 4735 1158 4790 Joh
1207 4739 1395 4792 fatetur
1425 4740 1621 4793 nudum
1665 4756 1724 4795 se
1769 4752 1977 4806 natum,
2028 4757 2127 4794 nu—

561 4828 790 4897 dumque
814 4827 1145 4881 metiturum.
1174 4829 1424 4883 Salomon
1452 4832 1695 4884 omnibus
1721 4846 1898 4898 parem
1929 4833 2121 4887 clamat

565 4918 831 4970 interitum
882 4927 936 4970 et
986 4918 1213 4971 smilem
1259 4919 1480 4972 exitum.
1518 4921 1916 4986 Quantumlibet
1959 4924 2128 4977 ambi-

563 5007 704 5060 tione
736 5009 860 5062 veltt
887 5023 1106 5076 qutsque
1127 5009 1355 5064 discerni
1379 5050 1393 5072 ,
1423 5011 1678 5079 principio
1701 5023 1752 5066 et
1783 5016 1884 5067 line
1904 5014 2128 5082 conjun-

562 5097 719 5165 gitur.
754 5098 881 5152 Nam
904 5099 1044 5168 quod
1071 5099 1229 5163 dixit,
1263 5099 1344 5154 Un
1382 5117 1405 5152 δ
1445 5103 1680 5155 in'roftus
1702 5105 1930 5158 omnibus
1956 5107 2024 5158 ad
2048 5107 2124 5158 vi-

563 5195 699 5251 tam,
730 5198 776 5241 et
803 5205 896 5258 par
923 5205 1149 5260 egressus
1180 5191 1247 5242 ad
1283 5199 1492 5244 mortem
1535 5191 1706 5261 (Sap.
1740 5209 1811 5247 vn
1835 5235 1850 5258 ,
1883 5194 1970 5265 6),
2019 5211 2125 5249 non

566 5278 872 5331 meritorum
902 5277 1251 5346 aequalitatem
1272 5317 1287 5343 ,
1324 5279 1418 5334 sed
1448 5283 1701 5349 mqualem
1732 5281 1914 5336 docuit
1943 5285 2122 5338 condi-

569 5368 783 5420 tionem.
815 5367 962 5421 L'nde
1001 5369 1044 5422 si
1084 5378 1329 5438 apparet,
1358 5377 1414 5424 ut
1437 5371 1643 5438 opinor,
1676 5387 1774 5426 nec
1808 5373 1963 5427 infida
1995 5374 2130 5430 fide-

571 5460 698 5513 lium
719 5499 733 5523 ,
766 5473 861 5513 nec
890 5459 1119 5528 peritura
1148 5476 1263 5515 esse
1292 5462 1584 5528 salvorum,
1628 5479 1744 5533 quae
1790 5466 1897 5520 sint
1947 5476 2126 5520 nostra

570 5552 839 5620 paululum
869 5553 1249 5608 discerttamus.
1283 5555 1444 5620 Ecce,
1479 5564 1533 5608 ut
1562 5569 1722 5624 supra
1746 5556 1886 5621 dixi,
1919 5572 2036 5611 cum
2072 5555 2124 5611 in

572 5644 708 5700 hunc
752 5646 1000 5703 mundum
1033 5648 1307 5704 venientes
1331 5648 1460 5702 nihil
1491 5657 1711 5705 terrenae
1747 5647 2009 5706 facultatis
2035 5649 2120 5704 in-

2763 4597 2854 4651 AD
2895 4593 3255 4650 IIEBRxEOS.

2301 4732 2351 4784 Ι.
2395 4730 2564 4783 Filius
2594 4745 2732 4782 meus
2755 4745 2805 4781 es
2835 4738 2887 4780 tu
2906 4769 2920 4794 ,
2951 4743 3042 4798 ego
3068 4727 3216 4779 hodie
3241 4726 3389 4795 genui
3415 4735 3478 4780 te.

2305 4819 2387 4874 ΙΙ.
2429 4820 2696 4873 Minorasti
2723 4834 2836 4871 eum
2861 4818 3018 4884 paulo
3044 4818 3209 4875 minus
3235 4816 3298 4868 ab
3324 4813 3518 4884 angelis

2305 4908 2424 4963 111.
2469 4909 2564 4963 Ubi
2601 4909 2731 4962 enirn
2763 4917 3107 4961 testamentum
3127 4949 3140 4974 ,
3171 4922 3305 4960 mors
3334 4919 3532 4957 necesse
3551 4910 3625 4956 est
3650 4902 3806 4954 inter-

2234 5003 2377 5057 cedat
2409 5002 2680 5054 testatoris.

2304 5093 2332 5147 1
2349 5094 2410 5148 V.
2454 5092 2583 5146 Fide
2612 5091 2789 5145 obtulit
2820 5091 3072 5144 Abraham
3102 5088 3270 5151 Isaac,
3303 5103 3416 5141 cum
3449 5093 3750 5139 tentaretur.

2319 5183 2376 5236 V.
2417 5182 2656 5252 Lapidati
2683 5191 2823 5248 sunt,
2853 5181 2974 5234 secti
3003 5189 3140 5233 sunt.

2541 5382 2652 5452 (Ex
2686 5383 2822 5436 libro
2847 5382 2915 5436 de
2943 5379 3136 5434 Christi
3168 5379 3464 5434 divinitate.
3491 5380 3511 5446 )

2307 5477 2475 5532 Filius
2505 5492 2642 5528 meus
2674 5491 2722 5528 es
2753 5483 2837 5540 tu,
2863 5489 2954 5543 ego
2981 5471 3129 5524 hodie
3163 5473 3312 5542 genui
3344 5481 3390 5523 te
3415 5468 3588 5541 (Psal.
3624 5483 3657 5520 tt
3680 5510 3697 5530 ,
3727 5467 3810 5534 7).

2235 5569 2402 5624 llodie
2419 5567 2503 5621 hic
2522 5565 2812 5627 aeternitas,
2828 5571 2955 5624 etc..
2971 5570 3024 5613 ut
3048 5563 3100 5614 in
3124 5559 3340 5629 epistola
3362 5559 3429 5614 9.8
3455 5558 3576 5630 (col.
3592 5556 3816 5625 946,0,

2235 5675 2389 5729 usque
2408 5658 2474 5711 ad
2495 5669 2687 5713 nomen
2719 5653 2810 5708 lilii
2840 5652 2975 5725 ejus,
2999 5652 3043 5708 si
3071 5650 3237 5708 nosti.
