4046 6170
631 453 652 527 (
666 455 741 511 Ex
764 453 915 514 libris
938 466 1121 514 contra
1146 458 1425 532 Arianos.)

302 564 584 619 Minorasti
603 581 719 620 eum
741 568 894 635 paulo
916 569 1082 623 minus
1101 569 1163 623 ab
1184 571 1378 642 angelis
1402 570 1574 640 (Psal.
1598 587 1709 637 vttt,
1735 571 1810 643 6).

234 657 380 723 Quod
414 658 705 726 Apostolus
734 658 801 714 de
832 657 1044 715 Christo
1072 664 1294 732 exponit
1337 663 1576 730 dictum,
1608 681 1728 721 cum
1762 666 1813 721 in

235 756 421 800 n..tura
463 748 759 804 dzvinitatis
804 764 914 804 sua:
960 751 1131 821 major
1158 767 1278 808 esse
1309 754 1512 822 angelis
1540 770 1569 809 a
1602 758 1816 813 nemine

234 836 527 890 dubitatur.
560 836 636 892 De
659 851 764 907 quo
793 837 921 893 diclt
947 841 1233 910 Apostolus
1258 843 1324 897 ad
1352 845 1527 899 'I'itum
1548 846 1809 918 scribens,

234 941 283 985 ut
302 933 616 1003 abnegantes
649 935 985 1005 impietatem,
1016 945 1062 990 et
1090 938 1357 992 stecularia
1384 939 1665 1009 desideria,
1692 958 1815 1012 pru-

236 1025 407 1078 denter
432 1035 478 1077 et
499 1027 642 1095 juste
671 1036 719 1080 et
747 1030 829 1095 pie
853 1028 1075 1082 vivamus
1096 1030 1147 1082 in
1173 1030 1266 1083 hoc
1289 1031 1496 1095 sarculo,
1520 1042 1814 1103 exspectan-

236 1126 303 1167 tes
346 1116 551 1168 beatam
588 1132 765 1185 spem,
811 1125 858 1171 et
888 1118 1156 1171 adventant
1194 1120 1371 1190 gloria:
1415 1122 1588 1192 magni
1632 1121 1729 1175 Dei
1767 1133 1813 1177 et

236 1211 523 1265 Saluatoris
550 1211 711 1264 nastri
732 1210 859 1265 Jesu
882 1210 1106 1277 Christi,
1148 1214 1236 1282 qui
1274 1214 1411 1268 dedit
1448 1230 1542 1283 pro
1565 1216 1707 1269 nobis
1736 1234 1814 1271 se-

233 1305 501 1372 metipsum
532 1301 674 1372 (Tit.
720 1319 785 1370 ιι,
828 1303 949 1373 12).
996 1303 1070 1359 De
1102 1319 1207 1373 quo
1246 1305 1351 1359 alio
1390 1305 1508 1361 loco
1537 1306 1809 1377 Scriptura

232 1404 413 1450 nostra
444 1394 576 1449 dicit
608 1412 622 1448 :
658 1395 760 1461 Qui
793 1402 898 1460 est,
936 1395 1020 1459 qui
1062 1404 1201 1462 erat,
1244 1396 1429 1465 quique
1471 1407 1708 1450 venturus
1739 1408 1811 1452 est

233 1488 551 1553 omnipotens
580 1485 765 1556 (Apoc.
790 1500 842 1539 ιι
861 1526 876 1552 ,
910 1484 1031 1554 17).
1058 1486 1111 1540 Si
1144 1484 1513 1556 omnipotens,
1542 1487 1685 1542 unde
1714 1489 1812 1543 mi-

233 1579 364 1634 nor?
409 1577 544 1631 Nam
570 1586 621 1631 et
649 1576 777 1631 illud
820 1577 1163 1645 omnipotens
1191 1576 1320 1632 dicit
1345 1577 1454 1647 jam
1484 1588 1602 1647 post
1632 1592 1809 1634 resur-

234 1668 527 1723 rectionem
551 1681 700 1721 suam
731 1666 1024 1722 secundum
1056 1668 1359 1723 Matthteum
1381 1709 1397 1733 ,
1431 1669 1567 1723 Data
1589 1680 1662 1725 est
1684 1673 1809 1727 mihi

231 1760 389 1812 omnis
423 1766 644 1829 potestas
680 1760 735 1811 in
774 1758 898 1812 calo
928 1768 973 1811 et
1006 1759 1060 1811 in
1099 1767 1233 1814 terra
1262 1759 1806 1835 (Matt/immuniti).

231 1851 377 1919 Quod
410 1853 455 1906 si
486 1853 606 1922 quis
634 1853 894 1908 minorem
927 1860 1078 1922 putat
1104 1854 1452 1922 accipientem
1483 1870 1548 1910 eo
1575 1856 1666 1925 qui
1696 1859 1806 1924 dat,

230 1946 361 2013 legat
388 1955 445 2000 et
474 1946 543 2000 de
568 1945 783 2000 Christo
819 1959 915 2015 per
943 1946 1259 2016 Apostolum
1287 1947 1389 2003 dici
1427 1964 1441 2002 :
1478 1947 1605 2001 Cum
1646 1948 1809 2003 tradi-

229 2038 353 2089 derit
387 2053 602 2109 regnum
629 2037 737 2091 Deo
766 2047 811 2092 et
843 2035 990 2092 Patri
1023 2036 1084 2110 (I
1142 2036 1260 2094 Cor.
1294 2056 1387 2107 xv,
1418 2040 1550 2111 2i):
1581 2056 1700 2096 cum
1730 2044 1807 2098 sic

227 2143 325 2182 non
351 2129 529 2196 possit
553 2143 673 2183 esse
700 2137 851 2198 pater
891 2129 1009 2185 sine
1039 2144 1203 2199 regno
1222 2171 1236 2193 ,
1265 2131 1406 2201 quod
1436 2131 1485 2186 ei
1518 2132 1653 2185 ﬁlius
1674 2132 1809 2186 diei-

227 2227 306 2273 tur
337 2234 466 2275 esse
497 2220 818 2288 traditurus,
850 2221 990 2277 sicut
1016 2236 1113 2277 nec
1152 2223 1289 2277 ﬁlius
1323 2224 1438 2279 sine
1466 2225 1611 2279 omni
1654 2237 1803 2295 pote-

224 2321 353 2367 state
386 2328 549 2382 quam
582 2313 679 2368 sibi
706 2314 836 2369 dicit
876 2314 1052 2369 datam
1099 2317 1149 2369 in
1194 2316 1331 2370 coelo
1362 2325 1415 2371 et
1444 2317 1495 2371 in
1531 2326 1692 2371 terra.
1727 2318 1803 2373 De

224 2417 320 2469 quo
350 2402 414 2458 S.
449 2403 642 2457 Paulus
678 2403 745 2457 ad
776 2404 1150 2471 (Zolossenses,
1198 2405 1489 2475 prohibens
1520 2423 1586 2462 ne
1614 2408 1802 2462 creda-

222 2507 337 2546 mus
399 2494 694 2547 secundum
747 2494 1084 2550 traditionem
1136 2496 1443 2566 hominum,
1507 2498 1799 2553 secundum

222 2584 482 2639 elementa
516 2584 672 2653 hujus
696 2587 913 2653 mundi,
944 2597 997 2640 et
1028 2602 1132 2641 non
1164 2587 1456 2641 secundum
1484 2588 1749 2643 Christum
1783 2605 1799 2642 :

225 2674 495 2740 Quoniam,
535 2676 701 2743 inquit
722 2716 735 2740 ,
766 2677 819 2729 in
850 2678 958 2744 ipso
983 2678 1175 2730 habitat
1201 2679 1365 2731 omnis
1390 2680 1651 2748 plenitudo
1672 2680 1801 2733 diri-

221 2766 384 2818 uitatis
415 2769 749 2837 corporaliter
780 2767 1012 2839 (Coless.
1048 2785 1113 2836 ιι,
1144 2769 1232 2841 9).

529 2992 644 3062 (Ex
675 3007 929 3048 sermone
957 2994 1022 3049 de
1055 2993 1224 3049 Natali
1255 2995 1485 3066 calicis.)

280 3104 604 3175 Implet-nus
635 3104 960 3175 Redemptor
982 3114 1165 3160 noster
1193 3116 1584 3162 sacramentum
1615 3107 1791 3161 carnis

215 3208 521 3266 assumptar,
553 3198 689 3252 sicut
716 3206 948 3253 aeternus
975 3207 1028 3254 et
1069 3199 1339 3269 piissimus
1382 3211 1553 3268 pater,
1599 3205 1792 3257 creat’s

216 3303 241 3341 a
277 3302 335 3343 se
383 3287 788 3358 redemptisque
842 3290 966 3343 ﬁliis
1021 3304 1169 3358 spem
1221 3291 1439 3344 indulta:
1489 3292 1791 3361 adoptionis

214 3378 488 3447 aperiens,
521 3378 983 3449 substantiamque
1014 3380 1166 3433 nobis
1195 3379 1468 3435 caelestem
1497 3389 1622 3436 ante
1650 3382 1789 3438 diem

215 3484 317 3524 sine
362 3472 557 3525 mortis
587 3471 901 3540 assignans,
933 3480 1307 3527 testamentum
1357 3474 1507 3542 iecit,
1542 3490 1647 3544 quo
1692 3490 1791 3530 nos

215 3557 451 3615 haeredes
499 3562 567 3615 ab
605 3561 687 3616 his
716 3577 833 3633 qua:
863 3563 1189 3632 largiebatur
1239 3565 1499 3630 instituit,
1555 3565 1788 3621 humana

214 3651 421 3717 quidem
453 3656 852 3721 comparatione
874 3696 890 3721 ,
924 3655 1016 3709 sed
1042 3671 1145 3710 non
1176 3655 1405 3710 humana
1435 3658 1786 3723 necessitate,

212 3754 309 3793 non
341 3745 645 3798 amissurus
673 3746 814 3815 quod
846 3745 969 3800 ﬁliis
1013 3746 1332 3816 deputabat,
1373 3748 1465 3802 sed
1510 3747 1789 3804 habiturus

210 3833 371 3901 magis
414 3833 552 3888 ﬁlios
577 3849 699 3890 cum
730 3836 1044 3893 haereditate
1074 3855 1229 3908 quam
1260 3840 1571 3907 scripserat.
1602 3840 1787 3895 Testa-

209 3934 445 3977 mentum
470 3924 573 3979 hoc
601 3927 933 3996 appellamus
956 3937 1328 3985 testamentum
1362 3946 1576 3986 novum.
1603 3931 1659 3986 In
1682 3945 1788 4003 quo

208 4015 561 4069 cthredatis
592 4017 871 4083 omnibus,
903 4020 1050 4074 solus
1082 4020 1251 4075 haeres
1293 4022 1591 4076 instituitur
1621 4037 1788 4092 papu-

209 4104 287 4157 lus
324 4105 681 4162 Christianus.
726 4109 837 4164 Non
871 4122 1050 4167 autem
1078 4113 1227 4182 juxta
1261 4124 1531 4169 terrenum
1580 4129 1785 4169 morem

209 4194 491 4252 hereditas
544 4199 641 4252 ista
687 4199 966 4269 dividitur,
1013 4218 1111 4257 nec
1155 4204 1486 4273 corruptibili
1536 4206 1787 4260 distribu-

210 4288 347 4343 tione
394 4290 447 4342 in
488 4291 666 4359 plures
713 4293 951 4363 dispersa
1005 4304 1271 4350 tenuatur.
1304 4296 1504 4351 Omnes
1554 4298 1784 4366 recepit,

1162 228 1519 290 VARIORUM
1559 231 2065 296 OPUSCULORUM
2104 241 2545 302 FRAGMENTA.

1849 351 1901 411 Α
1929 352 2053 409 bitis
2084 356 2243 413 valde
2271 356 2479 414 idoneis
2511 359 2763 426 testibus,
2790 361 3064 434 discipulis
3092 367 3234 433 suis,
3265 374 3501 428 conscri-

1818 3059 1866 3124 C

3393 260 3498 317 52d

1918 449 2025 517 psit
2057 448 2316 517 traditus,
2347 451 2578 522 signavit
2603 466 2791 522 passus
2811 494 2827 521 ,
2860 457 3070 525 aperuit
3090 461 3395 516 suscitatus.
3430 464 3501 520 Et

1916 538 2040 608 quia
2067 549 2259 597 cuncta
2290 543 2391 598 rite
2423 554 2635 613 peracta
2665 554 2813 613 sunt,
2844 548 3037 603 merito
3060 552 3334 618 apostolus
3361 554 3499 610 Pau-

1917 633 1999 686 lus
2038 632 2167 688 dicit
2216 651 2227 685 ε
2282 635 2433 702 Quod
2475 636 2695 691 hominis
2735 639 3093 707 conﬁrmatum
3146 653 3497 700 testamentum

1916 738 2062 777 nemo
2085 724 2287 778 irritum
2315 730 2469 796 facit,
2495 736 2585 780 aut
2607 730 2969 795 superordinat
2996 728 3151 800 (Gal.
3184 748 3259 798 ιιι,
3290 734 3409 804 15),
3443 736 3494 790 id

1914 823 1998 868 est
2024 823 2212 869 mutat.
2246 817 2613 885 Agnoscamus
2645 834 2785 873 nunc
2820 819 3051 874 ﬁdeliter
3092 837 3351 877 summam
3386 825 3495 879 hae-

1914 907 2157 962 reditatis
2180 907 2431 978 indepta).
2460 908 2591 963 Illud
2611 918 2696 964 est
2719 910 2967 966 videlicet
2989 912 3129 981 quod
3157 916 3494 969 coenantibus

1914 1000 2174 1069 apostolis
2204 1000 2391 1055 aeterni
2432 1000 2702 1056 libaminis
2732 1003 2973 1059 ordinem
3004 1006 3357 1059 consecravit.
3391 1006 3494 1060 Ita-

1913 1106 2018 1159 que
2041 1091 2317 1157 videmus,
2347 1093 2487 1162 quod
2516 1093 2649 1147 nihil
2686 1094 2838 1149 nobis
2874 1094 2942 1150 de
2970 1096 3281 1152 substantia:
3314 1098 3490 1166 pleni-

1913 1182 2098 1236 tudine
2123 1181 2336 1247 minui’,
2368 1183 2458 1252 qui
2486 1184 2627 1252 quod
2659 1199 2757 1253 pro
2786 1186 2942 1240 nobis
2972 1188 3289 1257 assumpsit,
3322 1197 3491 1243 totum

1912 1274 2067 1329 nobis
2095 1273 2335 1343 reliquit.
2365 1273 2467 1328 Alii
2502 1275 2804 1331 lueredibus
2830 1277 2940 1331 suis
2967 1292 3060 1332 sua
3093 1280 3360 1345 tribuunt,
3404 1282 3493 1336 ille

1911 1368 2293 1437 semetipsum,
2333 1366 2386 1422 id
2420 1376 2503 1423 est
2537 1382 2753 1424 carnem
2784 1369 2869 1425 vel
2900 1372 3212 1441 sanguinem
3247 1374 3491 1443 corporis

1912 1460 2017 1515 sui.

2659 1550 2749 1608 IV.

2300 1642 2413 1713 (Ex
2440 1656 2690 1699 sermone
2717 1644 2807 1699 die
2836 1642 3100 1707 Pascha.)

1836 1704 1886 1767 Β
1981 1730 2258 1788 Uuivcrsis
2294 1704 2454 1804 igitur
2495 1732 2632 1789 ferte
2676 1749 2797 1804 qua:
2839 1736 3066 1789 sumitis.
3101 1734 3251 1802 Quod
3294 1751 3491 1792 mensas

1908 1826 2165 1894 apposui,
2202 1828 2400 1881 mundo
2424 1827 2692 1883 transmisi
2723 1842 2738 1880 :
2767 1828 2906 1881 calix
2939 1844 3096 1897 quem
3128 1843 3223 1882 vos
3248 1829 3491 1897 gaudetis

1905 1926 2187 1987 gustasse,
2218 1928 2534 1974 cunctorum
2564 1930 2665 1975 est.
2701 1920 2832 1975 Novi
2871 1928 2926 1975 ct
2950 1920 3134 1975 attenti
3182 1922 3489 1975 testamenti

1906 2024 2105 2079 paucos
2128 2019 2290 2065 testes
2318 2010 2577 2077 adhibuit,
2608 2011 2806 2066 multos
2843 2012 3104 2067 literedes.
3129 2010 3281 2066 Nulla
3311 2020 3488 2067 tamen

1906 2101 2069 2154 sortis
2089 2100 2327 2155 conditio
2354 2101 2587 2157 admittit
2615 2102 2872 2156 alienum.
2907 2102 3095 2156 Certos
3125 2118 3369 2171 quosque
3403 2119 3488 2156 rc-

1906 2191 2034 2261 cipit
2059 2193 2292 2248 cmlestis
2313 2192 2547 2263 cognitio
2579 2210 2593 2247 :
2628 2194 2855 2264 populus
2883 2202 2966 2249 est
2993 2195 3209 2264 quidem
3242 2194 3487 2263 adoptio-

1905 2296 1973 2336 ne
1999 2322 2013 2348 ,
2044 2282 2137 2338 sed
2168 2284 2376 2339 unicus.

2660 2376 2725 2431 ν.

2208 2470 2229 2539 (
2246 2467 2319 2522 Ex
2348 2482 2597 2524 sermone
2622 2470 2691 2524 de
2723 2469 2948 2523 Ezecbia
2982 2472 3163 2538 rege.)

1976 2558 2066 2613 Ille
2098 2560 2364 2629 quondam
2396 2560 2820 2627 patriarcharum
2851 2563 3113 2617 maximus
3149 2572 3296 2629 pater
3320 2562 3482 2631 (Gen.

1904 2651 2076 2720 nu),
2108 2653 2196 2721 qui
2226 2650 2611 2706 immolandum
2643 2652 2805 2707 ﬁlium
2834 2654 3014 2723 jussus
3046 2654 3239 2709 oﬁ'erre
3263 2697 3275 2719 ,
3308 2655 3482 2709 virili-

1904 2748 1987 2795 ter
2016 2742 2387 2810 praesumpsit,
2432 2758 2531 2798 nec
2562 2744 2825 2811 majestati
2860 2745 3129 2799 hominem
3160 2759 3319 2815 posse
3346 2748 3481 2800 resia

1901 2840 2079 2899 stere,
2123 2845 2223 2886 nec
2266 2832 2452 2901 pietati
2500 2844 2822 2904 praeceptum
2870 2835 3139 2904 parricidii
3170 2837 3476 2892 convenire.

1902 2923 1968 2977 Et
2002 2933 2214 2991 tamen,
2254 2941 2375 2980 cum
2422 2925 2666 2995 mysterii
2715 2926 3292 2995 ignorareteventum,
3324 2928 3477 2982 altari

1901 3013 2066 3070 ﬁlium
2096 3017 2247 3086 quasi
2272 3017 2609 3085 jugulaturus
2638 3018 2892 3086 imposuit
2926 3033 2941 3070 :
2973 3033 3135 3071 unum
3178 3018 3477 3072 certissime

1900 3116 2114 3173 tenens,
2149 3108 2194 3162 si
2235 3106 2390 3176 hujus
2432 3107 2621 3162 hosﬁte
2658 3106 2768 3162 Deo
2800 3107 3198 3161 irrevocabilem
3231 3108 3476 3163 Iibui~set

1897 3206 2082 3254 tenere
2112 3199 2452 3264 sententiam,
2486 3213 2592 3252 non
2623 3197 2965 3252 homicidium
2985 3242 2999 3265 ,
3033 3197 3125 3253 sed
3156 3198 3473 3252 sacriﬁcium

1896 3288 2009 3344 fore
2034 3289 2175 3360 quod
2202 3289 2505 3345 obedientia
2535 3290 2914 3345 commisisset.

2645 3380 2732 3436 VI.

2191 3472 2211 3541 (
2226 3471 2300 3526 Ex
2333 3485 2584 3527 sermone
2612 3471 2699 3527 die
2724 3471 2759 3526 2
2783 3470 3184 3541 Rogationum.)

1963 3563 2070 3619 Nos
2098 3564 2269 3635 magis
2292 3564 2558 3620 instruunt
2586 3564 2672 3618 isti
2698 3564 2994 3632 pr0phet.n,
3026 3572 3081 3618 et
3109 3563 3475 3619 inﬁrmitatem

1893 3667 2129 3712 nostram
2161 3659 2310 3728 quasi
2337 3658 2435 3712 sub
2462 3673 2573 3713 sum
2603 3657 2950 3727 impatientia:
2978 3656 3319 3712 sermonibus
3347 3670 3475 3710 con-

1891 3749 2152 3804 solantur.
2186 3748 2402 3804 Illorum
2436 3764 2595 3818 porro
2624 3749 2934 3818 patientiam
2986 3756 3252 3801 testantur
3295 3746 3475 3800 multi-

1891 3841 2057 3912 plices
2088 3843 2141 3896 in
2172 3844 2478 3897 inﬁrmitate
2508 3843 2753 3898 virtutes.
2802 3844 3039 3910 Quorum
3064 3851 3119 3896 ut
3148 3841 3230 3896 vel
3259 3841 3472 3906 paucis-

1891 3932 2077 3996 simos,
2111 3941 2328 4001 propter
2364 3932 2522 3985 istum
2551 3933 2640 4001 qui
2672 3933 2813 3987 dolet
2838 3933 3041 4001 justum
3085 3933 3153 3987 ab
3182 3932 3345 4001 impio
3374 3932 3472 3987 de-

1890 4022 2104 4085 vorari,
2150 4021 2379 4089 exempli
2406 4022 2570 4090 gratia
2612 4021 2985 4090 proferamus,
3032 4022 3217 4088 probat
3266 4021 3365 4073 hoc
3403 4023 3471 4075 de

1889 4112 2118 4169 Jerem'a
2142 4113 2427 4181 gloriosior
2456 4113 2508 4165 in
2538 4112 2849 4180 captivitate
2887 4112 3137 4177 libertas,
3173 4125 3348 4178 neque
3378 4120 3472 4177 p‘er

1890 4204 2116 4273 ligamen
2156 4202 2398 4271 corporis
2446 4201 2659 4257 licentia
2709 4202 2887 4254 vincta
2937 4200 3220 4253 sermonis.
3276 4198 3471 4253 Probat

1892 4296 2109 4363 Esaias,
2152 4311 2310 4366 quem
2342 4295 2410 4349 ob
2458 4295 2781 4363 pratconium
2824 4294 3094 4359 veritatis,
3145 4294 3472 4349 divaricante

208 4393 391 4435 omnes
431 4381 618 4436 invitat
650 4400 662 4435 :
703 4399 803 4439 nec
842 4384 910 4440 de
954 4386 1200 4455 portione
1251 4395 1523 4443 tenentum
1576 4388 1785 4443 tollitur
1812 4427 1863 4488 Β
1893 4405 2039 4445 serra
2071 4389 2275 4445 obtusis
2297 4388 2545 4445 dentibus
2565 4429 2581 4457 ,
2611 4387 2887 4443 doloribus
2916 4387 3113 4454 acutis,
3145 4390 3372 4442 saeviens
3397 4387 3471 4441 ci-

208 4473 342 4540 quod
370 4474 492 4529 aliis
521 4478 863 4533 nascentibus
901 4479 1205 4549 deputetur.
1258 4481 1478 4538 Crescat
1523 4492 1779 4553 quantum

207 4564 348 4630 vult,
398 4573 453 4620 et
501 4567 885 4637 multiplicetur
936 4571 1252 4627 renascendi
1299 4572 1492 4642 cupida
1544 4575 1780 4628 liliorum

207 4654 471 4724 voluntas,
500 4659 747 4713 omnibus
767 4674 823 4714 se
846 4661 1317 4719 incontaminatam
1344 4676 1583 4721 reservat
1607 4667 1779 4721 haere-

207 4744 359 4801 ditas.
393 4748 500 4804 Sed
530 4750 671 4805 istud
702 4758 1076 4808 testamentum
1111 4771 1304 4811 novum
1328 4768 1511 4814 vetere
1531 4759 1777 4828 suppleto

205 4840 389 4894 ordine
426 4855 522 4895 suo
550 4843 742 4912 agitur,
776 4853 829 4898 et
858 4848 1018 4902 totius
1047 4846 1312 4904 ﬁrmitatis
1345 4851 1615 4919 mysteriis
1640 4850 1783 4905 cele-

207 4926 406 4989 bratur.
438 4932 584 4999 Quod
616 4934 729 5003 ipse
758 4933 1039 4993 inell'abilis
1061 4938 1370 5010 redemptor
1392 4948 1603 5006 noster,
1626 4939 1781 4995 adhi-

1890 4483 2039 4536 vicus
2090 4480 2256 4546 furor,
2288 4490 2542 4550 quantum
2583 4478 2650 4533 ad
2693 4491 2902 4547 postiam
2956 4477 3254 4532 mortaliter
3282 4476 3466 4537 torsit,

1887 4581 2086 4629 tantum
2116 4575 2181 4627 ad
2213 4573 2433 4641 gloriam
2466 4572 2694 4627 vitaliter
2724 4570 2941 4626 occidit.
2983 4569 3223 4638 Cumque
3258 4568 3469 4623 victore

1885 4665 2136 4721 defuncto
2157 4707 2171 4731 ,
2196 4666 2366 4719 victus
2383 4674 2656 4734 superstes
2683 4663 2918 4729 doleret,
2950 4678 3043 4732 per
3071 4662 3321 4716 laniatum
3352 4674 3469 4713 car-

1886 4771 2007 4812 nem
2038 4764 2269 4810 mentem
2295 4755 2598 4824 nequivisse
2635 4754 2887 4819 lacerari,
2920 4767 3039 4808 cum
3075 4752 3268 4806 multas
3298 4765 3471 4803 mem-

1887 4848 2105 4904 brorum
2158 4856 2335 4917 partes
2395 4860 2528 4915 quas
2572 4845 2907 4915 disjunxerat
2960 4850 3302 4909 numeraret,
3349 4838 3471 4910 plus

1884 4954 2042 5010 quam
2070 4955 2228 4994 unam
2259 4938 2419 4993 Iidem
2450 4936 2690 4992 invenire
2720 4950 2826 4990 nou
2862 4936 3051 5004 potu’t.

1529 5188 1641 5260 (Ex
1671 5184 1840 5243 veteri
1872 5187 2115 5259 codice.)

632 5312 711 5367 Ex
740 5316 883 5372 dictis
918 5316 1124 5374 Patrum
1151 5320 1359 5377 diversis
1379 5321 1765 5375 catholicorum.
1801 5321 1930 5375 Hac
1961 5320 2313 5394 Lugdunensis
2347 5322 2535 5381 Florus
2563 5326 2764 5396 collegit
2791 5326 2844 5381 in
2872 5340 3049 5379 unum.

1523 5564 2150 5605 Ἥ
