4024 6172
549 291 658 350 525

1823 267 1881 320 S.
1923 263 2105 318 AVITI
2151 257 2550 314 VIENNENSIS

3723 235 3826 293 524

555 361 3788 424 ______________'____________________________

1201 478 1843 598 ALGIMI
1891 472 2573 586 ECDIGII
2637 465 3195 581 AVITI

1882 669 1908 696 ⁸
1929 669 2491 748 POEMATUM

1038 860 1214 974 DE
1299 848 1958 969 MOSAICXE
2047 844 2765 959 HISTORle
2853 843 3348 959 GESTIS

1914 1045 2097 1101 LIBRI
2136 1045 2463 1112 QUINQUE.

1156 1299 1534 1357 PROLOGUS.

571 1471 586 1502 '
609 1467 824 1524 Domino
841 1469 1014 1516 sancto
1040 1461 1093 1512 in
1116 1457 1316 1509 Christo
1340 1453 1570 1524 piissimo
1590 1466 1648 1503 ac
1671 1449 1960 1524 beatissimo
1987 1448 2146 1514 Apol-

673 1519 826 1591 linari
851 1533 1084 1602 episcopo
1115 1519 1348 1580 Alcimus
1375 1523 1612 1574 Ecdirius
1653 1519 1828 1572 Avitus
1858 1522 2036 1587 frater.

637 1689 815 1756 Nuper
866 1683 1122 1754 quidem,
1171 1678 1359 1749 paucis
1410 1676 1745 1730 homiliarum
1794 1688 2032 1727 mearum
2093 1674 2144 1726 in

571 1795 732 1835 unum
768 1789 963 1844 corpus
991 1771 1244 1836 redactis,
1279 1770 1490 1821 hortatu
1530 1765 1822 1818 amicorum
1857 1764 2144 1816 discrimen

571 1868 817 1921 editionis
847 1863 1062 1918 intravi.
1095 1861 1201 1915 Sed
1248 1859 1424 1912 adhuc
1452 1867 1501 1911 te
1547 1855 1750 1924 majora
1778 1854 2058 1918 suadente,
2093 1853 2145 1906 in

571 1962 886 2015 cothurnum
914 1952 1284 2022 petulantioris
1315 1949 1549 2002 audacia:
1577 1947 1798 2001 edttrata
1826 1945 1998 1998 fronte
2028 1959 2148 2010 pro-

570 2051 724 2104 cedo.
761 2047 991 2114 Injnngis
1029 2057 1280 2110 namque,
1318 2049 1372 2093 ut
1416 2039 1459 2092 si
1491 2038 1776 2106 quidquam
1826 2036 1892 2089 de
1923 2035 2149 2104 quibus—

571 2153 781 2208 cunque
810 2137 985 2191 causis
1031 2133 1184 2186 metri
1230 2132 1343 2199 lege
1371 2129 1729 2196 conscriptum
1761 2135 1862 2192 est,
1893 2127 1991 2180 sub
2023 2140 2146 2194 pro-

572 2232 804 2288 fessia-ne
849 2227 1092 2297 opusculi
1135 2232 1316 2278 vestro
1357 2220 1558 2274 nomini
1609 2219 1906 2272 dedicetur.
1947 2217 2148 2271 Recolo

572 2323 820 2388 equidem
854 2317 1107 2373 nonnulla
1142 2331 1226 2368 me
1273 2328 1428 2367 versu
1460 2311 1659 2364 dixisse
1692 2327 1706 2364 :
1741 2311 1873 2362 adeo
1901 2318 1958 2362 ut
1985 2309 2029 2362 si
2057 2325 2146 2362 or-

577 2412 914 2474 dinarentur,
970 2420 1076 2459 non
1117 2403 1336 2456 minimo
1376 2401 1644 2455 volumine
1685 2401 1870 2469 stringi
1918 2399 2150 2468 potuerit

575 2501 1012 2567 epigrammatum
1044 2493 1346 2548 multitudo.
1379 2491 1528 2558 Quod
1561 2491 1686 2544 dum
1716 2489 1893 2545 facere
1935 2499 2148 2545 servato

571 2603 851 2644 causarum
903 2587 988 2640 vel
1033 2593 1333 2650 temporum
1383 2582 1570 2635 ordine
1606 2581 1914 2646 meditarer,
1965 2581 2144 2634 omnia

2169 1299 2221 1356 Α
2248 1295 2292 1349 si
2328 1294 2568 1364 religiosi
2620 1296 2882 1365 propositi
2929 1296 3127 1366 stylnm
3165 1312 3267 1351 non
3309 1296 3482 1350 minus
3515 1296 3640 1351 ﬁtItI
3676 1314 3826 1367 quam

2247 1385 2370 1452 stili
2420 1385 2532 1452 lege
2577 1387 2890 1448 servaverit,
2930 1385 3016 1439 vix
3049 1393 3201 1451 aptus
3241 1401 3360 1440 esse
3389 1388 3620 1455 poemati
3652 1399 3824 1453 queat.

2246 1474 2450 1545 Quippe
2495 1492 2615 1530 cum
2662 1477 2872 1530 licentia
2930 1476 3244 1540 mentiendi,
3272 1493 3389 1545 qua:
3434 1478 3730 1546 pictoribus
3769 1494 3825 1533 ac

2249 1571 2421 1637 poetis
2451 1585 2598 1637 mque
2622 1570 2960 1632 conceditur,
2994 1570 3124 1622 satis
3157 1570 3337 1638 procul
3368 1585 3397 1622 a
3427 1584 3711 1624 causarum
3744 1585 3826 1624 se-

2249 1661 2438 1714 rietate
2473 1661 2716 1729 pellenda
2770 1661 2858 1713 sit.
2913 1661 2968 1712 In
3014 1660 3254 1713 sa-culari
3297 1675 3526 1728 namque
3577 1677 3822 1714 versuum

2248 1765 2411 1818 Opere
2469 1751 2791 1811 condendo,
2850 1759 2998 1804 tanto
3044 1751 3162 1819 quis
3217 1751 3442 1818 peritior
3484 1756 3822 1822 appellatur,

2251 1853 2450 1912 quanto
2491 1843 2809 1910 elegantius,
2860 1843 2986 1910 imo,
3028 1852 3085 1896 ut
3114 1858 3241 1897 vere
3289 1844 3546 1909 dicamus,
3598 1847 3824 1915 ineptius

2251 1934 2376 1986 falsa
2410 1934 2660 1986 texuerit.
2690 1932 2865 1986 Taceo
2883 1933 2988 1999 jam
3024 1933 3186 1986 verba
3221 1933 3310 1987 illa
3335 1934 3419 1989 vel
3450 1935 3688 2000 nomina,
3712 1953 3823 2005 quae

2253 2025 2404 2078 nobis
2449 2038 2547 2077 nec
2583 2023 2634 2076 in
2680 2021 2870 2076 alienis
2907 2022 3119 2090 quidem
3168 2023 3416 2088 Operihus
3457 2023 3818 2094 frequentare,

2250 2131 2318 2170 ne
2345 2115 2516 2168 dicam
2546 2115 2596 2168 in
2640 2114 2840 2167 nostris
2861 2112 3208 2167 conscribere
3239 2113 3361 2168 licet
3389 2133 3400 2167 :
3431 2130 3547 2183 quae
3579 2117 3645 2169 ad
3674 2131 3822 2170 cont-

2249 2207 2441 2276 pendia
2456 2215 2756 2275 poetarum,
2781 2205 2925 2258 aliud
2951 2221 3012 2258 ex
3038 2206 3139 2259 alio
3162 2206 3516 2274 signiﬁcantia
3543 2208 3824 2276 plurimum

2251 2299 2445 2351 valent.
2476 2297 2734 2363 Quocirca
2776 2296 3117 2350 saecularium
3160 2296 3383 2365 judicio,
3415 2300 3502 2365 qtti
3531 2308 3621 2352 aut
3664 2302 3827 2368 impe-

2253 2391 2390 2445 ritia:
2417 2399 2508 2444 aut
2535 2391 2758 2459 ignavia:
2788 2391 3008 2457 dabunt,
3041 2406 3146 2444 non
3178 2392 3251 2444 uti
3287 2406 3380 2445 nes
3411 2393 3620 2447 licentia
3647 2407 3828 2464 poeta-

2251 2500 2390 2547 rum,
2418 2485 2536 2551 plus
2577 2483 2800 2536 arduum
2833 2499 2989 2552 quam
3029 2483 3359 2538 fructuosum
3405 2501 3538 2553 opus
3569 2489 3824 2555 aggessi,

2252 2575 2485 2634 divinam
2515 2574 2672 2632 longe
2701 2573 3052 2627 disc:evimus
3081 2575 3144 2628 ab
3178 2574 3405 2628 humana
3435 2576 3827 2631 existimat'cne

574 2697 710 2748 pene
743 2681 796 2733 in
829 2679 911 2732 IIII
941 2677 1233 2732 notissimae
1271 2674 1681 2744 perturbationis
1713 2675 2036 2728 necessitate
2066 2675 2144 2726 di-
2178 2659 2223 2718 Β
2251 2682 2552 2720 censuram.
2586 2665 2849 2732 Qizoniam
2885 2667 2936 2718 in
2969 2667 3271 2720 asserendis
3313 2668 3606 2738 quibusque
3633 2669 3824 2732 reDUS.

573 2787 753 2834 spersa
806 2779 950 2822 sunt.
998 2768 1127 2833 Quae
1163 2765 1412 2834 quoniam
1457 2764 1764 2831 singillatim
1806 2775 1892 2817 aut
1945 2765 2147 2833 requiri

573 2861 814 2925 difﬁcile,
848 2869 937 2912 aut
967 2857 1191 2911 inveniri
1235 2854 1566 2921 impossibile
1599 2854 1755 2918 l‘oret,
1789 2855 1957 2923 abjcci
1989 2869 2051 2908 ea
2083 2855 2148 2907 de

574 2953 752 3005 animo
776 2965 916 3015 meo,
939 2961 1165 3018 quorum
1193 2945 1319 2998 mihi
1350 2945 1430 2997 vel
1456 2943 1721 2997 ordinatio
1743 2944 2034 3006 salvornm,
2065 2943 2148 2997 vel

574 3043 938 3110 dispersorum
980 3036 1247 3106 reparatio
1279 3035 1410 3089 dura
1442 3033 1730 3088 videretur.
1765 3033 1990 3102 Aliqnos
2021 3048 2149 3088 sane

575 3132 781 3185 libellos
809 3127 944 3198 apud
969 3126 1250 3197 quemdam
1287 3125 1603 3178 familiarem
1640 3139 1814 3176 meum
1848 3134 2030 3191 postea
2065 3139 2147 3177 re-

575 3223 686 3292 peri
714 3238 726 3276 :
760 3221 845 3289 qui
874 3221 996 3274 licet
1030 3217 1335 3272 nominibus
1370 3215 1600 3288 propriis
1631 3216 1900 3283 titulisque
1929 3230 2151 3282 respon-

577 3316 756 3375 deant,
790 3319 845 3365 et
882 3311 1010 3363 alias
1035 3317 1211 3362 tamen
1235 3323 1423 3360 Causas
1453 3307 1669 3360 inventa
1696 3306 1932 3360 materiae
1959 3321 2153 3375 Oppor-

579 3407 804 3458 tunitate
847 3405 1228 3470 persrrlngunt.
1277 3400 1335 3453 lli
1377 3415 1526 3465 ergo,
1570 3402 1692 3466 quia
1717 3401 1890 3467 iubes,
1925 3401 2021 3453 etsi
2057 3402 2152 3455 ob-

579 3498 718 3548 s'uri
754 3503 878 3546 sunt
917 3507 1080 3557 opere
1123 3505 1261 3555 meo,
1296 3498 1386 3542 tuo
1431 3491 1619 3542 Saltem
1653 3492 1867 3544 nomine
1916 3491 2151 3544 illustra-

579 3589 794 3641 buntur.
842 3584 1151 3651 Quanquam
1182 3580 1403 3649 quilibet
1445 3595 1570 3634 acor
1613 3581 1702 3635 ille
1731 3581 2026 3650 doctusque
2061 3583 2152 3648 sit,

655 3731 678 3756 τι
703 3721 778 3773 De
808 3718 891 3772 his
918 3717 1068 3770 libris
1094 3715 1278 3770 Avitus
1311 3716 1423 3784 ipse
1453 3717 1516 3768 ad
1555 3717 1916 3783 Apollinarem
1945 3719 2144 3772 Sidonii

582 3793 746 3846 lilium
785 3789 1026 3843 scribens
1061 3787 1215 3855 epist.
1251 3787 1319 3840 45
1354 3803 1366 3838 :
1406 3786 1796 3855 .llogniﬁcenti'a:
1825 3799 2017 3846 νέειν-α’,
2068 3792 2147 3840 ir-

581 3864 712 3931 qttit,
743 3858 1077 3931 litterasvt’di,
1111 3856 1297 3931 quibus
1317 3856 1607 3931 scribebatis
1635 3857 1884 3931 placuisse
1913 3860 2048 3910 t-olzis
2081 3860 2146 3911 li-

2256 2759 2333 2811 vel
2365 2757 2522 2811 etiam
2558 2765 2713 2824 prout
2761 2757 2994 2824 suppetit
3034 2758 3386 2827 explicandis,
3419 2760 3461 2812 si
3509 2775 3827 2828 quacunque

2253 2865 2317 2903 ex
2351 2859 2498 2917 parte
2543 2849 2864 2916 peccandum
2910 2859 3012 2916 est,
3065 2850 3329 2905 salubrius
3370 2850 3580 2906 dicente
3629 2854 3828 2909 clerico

2254 2956 2357 2994 non
2382 2940 2629 3009 impletur
2653 2955 2840 3007 pompa
2864 2955 3020 3008 quam
3041 2941 3243 3010 regula,
3271 2950 3323 2995 et
3351 2943 3510 2996 tutius
3533 2943 3664 2996 artis
3695 2947 3828 3013 pede

2254 3047 2410 3100 quam
2455 3032 2696 3085 veritatis
2735 3031 2956 3099 vestigio
3005 3031 3355 3086 claudicatnr.
3399 3032 3514 3086 Non
3555 3035 3701 3088 enim
3753 3047 3831 3090 est

2256 3130 2505 3175 excusata
2530 3121 2925 3188 perpetratione
2956 3122 3156 3188 peccati
3191 3122 3409 3176 libertas
3443 3123 3664 3191 eloquii.
3703 3125 3831 3178 Nam

2253 3219 2297 3271 si
2342 3231 2437 3284 pro
2472 3216 2613 3268 omni
2647 3215 2810 3269 verbo
2841 3215 3012 3270 otioso
3041 3216 3180 3285 quod
3208 3217 3367 3270 locuti
3419 3217 3614 3270 fuerint
3655 3216 3831 3270 homi-

2255 3323 2370 3370 nes,
2412 3307 2672 3360 rationem
2715 3306 2996 3361 redhibere
3043 3315 3298 3375 cogentur
3330 3307 3540 3374 (Matth.
3589 3325 3684 3372 xu,
3720 3309 3829 3377 56),

2260 3398 2477 3469 agnosci
2516 3399 2566 3451 in
2609 3405 2856 3466 promptu
2903 3407 3007 3462 est,
3046 3397 3174 3450 illud
3223 3397 3576 3466 periculosius
3610 3399 3830 3464 laedere,

2261 3488 2400 3559 quod
2427 3495 2706 3542 tractatum
2743 3499 2903 3555 atque
2931 3488 3238 3542 meditatum
3267 3497 3320 3542 ct
3359 3490 3720 3557 antepositam
3754 3491 3832 3542 vi-

2261 3581 2416 3634 vendi
2442 3579 2670 3648 legibus,
2702 3579 2955 3647 loquendi
2988 3579 3104 3648 lege
3127 3580 3487 3647 pra'sumitnr.

2260 3719 2396 3773 1556
2424 3727 2603 3772 secuta
2631 3728 2731 3782 est,
2763 3718 3130 3787 Lugdunensis
3153 3716 3372 3770 Joannis
3400 3716 3641 3783 Gagneii.
3683 3717 3834 3770 lnntt-

2257 3790 2418 3842 meris
2444 3791 2637 3856 quippe
2671 3791 2823 3847 locis,
2869 3801 2916 3839 ut
2950 3787 3154 3854 pr:el'ali
3187 3802 3392 3853 sumus,
3433 3788 3751 3853 dcpravata,
3783 3796 3832 3839 ct

2256 3860 2557 3928 quingentis
2588 3875 2750 3926 prope,
2787 3859 3050 3920 veribus,
3098 3856 3352 3920 inaudito,
3406 3872 3467 3910 ac
3511 3858 3614 3908 nisi
3650 3871 3834 3910 auctor

580 3925 732 3986 bellas
754 3945 880 3999 quos
912 3928 973 3980 de
998 3925 1504 3999 spiritalis/tistoriw
1525 3931 1675 3996 gestis
1710 3929 1862 3980 etitm
1903 3931 2155 3999 legepoc—
2183 3931 2226 3991 C
2263 3925 2697 3997 ipse—proderet,
2720 3928 3046 3999 incredbi‘i
3068 3928 3299 3980 facinore
3332 3929 3676 3994 interpolata.
3711 3929 3837 3993 Qua:

581 4004 728 4056 matis
757 3996 877 4054 lusi.
900 3996 1103 4051 Titulus
1127 3997 1211 4050 hic
1233 3996 1378 4049 libris
1407 3999 1652 4050 omnibus
1679 4000 1997 4050 communis.
2023 3998 2152 4051 Nam

580 4072 768 4141 singuli
803 4068 1099 4141 peculiares
1142 4081 1266 4120 suos
1310 4067 1528 4141 habent.
1577 4069 1676 4120 Pro
1714 4068 1940 4134 spiritali
1972 4078 2148 4141 antu-nt

581 4138 800 4196 historia
823 4156 939 4208 qua!
966 4140 1118 4191 latius
1143 4147 1307 4206 patet,
1330 4138 1571 4208 Musaicm
1597 4153 1788 4192 n0uten
1808 4154 1832 4188 a
1860 4140 2013 4191 nobis
2035 4141 2158 4192 sob-

581 4207 852 4273 stitututn,
888 4224 983 4263 nec
1023 4210 1205 4263 Avitus
1251 4209 1441 4276 opinor
1481 4207 1597 4276 ipse
1647 4210 1992 4276 improbaret.
2026 4210 2153 4271 Quae

583 4282 757 4349 operis
782 4282 936 4346 hujus
961 4280 1141 4349 prima:
1167 4282 1378 4331 luerunt
1409 4280 1691 4349 editiones,
1729 4279 1972 4342 princeps
2005 4279 2153 4332 vide-

583 4347 707 4405 licet
735 4352 968 4402 omnium
1001 4347 1465 4415 Argentoratensis
1497 4365 1634 4401 anno
1672 4349 1824 4405 1507.
1855 4359 1906 4401 et
1932 4363 2051 4416 qum
2082 4350 2156 4401 al-

585 4432 700 4475 tero
731 4435 792 4472 ac
823 4421 978 4471 tertio
1000 4429 1120 4484 post
1145 4433 1283 4470 anno
1304 4419 1541 4470 Colonia:
1569 4429 1620 4472 et
1652 4419 1872 4472 Parisiis
1892 4420 2153 4486 prozliere,

585 4507 704 4545 cum
737 4488 1108 4552 manuscriptis
1137 4491 1554 4551 consentientes,
1603 4488 1694 4540 nilt
1721 4489 1732 4541 l
1764 4488 2048 4542 admirdum
2079 4492 2155 4542 in-

585 4573 664 4615 tur
690 4577 749 4615 se
777 4562 1101 4624 discrepant,
1149 4557 1246 4608 nisi
1285 4568 1537 4622 quantum
1573 4559 1782 4612 variare
1809 4561 2020 4612 diversa
2065 4574 2154 4612 so-

584 4633 690 4684 lent
722 4627 1067 4695 exemplaria.
1119 4625 1187 4678 At
1224 4625 1380 4694 longe
1410 4628 1687 4681 dissimilis
1732 4644 1847 4697 qua:
1878 4628 1974 4682 has
2018 4643 2158 4682 anno

661 4747 674 4775 ι
709 4745 852 4794 lianc
881 4739 1158 4806 epistolam
1196 4739 1370 4792 minus
1405 4740 1742 4793 emendatam
1784 4749 1943 4794 antea
1980 4741 2162 4796 edide-

583 4823 668 4866 rat
693 4812 1006 4866 Sirtnondus
1038 4810 1173 4862 inter
1203 4817 1354 4861 notas
1384 4808 1450 4862 ad
1484 4808 1711 4863 Ennodii
1749 4812 2060 4878 Opusculum
2089 4813 2156 4863 de

2261 4011 2312 4052 et
2337 4001 2385 4052 in
2418 4009 2640 4052 rieteras
2688 4001 2937 4065 deinceps
2967 3998 3228 4051 editiones
3257 4000 3448 4065 passim
3493 4007 3730 4057 recepti.
3766 4001 3838 4051 sic

2259 4084 2350 4122 eas
2381 4069 2583 4131 infecit,
2609 4078 2665 4122 ut
2694 4069 2867 4122 fucum
2899 4073 3002 4131 pati
3028 4083 3249 4121 necesse
3281 4068 3436 4122 fuerit
3464 4069 3608 4120 viros
3641 4070 3837 4120 littera-

2263 4147 2366 4196 tos.
2391 4149 2444 4192 et
2477 4154 2572 4206 pro
2609 4141 2743 4192 Aviti
2777 4139 3019 4192 versibus
3057 4139 3323 4202 Cagne‘an
3353 4153 3390 4189 =s
3434 4137 3570 4188 haud
3607 4155 3729 4190 raro
3762 4139 3836 4190 le-

2259 4224 2385 4274 gere
2435 4218 2486 4262 et
2533 4225 2806 4276 usurpare.
2862 4210 2970 4261 lloc
3017 4207 3176 4276 igitur
3221 4208 3466 4276 contagio
3511 4217 3567 4258 ut
3611 4209 3745 4262 liber
3776 4209 3841 4262 sit

2260 4279 2447 4333 Avitus
2493 4281 2544 4331 in
2584 4292 2876 4346 posterum,
2925 4293 3035 4330 sua:
3086 4279 3234 4330 illum
3275 4278 3464 4340 origini
3500 4280 3839 4341 genuinuque

2262 4350 2421 4402 nitori
2456 4349 2676 4403 reddere
2719 4354 2891 4401 eonati
2941 4363 3143 4408 sumus,
3189 4363 3288 4411 ttpt‘.
3330 4349 3435 4398 nixi
3469 4357 3710 4399 veterum
3744 4347 3840 4400 ati-

2267 4429 2394 4488 quot
2423 4419 2829 4486 exemplarium.
2876 4433 2995 4470 cum
3025 4418 3215 4486 quibus
3261 4417 3359 4469 hos
3391 4417 3554 4470 libros
3591 4420 3842 4471 religiose

2264 4490 2607 4548 contulimus.
2639 4493 2809 4542 varias
2845 4489 3098 4540 lectiones
3129 4488 3294 4538 nullas
3326 4488 3619 4553 aSpernati,
3651 4504 3842 4555 przuier

2267 4561 2502 4616 inutiles.
2533 4569 2621 4612 aut
2648 4574 2778 4625 quas
2813 4560 3038 4611 al.0t‘um
3077 4558 3319 4611 codicum
3357 4572 3656 4611 consensus
3689 4558 3842 4612 refe:-

2265 4629 2418 4683 leret.

2273 4741 2378 4796 vita
2411 4743 2471 4797 B.
2503 4741 2781 4812 Epipltanii
2816 4741 3050 4808 cpisc0pi
3082 4739 3397 4793 Ticinensis.

1629 5009 2094 5116 LIBER
2188 5011 2820 5120 PRIMUS.

1937 5172 2022 5225 DE
2059 5172 2262 5228 INITIO
2301 5173 2534 5227 MUNDI.

662 5284 924 5354 Quidquid
953 5284 1059 5352 agit
1087 5284 1262 5337 varios
1295 5284 1520 5336 humana
1552 5283 1601 5335 in
1625 5294 1784 5352 gente
1817 5283 2049 5346 labores.

597 5381 744 5437 Unde
774 5379 983 5431 brevem
1016 5387 1241 5445 Cttrptlnl
1282 5375 1526 5429 mortalia
1562 5383 1801 5443 L-mpora
1836 5378 2019 5446 vitam,

597 5475 686 5526 Vel
715 5471 851 5542 quod
879 5471 1056 5539 polluti
1090 5470 1340 5524 vitiantur
1369 5468 1576 5537 origine
1608 5483 1808 5532 mores,

594 5566 738 5628 Quos
767 5562 936 5617 aliena
966 5571 1210 5632 premunt
1240 5563 1531 5630 priscorum
1561 5560 1693 5616 facta
1725 5571 2032 5630 parentum,

597 5653 831 5710 Addatur
859 5669 1156 5728 quampiam
1180 5665 1358 5711 nostra
1384 5656 1448 5710 dc
1478 5664 1624 5725 parte
1657 5663 1860 5725 reatus,

2275 5284 2423 5350 Quod
2457 5294 2629 5338 tamen
2655 5286 2853 5338 amisso
2883 5286 3080 5340 dudum
3111 5298 3358 5358 peccatur
3380 5290 3609 5353 honore,

2274 5379 2548 5431 Ascribam
2585 5379 2700 5443 tibi,
2739 5379 2905 5444 ptime
2936 5389 3104 5446 pater,
3131 5383 3218 5448 qui
3253 5379 3461 5436 seu-ine
3487 5382 3674 5437 mortis

2273 5470 2440 5523 Tollis
2470 5485 2576 5524 suc.
2599 5471 2734 5524 idum
2764 5473 2938 5525 vitalia
2975 5474 3214 5540 germina
3238 5472 3393 5540 proli.

2274 5561 2337 5615 Et
2366 5563 2488 5618 licet
2519 5563 2618 5617 hoc
2650 5572 2818 5616 toturn
2846 5563 3088 5618 Christus
3123 5563 3442 5632 persolverit
3467 5563 3518 5615 in
3553 5578 3631 5626 so,

2273 5653 2552 5712 Contrariit
2581 5665 2835 5724 quantum
2863 5667 3115 5726 percussa
3145 5653 3198 5711 in
3229 5653 3394 5724 stirpe
3422 5668 3656 5726 propago
3683 5668 3703 5708 :
