4024 6172
211 218 302 274 323
1498 214 1877 273 PUEMATUM
1921 218 2119 274 LIBER
2161 222 2198 275 Ι.

1821 329 1874 389 Λ
1904 329 2146 396 Accipiat
2166 340 2347 388 rectos
2375 333 2427 387 in
2455 338 2653 391 emtum
2688 339 2878 394 tollere
2908 341 3093 398 vultus
3119 360 3150 395 :—

205 335 442 387 Attameu
471 327 707 382 auctoris
739 325 889 392 vitio,
919 325 1007 396 qui
1039 325 1218 381 debita
1242 324 1375 381 lethi

205 422 449 486 Instituit,
480 419 808 488 morbosque
836 419 949 473 suis
971 432 1034 472 ac
1063 417 1250 471 funera
1274 417 1442 482 misit,

205 514 334 568 Vivit
358 511 568 582 peccati
592 509 909 564 moribunda
943 509 996 563 in
1029 524 1190 563 carne
1215 510 1457 564 cicatrix.

263 604 379 658 Jam
414 603 575 657 Pater
604 604 946 669 omnipotens
973 599 1220 654 librantis
1253 600 1494 668 pondere
1529 599 1675 654 verbi

203 696 441 762 Undiqtte
473 693 715 748 collectis
745 693 1080 746 discreverat
1112 693 1259 745 arida
1292 692 1544 761 lymphis,

203 788 491 842 Littoribus
525 792 747 854 pontum
777 786 1172 852 constringens,
1205 785 1427 837 flumina
1459 783 1626 848 ripis:

202 880 302 933 tam
339 877 589 946 proprias
619 875 842 944 pulchro
873 875 1207 930 monstrabat
1237 875 1442 929 lumine
1472 874 1691 940 formas,

202 975 435 1024 llbscuro
465 971 688 1024 sedente
717 969 826 1034 die,
859 970 1115 1039 varioque
1145 970 1328 1024 colore

203 1059 431 1113 Plurima
468 1059 783 1112 distinctum
817 1059 1067 1127 pingebat
1089 1061 1258 1130 gratia
1292 1061 1573 1114 mundum.

202 1151 556 1220 Temporibus
585 1153 772 1205 sortita
803 1151 946 1205 vices
974 1160 1084 1204 tum
1115 1151 1311 1205 lumina
1344 1152 1482 1206 coelo

204 1247 418 1300 Fulsere
442 1246 656 1298 alterno
688 1245 817 1298 solis
840 1243 1089 1313 lunaeque
1121 1258 1322 1299 meatu.

203 1339 323 1405 Quin
355 1347 412 1390 et
440 1337 686 1390 sidereus
712 1345 977 1390 nocturno
1008 1345 1253 1405 tempore
1284 1338 1489 1391 candor

202 1432 484 1498 Temperat
512 1430 797 1483 horrentes
828 1438 1093 1483 astrorum
1131 1431 1247 1484 luce
1277 1432 1526 1487 tenebras

201 1529 441 1577 Actutum
467 1522 623 1575 suavi
653 1520 952 1589 producens
981 1522 1161 1574 omnia
1186 1521 1325 1588 fetu,

203 1616 415 1670 Pulchra
446 1613 738 1683 repentino
760 1615 948 1668 vestita
973 1622 1057 1668 est
1085 1615 1325 1683 gramine
1359 1616 1534 1670 tellus.

203 1711 468 1776 Accepere.
495 1721 666 1776 genus
692 1707 808 1760 sine
830 1707 1070 1775 germine
1093 1706 1238 1775 jussa
1265 1711 1461 1774 creari,

204 1800 258 1852 Et
274 1813 461 1853 semen
495 1798 755 1861 voluisse,
781 1797 893 1850 fuit.
925 1799 1011 1850 Sic
1031 1797 1192 1852 ubere
1216 1800 1362 1853 verbi

204 1890 567 1944 Frondescunt
597 1889 777 1952 silvae;
811 1889 1011 1942 teneris
1041 1888 1308 1943 radicibus
1340 1891 1500 1945 arbor

203 1983 410 2036 Duravit
447 1990 634 2034 vastos
660 1995 825 2048 parvo
851 1981 949 2035 sub
979 1989 1220 2049 tempore
1249 1998 1450 2037 ramos.

261 2075 518 2129 Protinus
550 2076 602 2127 in
617 2075 794 2127 varias
825 2072 1072 2127 animalia
1102 2074 1267 2127 multa
1303 2075 1498 2142 figuras

204 2167 453 2236 Surgunt,
486 2175 540 2218 et
569 2179 792 2218 vacuum
824 2164 1131 2217 discurrunt
1158 2164 1313 2218 bruta
1341 2166 1633 2233 perorbcm
1659 2184 1671 2228 ;

201 2257 353 2311 Elatae
378 2257 432 2308 in
460 2255 629 2308 altum
659 2255 928 2320 volucres,
962 2262 1108 2306 motu
1133 2269 1217 2320 ine
1246 2255 1410 2308 citato

201 2346 495 2401 Pendentes
525 2359 746 2398 secuere
778 2343 914 2407 vias,
937 2344 1064 2397 etin
1096 2358 1221 2398 acre
1251 2345 1387 2398 sudo

200 2437 521 2507 Praepetibus
548 2436 707 2490 librat
729 2435 1089 2490 membrorum
1127 2437 1362 2505 pondere
1396 2441 1607 2506 pennis.

199 2528 312 2582 Post
340 2529 509 2582 etiam
537 2528 703 2582 clausi
729 2536 883 2581 vasto
909 2526 1008 2580 sub
1028 2527 1238 2596 gurgite
1264 2528 1437 2597 pisces

201 2621 482 2690 llespirant
518 2619 769 2690 lymphis,
803 2619 1067 2689 ﬂatusque
1093 2621 1192 2674 Sub
1217 2636 1431 2688 aequore
1463 2621 1682 2674 ducunt.

199 2713 422 2782 Qateque
455 2722 654 2780 negant
686 2711 860 2780 nobis,
887 2712 990 2766 illis
1020 2713 1151 2766 adut
1182 2713 1395 2767 humida
1426 2715 1607 2769 vitam.

198 2803 292 2858 Nec
323 2807 507 2859 minus
530 2806 582 2858 in
617 2805 802 2874 pelago
826 2805 1085 2860 viviscunt
1111 2807 1328 2876 grandia
1353 2817 1490 2876 cete,

198 2897 580 2966 Accipiuutqne
612 2897 758 2950 cavis
789 2897 1088 2951 habitacula
1114 2898 1271 2968 digna
1296 2900 1513 2955 latebris
1546 2919 1556 2953 :

197 2987 255 3040 Et
279 3004 393 3058 quin
430 2998 671 3040 monstra
702 2988 839 3043 solet
870 3004 1022 3042 rarus
1054 3004 1194 3043 nunc
1229 2991 1456 3058 prodere
1481 3002 1698 3061 pontus,

198 3085 343 3148 Aptat
373 3082 442 3134 ad
479 3081 736 3135 informes
763 3082 1000 3136 comicus
1033 3083 1249 3136 solertia
1280 3084 1500 3138 formas.

198 3173 443 3240 Quodque
478 3171 754 3226 hominum
783 3174 914 3226 falso
944 3173 1114 3228 credit
1147 3190 1299 3229 mens
1333 3177 1511 3229 nescia
1550 3177 1772 3243 fwdum,

198 3266 287 3319 Per
317 3265 591 3334 propriam
623 3265 858 3332 speciem
884 3275 1070 3318 natura
1093 3266 1273 3334 judice
1299 3266 1579 3333 pulchrum
1615 3277 1719 3322 est.

259 3357 394 3428 Ergo
429 3357 518 3410 ubi
546 3356 830 3426 completis
861 3356 1122 3409 fulserunt
1153 3357 1329 3409 omnia
1364 3358 1542 3423 rebus,

197 3451 496 3520 Urnatuque
525 3465 626 3503 suo
660 3448 926 3516 perfectus
956 3449 1198 3502 consulit
1224 3449 1395 3513 orbis,

200 3535 318 3594 Tum
348 3541 506 3595 Pater
539 3541 884 3609 omnipotens
919 3551 1119 3595 aeterno
1148 3541 1349 3596 lumine
1381 3544 1556 3597 laetum

199 3629 421 3687 Contulit
453 3633 518 3686 ad
547 3642 719 3686 terras
747 3632 962 3686 sublimi
992 3647 1059 3688 ex
1089 3634 1291 3688 aethere
1322 3635 1553 3703 vultum,

199 3723 465 3780 lllustrans
487 3725 846 3794 quodcunque
874 3724 1016 3778 videt
1045 3743 1055 3776 :
1095 3727 1267 3792 placet
1292 3728 1402 3797 ipsi
1433 3728 1601 3781 tuenti

198 3817 387 3871 Ariilici
417 3817 618 3872 factura
643 3832 761 3882 suo,
793 3815 1081 3885 laudatque
1110 3816 1337 3872 Creator

198 3907 515 3976 Dispositum
543 3908 771 3978 pulchro
797 3923 954 3978 quem
989 3909 1228 3963 condidit
1271 3909 1463 3965 ordine
1493 3909 1769 3964 mundum.

196 4001 318 4055 Tum
346 4002 563 4056 demum
591 4000 679 4053 tali
705 4001 964 4070 sapientia
993 4016 1124 4058 voce
1149 4003 1322 4057 locuta
1356 4012 1438 4057 est
1464 4019 1477 4056 :

197 4091 268 4145 En
292 4094 552 4161 praeclara
586 4093 720 4146 nitet
750 4093 1018 4147 mundano
1048 4095 1292 4148 machina
1320 4096 1496 4160 cultu;

195 4181 253 4236 Et
279 4193 456 4238 tamen
483 4186 760 4251 impletum
793 4184 1043 4254 perfectis
1066 4185 1315 4239 omnibus
1336 4201 1386 4239 οι
1404 4187 1522 4240 bem

197 4275 318 4338 Quid
340 4276 487 4342 juvat
515 4275 744 4329 ulterius
776 4275 921 4330 nullo
947 4275 1154 4330 cultore
1188 4276 1391 4331 teneri?

196 4363 290 4418 Sed
317 4380 383 4419 ne
411 4365 570 4434 longa
599 4380 788 4418 novam
814 4369 1133 4421 contristent
1162 4366 1268 4419 otia
1304 4376 1524 4428 terram,

196 4454 334 4511 Nune
362 4457 522 4512 homo
556 4457 836 4524 formetur,
870 4457 1065 4510 summi
1102 4471 1259 4525 quem
1294 4468 1471 4526 tangat
1499 4457 1678 4525 imago

195 4546 444 4614 Numinis,
476 4559 531 4604 et
557 4557 818 4614 nostram,
853 4549 998 4602 celso
1029 4547 1259 4602 donatus
1287 4547 1391 4602 bon
1418 4563 1512 4615 ire,

197 4639 368 4694 Induat
399 4641 626 4696 interius
655 4639 891 4694 formosa
933 4639 983 4692 in
1015 4648 1197 4694 mente
1229 4640 1472 4709 figuram.

194 4729 332 4786 llunc
372 4733 500 4787 libet
540 4740 779 4786 erectum
813 4729 957 4784 vultu
989 4745 1306 4800 praeponere
1343 4732 1546 4799 pronis,

192 4820 282 4887 Qui
305 4834 452 4895 regat
474 4836 682 4878 aeterno
705 4821 1002 4890 subjectum
1037 4822 1240 4876 fcedere
1266 4823 1545 4883 mnnzlnm,

190 4913 340 4968 Bruta
366 4915 570 4981 domet,
600 4915 771 4982 legem
796 4913 1001 4966 cunctis
1024 4928 1086 4966 ac
1110 4913 1322 4965 nomina
1359 4923 1543 4980 ponat,

193 5005 334 5058 Aszra
363 5013 529 5072 notet,
559 5005 791 5072 caelique
820 5001 930 5056 vias
957 5012 1009 5056 et
1039 5003 1214 5057 sidera
1244 5004 1381 5056 norit
1406 5019 1418 5066 ;

191 5096 359 5151 Discat
382 5110 433 5153 et
457 5099 715 5168 inspectis
746 5097 1054 5151 discernere
1084 5104 1323 5164 tempora
1353 5095 1517 5165 signis
1545 5114 1558 5150 :

187 5189 440 5259 Subjiciat
471 5191 690 5260 pelagus
711 5204 932 5254 saevum,
965 5187 1288 5258 ingenioque
1320 5186 1493 5241 tenaci

185 5281 456 5338 Possideat
480 5297 810 5352 quaecunque
837 5281 1013 5346 videt;
1040 5281 1122 5334 cui
1155 5280 1321 5334 bestia
1347 5279 1596 5335 frendens

183 5377 414 5439 Serviat,
442 5387 495 5429 et
523 5376 699 5443 posito
730 5374 937 5428 discant
965 5383 1240 5428 mansueta
1273 5374 1455 5430 furore

177 5465 460 5536 imperium
485 5466 728 5535 iumenta
754 5465 880 5534 pati,
912 5466 1147 5535 iussique
1174 5465 1326 5533 ligari

181 5558 456 5614 Festiuent
486 5560 674 5630 trepidi
699 5567 952 5614 consueta
982 5559 1033 5611 in
1063 5557 1233 5612 vincla
1261 5557 1500 5627 juvenci.

177 5651 400 5723 Quoque
431 5655 591 5724 magis
620 5660 810 5707 natura
833 5649 1062 5705 hominis
1094 5648 1371 5706 sublimior
1399 5658 1598 5716 exstet,

3387 235 3489 290 3‘26

1899 420 2181 476 Factorem
2212 433 2417 494 quzerat
2445 429 2740 497 proprium,
2767 432 2854 486 cui
2887 443 3067 488 mente
3099 432 3240 488 fideli

1899 513 2176 581 [inpendat
2207 515 2459 572 famulam
2486 519 2731 589 longaevo
2761 523 2815 577 in
2845 535 3088 594 tempore
3118 527 3306 581 vitam.

1969 603 2093 659 lla'e
2123 606 2215 672 ait,
2249 615 2302 660 et
2325 607 2563 678 fragilem
2591 612 2839 682 dignatus
2871 623 3092 690 tangere,
3118 627 3337 680 terram,

1897 693 2184 765 Temperat
2207 699 2514 755 bumentem
2545 718 2840 774 consperso
2869 707 2923 762 in
2954 710 3175 777 pulvere
3206 712 3414 777 limum,

1898 787 2227 858 Moliturque
2256 806 2451 846 novum
2475 794 2626 848 dives
2657 797 2918 864 sapientia
2942 814 3157 866 corpus.

1895 878 2013 933 Non
2038 880 2197 935 aliter
2223 898 2384 951 quam
2409 899 2549 939 nunc
2578 885 2754 955 opifex
2785 891 2870 942 cui
2895 891 3024 943 artis
3059 891 3110 944 in
3141 907 3236 945 usu
3279 901 3360 946 est

1899 969 2146 1025 Flectere
2190 972 2393 1027 laxatas
2421 990 2517 1042 per
2555 986 2746 1030 cuncta
2783 981 3034 1047 sequacia
3065 996 3242 1044 ceras,

1897 1058 1964 1112 Et
1991 1062 2165 1116 vultus
2191 1063 2416 1134 implere
2446 1081 2625 1135 manu,
2663 1085 2759 1122 seu
2789 1085 3016 1139 corpora
3049 1087 3219 1142 gypso

1896 1151 2149 1223 Fingere,
2183 1156 2264 1210 vel
2292 1159 2440 1227 segni
2469 1160 2701 1228 speciem
2727 1175 3052 1231 componere
3085 1180 3283 1218 massa.

1895 1245 1987 1299 Sic
2021 1245 2183 1300 Pater
2215 1249 2552 1316 omnipotens
2575 1252 2836 1306 victurum
2864 1257 3104 1322 protinus
3137 1272 3325 1311 arvum

1894 1336 2132 1402 Tractat,
2161 1345 2216 1392 et
2247 1338 2298 1392 in
2328 1339 2473 1393 lento
2506 1341 2792 1396 meditatur
2815 1343 3020 1398 viscera
3051 1361 3227 1400 coeno.

1894 1427 2030 1482 lline
2060 1443 2240 1484 arcem
2271 1431 2462 1498 capitis
2491 1432 2708 1486 sublimi
2730 1434 2780 1485 in
2806 1436 3012 1488 vertice
3039 1440 3237 1504 signat,

1895 1520 2220 1590 Septiforetu
2255 1523 2459 1576 vultum
2490 1525 2714 1577 rationis
2754 1525 3000 1580 sensibus
3033 1536 3245 1595 aptans,

1892 1611 2125 1678 Olfactu,
2158 1613 2364 1679 auditu,
2396 1615 2535 1680 visu,
2566 1624 2831 1684 gustuque
2863 1627 3156 1684 potentem.

1818 1689 1865 1748 Β
1894 1705 2088 1759 Tactus
2111 1707 2214 1759 erit
2236 1706 2402 1771 solus,
2432 1717 2544 1760 toto
2575 1708 2665 1777 qui
2705 1723 2933 1777 corpore
2957 1710 3119 1778 judex

1890 1797 2118 1862 Sentiat,
2161 1807 2213 1850 et
2242 1799 2515 1868 proprium
2561 1811 2778 1870 spargat
2810 1817 2905 1870 per
2937 1803 3179 1857 membra
3215 1803 3472 1874 vigorem.

1890 1888 2111 1941 Flexilis
2136 1899 2370 1943 arctatur
2400 1906 2592 1944 recavo
2623 1891 2703 1944 sic
2736 1891 2912 1961 lingua
2940 1895 3143 1961 palato,
3503 1889 3508 1894 ’

1891 1980 2116 2034 [ινδ-θεας
2143 1991 2198 2033 ut
2229 1981 2280 2033 in
2305 1996 2515 2035 camera
2546 1982 2806 2049 pulsantis
2836 1985 3060 2037 verbere
3085 1985 3275 2054 plectri

1891 2073 2158 2127 Percusso
2187 2083 2403 2127 resonet
2443 2073 2750 2127 modulatus
2789 2074 2838 2127 in
2869 2089 2995 2128 aere
3027 2088 3228 2129 sermo.

1891 2165 2022 2219 Exin
2053 2164 2370 2218 succiduum
2403 2175 2653 2233 porrecto
2676 2165 2727 2217 in
2752 2179 2980 2234 corpore
3007 2175 3192 2232 pectus

1889 2256 2104 2325 Spargit
2127 2269 2371 2309 ramosas
2401 2266 2520 2324 post
2549 2255 2771 2310 brachia
2802 2256 2959 2310 fortia
2989 2257 3211 2324 palmas.

1888 2347 2136 2402 Succedit
2166 2346 2444 2401 stomacho
2475 2347 2706 2412 medius,
2731 2347 2821 2416 qui
2851 2349 3088 2415 tegmine
3116 2346 3261 2401 molli

1889 2442 2030 2495 Inter
2060 2452 2346 2510 utrumque
2378 2442 2517 2494 latus
2546 2440 2724 2494 foveat
2752 2439 2954 2504 vitalia,
2991 2451 3196 2494 venter.

1891 2534 2166 2588 Dividuam
2199 2543 2400 2603 partem
2432 2534 2607 2589 femur
2637 2534 2855 2602 excipit,
2888 2535 3062 2603 aptius
3093 2544 3151 2587 ut
3181 2548 3241 2587 se
3262 2593 3275 2609 ο

1885 2625 2137 2680 Alternus
2166 2635 2375 2682 moveat
2403 2627 2677 2694 duplicato
2711 2627 2910 2695 poplite
2939 2641 3179 2695 gressus.

1886 2719 1954 2772 At
1986 2727 2136 2788 parte
2166 2735 2232 2772 ex
2266 2721 2392 2784 alta,
2421 2719 2571 2786 fingit
2597 2733 2756 2787 quam
2788 2717 3033 2794 conditor
3062 2733 3220 2782 unus,

1884 2810 2109 2876 Occipiti
2141 2809 2403 2863 submissa
2432 2824 2530 2864 suo
2558 2808 2890 2862 descendere
2919 2807 3101 2862 cervix

1887 2901 2094 2969 lncipit,
2131 2910 2184 2954 et
2214 2909 2396 2954 vastos
2421 2899 2768 2968 compagibus
2795 2898 2995 2953 addere
3027 2910 3245 2952 nervos.

1884 2993 2049 3062 Spina
2080 2992 2260 3058 rigens
2288 2991 2494 3046 crebris
2521 2993 2659 3044 inter
2680 2991 3003 3044 commercia
3036 2987 3190 3042 nodis

1806 3061 1854 3124 (ἶ
1888 3061 2142 3140 Dill‘undit
2170 3085 2435 3154 duplicem
2458 3095 2731 3138 costarum
2763 3099 2827 3135 ex
2855 3083 3042 3135 ordine
3069 3091 3287 3134 cratem.

1882 3179 2013 3232 Pars
2046 3179 2249 3230 interna
2281 3190 2449 3230 novos
2480 3177 2602 3228 vitae
2631 3174 2890 3227 formatur
2920 3173 2984 3225 ad
3019 3187 3170 3238 usus,

1882 3269 2136 3324 Naturale
2169 3277 2359 3337 parant
2389 3276 2599 3336 tegmen
2631 3267 2809 3320 vitalia
2841 3265 3008 3326 cordi,

1879 3362 2155 3431 Massaque
2186 3361 2455 3428 congestis
2485 3359 2726 3428 pendens
2755 3359 3100 3412 absconditur
3126 3357 3282 3411 extis.

1881 3453 2016 3505 Addi
2047 3469 2108 3505 ur
2138 3452 2218 3504 his
2253 3452 2395 3505 tenui
2433 3449 2730 3519 pascendus
2763 3449 2830 3502 ab
2861 3465 2985 3503 aere
3014 3449 3214 3516 pulmo,

1881 3544 1976 3610 Qui
2007 3551 2263 3612 concepta
2292 3541 2509 3596 trahens
2539 3542 2664 3595 lenti
2695 3541 2983 3610 Spiramina
3016 3539 3193 3604 flatus,

1884 3637 2122 3705 Accipiat
2153 3635 2410 3700 reddens,
2435 3635 2622 3689 reddat
2652 3650 2784 3704 quas
2816 3650 3062 3700 sumpser
3088 3643 3308 3699 taurus,

1880 3727 2043 3796 lnque
2075 3729 2244 3782 vicem
2274 3727 2466 3780 crebro
2500 3727 2725 3794 pellatur
2752 3725 3020 3779 anhelitus
3047 3725 3286 3777 haustus.

1880 3818 1990 3872 Dex
2022 3833 2076 3872 ra
2109 3828 2248 3872 tenet
2277 3816 2474 3886 jecoris
2505 3817 2857 3886 vegetaudum
2887 3816 3144 3885 sanguine
3170 3814 3388 3880 fonten,

1879 3910 1995 3974 Quo
2025 3911 2265 3963 clausum
2295 3923 2448 3962 venre
2478 3919 2729 3976 spargunt
2762 3922 2854 3975 per
2885 3909 3087 3961 viscera
3115 3906 3333 3959 flumen.

1880 4001 2056 4055 Lienis
2087 4001 2280 4053 laevum
2312 3999 2534 4052 sortitur
2568 3998 2746 4065 regula
2779 4005 3006 4066 partem,

1878 4094 1989 4156 Qua
2019 4091 2194 4144 crines
2223 4088 2506 4157 perhibent
2533 4101 2840 4155 unguesque
2872 4099 3174 4140 recrescere
3209 4091 3406 4150 sectos,

1877 4182 1985 4234 Nec
2010 4179 2219 4233 concisa
2251 4178 2434 4232 dolent
2463 4194 2476 4230 :
2506 4176 2628 4229 hinc
2655 4190 2795 4228 nunc
2824 4184 3106 4244 augmenta
3134 4183 3414 4228 resumunt

1878 4275 2007 4338 Qua:
2035 4273 2220 4324 vivunt
2247 4283 2514 4334 sensuque
2543 4274 2727 4320 carent
2760 4267 2810 4319 in
2841 4267 3087 4333 corporis
3111 4280 3228 4319 usu.

1951 4362 2236 4430 Postquam
2274 4358 2520 4430 perfecta:
2546 4358 2712 4428 jacuit
2743 4357 2992 4412 novitatis
3026 4357 3219 4426 imago,

1795 4431 1848 4492 Β
1875 4457 2293 4523 Formatumque
2324 4452 2491 4506 lutum
2523 4452 2756 4520 speciem
2792 4450 3036 4518 pervenit
3065 4448 3117 4502 in
3146 4463 3357 4502 onmem
3383 4465 3399 4503 ε

1874 4549 2111 4603 Vertitur
2135 4546 2187 4600 in
2219 4561 2434 4600 carnem
2467 4545 2646 4607 limus,
2670 4543 2964 4612 durataque
2995 4543 3183 4596 molles

1873 4639 2182 4692 Vit-oribus
2212 4637 2400 4690 mediis
2433 4642 2711 4689 traxerunt
2739 4649 2858 4687 ossa
2897 4634 3179 4688 medullas.

1872 4730 2129 4784 Inseritur
2159 4727 2310 4781 venis
2339 4728 2576 4796 sanguis,
2613 4726 2846 4793 vivoque
2870 4725 3053 4778 colore

1870 4821 2042 4875 lnfirit
2070 4835 2162 4875 ora
2191 4819 2354 4874 rubor
2381 4837 2394 4873 :
2425 4827 2536 4872 toto
2570 4827 2680 4870 tum
2713 4832 2941 4886 corpore
2969 4818 3140 4886 pallor

1871 4915 2113 4976 Pellitur,
2145 4921 2198 4966 et
2225 4912 2410 4965 niveos
2437 4910 2675 4980 depingit
2707 4925 2939 4978 purpura
2969 4909 3164 4962 vultus.

1869 5006 1998 5061 lude
2029 5005 2115 5058 ubi
2148 5002 2399 5073 perfectis
2427 5002 2737 5056 consuescit
2765 5002 2947 5055 vivere
2971 4999 3227 5054 membris

1869 5099 2037 5152 Totus
2065 5097 2248 5160 homo,
2283 5105 2337 5149 et
2365 5104 2582 5149 sumant
2609 5093 2870 5147 calefacta
2899 5101 2955 5146 ut
2976 5091 3182 5146 viscera
3212 5091 3382 5145 solam

1871 5187 2198 5255 Exstiectant
2227 5185 2482 5249 animam,
2510 5199 2643 5254 puro
2671 5199 2831 5253 quam
2867 5183 3013 5237 fonte
3040 5193 3252 5237 creator

1870 5281 2108 5344 Proniat,
2137 5287 2190 5334 et
2216 5285 2425 5334 erectos
2458 5289 2721 5332 recturum
2755 5280 2926 5329 mittat
2954 5279 3003 5328 in
3037 5287 3202 5329 artus.

1865 5371 2063 5428 Lenem
2098 5383 2354 5441 perpetuo
2382 5372 2564 5425 ﬂatum
2596 5369 2868 5437 profundit
2894 5368 2959 5420 ab
2989 5383 3104 5433 ore,

1862 5461 2195 5530 IuSpiratque
2227 5460 2469 5514 homini:
2497 5475 2653 5527 quem
2686 5458 2928 5526 protinus
2959 5457 3046 5510 ille
3079 5467 3348 5525 receptum

1861 5554 2112 5619 Attrahil,
2142 5563 2195 5607 et
2223 5552 2398 5608 crebri
2430 5551 2590 5606 discit
2612 5552 2922 5622 spiraminis
2947 5567 3125 5604 auras.

1932 5647 2215 5717 Postquam
2241 5656 2550 5705 nascentem
2580 5646 2752 5706 solers
2777 5644 3055 5713 prudentia
3085 5655 3300 5697 sensum
