  <div class='ocr_page' id='page_1' title='image "/cluster/home/n/w/nwhite01/storage/ocr_20150623/59/hvd.32044073505117/170.png"; bbox 0 0 4024 6172; ppageno 0'>
   <div class='ocr_carea' id='block_1_1' title="bbox 305 219 3539 338">
    <p class='ocr_par' dir='ltr' id='par_1_1' title="bbox 305 219 3539 338">
     <span class='ocr_line' id='line_1_1' title="bbox 305 219 3539 338; baseline 0.014 -65"><span class='ocrx_word' id='word_1_1' title='bbox 305 219 394 275; x_wconf 74' lang='lat'><strong>529</strong></span> <span class='ocrx_word' id='word_1_2' title='bbox 750 237 761 247; x_wconf 86' lang='lat'><strong>-</strong></span> <span class='ocrx_word' id='word_1_3' title='bbox 1578 235 1951 296; x_wconf 55' lang='lat' dir='ltr'><strong>comarum</strong></span> <span class='ocrx_word' id='word_1_4' title='bbox 1993 242 2194 299; x_wconf 73' lang='lat' dir='ltr'><strong>LIBER</strong></span> <span class='ocrx_word' id='word_1_5' title='bbox 2239 247 2299 301; x_wconf 91' lang='lat' dir='ltr'><strong>tt.</strong></span> <span class='ocrx_word' id='word_1_6' title='bbox 3441 282 3539 338; x_wconf 61' lang='grc' dir='ltr'><strong>δερ</strong></span> 
     </span>
    </p>
   </div>
   <div class='ocr_carea' id='block_1_2' title="bbox 304 331 1566 415">
    <p class='ocr_par' dir='ltr' id='par_1_2' title="bbox 304 331 1566 415">
     <span class='ocr_line' id='line_1_2' title="bbox 304 331 1566 415; baseline 0.009 -29"><span class='ocrx_word' id='word_1_7' title='bbox 304 334 420 387; x_wconf 84' lang='lat' dir='ltr'><strong>Tum</strong></span> <span class='ocrx_word' id='word_1_8' title='bbox 448 331 490 387; x_wconf 88' lang='lat' dir='ltr'><strong>si</strong></span> <span class='ocrx_word' id='word_1_9' title='bbox 521 331 653 388; x_wconf 90' lang='lat' dir='ltr'><strong>forte</strong></span> <span class='ocrx_word' id='word_1_10' title='bbox 679 332 805 388; x_wconf 89' lang='lat' dir='ltr'><strong>levis</strong></span> <span class='ocrx_word' id='word_1_11' title='bbox 836 337 1001 391; x_wconf 85' lang='lat' dir='ltr'><strong>movit</strong></span> <span class='ocrx_word' id='word_1_12' title='bbox 1031 341 1321 409; x_wconf 77' lang='lat' dir='ltr'><strong>spiramina</strong></span> <span class='ocrx_word' id='word_1_13' title='bbox 1352 355 1566 415; x_wconf 73' lang='lat' dir='ltr'><strong>ventus,</strong></span> 
     </span>
    </p>
   </div>
   <div class='ocr_carea' id='block_1_3' title="bbox 301 423 1537 504">
    <p class='ocr_par' dir='ltr' id='par_1_3' title="bbox 301 423 1537 504">
     <span class='ocr_line' id='line_1_3' title="bbox 301 423 1537 504; baseline 0.013 -27"><span class='ocrx_word' id='word_1_14' title='bbox 301 423 516 477; x_wconf 74' lang='lat' dir='ltr'><strong>Flatibus</strong></span> <span class='ocrx_word' id='word_1_15' title='bbox 545 424 765 494; x_wconf 81' lang='lat' dir='ltr'><strong>exiguis,</strong></span> <span class='ocrx_word' id='word_1_16' title='bbox 801 426 1012 497; x_wconf 90' lang='lat' dir='ltr'><strong>lenique</strong></span> <span class='ocrx_word' id='word_1_17' title='bbox 1036 432 1263 500; x_wconf 88' lang='lat' dir='ltr'><strong>impulsa</strong></span> <span class='ocrx_word' id='word_1_18' title='bbox 1295 450 1537 504; x_wconf 83' lang='lat' dir='ltr'><strong>susurro,</strong></span> 
     </span>
    </p>
   </div>
   <div class='ocr_carea' id='block_1_4' title="bbox 300 512 1492 594">
    <p class='ocr_par' dir='ltr' id='par_1_4' title="bbox 300 512 1492 594">
     <span class='ocr_line' id='line_1_4' title="bbox 300 512 1492 594; baseline 0.016 -29"><span class='ocrx_word' id='word_1_19' title='bbox 300 512 437 567; x_wconf 82' lang='lat' dir='ltr'><strong>Dives</strong></span> <span class='ocrx_word' id='word_1_20' title='bbox 465 513 592 566; x_wconf 87' lang='lat' dir='ltr'><strong>silva</strong></span> <span class='ocrx_word' id='word_1_21' title='bbox 628 516 802 570; x_wconf 90' lang='lat' dir='ltr'><strong>tremit</strong></span> <span class='ocrx_word' id='word_1_22' title='bbox 826 518 987 585; x_wconf 87' lang='lat' dir='ltr'><strong>foliis,</strong></span> <span class='ocrx_word' id='word_1_23' title='bbox 1018 536 1081 576; x_wconf 85' lang='lat' dir='ltr'><strong>ac</strong></span> <span class='ocrx_word' id='word_1_24' title='bbox 1107 520 1241 580; x_wconf 91' lang='lat' dir='ltr'><strong>ﬂore</strong></span> <span class='ocrx_word' id='word_1_25' title='bbox 1265 527 1492 594; x_wconf 78' lang='lat' dir='ltr'><strong>salubri,</strong></span> 
     </span>
    </p>
   </div>
   <div class='ocr_carea' id='block_1_5' title="bbox 301 605 1531 683">
    <p class='ocr_par' dir='ltr' id='par_1_5' title="bbox 301 605 1531 683">
     <span class='ocr_line' id='line_1_5' title="bbox 301 605 1531 683; baseline 0.018 -29"><span class='ocrx_word' id='word_1_26' title='bbox 301 605 387 669; x_wconf 84' lang='lat' dir='ltr'><strong>Qui</strong></span> <span class='ocrx_word' id='word_1_27' title='bbox 413 620 621 674; x_wconf 88' lang='lat' dir='ltr'><strong>sparsus</strong></span> <span class='ocrx_word' id='word_1_28' title='bbox 649 606 749 661; x_wconf 71' lang='lat' dir='ltr'><strong>late</strong></span> <span class='ocrx_word' id='word_1_29' title='bbox 778 623 974 665; x_wconf 81' lang='lat' dir='ltr'><strong>suaves</strong></span> <span class='ocrx_word' id='word_1_30' title='bbox 1002 612 1280 683; x_wconf 73' lang='lat' dir='ltr'><strong>dispensat</strong></span> <span class='ocrx_word' id='word_1_31' title='bbox 1317 619 1531 676; x_wconf 88' lang='lat' dir='ltr'><strong>odores.</strong></span> 
     </span>
    </p>
   </div>
   <div class='ocr_carea' id='block_1_6' title="bbox 293 695 1650 785">
    <p class='ocr_par' dir='ltr' id='par_1_6' title="bbox 293 695 1650 785">
     <span class='ocr_line' id='line_1_6' title="bbox 293 695 1650 785; baseline 0.017 -37"><span class='ocrx_word' id='word_1_32' title='bbox 293 695 377 749; x_wconf 89' lang='lat' dir='ltr'><strong>llic</strong></span> <span class='ocrx_word' id='word_1_33' title='bbox 405 697 512 751; x_wconf 90' lang='lat' dir='ltr'><strong>fons</strong></span> <span class='ocrx_word' id='word_1_34' title='bbox 535 697 811 767; x_wconf 89' lang='lat' dir='ltr'><strong>perspicuo</strong></span> <span class='ocrx_word' id='word_1_35' title='bbox 840 704 1191 771; x_wconf 88' lang='lat' dir='ltr'><strong>resplendens</strong></span> <span class='ocrx_word' id='word_1_36' title='bbox 1219 711 1431 780; x_wconf 87' lang='lat' dir='ltr'><strong>gurgite</strong></span> <span class='ocrx_word' id='word_1_37' title='bbox 1462 716 1650 785; x_wconf 78' lang='lat' dir='ltr'><strong>surgit.</strong></span> 
     </span>
    </p>
   </div>
   <div class='ocr_carea' id='block_1_7' title="bbox 291 789 1524 869">
    <p class='ocr_par' dir='ltr' id='par_1_7' title="bbox 291 789 1524 869">
     <span class='ocr_line' id='line_1_7' title="bbox 291 789 1524 869; baseline 0.017 -28"><span class='ocrx_word' id='word_1_38' title='bbox 291 789 413 843; x_wconf 81' lang='lat' dir='ltr'><strong>Talis</strong></span> <span class='ocrx_word' id='word_1_39' title='bbox 440 791 489 844; x_wconf 92' lang='lat' dir='ltr'><strong>in</strong></span> <span class='ocrx_word' id='word_1_40' title='bbox 519 804 738 860; x_wconf 80' lang='lat' dir='ltr'><strong>argento</strong></span> <span class='ocrx_word' id='word_1_41' title='bbox 767 811 869 849; x_wconf 91' lang='lat' dir='ltr'><strong>non</strong></span> <span class='ocrx_word' id='word_1_42' title='bbox 902 797 1062 867; x_wconf 86' lang='lat' dir='ltr'><strong>fulget</strong></span> <span class='ocrx_word' id='word_1_43' title='bbox 1096 802 1287 869; x_wconf 87' lang='lat' dir='ltr'><strong>gratia,</strong></span> <span class='ocrx_word' id='word_1_44' title='bbox 1324 814 1524 862; x_wconf 89' lang='lat' dir='ltr'><strong>tantam</strong></span> 
     </span>
    </p>
   </div>
   <div class='ocr_carea' id='block_1_8' title="bbox 287 880 1623 963">
    <p class='ocr_par' dir='ltr' id='par_1_8' title="bbox 287 880 1623 963">
     <span class='ocr_line' id='line_1_8' title="bbox 287 880 1623 963; baseline 0.016 -30"><span class='ocrx_word' id='word_1_45' title='bbox 287 880 380 935; x_wconf 81' lang='lat' dir='ltr'><strong>Nec</strong></span> <span class='ocrx_word' id='word_1_46' title='bbox 404 884 641 951; x_wconf 82' lang='lat' dir='ltr'><strong>crystalla</strong></span> <span class='ocrx_word' id='word_1_47' title='bbox 668 886 882 940; x_wconf 87' lang='lat' dir='ltr'><strong>trahunt</strong></span> <span class='ocrx_word' id='word_1_48' title='bbox 912 890 1079 945; x_wconf 87' lang='lat' dir='ltr'><strong>nitido</strong></span> <span class='ocrx_word' id='word_1_49' title='bbox 1105 892 1171 947; x_wconf 92' lang='lat' dir='ltr'><strong>de</strong></span> <span class='ocrx_word' id='word_1_50' title='bbox 1203 894 1401 963; x_wconf 78' lang='lat' dir='ltr'><strong>frigore</strong></span> <span class='ocrx_word' id='word_1_51' title='bbox 1429 898 1623 956; x_wconf 86' lang='lat' dir='ltr'><strong>lucem.</strong></span> 
     </span>
    </p>
   </div>
   <div class='ocr_carea' id='block_1_9' title="bbox 288 972 1464 1058">
    <p class='ocr_par' dir='ltr' id='par_1_9' title="bbox 288 972 1464 1058">
     <span class='ocr_line' id='line_1_9' title="bbox 288 972 1464 1058; baseline 0.018 -35"><span class='ocrx_word' id='word_1_52' title='bbox 288 972 497 1041; x_wconf 76' lang='lat' dir='ltr'><strong>Margine</strong></span> <span class='ocrx_word' id='word_1_53' title='bbox 525 975 757 1043; x_wconf 77' lang='lat' dir='ltr'><strong>riparum</strong></span> <span class='ocrx_word' id='word_1_54' title='bbox 791 980 987 1036; x_wconf 84' lang='lat' dir='ltr'><strong>virides</strong></span> <span class='ocrx_word' id='word_1_55' title='bbox 1012 987 1250 1041; x_wconf 84' lang='lat' dir='ltr'><strong>micuere</strong></span> <span class='ocrx_word' id='word_1_56' title='bbox 1278 987 1464 1058; x_wconf 88' lang='lat' dir='ltr'><strong>lapilli,</strong></span> 
     </span>
    </p>
   </div>
   <div class='ocr_carea' id='block_1_10' title="bbox 284 1062 1524 1147">
    <p class='ocr_par' dir='ltr' id='par_1_10' title="bbox 284 1062 1524 1147">
     <span class='ocr_line' id='line_1_10' title="bbox 284 1062 1524 1147; baseline 0.018 -33"><span class='ocrx_word' id='word_1_57' title='bbox 284 1062 337 1115; x_wconf 85' lang='lat' dir='ltr'><strong>Et</strong></span> <span class='ocrx_word' id='word_1_58' title='bbox 361 1078 481 1132; x_wconf 91' lang='lat' dir='ltr'><strong>quas</strong></span> <span class='ocrx_word' id='word_1_59' title='bbox 510 1067 731 1120; x_wconf 76' lang='lat' dir='ltr'><strong>miratur</strong></span> <span class='ocrx_word' id='word_1_60' title='bbox 760 1070 946 1125; x_wconf 91' lang='lat' dir='ltr'><strong>mundi</strong></span> <span class='ocrx_word' id='word_1_61' title='bbox 975 1073 1236 1140; x_wconf 88' lang='lat' dir='ltr'><strong>jactantia</strong></span> <span class='ocrx_word' id='word_1_62' title='bbox 1265 1093 1524 1147; x_wconf 88' lang='lat' dir='ltr'><strong>gemmas,</strong></span> 
     </span>
    </p>
   </div>
   <div class='ocr_carea' id='block_1_11' title="bbox 282 1152 1526 1237">
    <p class='ocr_par' dir='ltr' id='par_1_11' title="bbox 282 1152 1526 1237">
     <span class='ocr_line' id='line_1_11' title="bbox 282 1152 1526 1237; baseline 0.018 -32"><span class='ocrx_word' id='word_1_63' title='bbox 282 1152 375 1206; x_wconf 73' lang='lat' dir='ltr'><strong>lllic</strong></span> <span class='ocrx_word' id='word_1_64' title='bbox 396 1168 510 1206; x_wconf 75' lang='lat' dir='ltr'><strong>saxa</strong></span> <span class='ocrx_word' id='word_1_65' title='bbox 537 1155 716 1223; x_wconf 88' lang='lat' dir='ltr'><strong>jacent</strong></span> <span class='ocrx_word' id='word_1_66' title='bbox 742 1174 756 1215; x_wconf 90' lang='lat'>:</span> <span class='ocrx_word' id='word_1_67' title='bbox 781 1162 957 1216; x_wconf 87' lang='lat' dir='ltr'><strong>varios</strong></span> <span class='ocrx_word' id='word_1_68' title='bbox 988 1163 1123 1217; x_wconf 90' lang='lat' dir='ltr'><strong>dant</strong></span> <span class='ocrx_word' id='word_1_69' title='bbox 1148 1181 1273 1220; x_wconf 87' lang='lat' dir='ltr'><strong>arva</strong></span> <span class='ocrx_word' id='word_1_70' title='bbox 1297 1171 1526 1237; x_wconf 82' lang='lat' dir='ltr'><strong>colores,</strong></span> 
     </span>
    </p>
   </div>
   <div class='ocr_carea' id='block_1_12' title="bbox 281 1244 1419 1327">
    <p class='ocr_par' dir='ltr' id='par_1_12' title="bbox 281 1244 1419 1327">
     <span class='ocr_line' id='line_1_12' title="bbox 281 1244 1419 1327; baseline 0.018 -32"><span class='ocrx_word' id='word_1_71' title='bbox 281 1244 330 1296; x_wconf 76' lang='lat' dir='ltr'><strong>Et</strong></span> <span class='ocrx_word' id='word_1_72' title='bbox 360 1246 571 1298; x_wconf 88' lang='lat' dir='ltr'><strong>naturali</strong></span> <span class='ocrx_word' id='word_1_73' title='bbox 596 1261 817 1319; x_wconf 89' lang='lat' dir='ltr'><strong>campos</strong></span> <span class='ocrx_word' id='word_1_74' title='bbox 848 1254 1149 1310; x_wconf 88' lang='lat' dir='ltr'><strong>diademate</strong></span> <span class='ocrx_word' id='word_1_75' title='bbox 1175 1259 1419 1327; x_wconf 88' lang='lat' dir='ltr'><strong>pingunt.</strong></span> 
     </span>
    </p>
   </div>
   <div class='ocr_carea' id='block_1_13' title="bbox 278 1334 1390 1407">
    <p class='ocr_par' dir='ltr' id='par_1_13' title="bbox 278 1334 1390 1407">
     <span class='ocr_line' id='line_1_13' title="bbox 278 1334 1390 1407; baseline 0.02 -21"><span class='ocrx_word' id='word_1_76' title='bbox 278 1334 503 1391; x_wconf 81' lang='lat' dir='ltr'><strong>Educmm</strong></span> <span class='ocrx_word' id='word_1_77' title='bbox 536 1339 639 1392; x_wconf 84' lang='lat' dir='ltr'><strong>leni</strong></span> <span class='ocrx_word' id='word_1_78' title='bbox 676 1340 838 1396; x_wconf 91' lang='lat' dir='ltr'><strong>fontis</strong></span> <span class='ocrx_word' id='word_1_79' title='bbox 865 1343 933 1398; x_wconf 88' lang='lat' dir='ltr'><strong>de</strong></span> <span class='ocrx_word' id='word_1_80' title='bbox 963 1347 1161 1402; x_wconf 85' lang='lat' dir='ltr'><strong>vertice</strong></span> <span class='ocrx_word' id='word_1_81' title='bbox 1192 1349 1390 1407; x_wconf 88' lang='lat' dir='ltr'><strong>flumen</strong></span> 
     </span>
    </p>
   </div>
   <div class='ocr_carea' id='block_1_14' title="bbox 276 1425 1621 1503">
    <p class='ocr_par' dir='ltr' id='par_1_14' title="bbox 276 1425 1621 1503">
     <span class='ocr_line' id='line_1_14' title="bbox 276 1425 1621 1503; baseline 0.019 -26"><span class='ocrx_word' id='word_1_82' title='bbox 276 1425 504 1491; x_wconf 83' lang='lat' dir='ltr'><strong>Quattuor</strong></span> <span class='ocrx_word' id='word_1_83' title='bbox 530 1430 579 1484; x_wconf 91' lang='lat' dir='ltr'><strong>in</strong></span> <span class='ocrx_word' id='word_1_84' title='bbox 608 1431 786 1500; x_wconf 87' lang='lat' dir='ltr'><strong>largos</strong></span> <span class='ocrx_word' id='word_1_85' title='bbox 814 1434 1097 1491; x_wconf 79' lang='lat' dir='ltr'><strong>confestim</strong></span> <span class='ocrx_word' id='word_1_86' title='bbox 1124 1442 1388 1499; x_wconf 84' lang='lat' dir='ltr'><strong>scinditur</strong></span> <span class='ocrx_word' id='word_1_87' title='bbox 1415 1461 1621 1503; x_wconf 88' lang='lat' dir='ltr'><strong>amnes.</strong></span> 
     </span>
    </p>
   </div>
   <div class='ocr_carea' id='block_1_15' title="bbox 276 1514 1666 1602">
    <p class='ocr_par' dir='ltr' id='par_1_15' title="bbox 276 1514 1666 1602">
     <span class='ocr_line' id='line_1_15' title="bbox 276 1514 1666 1602; baseline 0.021 -34"><span class='ocrx_word' id='word_1_88' title='bbox 276 1514 586 1586; x_wconf 77' lang='lat' dir='ltr'><strong>Euphratem,</strong></span> <span class='ocrx_word' id='word_1_89' title='bbox 618 1522 930 1595; x_wconf 81' lang='lat' dir='ltr'><strong>Tigrimque</strong></span> <span class='ocrx_word' id='word_1_90' title='bbox 957 1541 1169 1596; x_wconf 90' lang='lat' dir='ltr'><strong>vocant,</strong></span> <span class='ocrx_word' id='word_1_91' title='bbox 1200 1535 1289 1602; x_wconf 91' lang='lat' dir='ltr'><strong>qui</strong></span> <span class='ocrx_word' id='word_1_92' title='bbox 1322 1536 1491 1595; x_wconf 85' lang='lat' dir='ltr'><strong>limite</strong></span> <span class='ocrx_word' id='word_1_93' title='bbox 1517 1555 1666 1597; x_wconf 88' lang='lat' dir='ltr'><strong>certo</strong></span> 
     </span>
    </p>
   </div>
   <div class='ocr_carea' id='block_1_16' title="bbox 273 1606 1507 1686">
    <p class='ocr_par' dir='ltr' id='par_1_16' title="bbox 273 1606 1507 1686">
     <span class='ocr_line' id='line_1_16' title="bbox 273 1606 1507 1686; baseline 0.018 -25"><span class='ocrx_word' id='word_1_94' title='bbox 273 1606 422 1680; x_wconf 77' lang='lat' dir='ltr'><strong>Laitga</strong></span> <span class='ocrx_word' id='word_1_95' title='bbox 447 1614 759 1682; x_wconf 86' lang='lat' dir='ltr'><strong>sagittiferis</strong></span> <span class='ocrx_word' id='word_1_96' title='bbox 786 1616 986 1673; x_wconf 85' lang='lat' dir='ltr'><strong>faciunt</strong></span> <span class='ocrx_word' id='word_1_97' title='bbox 1012 1622 1239 1679; x_wconf 88' lang='lat' dir='ltr'><strong>confinia</strong></span> <span class='ocrx_word' id='word_1_98' title='bbox 1275 1626 1507 1686; x_wconf 88' lang='lat' dir='ltr'><strong>Parthis.</strong></span> 
     </span>
    </p>
   </div>
   <div class='ocr_carea' id='block_1_17' title="bbox 272 1698 1525 1780">
    <p class='ocr_par' dir='ltr' id='par_1_17' title="bbox 272 1698 1525 1780">
     <span class='ocr_line' id='line_1_17' title="bbox 272 1698 1525 1780; baseline 0.021 -29"><span class='ocrx_word' id='word_1_99' title='bbox 272 1698 450 1755; x_wconf 86' lang='lat' dir='ltr'><strong>Tertius</strong></span> <span class='ocrx_word' id='word_1_100' title='bbox 478 1704 596 1759; x_wconf 90' lang='lat' dir='ltr'><strong>inde</strong></span> <span class='ocrx_word' id='word_1_101' title='bbox 629 1705 803 1773; x_wconf 85' lang='lat' dir='ltr'><strong>Genu,</strong></span> <span class='ocrx_word' id='word_1_102' title='bbox 836 1709 987 1763; x_wconf 83' lang='lat' dir='ltr'><strong>Latio</strong></span> <span class='ocrx_word' id='word_1_103' title='bbox 1011 1713 1099 1780; x_wconf 90' lang='lat' dir='ltr'><strong>qui</strong></span> <span class='ocrx_word' id='word_1_104' title='bbox 1132 1716 1349 1771; x_wconf 91' lang='lat' dir='ltr'><strong>nomine</strong></span> <span class='ocrx_word' id='word_1_105' title='bbox 1376 1719 1525 1777; x_wconf 84' lang='lat' dir='ltr'><strong>Nilus</strong></span> 
     </span>
    </p>
   </div>
   <div class='ocr_carea' id='block_1_18' title="bbox 270 1788 1441 1876">
    <p class='ocr_par' dir='ltr' id='par_1_18' title="bbox 270 1788 1441 1876">
     <span class='ocr_line' id='line_1_18' title="bbox 270 1788 1441 1876; baseline 0.02 -33"><span class='ocrx_word' id='word_1_106' title='bbox 270 1788 443 1847; x_wconf 85' lang='lat' dir='ltr'><strong>Dicitur</strong></span> <span class='ocrx_word' id='word_1_107' title='bbox 468 1794 644 1876; x_wconf 81' lang='lat' dir='ltr'><strong>ignoto</strong></span> <span class='ocrx_word' id='word_1_108' title='bbox 675 1804 885 1855; x_wconf 86' lang='lat' dir='ltr'><strong>cunctis</strong></span> <span class='ocrx_word' id='word_1_109' title='bbox 917 1803 1035 1871; x_wconf 86' lang='lat' dir='ltr'><strong>plus</strong></span> <span class='ocrx_word' id='word_1_110' title='bbox 1066 1806 1259 1862; x_wconf 86' lang='lat' dir='ltr'><strong>nobilis</strong></span> <span class='ocrx_word' id='word_1_111' title='bbox 1288 1822 1441 1876; x_wconf 91' lang='lat' dir='ltr'><strong>ortu;</strong></span> 
     </span>
    </p>
   </div>
   <div class='ocr_carea' id='block_1_19' title="bbox 268 1871 1480 1973">
    <p class='ocr_par' dir='ltr' id='par_1_19' title="bbox 268 1871 1480 1973">
     <span class='ocr_line' id='line_1_19' title="bbox 268 1871 1480 1973; baseline 0.023 -39"><span class='ocrx_word' id='word_1_112' title='bbox 268 1880 404 1951; x_wconf 81' lang='lat' dir='ltr'><strong>Cujus</strong></span> <span class='ocrx_word' id='word_1_113' title='bbox 428 1888 473 1941; x_wconf 93' lang='lat' dir='ltr'><strong>in</strong></span> <span class='ocrx_word' id='word_1_114' title='bbox 500 1871 792 1961; x_wconf 51' lang='lat' dir='ltr'><strong>Egyptum</strong></span> <span class='ocrx_word' id='word_1_115' title='bbox 823 1895 962 1950; x_wconf 91' lang='lat' dir='ltr'><strong>lenis</strong></span> <span class='ocrx_word' id='word_1_116' title='bbox 995 1899 1288 1966; x_wconf 84' lang='lat' dir='ltr'><strong>perlabitur</strong></span> <span class='ocrx_word' id='word_1_117' title='bbox 1320 1871 1480 1973; x_wconf 83' lang='lat' dir='ltr'><strong>unda,</strong></span> 
     </span>
    </p>
   </div>
   <div class='ocr_carea' id='block_1_20' title="bbox 269 1971 1465 2058">
    <p class='ocr_par' dir='ltr' id='par_1_20' title="bbox 269 1971 1465 2058">
     <span class='ocr_line' id='line_1_20' title="bbox 269 1971 1465 2058; baseline 0.021 -33"><span class='ocrx_word' id='word_1_118' title='bbox 269 1971 469 2030; x_wconf 86' lang='lat' dir='ltr'><strong>Ditatura</strong></span> <span class='ocrx_word' id='word_1_119' title='bbox 497 1992 642 2034; x_wconf 88' lang='lat' dir='ltr'><strong>suam</strong></span> <span class='ocrx_word' id='word_1_120' title='bbox 671 1991 826 2038; x_wconf 88' lang='lat' dir='ltr'><strong>certo</strong></span> <span class='ocrx_word' id='word_1_121' title='bbox 848 1985 948 2039; x_wconf 85' lang='lat' dir='ltr'><strong>sub</strong></span> <span class='ocrx_word' id='word_1_122' title='bbox 973 1998 1213 2058; x_wconf 89' lang='lat' dir='ltr'><strong>tempore</strong></span> <span class='ocrx_word' id='word_1_123' title='bbox 1242 2002 1465 2051; x_wconf 86' lang='lat' dir='ltr'><strong>terram.</strong></span> 
     </span>
    </p>
   </div>
   <div class='ocr_carea' id='block_1_21' title="bbox 264 2063 1577 2157">
    <p class='ocr_par' dir='ltr' id='par_1_21' title="bbox 264 2063 1577 2157">
     <span class='ocr_line' id='line_1_21' title="bbox 264 2063 1577 2157; baseline 0.022 -42"><span class='ocrx_word' id='word_1_124' title='bbox 264 2063 370 2118; x_wconf 84' lang='lat' dir='ltr'><strong>Nam</strong></span> <span class='ocrx_word' id='word_1_125' title='bbox 395 2071 591 2135; x_wconf 88' lang='lat' dir='ltr'><strong>quoties</strong></span> <span class='ocrx_word' id='word_1_126' title='bbox 621 2075 830 2128; x_wconf 88' lang='lat' dir='ltr'><strong>tumido</strong></span> <span class='ocrx_word' id='word_1_127' title='bbox 864 2083 1158 2147; x_wconf 85' lang='lat' dir='ltr'><strong>perrumpit</strong></span> <span class='ocrx_word' id='word_1_128' title='bbox 1182 2082 1402 2141; x_wconf 89' lang='lat' dir='ltr'><strong>ﬂumine</strong></span> <span class='ocrx_word' id='word_1_129' title='bbox 1434 2092 1577 2157; x_wconf 83' lang='lat' dir='ltr'><strong>ripas</strong></span> 
     </span>
    </p>
   </div>
   <div class='ocr_carea' id='block_1_22' title="bbox 261 2153 1529 2246">
    <p class='ocr_par' dir='ltr' id='par_1_22' title="bbox 261 2153 1529 2246">
     <span class='ocr_line' id='line_1_22' title="bbox 261 2153 1529 2246; baseline 0.021 -40"><span class='ocrx_word' id='word_1_130' title='bbox 261 2153 444 2223; x_wconf 84' lang='lat' dir='ltr'><strong>Alveus,</strong></span> <span class='ocrx_word' id='word_1_131' title='bbox 474 2170 523 2214; x_wconf 91' lang='lat' dir='ltr'><strong>et</strong></span> <span class='ocrx_word' id='word_1_132' title='bbox 550 2162 715 2231; x_wconf 90' lang='lat' dir='ltr'><strong>nigris</strong></span> <span class='ocrx_word' id='word_1_133' title='bbox 741 2180 961 2235; x_wconf 90' lang='lat' dir='ltr'><strong>campos</strong></span> <span class='ocrx_word' id='word_1_134' title='bbox 990 2170 1306 2238; x_wconf 88' lang='lat' dir='ltr'><strong>perinundat</strong></span> <span class='ocrx_word' id='word_1_135' title='bbox 1329 2181 1529 2246; x_wconf 88' lang='lat' dir='ltr'><strong>arenis,</strong></span> 
     </span>
    </p>
   </div>
   <div class='ocr_carea' id='block_1_23' title="bbox 262 2244 1398 2331">
    <p class='ocr_par' dir='ltr' id='par_1_23' title="bbox 262 2244 1398 2331">
     <span class='ocr_line' id='line_1_23' title="bbox 262 2244 1398 2331; baseline 0.02 -32"><span class='ocrx_word' id='word_1_136' title='bbox 262 2244 450 2303; x_wconf 74' lang='lat' dir='ltr'><strong>Ubertas</strong></span> <span class='ocrx_word' id='word_1_137' title='bbox 480 2262 688 2309; x_wconf 81' lang='lat' dir='ltr'><strong>taxatur</strong></span> <span class='ocrx_word' id='word_1_138' title='bbox 716 2272 872 2325; x_wconf 87' lang='lat' dir='ltr'><strong>aqua,</strong></span> <span class='ocrx_word' id='word_1_139' title='bbox 903 2259 1149 2331; x_wconf 68' lang='lat' dir='ltr'><strong>coeloque</strong></span> <span class='ocrx_word' id='word_1_140' title='bbox 1177 2278 1398 2322; x_wconf 89' lang='lat' dir='ltr'><strong>vacante</strong></span> 
     </span>
    </p>
   </div>
   <div class='ocr_carea' id='block_1_24' title="bbox 260 2333 1545 2422">
    <p class='ocr_par' dir='ltr' id='par_1_24' title="bbox 260 2333 1545 2422">
     <span class='ocr_line' id='line_1_24' title="bbox 260 2333 1545 2422; baseline 0.023 -34"><span class='ocrx_word' id='word_1_141' title='bbox 260 2333 547 2396; x_wconf 77' lang='lat' dir='ltr'><strong>Terrestrem</strong></span> <span class='ocrx_word' id='word_1_142' title='bbox 582 2344 819 2412; x_wconf 82' lang='lat' dir='ltr'><strong>pluviam</strong></span> <span class='ocrx_word' id='word_1_143' title='bbox 849 2347 1075 2405; x_wconf 77' lang='lat' dir='ltr'><strong>diffusus</strong></span> <span class='ocrx_word' id='word_1_144' title='bbox 1099 2353 1323 2422; x_wconf 81' lang='lat' dir='ltr'><strong>porrigit</strong></span> <span class='ocrx_word' id='word_1_145' title='bbox 1350 2362 1545 2417; x_wconf 75' lang='lat' dir='ltr'><strong>amnis.</strong></span> 
     </span>
    </p>
   </div>
   <div class='ocr_carea' id='block_1_25' title="bbox 259 2426 1572 2519">
    <p class='ocr_par' dir='ltr' id='par_1_25' title="bbox 259 2426 1572 2519">
     <span class='ocr_line' id='line_1_25' title="bbox 259 2426 1572 2519; baseline 0.018 -37"><span class='ocrx_word' id='word_1_146' title='bbox 259 2426 380 2484; x_wconf 82' lang='lat' dir='ltr'><strong>Tunc</strong></span> <span class='ocrx_word' id='word_1_147' title='bbox 408 2433 595 2489; x_wconf 82' lang='lat' dir='ltr'><strong>inclusa</strong></span> <span class='ocrx_word' id='word_1_148' title='bbox 630 2436 765 2492; x_wconf 88' lang='lat' dir='ltr'><strong>latet</strong></span> <span class='ocrx_word' id='word_1_149' title='bbox 796 2438 904 2494; x_wconf 88' lang='lat' dir='ltr'><strong>lato</strong></span> <span class='ocrx_word' id='word_1_150' title='bbox 931 2441 1029 2496; x_wconf 90' lang='lat' dir='ltr'><strong>sub</strong></span> <span class='ocrx_word' id='word_1_151' title='bbox 1056 2445 1264 2514; x_wconf 77' lang='lat' dir='ltr'><strong>gurgite</strong></span> <span class='ocrx_word' id='word_1_152' title='bbox 1292 2446 1572 2519; x_wconf 81' lang='lat' dir='ltr'><strong>Memphis,</strong></span> 
     </span>
    </p>
   </div>
   <div class='ocr_carea' id='block_1_26' title="bbox 259 2518 1507 2608">
    <p class='ocr_par' dir='ltr' id='par_1_26' title="bbox 259 2518 1507 2608">
     <span class='ocr_line' id='line_1_26' title="bbox 259 2518 1507 2608; baseline 0.017 -36"><span class='ocrx_word' id='word_1_153' title='bbox 259 2518 311 2573; x_wconf 85' lang='lat' dir='ltr'><strong>Et</strong></span> <span class='ocrx_word' id='word_1_154' title='bbox 334 2536 478 2592; x_wconf 87' lang='lat' dir='ltr'><strong>super</strong></span> <span class='ocrx_word' id='word_1_155' title='bbox 498 2526 753 2584; x_wconf 85' lang='lat' dir='ltr'><strong>absentes</strong></span> <span class='ocrx_word' id='word_1_156' title='bbox 782 2545 1060 2598; x_wconf 86' lang='lat' dir='ltr'><strong>possessor</strong></span> <span class='ocrx_word' id='word_1_157' title='bbox 1091 2536 1299 2605; x_wconf 91' lang='lat' dir='ltr'><strong>navigat</strong></span> <span class='ocrx_word' id='word_1_158' title='bbox 1331 2554 1507 2608; x_wconf 83' lang='lat' dir='ltr'><strong>agros.</strong></span> 
     </span>
    </p>
   </div>
   <div class='ocr_carea' id='block_1_27' title="bbox 257 2609 1581 2696">
    <p class='ocr_par' dir='ltr' id='par_1_27' title="bbox 257 2609 1581 2696">
     <span class='ocr_line' id='line_1_27' title="bbox 257 2609 1581 2696; baseline 0.019 -32"><span class='ocrx_word' id='word_1_159' title='bbox 257 2609 498 2671; x_wconf 87' lang='lat' dir='ltr'><strong>Terminus</strong></span> <span class='ocrx_word' id='word_1_160' title='bbox 533 2621 710 2676; x_wconf 86' lang='lat' dir='ltr'><strong>omnis</strong></span> <span class='ocrx_word' id='word_1_161' title='bbox 740 2622 911 2689; x_wconf 86' lang='lat' dir='ltr'><strong>abest,</strong></span> <span class='ocrx_word' id='word_1_162' title='bbox 950 2635 1193 2693; x_wconf 59' lang='lat' dir='ltr'><strong>aequatur</strong></span> <span class='ocrx_word' id='word_1_163' title='bbox 1215 2628 1392 2696; x_wconf 89' lang='lat' dir='ltr'><strong>judice</strong></span> <span class='ocrx_word' id='word_1_164' title='bbox 1422 2631 1581 2689; x_wconf 88' lang='lat' dir='ltr'><strong>ﬂuctu</strong></span> 
     </span>
    </p>
   </div>
   <div class='ocr_carea' id='block_1_28' title="bbox 253 2701 1485 2787">
    <p class='ocr_par' dir='ltr' id='par_1_28' title="bbox 253 2701 1485 2787">
     <span class='ocr_line' id='line_1_28' title="bbox 253 2701 1485 2787; baseline 0.019 -35"><span class='ocrx_word' id='word_1_165' title='bbox 253 2701 407 2757; x_wconf 80' lang='lat' dir='ltr'><strong>Annua</strong></span> <span class='ocrx_word' id='word_1_166' title='bbox 434 2711 770 2776; x_wconf 90' lang='lat' dir='ltr'><strong>suspendens</strong></span> <span class='ocrx_word' id='word_1_167' title='bbox 800 2723 1081 2769; x_wconf 91' lang='lat' dir='ltr'><strong>contectus</strong></span> <span class='ocrx_word' id='word_1_168' title='bbox 1102 2717 1276 2787; x_wconf 84' lang='lat' dir='ltr'><strong>jurgia</strong></span> <span class='ocrx_word' id='word_1_169' title='bbox 1308 2720 1485 2776; x_wconf 86' lang='lat' dir='ltr'><strong>limes.</strong></span> 
     </span>
    </p>
   </div>
   <div class='ocr_carea' id='block_1_29' title="bbox 253 2789 1508 2881">
    <p class='ocr_par' dir='ltr' id='par_1_29' title="bbox 253 2789 1508 2881">
     <span class='ocr_line' id='line_1_29' title="bbox 253 2789 1508 2881; baseline 0.021 -38"><span class='ocrx_word' id='word_1_170' title='bbox 253 2789 461 2850; x_wconf 82' lang='lat' dir='ltr'><strong>Gramina</strong></span> <span class='ocrx_word' id='word_1_171' title='bbox 493 2810 609 2854; x_wconf 89' lang='lat' dir='ltr'><strong>nota</strong></span> <span class='ocrx_word' id='word_1_172' title='bbox 644 2801 794 2858; x_wconf 87' lang='lat' dir='ltr'><strong>videt</strong></span> <span class='ocrx_word' id='word_1_173' title='bbox 820 2804 973 2861; x_wconf 66' lang='lat' dir='ltr'><strong>lactus</strong></span> <span class='ocrx_word' id='word_1_174' title='bbox 1000 2807 1278 2864; x_wconf 87' lang='lat' dir='ltr'><strong>subsidere</strong></span> <span class='ocrx_word' id='word_1_175' title='bbox 1309 2822 1508 2881; x_wconf 84' lang='lat' dir='ltr'><strong>pastor,</strong></span> 
     </span>
    </p>
   </div>
   <div class='ocr_carea' id='block_1_30' title="bbox 252 2880 1563 2975">
    <p class='ocr_par' dir='ltr' id='par_1_30' title="bbox 252 2880 1563 2975">
     <span class='ocr_line' id='line_1_30' title="bbox 252 2880 1563 2975; baseline 0.019 -39"><span class='ocrx_word' id='word_1_176' title='bbox 252 2880 382 2953; x_wconf 87' lang='lat' dir='ltr'><strong>Inque</strong></span> <span class='ocrx_word' id='word_1_177' title='bbox 404 2888 565 2945; x_wconf 91' lang='lat' dir='ltr'><strong>locum</strong></span> <span class='ocrx_word' id='word_1_178' title='bbox 592 2907 853 2962; x_wconf 87' lang='lat' dir='ltr'><strong>pecorum</strong></span> <span class='ocrx_word' id='word_1_179' title='bbox 881 2896 1161 2954; x_wconf 78' lang='lat' dir='ltr'><strong>viridantis</strong></span> <span class='ocrx_word' id='word_1_180' title='bbox 1177 2880 1369 2970; x_wconf 86' lang='lat' dir='ltr'><strong>jugere</strong></span> <span class='ocrx_word' id='word_1_181' title='bbox 1391 2908 1563 2975; x_wconf 90' lang='lat' dir='ltr'><strong>campi</strong></span> 
     </span>
    </p>
   </div>
   <div class='ocr_carea' id='block_1_31' title="bbox 246 2973 1518 3064">
    <p class='ocr_par' dir='ltr' id='par_1_31' title="bbox 246 2973 1518 3064">
     <span class='ocr_line' id='line_1_31' title="bbox 246 2973 1518 3064; baseline 0.017 -36"><span class='ocrx_word' id='word_1_182' title='bbox 246 2973 505 3034; x_wconf 74' lang='lat' dir='ltr'><strong>Succedunt</strong></span> <span class='ocrx_word' id='word_1_183' title='bbox 532 2997 726 3040; x_wconf 90' lang='lat' dir='ltr'><strong>nantes</strong></span> <span class='ocrx_word' id='word_1_184' title='bbox 755 2986 928 3041; x_wconf 85' lang='lat' dir='ltr'><strong>aliena</strong></span> <span class='ocrx_word' id='word_1_185' title='bbox 962 3004 1058 3056; x_wconf 89' lang='lat' dir='ltr'><strong>per</strong></span> <span class='ocrx_word' id='word_1_186' title='bbox 1079 3006 1291 3060; x_wconf 69' lang='lat' dir='ltr'><strong>tequbra</strong></span> <span class='ocrx_word' id='word_1_187' title='bbox 1323 2996 1518 3064; x_wconf 86' lang='lat' dir='ltr'><strong>pisces.</strong></span> 
     </span>
    </p>
   </div>
   <div class='ocr_carea' id='block_1_32' title="bbox 246 3065 1535 3153">
    <p class='ocr_par' dir='ltr' id='par_1_32' title="bbox 246 3065 1535 3153">
     <span class='ocr_line' id='line_1_32' title="bbox 246 3065 1535 3153; baseline 0.02 -36"><span class='ocrx_word' id='word_1_188' title='bbox 246 3065 321 3119; x_wconf 85' lang='lat' dir='ltr'><strong>Ast</strong></span> <span class='ocrx_word' id='word_1_189' title='bbox 346 3081 599 3138; x_wconf 82' lang='lat' dir='ltr'><strong>postquam</strong></span> <span class='ocrx_word' id='word_1_190' title='bbox 629 3077 781 3146; x_wconf 89' lang='lat' dir='ltr'><strong>largo</strong></span> <span class='ocrx_word' id='word_1_191' title='bbox 812 3077 1105 3135; x_wconf 81' lang='lat' dir='ltr'><strong>fecundans</strong></span> <span class='ocrx_word' id='word_1_192' title='bbox 1134 3085 1377 3152; x_wconf 89' lang='lat' dir='ltr'><strong>germina</strong></span> <span class='ocrx_word' id='word_1_193' title='bbox 1411 3098 1535 3153; x_wconf 85' lang='lat' dir='ltr'><strong>potu</strong></span> 
     </span>
    </p>
   </div>
   <div class='ocr_carea' id='block_1_33' title="bbox 245 3153 1444 3245">
    <p class='ocr_par' dir='ltr' id='par_1_33' title="bbox 245 3153 1444 3245">
     <span class='ocr_line' id='line_1_33' title="bbox 245 3153 1444 3245; baseline 0.023 -38"><span class='ocrx_word' id='word_1_194' title='bbox 245 3153 441 3226; x_wconf 80' lang='lat' dir='ltr'><strong>Lympha</strong></span> <span class='ocrx_word' id='word_1_195' title='bbox 470 3166 742 3221; x_wconf 88' lang='lat' dir='ltr'><strong>maritavit</strong></span> <span class='ocrx_word' id='word_1_196' title='bbox 772 3169 1002 3226; x_wconf 84' lang='lat' dir='ltr'><strong>sitientis</strong></span> <span class='ocrx_word' id='word_1_197' title='bbox 1024 3173 1227 3230; x_wconf 87' lang='lat' dir='ltr'><strong>viscera</strong></span> <span class='ocrx_word' id='word_1_198' title='bbox 1261 3186 1444 3245; x_wconf 82' lang='lat' dir='ltr'><strong>terrae,</strong></span> 
     </span>
    </p>
   </div>
   <div class='ocr_carea' id='block_1_34' title="bbox 244 3244 1609 3341">
    <p class='ocr_par' dir='ltr' id='par_1_34' title="bbox 244 3244 1609 3341">
     <span class='ocr_line' id='line_1_34' title="bbox 244 3244 1609 3341; baseline 0.023 -43"><span class='ocrx_word' id='word_1_199' title='bbox 244 3244 513 3318; x_wconf 80' lang='lat' dir='ltr'><strong>[legreditur</strong></span> <span class='ocrx_word' id='word_1_200' title='bbox 541 3257 715 3324; x_wconf 81' lang='lat' dir='ltr'><strong>Nilus,</strong></span> <span class='ocrx_word' id='word_1_201' title='bbox 752 3274 1075 3333; x_wconf 87' lang='lat' dir='ltr'><strong>sparsasque</strong></span> <span class='ocrx_word' id='word_1_202' title='bbox 1104 3268 1369 3341; x_wconf 89' lang='lat' dir='ltr'><strong>recolligit</strong></span> <span class='ocrx_word' id='word_1_203' title='bbox 1401 3272 1567 3330; x_wconf 90' lang='lat' dir='ltr'><strong>undas</strong></span> <span class='ocrx_word' id='word_1_204' title='bbox 1597 3293 1609 3329; x_wconf 91' lang='lat'><strong>:</strong></span> 
     </span>
    </p>
   </div>
   <div class='ocr_carea' id='block_1_35' title="bbox 243 3336 1558 3420">
    <p class='ocr_par' dir='ltr' id='par_1_35' title="bbox 243 3336 1558 3420">
     <span class='ocr_line' id='line_1_35' title="bbox 243 3336 1558 3420; baseline 0.023 -30"><span class='ocrx_word' id='word_1_205' title='bbox 243 3336 307 3392; x_wconf 81' lang='lat' dir='ltr'><strong>Fit</strong></span> <span class='ocrx_word' id='word_1_206' title='bbox 333 3341 501 3399; x_wconf 91' lang='lat' dir='ltr'><strong>ﬂuvius</strong></span> <span class='ocrx_word' id='word_1_207' title='bbox 531 3359 793 3417; x_wconf 84' lang='lat' dir='ltr'><strong>pereunte</strong></span> <span class='ocrx_word' id='word_1_208' title='bbox 816 3352 931 3407; x_wconf 90' lang='lat' dir='ltr'><strong>lacu</strong></span> <span class='ocrx_word' id='word_1_209' title='bbox 957 3371 970 3407; x_wconf 89' lang='lat'><strong>:</strong></span> <span class='ocrx_word' id='word_1_210' title='bbox 997 3363 1106 3411; x_wconf 92' lang='lat' dir='ltr'><strong>tum</strong></span> <span class='ocrx_word' id='word_1_211' title='bbox 1138 3360 1379 3416; x_wconf 87' lang='lat' dir='ltr'><strong>redditur</strong></span> <span class='ocrx_word' id='word_1_212' title='bbox 1406 3364 1558 3420; x_wconf 89' lang='lat' dir='ltr'><strong>alveo</strong></span> 
     </span>
    </p>
   </div>
   <div class='ocr_carea' id='block_1_36' title="bbox 243 3425 1459 3521">
    <p class='ocr_par' dir='ltr' id='par_1_36' title="bbox 243 3425 1459 3521">
     <span class='ocr_line' id='line_1_36' title="bbox 243 3425 1459 3521; baseline 0.024 -41"><span class='ocrx_word' id='word_1_213' title='bbox 243 3425 425 3487; x_wconf 83' lang='lat' dir='ltr'><strong>Prislina</strong></span> <span class='ocrx_word' id='word_1_214' title='bbox 451 3452 683 3507; x_wconf 87' lang='lat' dir='ltr'><strong>rpatum</strong></span> <span class='ocrx_word' id='word_1_215' title='bbox 716 3445 983 3499; x_wconf 90' lang='lat' dir='ltr'><strong>conclusis</strong></span> <span class='ocrx_word' id='word_1_216' title='bbox 1013 3448 1266 3505; x_wconf 76' lang='lat' dir='ltr'><strong>ﬂuctibus</strong></span> <span class='ocrx_word' id='word_1_217' title='bbox 1298 3455 1459 3521; x_wconf 85' lang='lat' dir='ltr'><strong>obex,</strong></span> 
     </span>
    </p>
   </div>
   <div class='ocr_carea' id='block_1_37' title="bbox 240 3516 1445 3605">
    <p class='ocr_par' dir='ltr' id='par_1_37' title="bbox 240 3516 1445 3605">
     <span class='ocr_line' id='line_1_37' title="bbox 240 3516 1445 3605; baseline 0.023 -34"><span class='ocrx_word' id='word_1_218' title='bbox 240 3516 385 3577; x_wconf 89' lang='lat' dir='ltr'><strong>Donec</strong></span> <span class='ocrx_word' id='word_1_219' title='bbox 410 3526 669 3587; x_wconf 85' lang='lat' dir='ltr'><strong>dividuum</strong></span> <span class='ocrx_word' id='word_1_220' title='bbox 700 3548 962 3605; x_wconf 84' lang='lat' dir='ltr'><strong>spargens</strong></span> <span class='ocrx_word' id='word_1_221' title='bbox 986 3554 1081 3605; x_wconf 88' lang='lat' dir='ltr'><strong>per</strong></span> <span class='ocrx_word' id='word_1_222' title='bbox 1108 3540 1260 3595; x_wconf 90' lang='lat' dir='ltr'><strong>devia</strong></span> <span class='ocrx_word' id='word_1_223' title='bbox 1286 3543 1445 3598; x_wconf 86' lang='lat' dir='ltr'><strong>finem</strong></span> 
     </span>
    </p>
   </div>
   <div class='ocr_carea' id='block_1_38' title="bbox 240 3607 1543 3705">
    <p class='ocr_par' dir='ltr' id='par_1_38' title="bbox 240 3607 1543 3705">
     <span class='ocr_line' id='line_1_38' title="bbox 240 3607 1543 3705; baseline 0.022 -43"><span class='ocrx_word' id='word_1_224' title='bbox 240 3607 417 3681; x_wconf 80' lang='lat' dir='ltr'><strong>Gurgite</strong></span> <span class='ocrx_word' id='word_1_225' title='bbox 436 3628 650 3686; x_wconf 85' lang='lat' dir='ltr'><strong>septeno</strong></span> <span class='ocrx_word' id='word_1_226' title='bbox 681 3625 919 3690; x_wconf 90' lang='lat' dir='ltr'><strong>patulum</strong></span> <span class='ocrx_word' id='word_1_227' title='bbox 958 3640 1233 3695; x_wconf 88' lang='lat' dir='ltr'><strong>percurrat</strong></span> <span class='ocrx_word' id='word_1_228' title='bbox 1260 3633 1310 3686; x_wconf 88' lang='lat' dir='ltr'><strong>itt</strong></span> <span class='ocrx_word' id='word_1_229' title='bbox 1339 3650 1543 3705; x_wconf 66' lang='lat' dir='ltr'><strong>arquor.</strong></span> 
     </span>
    </p>
   </div>
   <div class='ocr_carea' id='block_1_39' title="bbox 236 3697 1375 3780">
    <p class='ocr_par' dir='ltr' id='par_1_39' title="bbox 236 3697 1375 3780">
     <span class='ocr_line' id='line_1_39' title="bbox 236 3697 1375 3780; baseline 0.026 -30"><span class='ocrx_word' id='word_1_230' title='bbox 236 3697 316 3754; x_wconf 84' lang='lat' dir='ltr'><strong>Sed</strong></span> <span class='ocrx_word' id='word_1_231' title='bbox 336 3720 418 3760; x_wconf 89' lang='lat' dir='ltr'><strong>cur</strong></span> <span class='ocrx_word' id='word_1_232' title='bbox 440 3708 640 3767; x_wconf 82' lang='lat' dir='ltr'><strong>dicatur</strong></span> <span class='ocrx_word' id='word_1_233' title='bbox 672 3722 881 3769; x_wconf 86' lang='lat' dir='ltr'><strong>tantum</strong></span> <span class='ocrx_word' id='word_1_234' title='bbox 912 3721 1176 3775; x_wconf 83' lang='lat' dir='ltr'><strong>mundana</strong></span> <span class='ocrx_word' id='word_1_235' title='bbox 1210 3723 1375 3780; x_wconf 83' lang='lat' dir='ltr'><strong>latere</strong></span> 
     </span>
    </p>
   </div>
   <div class='ocr_carea' id='block_1_40' title="bbox 240 3790 1502 3888">
    <p class='ocr_par' dir='ltr' id='par_1_40' title="bbox 240 3790 1502 3888">
     <span class='ocr_line' id='line_1_40' title="bbox 240 3790 1502 3888; baseline 0.029 -48"><span class='ocrx_word' id='word_1_236' title='bbox 240 3790 392 3851; x_wconf 73' lang='lat' dir='ltr'><strong>Verte:</strong></span> <span class='ocrx_word' id='word_1_237' title='bbox 418 3800 527 3858; x_wconf 82' lang='lat' dir='ltr'><strong>Nile</strong></span> <span class='ocrx_word' id='word_1_238' title='bbox 558 3807 715 3861; x_wconf 89' lang='lat' dir='ltr'><strong>tuus?</strong></span> <span class='ocrx_word' id='word_1_239' title='bbox 746 3825 863 3863; x_wconf 84' lang='lat' dir='ltr'><strong>nam</strong></span> <span class='ocrx_word' id='word_1_240' title='bbox 895 3813 984 3883; x_wconf 92' lang='lat' dir='ltr'><strong>qui</strong></span> <span class='ocrx_word' id='word_1_241' title='bbox 1017 3816 1241 3871; x_wconf 87' lang='lat' dir='ltr'><strong>nesciris</strong></span> <span class='ocrx_word' id='word_1_242' title='bbox 1266 3821 1333 3873; x_wconf 92' lang='lat' dir='ltr'><strong>ab</strong></span> <span class='ocrx_word' id='word_1_243' title='bbox 1362 3832 1502 3888; x_wconf 85' lang='lat' dir='ltr'><strong>ortu,</strong></span> 
     </span>
    </p>
   </div>
   <div class='ocr_carea' id='block_1_41' title="bbox 233 3877 1516 3978">
    <p class='ocr_par' dir='ltr' id='par_1_41' title="bbox 233 3877 1516 3978">
     <span class='ocr_line' id='line_1_41' title="bbox 233 3877 1516 3978; baseline 0.027 -47"><span class='ocrx_word' id='word_1_244' title='bbox 233 3877 319 3936; x_wconf 75' lang='lat' dir='ltr'><strong>bon</strong></span> <span class='ocrx_word' id='word_1_245' title='bbox 340 3887 490 3958; x_wconf 78' lang='lat' dir='ltr'><strong>solus,</strong></span> <span class='ocrx_word' id='word_1_246' title='bbox 516 3898 607 3950; x_wconf 72' lang='lat' dir='ltr'><strong>sed</strong></span> <span class='ocrx_word' id='word_1_247' title='bbox 634 3910 861 3968; x_wconf 87' lang='lat' dir='ltr'><strong>quartus</strong></span> <span class='ocrx_word' id='word_1_248' title='bbox 891 3877 1032 3967; x_wconf 75' lang='lat' dir='ltr'><strong>eras,</strong></span> <span class='ocrx_word' id='word_1_249' title='bbox 1062 3906 1282 3962; x_wconf 84' lang='lat' dir='ltr'><strong>diffusus</strong></span> <span class='ocrx_word' id='word_1_250' title='bbox 1308 3910 1375 3964; x_wconf 90' lang='lat' dir='ltr'><strong>ab</strong></span> <span class='ocrx_word' id='word_1_251' title='bbox 1405 3913 1516 3978; x_wconf 90' lang='lat' dir='ltr'><strong>illo,</strong></span> 
     </span>
    </p>
   </div>
   <div class='ocr_carea' id='block_1_42' title="bbox 236 4026 1791 4088">
    <p class='ocr_par' dir='ltr' id='par_1_42' title="bbox 236 4026 1791 4088">
     <span class='ocr_line' id='line_1_42' title="bbox 236 4026 1791 4088; baseline 0.022 -36"><span class='ocrx_word' id='word_1_252' title='bbox 236 4026 1791 4088; x_wconf 32' lang='lat'><strong>~.______________</strong></span> 
     </span>
    </p>
   </div>
   <div class='ocr_carea' id='block_1_43' title="bbox 1883 357 3238 452">
    <p class='ocr_par' dir='ltr' id='par_1_43' title="bbox 1883 357 3238 452">
     <span class='ocr_line' id='line_1_43' title="bbox 1883 357 3238 452; baseline 0.024 -45"><span class='ocrx_word' id='word_1_253' title='bbox 1883 360 1928 415; x_wconf 84' lang='grc' dir='ltr'><strong>Λ</strong></span> <span class='ocrx_word' id='word_1_254' title='bbox 1963 357 2197 427; x_wconf 79' lang='lat' dir='ltr'><strong>DcSpicit</strong></span> <span class='ocrx_word' id='word_1_255' title='bbox 2222 366 2433 421; x_wconf 80' lang='lat' dir='ltr'><strong>excelso</strong></span> <span class='ocrx_word' id='word_1_256' title='bbox 2461 371 2548 438; x_wconf 86' lang='lat' dir='ltr'><strong>qui</strong></span> <span class='ocrx_word' id='word_1_257' title='bbox 2583 372 2797 428; x_wconf 89' lang='lat' dir='ltr'><strong>ﬂumina</strong></span> <span class='ocrx_word' id='word_1_258' title='bbox 2823 388 3013 434; x_wconf 88' lang='lat' dir='ltr'><strong>cuncta</strong></span> <span class='ocrx_word' id='word_1_259' title='bbox 3042 396 3238 452; x_wconf 82' lang='lat' dir='ltr'><strong>meatu,</strong></span> 
     </span>
    </p>
   </div>
   <div class='ocr_carea' id='block_1_44' title="bbox 1960 449 3331 549">
    <p class='ocr_par' dir='ltr' id='par_1_44' title="bbox 1960 449 3331 549">
     <span class='ocr_line' id='line_1_44' title="bbox 1960 449 3331 549; baseline 0.026 -47"><span class='ocrx_word' id='word_1_260' title='bbox 1960 449 2129 517; x_wconf 73' lang='lat' dir='ltr'><strong>ipsius</strong></span> <span class='ocrx_word' id='word_1_261' title='bbox 2158 461 2317 525; x_wconf 73' lang='lat' dir='ltr'><strong>atjue</strong></span> <span class='ocrx_word' id='word_1_262' title='bbox 2350 469 2499 528; x_wconf 90' lang='lat' dir='ltr'><strong>pater</strong></span> <span class='ocrx_word' id='word_1_263' title='bbox 2532 466 2699 534; x_wconf 82' lang='lat' dir='ltr'><strong>pelagi</strong></span> <span class='ocrx_word' id='word_1_264' title='bbox 2731 475 3097 537; x_wconf 83' lang='lat' dir='ltr'><strong>supereminet</strong></span> <span class='ocrx_word' id='word_1_265' title='bbox 3122 493 3331 549; x_wconf 90' lang='lat' dir='ltr'><strong>omnes,</strong></span> 
     </span>
    </p>
   </div>
   <div class='ocr_carea' id='block_1_45' title="bbox 1957 542 3529 649">
    <p class='ocr_par' dir='ltr' id='par_1_45' title="bbox 1957 542 3529 649">
     <span class='ocr_line' id='line_1_45' title="bbox 1957 542 3529 649; baseline 0.025 -55"><span class='ocrx_word' id='word_1_266' title='bbox 1957 542 2099 608; x_wconf 86' lang='lat' dir='ltr'><strong>Quas</strong></span> <span class='ocrx_word' id='word_1_267' title='bbox 2131 556 2360 616; x_wconf 86' lang='lat' dir='ltr'><strong>montes,</strong></span> <span class='ocrx_word' id='word_1_268' title='bbox 2392 567 2523 621; x_wconf 87' lang='lat' dir='ltr'><strong>quas</strong></span> <span class='ocrx_word' id='word_1_269' title='bbox 2552 555 2706 624; x_wconf 89' lang='lat' dir='ltr'><strong>plana</strong></span> <span class='ocrx_word' id='word_1_270' title='bbox 2741 574 2982 630; x_wconf 70' lang='lat' dir='ltr'><strong>vomunt,</strong></span> <span class='ocrx_word' id='word_1_271' title='bbox 3012 582 3147 636; x_wconf 85' lang='lat' dir='ltr'><strong>quas</strong></span> <span class='ocrx_word' id='word_1_272' title='bbox 3174 574 3372 639; x_wconf 87' lang='lat' dir='ltr'><strong>nubila,</strong></span> <span class='ocrx_word' id='word_1_273' title='bbox 3407 579 3529 649; x_wconf 80' lang='lat' dir='ltr'><strong>lym-</strong></span> 
     </span>
    </p>
   </div>
   <div class='ocr_carea' id='block_1_46' title="bbox 1949 666 3491 831">
    <p class='ocr_par' dir='ltr' id='par_1_46' title="bbox 1949 666 3491 831">
     <span class='ocr_line' id='line_1_46' title="bbox 1949 666 3491 831; baseline 0.029 -56"><span class='ocrx_word' id='word_1_274' title='bbox 1949 723 2179 789; x_wconf 86' lang='lat' dir='ltr'><strong>Qttartus</strong></span> <span class='ocrx_word' id='word_1_275' title='bbox 2208 729 2422 802; x_wconf 83' lang='lat' dir='ltr'><strong>Physon</strong></span> <span class='ocrx_word' id='word_1_276' title='bbox 2448 737 2565 801; x_wconf 88' lang='lat' dir='ltr'><strong>erit,</strong></span> <span class='ocrx_word' id='word_1_277' title='bbox 2598 755 2755 809; x_wconf 90' lang='lat' dir='ltr'><strong>quem</strong></span> <span class='ocrx_word' id='word_1_278' title='bbox 2790 747 3024 812; x_wconf 86' lang='lat' dir='ltr'><strong>possidet</strong></span> <span class='ocrx_word' id='word_1_279' title='bbox 3057 750 3202 809; x_wconf 88' lang='lat' dir='ltr'><strong>ludia</strong></span> <span class='ocrx_word' id='word_1_280' title='bbox 3232 666 3491 831; x_wconf 41' lang='lat' dir='ltr'><strong>om;</strong></span> 
     </span>
    </p>
   </div>
   <div class='ocr_carea' id='block_1_47' title="bbox 1947 814 3215 915">
    <p class='ocr_par' dir='ltr' id='par_1_47' title="bbox 1947 814 3215 915">
     <span class='ocr_line' id='line_1_47' title="bbox 1947 814 3215 915; baseline 0.027 -49"><span class='ocrx_word' id='word_1_281' title='bbox 1947 814 2118 871; x_wconf 81' lang='lat' dir='ltr'><strong>Motus</strong></span> <span class='ocrx_word' id='word_1_282' title='bbox 2139 820 2414 878; x_wconf 77' lang='lat' dir='ltr'><strong>odorifero</strong></span> <span class='ocrx_word' id='word_1_283' title='bbox 2441 831 2650 896; x_wconf 90' lang='lat' dir='ltr'><strong>quoties</strong></span> <span class='ocrx_word' id='word_1_284' title='bbox 2682 834 2769 901; x_wconf 83' lang='lat' dir='ltr'><strong>qui</strong></span> <span class='ocrx_word' id='word_1_285' title='bbox 2803 840 3000 894; x_wconf 91' lang='lat' dir='ltr'><strong>vertice</strong></span> <span class='ocrx_word' id='word_1_286' title='bbox 3025 847 3215 915; x_wconf 71' lang='lat' dir='ltr'><strong>erevit,</strong></span> 
     </span>
    </p>
   </div>
   <div class='ocr_carea' id='block_1_48' title="bbox 1948 904 3301 996">
    <p class='ocr_par' dir='ltr' id='par_1_48' title="bbox 1948 904 3301 996">
     <span class='ocr_line' id='line_1_48' title="bbox 1948 904 3301 996; baseline 0.03 -40"><span class='ocrx_word' id='word_1_287' title='bbox 1948 904 2207 964; x_wconf 71' lang='lat' dir='ltr'><strong>Decidius</strong></span> <span class='ocrx_word' id='word_1_288' title='bbox 2235 917 2459 980; x_wconf 85' lang='lat' dir='ltr'><strong>pulchro</strong></span> <span class='ocrx_word' id='word_1_289' title='bbox 2486 935 2619 988; x_wconf 87' lang='lat' dir='ltr'><strong>quas</strong></span> <span class='ocrx_word' id='word_1_290' title='bbox 2649 938 2903 995; x_wconf 88' lang='lat' dir='ltr'><strong>spargunt</strong></span> <span class='ocrx_word' id='word_1_291' title='bbox 2931 930 3149 989; x_wconf 92' lang='lat' dir='ltr'><strong>ﬂumina</strong></span> <span class='ocrx_word' id='word_1_292' title='bbox 3180 904 3301 996; x_wconf 77' lang='lat' dir='ltr'><strong>luco</strong></span> 
     </span>
    </p>
   </div>
   <div class='ocr_carea' id='block_1_49' title="bbox 1946 993 3298 1091">
    <p class='ocr_par' dir='ltr' id='par_1_49' title="bbox 1946 993 3298 1091">
     <span class='ocr_line' id='line_1_49' title="bbox 1946 993 3298 1091; baseline 0.03 -45"><span class='ocrx_word' id='word_1_293' title='bbox 1946 993 2299 1056; x_wconf 67' lang='lat' dir='ltr'><strong>Prmlamhens</strong></span> <span class='ocrx_word' id='word_1_294' title='bbox 2329 1005 2530 1063; x_wconf 89' lang='lat' dir='ltr'><strong>furatur</strong></span> <span class='ocrx_word' id='word_1_295' title='bbox 2558 1027 2710 1079; x_wconf 91' lang='lat' dir='ltr'><strong>opes,</strong></span> <span class='ocrx_word' id='word_1_296' title='bbox 2742 993 2798 1070; x_wconf 78' lang='lat' dir='ltr'><strong>et</strong></span> <span class='ocrx_word' id='word_1_297' title='bbox 2824 1023 3030 1091; x_wconf 86' lang='lat' dir='ltr'><strong>gurgite</strong></span> <span class='ocrx_word' id='word_1_298' title='bbox 3059 1037 3298 1087; x_wconf 81' lang='lat' dir='ltr'><strong>nostrum</strong></span> 
     </span>
    </p>
   </div>
   <div class='ocr_carea' id='block_1_50' title="bbox 1943 1083 3258 1189">
    <p class='ocr_par' dir='ltr' id='par_1_50' title="bbox 1943 1083 3258 1189">
     <span class='ocr_line' id='line_1_50' title="bbox 1943 1083 3258 1189; baseline 0.032 -54"><span class='ocrx_word' id='word_1_299' title='bbox 1943 1083 2095 1140; x_wconf 91' lang='lat' dir='ltr'><strong>Ducit</strong></span> <span class='ocrx_word' id='word_1_300' title='bbox 2122 1089 2171 1142; x_wconf 89' lang='lat' dir='ltr'><strong>in</strong></span> <span class='ocrx_word' id='word_1_301' title='bbox 2196 1096 2463 1151; x_wconf 82' lang='lat' dir='ltr'><strong>exsilium.</strong></span> <span class='ocrx_word' id='word_1_302' title='bbox 2496 1100 2628 1155; x_wconf 89' lang='lat' dir='ltr'><strong>Nam</strong></span> <span class='ocrx_word' id='word_1_303' title='bbox 2662 1107 2771 1174; x_wconf 89' lang='lat' dir='ltr'><strong>ripa</strong></span> <span class='ocrx_word' id='word_1_304' title='bbox 2805 1109 2983 1181; x_wconf 90' lang='lat' dir='ltr'><strong>largus</strong></span> <span class='ocrx_word' id='word_1_305' title='bbox 3012 1125 3258 1189; x_wconf 87' lang='lat' dir='ltr'><strong>utraque,</strong></span> 
     </span>
    </p>
   </div>
   <div class='ocr_carea' id='block_1_51' title="bbox 1939 1174 3178 1276">
    <p class='ocr_par' dir='ltr' id='par_1_51' title="bbox 1939 1174 3178 1276">
     <span class='ocr_line' id='line_1_51' title="bbox 1939 1174 3178 1276; baseline 0.031 -51"><span class='ocrx_word' id='word_1_306' title='bbox 1939 1174 2199 1234; x_wconf 80' lang='lat' dir='ltr'><strong>Amuibus</strong></span> <span class='ocrx_word' id='word_1_307' title='bbox 2233 1192 2287 1237; x_wconf 89' lang='lat' dir='ltr'><strong>ttt</strong></span> <span class='ocrx_word' id='word_1_308' title='bbox 2308 1188 2508 1245; x_wconf 78' lang='lat' dir='ltr'><strong>nastris</strong></span> <span class='ocrx_word' id='word_1_309' title='bbox 2536 1194 2737 1248; x_wconf 88' lang='lat' dir='ltr'><strong>enodes</strong></span> <span class='ocrx_word' id='word_1_310' title='bbox 2762 1174 2911 1256; x_wconf 69' lang='lat' dir='ltr'><strong>ferre</strong></span> <span class='ocrx_word' id='word_1_311' title='bbox 2926 1174 3178 1276; x_wconf 65' lang='lat' dir='ltr'><strong>papyros,</strong></span> 
     </span>
    </p>
   </div>
   <div class='ocr_carea' id='block_1_52' title="bbox 1938 1266 3310 1369">
    <p class='ocr_par' dir='ltr' id='par_1_52' title="bbox 1938 1266 3310 1369">
     <span class='ocr_line' id='line_1_52' title="bbox 1938 1266 3310 1369; baseline 0.028 -53"><span class='ocrx_word' id='word_1_312' title='bbox 1938 1266 2041 1319; x_wconf 82' lang='lat' dir='ltr'><strong>Aut</strong></span> <span class='ocrx_word' id='word_1_313' title='bbox 2071 1270 2276 1339; x_wconf 87' lang='lat' dir='ltr'><strong>scirpos</strong></span> <span class='ocrx_word' id='word_1_314' title='bbox 2302 1276 2559 1347; x_wconf 84' lang='lat' dir='ltr'><strong>algasque</strong></span> <span class='ocrx_word' id='word_1_315' title='bbox 2591 1282 2738 1338; x_wconf 90' lang='lat' dir='ltr'><strong>leves</strong></span> <span class='ocrx_word' id='word_1_316' title='bbox 2768 1287 3034 1348; x_wconf 90' lang='lat' dir='ltr'><strong>deducere</strong></span> <span class='ocrx_word' id='word_1_317' title='bbox 3066 1314 3180 1352; x_wconf 90' lang='lat' dir='ltr'><strong>mos</strong></span> <span class='ocrx_word' id='word_1_318' title='bbox 3208 1312 3310 1369; x_wconf 85' lang='lat' dir='ltr'><strong>est,</strong></span> 
     </span>
    </p>
   </div>
   <div class='ocr_carea' id='block_1_53' title="bbox 1938 1353 3288 1459">
    <p class='ocr_par' dir='ltr' id='par_1_53' title="bbox 1938 1353 3288 1459">
     <span class='ocr_line' id='line_1_53' title="bbox 1938 1353 3288 1459; baseline 0.03 -54"><span class='ocrx_word' id='word_1_319' title='bbox 1938 1353 2286 1417; x_wconf 81' lang='lat' dir='ltr'><strong>Excrementa</strong></span> <span class='ocrx_word' id='word_1_320' title='bbox 2325 1366 2545 1423; x_wconf 83' lang='lat' dir='ltr'><strong>trahens</strong></span> <span class='ocrx_word' id='word_1_321' title='bbox 2567 1386 2795 1443; x_wconf 86' lang='lat' dir='ltr'><strong>magnus</strong></span> <span class='ocrx_word' id='word_1_322' title='bbox 2821 1380 2895 1434; x_wconf 87' lang='lat' dir='ltr'><strong>sic</strong></span> <span class='ocrx_word' id='word_1_323' title='bbox 2924 1383 3052 1439; x_wconf 91' lang='lat' dir='ltr'><strong>ditia</strong></span> <span class='ocrx_word' id='word_1_324' title='bbox 3077 1387 3288 1459; x_wconf 83' lang='lat' dir='ltr'><strong>Ganges</strong></span> 
     </span>
    </p>
   </div>
   <div class='ocr_carea' id='block_1_54' title="bbox 1933 1443 3288 1543">
    <p class='ocr_par' dir='ltr' id='par_1_54' title="bbox 1933 1443 3288 1543">
     <span class='ocr_line' id='line_1_54' title="bbox 1933 1443 3288 1543; baseline 0.03 -47"><span class='ocrx_word' id='word_1_325' title='bbox 1933 1443 2043 1499; x_wconf 93' lang='lat' dir='ltr'><strong>lloc</strong></span> <span class='ocrx_word' id='word_1_326' title='bbox 2071 1451 2229 1505; x_wconf 89' lang='lat' dir='ltr'><strong>etiam</strong></span> <span class='ocrx_word' id='word_1_327' title='bbox 2257 1454 2413 1509; x_wconf 87' lang='lat' dir='ltr'><strong>donat</strong></span> <span class='ocrx_word' id='word_1_328' title='bbox 2452 1464 2672 1531; x_wconf 87' lang='lat' dir='ltr'><strong>mundo,</strong></span> <span class='ocrx_word' id='word_1_329' title='bbox 2705 1470 2849 1536; x_wconf 85' lang='lat' dir='ltr'><strong>quod</strong></span> <span class='ocrx_word' id='word_1_330' title='bbox 2879 1475 2992 1543; x_wconf 87' lang='lat' dir='ltr'><strong>proj</strong></span> <span class='ocrx_word' id='word_1_331' title='bbox 3018 1478 3088 1530; x_wconf 93' lang='lat' dir='ltr'><strong>cit</strong></span> <span class='ocrx_word' id='word_1_332' title='bbox 3110 1443 3288 1537; x_wconf 63' lang='lat' dir='ltr'><strong>alveo.</strong></span> 
     </span>
    </p>
   </div>
   <div class='ocr_carea' id='block_1_55' title="bbox 2007 1537 3362 1643">
    <p class='ocr_par' dir='ltr' id='par_1_55' title="bbox 2007 1537 3362 1643">
     <span class='ocr_line' id='line_1_55' title="bbox 2007 1537 3362 1643; baseline 0.031 -53"><span class='ocrx_word' id='word_1_333' title='bbox 2007 1537 2211 1595; x_wconf 87' lang='lat' dir='ltr'><strong>Interea</strong></span> <span class='ocrx_word' id='word_1_334' title='bbox 2242 1548 2417 1613; x_wconf 89' lang='lat' dir='ltr'><strong>primi,</strong></span> <span class='ocrx_word' id='word_1_335' title='bbox 2450 1564 2693 1609; x_wconf 87' lang='lat' dir='ltr'><strong>summus</strong></span> <span class='ocrx_word' id='word_1_336' title='bbox 2716 1575 2848 1625; x_wconf 82' lang='lat' dir='ltr'><strong>quos</strong></span> <span class='ocrx_word' id='word_1_337' title='bbox 2874 1563 3125 1632; x_wconf 81' lang='lat' dir='ltr'><strong>junxerat</strong></span> <span class='ocrx_word' id='word_1_338' title='bbox 3152 1585 3362 1643; x_wconf 83' lang='lat' dir='ltr'><strong>auctor,</strong></span> 
     </span>
    </p>
   </div>
   <div class='ocr_carea' id='block_1_56' title="bbox 1929 1628 3099 1723">
    <p class='ocr_par' dir='ltr' id='par_1_56' title="bbox 1929 1628 3099 1723">
     <span class='ocr_line' id='line_1_56' title="bbox 1929 1628 3099 1723; baseline 0.032 -44"><span class='ocrx_word' id='word_1_339' title='bbox 1929 1628 1982 1682; x_wconf 92' lang='lat' dir='ltr'><strong>ln</strong></span> <span class='ocrx_word' id='word_1_340' title='bbox 2009 1635 2339 1699; x_wconf 84' lang='lat' dir='ltr'><strong>paradisiaca</strong></span> <span class='ocrx_word' id='word_1_341' title='bbox 2371 1657 2643 1710; x_wconf 90' lang='lat' dir='ltr'><strong>ponuntur</strong></span> <span class='ocrx_word' id='word_1_342' title='bbox 2673 1652 2803 1707; x_wconf 89' lang='lat' dir='ltr'><strong>sede</strong></span> <span class='ocrx_word' id='word_1_343' title='bbox 2830 1628 3099 1723; x_wconf 78' lang='lat' dir='ltr'><strong>parentes.</strong></span> 
     </span>
    </p>
   </div>
   <div class='ocr_carea' id='block_1_57' title="bbox 1853 1721 3095 1821">
    <p class='ocr_par' dir='ltr' id='par_1_57' title="bbox 1853 1721 3095 1821">
     <span class='ocr_line' id='line_1_57' title="bbox 1853 1721 3095 1821; baseline 0.03 -50"><span class='ocrx_word' id='word_1_344' title='bbox 1853 1736 1897 1792; x_wconf 70' lang='grc' dir='ltr'><strong>Β</strong></span> <span class='ocrx_word' id='word_1_345' title='bbox 1927 1721 2056 1776; x_wconf 87' lang='lat' dir='ltr'><strong>Tum</strong></span> <span class='ocrx_word' id='word_1_346' title='bbox 2086 1738 2263 1783; x_wconf 88' lang='lat' dir='ltr'><strong>rector</strong></span> <span class='ocrx_word' id='word_1_347' title='bbox 2293 1734 2383 1787; x_wconf 79' lang='lat' dir='ltr'><strong>tali</strong></span> <span class='ocrx_word' id='word_1_348' title='bbox 2416 1743 2667 1807; x_wconf 78' lang='lat' dir='ltr'><strong>proponit</strong></span> <span class='ocrx_word' id='word_1_349' title='bbox 2696 1721 2912 1812; x_wconf 66' lang='lat' dir='ltr'><strong>praemia</strong></span> <span class='ocrx_word' id='word_1_350' title='bbox 2944 1751 3095 1821; x_wconf 76' lang='lat' dir='ltr'><strong>lege:</strong></span> 
     </span>
    </p>
   </div>
   <div class='ocr_carea' id='block_1_58' title="bbox 1922 1816 3235 1905">
    <p class='ocr_par' dir='ltr' id='par_1_58' title="bbox 1922 1816 3235 1905">
     <span class='ocr_line' id='line_1_58' title="bbox 1922 1816 3235 1905; baseline 0.03 -41"><span class='ocrx_word' id='word_1_351' title='bbox 1922 1816 1964 1865; x_wconf 83' lang='lat'><strong>0</strong></span> <span class='ocrx_word' id='word_1_352' title='bbox 1990 1828 2255 1872; x_wconf 90' lang='lat' dir='ltr'><strong>summum</strong></span> <span class='ocrx_word' id='word_1_353' title='bbox 2287 1822 2505 1881; x_wconf 75' lang='lat' dir='ltr'><strong>factoris</strong></span> <span class='ocrx_word' id='word_1_354' title='bbox 2535 1846 2688 1901; x_wconf 85' lang='lat' dir='ltr'><strong>opus,</strong></span> <span class='ocrx_word' id='word_1_355' title='bbox 2723 1851 2858 1905; x_wconf 88' lang='lat' dir='ltr'><strong>quos</strong></span> <span class='ocrx_word' id='word_1_356' title='bbox 2888 1842 3002 1897; x_wconf 87' lang='lat' dir='ltr'><strong>sola</strong></span> <span class='ocrx_word' id='word_1_357' title='bbox 3033 1851 3235 1904; x_wconf 84' lang='lat' dir='ltr'><strong>creavit</strong></span> 
     </span>
    </p>
   </div>
   <div class='ocr_carea' id='block_1_59' title="bbox 1918 1903 3359 2010">
    <p class='ocr_par' dir='ltr' id='par_1_59' title="bbox 1918 1903 3359 2010">
     <span class='ocr_line' id='line_1_59' title="bbox 1918 1903 3359 2010; baseline 0.031 -55"><span class='ocrx_word' id='word_1_358' title='bbox 1918 1903 2109 1960; x_wconf 86' lang='lat' dir='ltr'><strong>Nostra</strong></span> <span class='ocrx_word' id='word_1_359' title='bbox 2139 1925 2349 1978; x_wconf 89' lang='lat' dir='ltr'><strong>manus,</strong></span> <span class='ocrx_word' id='word_1_360' title='bbox 2384 1921 2526 1973; x_wconf 83' lang='lat' dir='ltr'><strong>nasci</strong></span> <span class='ocrx_word' id='word_1_361' title='bbox 2565 1935 2685 1976; x_wconf 91' lang='lat' dir='ltr'><strong>cum</strong></span> <span class='ocrx_word' id='word_1_362' title='bbox 2713 1936 2908 1983; x_wconf 66' lang='lat' dir='ltr'><strong>caetera</strong></span> <span class='ocrx_word' id='word_1_363' title='bbox 2938 1948 3068 1989; x_wconf 89' lang='lat' dir='ltr'><strong>voce</strong></span> <span class='ocrx_word' id='word_1_364' title='bbox 3090 1926 3187 2005; x_wconf 27' lang='lat' dir='ltr'><strong>j‘ub</strong></span> <span class='ocrx_word' id='word_1_365' title='bbox 3226 1959 3359 2010; x_wconf 90' lang='lat' dir='ltr'><strong>rem,</strong></span> 
     </span>
    </p>
   </div>
   <div class='ocr_carea' id='block_1_60' title="bbox 1916 1997 3197 2084">
    <p class='ocr_par' dir='ltr' id='par_1_60' title="bbox 1916 1997 3197 2084">
     <span class='ocr_line' id='line_1_60' title="bbox 1916 1997 3197 2084; baseline 0.03 -38"><span class='ocrx_word' id='word_1_366' title='bbox 1916 1997 2165 2064; x_wconf 79' lang='lat' dir='ltr'><strong>ASpicitis</strong></span> <span class='ocrx_word' id='word_1_367' title='bbox 2196 2015 2396 2070; x_wconf 91' lang='lat' dir='ltr'><strong>quanto</strong></span> <span class='ocrx_word' id='word_1_368' title='bbox 2429 2010 2819 2076; x_wconf 90' lang='lat' dir='ltr'><strong>pulcherrimus</strong></span> <span class='ocrx_word' id='word_1_369' title='bbox 2853 2019 3016 2077; x_wconf 88' lang='lat' dir='ltr'><strong>ubere</strong></span> <span class='ocrx_word' id='word_1_370' title='bbox 3044 2025 3197 2084; x_wconf 89' lang='lat' dir='ltr'><strong>lucus</strong></span> 
     </span>
    </p>
   </div>
   <div class='ocr_carea' id='block_1_61' title="bbox 1918 2086 3420 2186">
    <p class='ocr_par' dir='ltr' id='par_1_61' title="bbox 1918 2086 3420 2186">
     <span class='ocr_line' id='line_1_61' title="bbox 1918 2086 3420 2186; baseline 0.032 -48"><span class='ocrx_word' id='word_1_371' title='bbox 1918 2086 2018 2140; x_wconf 71' lang='lat' dir='ltr'><strong>l’er</strong></span> <span class='ocrx_word' id='word_1_372' title='bbox 2049 2092 2241 2148; x_wconf 88' lang='lat' dir='ltr'><strong>multas</strong></span> <span class='ocrx_word' id='word_1_373' title='bbox 2272 2095 2561 2155; x_wconf 89' lang='lat' dir='ltr'><strong>famuletur</strong></span> <span class='ocrx_word' id='word_1_374' title='bbox 2591 2109 2757 2171; x_wconf 82' lang='lat' dir='ltr'><strong>Opes?</strong></span> <span class='ocrx_word' id='word_1_375' title='bbox 2786 2109 2900 2165; x_wconf 68' lang='lat' dir='ltr'><strong>hinc</strong></span> <span class='ocrx_word' id='word_1_376' title='bbox 2929 2129 3121 2173; x_wconf 89' lang='lat' dir='ltr'><strong>cuncta</strong></span> <span class='ocrx_word' id='word_1_377' title='bbox 3150 2123 3420 2186; x_wconf 89' lang='lat' dir='ltr'><strong>dabuntur</strong></span> 
     </span>
    </p>
   </div>
   <div class='ocr_carea' id='block_1_62' title="bbox 1915 2178 3291 2276">
    <p class='ocr_par' dir='ltr' id='par_1_62' title="bbox 1915 2178 3291 2276">
     <span class='ocr_line' id='line_1_62' title="bbox 1915 2178 3291 2276; baseline 0.031 -48"><span class='ocrx_word' id='word_1_378' title='bbox 1915 2178 1991 2230; x_wconf 82' lang='lat' dir='ltr'><strong>Ad</strong></span> <span class='ocrx_word' id='word_1_379' title='bbox 2026 2191 2233 2238; x_wconf 88' lang='lat' dir='ltr'><strong>vestros</strong></span> <span class='ocrx_word' id='word_1_380' title='bbox 2257 2188 2374 2242; x_wconf 91' lang='lat' dir='ltr'><strong>sine</strong></span> <span class='ocrx_word' id='word_1_381' title='bbox 2402 2191 2506 2248; x_wconf 90' lang='lat' dir='ltr'><strong>fine</strong></span> <span class='ocrx_word' id='word_1_382' title='bbox 2532 2195 2704 2264; x_wconf 78' lang='lat' dir='ltr'><strong>cibos,</strong></span> <span class='ocrx_word' id='word_1_383' title='bbox 2738 2199 2862 2258; x_wconf 92' lang='lat' dir='ltr'><strong>hinc</strong></span> <span class='ocrx_word' id='word_1_384' title='bbox 2889 2218 3013 2259; x_wconf 91' lang='lat' dir='ltr'><strong>esca</strong></span> <span class='ocrx_word' id='word_1_385' title='bbox 3045 2220 3254 2276; x_wconf 88' lang='lat' dir='ltr'><strong>petatur</strong></span> <span class='ocrx_word' id='word_1_386' title='bbox 3278 2233 3291 2270; x_wconf 87' lang='lat'><strong>:</strong></span> 
     </span>
    </p>
   </div>
   <div class='ocr_carea' id='block_1_63' title="bbox 1908 2268 3167 2365">
    <p class='ocr_par' dir='ltr' id='par_1_63' title="bbox 1908 2268 3167 2365">
     <span class='ocr_line' id='line_1_63' title="bbox 1908 2268 3167 2365; baseline 0.029 -45"><span class='ocrx_word' id='word_1_387' title='bbox 1908 2268 2112 2326; x_wconf 84' lang='lat' dir='ltr'><strong>Sumite</strong></span> <span class='ocrx_word' id='word_1_388' title='bbox 2138 2290 2424 2336; x_wconf 63' lang='lat' dir='ltr'><strong>concessas</strong></span> <span class='ocrx_word' id='word_1_389' title='bbox 2449 2282 2649 2353; x_wconf 83' lang='lat' dir='ltr'><strong>fruges,</strong></span> <span class='ocrx_word' id='word_1_390' title='bbox 2673 2298 2728 2343; x_wconf 88' lang='lat' dir='ltr'><strong>et</strong></span> <span class='ocrx_word' id='word_1_391' title='bbox 2756 2294 2961 2360; x_wconf 80' lang='lat' dir='ltr'><strong>carpite</strong></span> <span class='ocrx_word' id='word_1_392' title='bbox 2990 2313 3167 2365; x_wconf 81' lang='lat' dir='ltr'><strong>poma.</strong></span> 
     </span>
    </p>
   </div>
   <div class='ocr_carea' id='block_1_64' title="bbox 1911 2358 3131 2454">
    <p class='ocr_par' dir='ltr' id='par_1_64' title="bbox 1911 2358 3131 2454">
     <span class='ocr_line' id='line_1_64' title="bbox 1911 2358 3131 2454; baseline 0.029 -43"><span class='ocrx_word' id='word_1_393' title='bbox 1911 2358 2003 2413; x_wconf 84' lang='lat' dir='ltr'><strong>llic</strong></span> <span class='ocrx_word' id='word_1_394' title='bbox 2033 2365 2210 2431; x_wconf 88' lang='lat' dir='ltr'><strong>operis</strong></span> <span class='ocrx_word' id='word_1_395' title='bbox 2241 2367 2388 2423; x_wconf 88' lang='lat' dir='ltr'><strong>dulci</strong></span> <span class='ocrx_word' id='word_1_396' title='bbox 2435 2375 2612 2428; x_wconf 91' lang='lat' dir='ltr'><strong>studio</strong></span> <span class='ocrx_word' id='word_1_397' title='bbox 2659 2392 2846 2437; x_wconf 90' lang='lat' dir='ltr'><strong>secura</strong></span> <span class='ocrx_word' id='word_1_398' title='bbox 2888 2387 3131 2454; x_wconf 83' lang='lat' dir='ltr'><strong>quiescat</strong></span> 
     </span>
    </p>
   </div>
   <div class='ocr_carea' id='block_1_65' title="bbox 1910 2452 3206 2547">
    <p class='ocr_par' dir='ltr' id='par_1_65' title="bbox 1910 2452 3206 2547">
     <span class='ocr_line' id='line_1_65' title="bbox 1910 2452 3206 2547; baseline 0.028 -44"><span class='ocrx_word' id='word_1_399' title='bbox 1910 2452 2226 2524; x_wconf 72' lang='lat' dir='ltr'><strong>lleliriisque</strong></span> <span class='ocrx_word' id='word_1_400' title='bbox 2249 2457 2433 2517; x_wconf 90' lang='lat' dir='ltr'><strong>fruens</strong></span> <span class='ocrx_word' id='word_1_401' title='bbox 2464 2464 2702 2535; x_wconf 73' lang='lat' dir='ltr'><strong>longievo</strong></span> <span class='ocrx_word' id='word_1_402' title='bbox 2732 2470 2784 2526; x_wconf 93' lang='lat' dir='ltr'><strong>in</strong></span> <span class='ocrx_word' id='word_1_403' title='bbox 2818 2452 3056 2547; x_wconf 85' lang='lat' dir='ltr'><strong>tempore</strong></span> <span class='ocrx_word' id='word_1_404' title='bbox 3083 2484 3206 2540; x_wconf 82' lang='lat' dir='ltr'><strong>vita.</strong></span> 
     </span>
    </p>
   </div>
   <div class='ocr_carea' id='block_1_66' title="bbox 1906 2546 3394 2640">
    <p class='ocr_par' dir='ltr' id='par_1_66' title="bbox 1906 2546 3394 2640">
     <span class='ocr_line' id='line_1_66' title="bbox 1906 2546 3394 2640; baseline 0.028 -42"><span class='ocrx_word' id='word_1_405' title='bbox 1906 2546 2003 2601; x_wconf 83' lang='lat' dir='ltr'><strong>Est</strong></span> <span class='ocrx_word' id='word_1_406' title='bbox 2032 2560 2207 2607; x_wconf 85' lang='lat' dir='ltr'><strong>tamen</strong></span> <span class='ocrx_word' id='word_1_407' title='bbox 2237 2553 2290 2607; x_wconf 92' lang='lat' dir='ltr'><strong>in</strong></span> <span class='ocrx_word' id='word_1_408' title='bbox 2324 2557 2499 2611; x_wconf 89' lang='lat' dir='ltr'><strong>medio</strong></span> <span class='ocrx_word' id='word_1_409' title='bbox 2531 2563 2765 2620; x_wconf 65' lang='lat' dir='ltr'><strong>nemoris</strong></span> <span class='ocrx_word' id='word_1_410' title='bbox 2796 2583 2954 2636; x_wconf 90' lang='lat' dir='ltr'><strong>quam</strong></span> <span class='ocrx_word' id='word_1_411' title='bbox 2986 2577 3206 2634; x_wconf 88' lang='lat' dir='ltr'><strong>cernitis</strong></span> <span class='ocrx_word' id='word_1_412' title='bbox 3235 2583 3394 2640; x_wconf 86' lang='lat' dir='ltr'><strong>arbor</strong></span> 
     </span>
    </p>
   </div>
   <div class='ocr_carea' id='block_1_67' title="bbox 1903 2635 3235 2733">
    <p class='ocr_par' dir='ltr' id='par_1_67' title="bbox 1903 2635 3235 2733">
     <span class='ocr_line' id='line_1_67' title="bbox 1903 2635 3235 2733; baseline 0.026 -43"><span class='ocrx_word' id='word_1_413' title='bbox 1903 2635 2154 2695; x_wconf 88' lang='lat' dir='ltr'><strong>Notitiam</strong></span> <span class='ocrx_word' id='word_1_414' title='bbox 2188 2646 2318 2700; x_wconf 88' lang='lat' dir='ltr'><strong>tecti</strong></span> <span class='ocrx_word' id='word_1_415' title='bbox 2350 2651 2605 2721; x_wconf 83' lang='lat' dir='ltr'><strong>pravique</strong></span> <span class='ocrx_word' id='word_1_416' title='bbox 2630 2654 2683 2710; x_wconf 92' lang='lat' dir='ltr'><strong>in</strong></span> <span class='ocrx_word' id='word_1_417' title='bbox 2713 2664 2953 2726; x_wconf 90' lang='lat' dir='ltr'><strong>germine</strong></span> <span class='ocrx_word' id='word_1_418' title='bbox 2981 2678 3235 2733; x_wconf 89' lang='lat' dir='ltr'><strong>portans:</strong></span> 
     </span>
    </p>
   </div>
   <div class='ocr_carea' id='block_1_68' title="bbox 1904 2728 3305 2829">
    <p class='ocr_par' dir='ltr' id='par_1_68' title="bbox 1904 2728 3305 2829">
     <span class='ocr_line' id='line_1_68' title="bbox 1904 2728 3305 2829; baseline 0.028 -48"><span class='ocrx_word' id='word_1_419' title='bbox 1904 2728 2070 2799; x_wconf 81' lang='lat' dir='ltr'><strong>Hujus</strong></span> <span class='ocrx_word' id='word_1_420' title='bbox 2100 2733 2168 2788; x_wconf 89' lang='lat' dir='ltr'><strong>ab</strong></span> <span class='ocrx_word' id='word_1_421' title='bbox 2193 2751 2412 2793; x_wconf 87' lang='lat' dir='ltr'><strong>accessu</strong></span> <span class='ocrx_word' id='word_1_422' title='bbox 2438 2745 2659 2799; x_wconf 88' lang='lat' dir='ltr'><strong>vetitum</strong></span> <span class='ocrx_word' id='word_1_423' title='bbox 2688 2752 2997 2823; x_wconf 88' lang='lat' dir='ltr'><strong>restringite</strong></span> <span class='ocrx_word' id='word_1_424' title='bbox 3027 2768 3248 2818; x_wconf 90' lang='lat' dir='ltr'><strong>tactum.</strong></span> <span class='ocrx_word' id='word_1_425' title='bbox 3288 2812 3305 2829; x_wconf 79' lang='lat'><strong><em>.</em></strong></span> 
     </span>
    </p>
   </div>
   <div class='ocr_carea' id='block_1_69' title="bbox 1896 2819 3243 2909">
    <p class='ocr_par' dir='ltr' id='par_1_69' title="bbox 1896 2819 3243 2909">
     <span class='ocr_line' id='line_1_69' title="bbox 1896 2819 3243 2909; baseline 0.027 -35"><span class='ocrx_word' id='word_1_426' title='bbox 1896 2819 2009 2876; x_wconf 91' lang='lat' dir='ltr'><strong>Nec</strong></span> <span class='ocrx_word' id='word_1_427' title='bbox 2038 2838 2133 2878; x_wconf 89' lang='lat' dir='ltr'><strong>vos</strong></span> <span class='ocrx_word' id='word_1_428' title='bbox 2162 2827 2299 2882; x_wconf 88' lang='lat' dir='ltr'><strong>forte</strong></span> <span class='ocrx_word' id='word_1_429' title='bbox 2332 2843 2540 2896; x_wconf 85' lang='lat' dir='ltr'><strong>premat</strong></span> <span class='ocrx_word' id='word_1_430' title='bbox 2570 2845 2602 2889; x_wconf 73' lang='grc' dir='ltr'><strong>ια</strong></span> <span class='ocrx_word' id='word_1_431' title='bbox 2622 2842 2847 2895; x_wconf 74' lang='lat' dir='ltr'><strong>meraria</strong></span> <span class='ocrx_word' id='word_1_432' title='bbox 2878 2844 3088 2905; x_wconf 90' lang='lat' dir='ltr'><strong>discere</strong></span> <span class='ocrx_word' id='word_1_433' title='bbox 3113 2868 3243 2909; x_wconf 87' lang='lat' dir='ltr'><strong>cura</strong></span> 
     </span>
    </p>
   </div>
   <div class='ocr_carea' id='block_1_70' title="bbox 1896 2914 3248 3001">
    <p class='ocr_par' dir='ltr' id='par_1_70' title="bbox 1896 2914 3248 3001">
     <span class='ocr_line' id='line_1_70' title="bbox 1896 2914 3248 3001; baseline 0.024 -33"><span class='ocrx_word' id='word_1_434' title='bbox 1896 2914 2049 2981; x_wconf 86' lang='lat' dir='ltr'><strong>Quod</strong></span> <span class='ocrx_word' id='word_1_435' title='bbox 2078 2918 2268 2974; x_wconf 88' lang='lat' dir='ltr'><strong>doctor</strong></span> <span class='ocrx_word' id='word_1_436' title='bbox 2295 2924 2545 2988; x_wconf 84' lang='lat' dir='ltr'><strong>prohibet</strong></span> <span class='ocrx_word' id='word_1_437' title='bbox 2571 2946 2583 2979; x_wconf 87' lang='lat'><strong>:</strong></span> <span class='ocrx_word' id='word_1_438' title='bbox 2616 2930 2807 2986; x_wconf 90' lang='lat' dir='ltr'><strong>melius</strong></span> <span class='ocrx_word' id='word_1_439' title='bbox 2838 2937 3048 2994; x_wconf 85' lang='lat' dir='ltr'><strong>nescire</strong></span> <span class='ocrx_word' id='word_1_440' title='bbox 3078 2942 3248 3001; x_wconf 86' lang='lat' dir='ltr'><strong>beatis</strong></span> 
     </span>
    </p>
   </div>
   <div class='ocr_carea' id='block_1_71' title="bbox 1895 3006 3439 3110">
    <p class='ocr_par' dir='ltr' id='par_1_71' title="bbox 1895 3006 3439 3110">
     <span class='ocr_line' id='line_1_71' title="bbox 1895 3006 3439 3110; baseline 0.025 -50"><span class='ocrx_word' id='word_1_441' title='bbox 1895 3006 2046 3073; x_wconf 84' lang='lat' dir='ltr'><strong>Quod</strong></span> <span class='ocrx_word' id='word_1_442' title='bbox 2078 3014 2337 3080; x_wconf 59' lang='lat' dir='ltr'><strong>quaesisse</strong></span> <span class='ocrx_word' id='word_1_443' title='bbox 2368 3026 2557 3081; x_wconf 90' lang='lat' dir='ltr'><strong>nocet;</strong></span> <span class='ocrx_word' id='word_1_444' title='bbox 2594 3030 2759 3077; x_wconf 85' lang='lat' dir='ltr'><strong>testor</strong></span> <span class='ocrx_word' id='word_1_445' title='bbox 2788 3040 2946 3094; x_wconf 90' lang='lat' dir='ltr'><strong>quem</strong></span> <span class='ocrx_word' id='word_1_446' title='bbox 2982 3030 3205 3090; x_wconf 84' lang='lat' dir='ltr'><strong>fecimus</strong></span> <span class='ocrx_word' id='word_1_447' title='bbox 3233 3040 3439 3110; x_wconf 87' lang='lat' dir='ltr'><strong>urbem,</strong></span> 
     </span>
    </p>
   </div>
   <div class='ocr_carea' id='block_1_72' title="bbox 1811 3096 3437 3201">
    <p class='ocr_par' dir='ltr' id='par_1_72' title="bbox 1811 3096 3437 3201">
     <span class='ocr_line' id='line_1_72' title="bbox 1811 3096 3437 3201; baseline 0.025 -53"><span class='ocrx_word' id='word_1_448' title='bbox 1811 3107 1858 3167; x_wconf 74' lang='grc' dir='ltr'>ο</span> <span class='ocrx_word' id='word_1_449' title='bbox 1894 3096 2046 3164; x_wconf 82' lang='lat' dir='ltr'><strong>Quod</strong></span> <span class='ocrx_word' id='word_1_450' title='bbox 2076 3102 2119 3155; x_wconf 91' lang='lat' dir='ltr'><strong>si</strong></span> <span class='ocrx_word' id='word_1_451' title='bbox 2148 3104 2266 3170; x_wconf 89' lang='lat' dir='ltr'><strong>quis</strong></span> <span class='ocrx_word' id='word_1_452' title='bbox 2298 3110 2517 3162; x_wconf 89' lang='lat' dir='ltr'><strong>vetitum</strong></span> <span class='ocrx_word' id='word_1_453' title='bbox 2550 3118 2952 3183; x_wconf 79' lang='lat' dir='ltr'><strong>pra-sumpserit</strong></span> <span class='ocrx_word' id='word_1_454' title='bbox 2980 3121 3172 3179; x_wconf 87' lang='lat' dir='ltr'><strong>arbore</strong></span> <span class='ocrx_word' id='word_1_455' title='bbox 3198 3096 3437 3201; x_wconf 63' lang='lat' dir='ltr'><strong>pomum;</strong></span> 
     </span>
    </p>
   </div>
   <div class='ocr_carea' id='block_1_73' title="bbox 1888 3188 3259 3282">
    <p class='ocr_par' dir='ltr' id='par_1_73' title="bbox 1888 3188 3259 3282">
     <span class='ocr_line' id='line_1_73' title="bbox 1888 3188 3259 3282; baseline 0.023 -41"><span class='ocrx_word' id='word_1_456' title='bbox 1888 3188 2076 3243; x_wconf 81' lang='lat' dir='ltr'><strong>Audax</strong></span> <span class='ocrx_word' id='word_1_457' title='bbox 2108 3196 2457 3251; x_wconf 87' lang='lat' dir='ltr'><strong>commissum</strong></span> <span class='ocrx_word' id='word_1_458' title='bbox 2491 3202 2679 3256; x_wconf 91' lang='lat' dir='ltr'><strong>mortis</strong></span> <span class='ocrx_word' id='word_1_459' title='bbox 2704 3204 3014 3265; x_wconf 87' lang='lat' dir='ltr'><strong>discrimine</strong></span> <span class='ocrx_word' id='word_1_460' title='bbox 3044 3216 3259 3282; x_wconf 90' lang='lat' dir='ltr'><strong>pendet.</strong></span> 
     </span>
    </p>
   </div>
   <div class='ocr_carea' id='block_1_74' title="bbox 1887 3277 3327 3368">
    <p class='ocr_par' dir='ltr' id='par_1_74' title="bbox 1887 3277 3327 3368">
     <span class='ocr_line' id='line_1_74' title="bbox 1887 3277 3327 3368; baseline 0.026 -37"><span class='ocrx_word' id='word_1_461' title='bbox 1887 3277 2003 3334; x_wconf 86' lang='lat' dir='ltr'><strong>Non</strong></span> <span class='ocrx_word' id='word_1_462' title='bbox 2035 3282 2293 3339; x_wconf 86' lang='lat' dir='ltr'><strong>immensa</strong></span> <span class='ocrx_word' id='word_1_463' title='bbox 2322 3287 2545 3357; x_wconf 91' lang='lat' dir='ltr'><strong>loquor;</strong></span> <span class='ocrx_word' id='word_1_464' title='bbox 2576 3292 2745 3349; x_wconf 84' lang='lat' dir='ltr'><strong>facilis</strong></span> <span class='ocrx_word' id='word_1_465' title='bbox 2775 3302 3017 3357; x_wconf 89' lang='lat' dir='ltr'><strong>custodia</strong></span> <span class='ocrx_word' id='word_1_466' title='bbox 3052 3310 3180 3362; x_wconf 90' lang='lat' dir='ltr'><strong>recti</strong></span> <span class='ocrx_word' id='word_1_467' title='bbox 3211 3320 3327 3368; x_wconf 88' lang='lat' dir='ltr'><strong>est:</strong></span> 
     </span>
    </p>
   </div>
   <div class='ocr_carea' id='block_1_75' title="bbox 1886 3368 3127 3451">
    <p class='ocr_par' dir='ltr' id='par_1_75' title="bbox 1886 3368 3127 3451">
     <span class='ocr_line' id='line_1_75' title="bbox 1886 3368 3127 3451; baseline 0.024 -29"><span class='ocrx_word' id='word_1_468' title='bbox 1886 3368 2143 3426; x_wconf 82' lang='lat' dir='ltr'><strong>Servator</strong></span> <span class='ocrx_word' id='word_1_469' title='bbox 2172 3375 2358 3444; x_wconf 89' lang='lat' dir='ltr'><strong>vitam,</strong></span> <span class='ocrx_word' id='word_1_470' title='bbox 2390 3379 2547 3435; x_wconf 87' lang='lat' dir='ltr'><strong>finem</strong></span> <span class='ocrx_word' id='word_1_471' title='bbox 2576 3392 2869 3443; x_wconf 88' lang='lat' dir='ltr'><strong>temerator</strong></span> <span class='ocrx_word' id='word_1_472' title='bbox 2894 3392 3127 3451; x_wconf 91' lang='lat' dir='ltr'><strong>habebit.</strong></span> 
     </span>
    </p>
   </div>
   <div class='ocr_carea' id='block_1_76' title="bbox 1886 3462 3268 3560">
    <p class='ocr_par' dir='ltr' id='par_1_76' title="bbox 1886 3462 3268 3560">
     <span class='ocr_line' id='line_1_76' title="bbox 1886 3462 3268 3560; baseline 0.025 -48"><span class='ocrx_word' id='word_1_473' title='bbox 1886 3462 2170 3531; x_wconf 87' lang='lat' dir='ltr'><strong>Accipiunt</strong></span> <span class='ocrx_word' id='word_1_474' title='bbox 2194 3466 2422 3535; x_wconf 81' lang='lat' dir='ltr'><strong>juvenes</strong></span> <span class='ocrx_word' id='word_1_475' title='bbox 2449 3472 2673 3539; x_wconf 89' lang='lat' dir='ltr'><strong>dictum,</strong></span> <span class='ocrx_word' id='word_1_476' title='bbox 2706 3478 2923 3550; x_wconf 65' lang='grc' dir='ltr'><strong>Ιςιξιίᾳιιθ</strong></span> <span class='ocrx_word' id='word_1_477' title='bbox 2952 3498 3268 3560; x_wconf 84' lang='lat' dir='ltr'><strong>sequuntur,</strong></span> 
     </span>
    </p>
   </div>
   <div class='ocr_carea' id='block_1_77' title="bbox 1883 3552 3286 3649">
    <p class='ocr_par' dir='ltr' id='par_1_77' title="bbox 1883 3552 3286 3649">
     <span class='ocr_line' id='line_1_77' title="bbox 1883 3552 3286 3649; baseline 0.023 -43"><span class='ocrx_word' id='word_1_478' title='bbox 1883 3552 2219 3621; x_wconf 89' lang='lat' dir='ltr'><strong>Spondentes</strong></span> <span class='ocrx_word' id='word_1_479' title='bbox 2242 3573 2438 3617; x_wconf 91' lang='lat' dir='ltr'><strong>cuncto</strong></span> <span class='ocrx_word' id='word_1_480' title='bbox 2465 3567 2783 3623; x_wconf 84' lang='lat' dir='ltr'><strong>servandam</strong></span> <span class='ocrx_word' id='word_1_481' title='bbox 2818 3580 3058 3643; x_wconf 91' lang='lat' dir='ltr'><strong>tempore</strong></span> <span class='ocrx_word' id='word_1_482' title='bbox 3091 3578 3286 3649; x_wconf 79' lang='lat' dir='ltr'><strong>legem.</strong></span> 
     </span>
    </p>
   </div>
   <div class='ocr_carea' id='block_1_78' title="bbox 1883 3644 3222 3737">
    <p class='ocr_par' dir='ltr' id='par_1_78' title="bbox 1883 3644 3222 3737">
     <span class='ocr_line' id='line_1_78' title="bbox 1883 3644 3222 3737; baseline 0.02 -38"><span class='ocrx_word' id='word_1_483' title='bbox 1883 3644 1972 3699; x_wconf 76' lang='lat' dir='ltr'><strong>S?c</strong></span> <span class='ocrx_word' id='word_1_484' title='bbox 2001 3646 2183 3716; x_wconf 85' lang='lat' dir='ltr'><strong>ignara</strong></span> <span class='ocrx_word' id='word_1_485' title='bbox 2213 3652 2333 3705; x_wconf 88' lang='lat' dir='ltr'><strong>mali</strong></span> <span class='ocrx_word' id='word_1_486' title='bbox 2363 3656 2594 3725; x_wconf 87' lang='lat' dir='ltr'><strong>novitas,</strong></span> <span class='ocrx_word' id='word_1_487' title='bbox 2626 3674 2724 3715; x_wconf 88' lang='lat' dir='ltr'><strong>nec</strong></span> <span class='ocrx_word' id='word_1_488' title='bbox 2754 3665 2974 3719; x_wconf 89' lang='lat' dir='ltr'><strong>conscia</strong></span> <span class='ocrx_word' id='word_1_489' title='bbox 3003 3668 3222 3737; x_wconf 87' lang='lat' dir='ltr'><strong>fraudis,</strong></span> 
     </span>
    </p>
   </div>
   <div class='ocr_carea' id='block_1_79' title="bbox 1880 3734 3077 3814">
    <p class='ocr_par' dir='ltr' id='par_1_79' title="bbox 1880 3734 3077 3814">
     <span class='ocr_line' id='line_1_79' title="bbox 1880 3734 3077 3814; baseline 0.021 -28"><span class='ocrx_word' id='word_1_490' title='bbox 1880 3734 2124 3794; x_wconf 89' lang='lat' dir='ltr'><strong>lncautas</strong></span> <span class='ocrx_word' id='word_1_491' title='bbox 2155 3742 2297 3795; x_wconf 90' lang='lat' dir='ltr'><strong>nulla</strong></span> <span class='ocrx_word' id='word_1_492' title='bbox 2330 3745 2494 3814; x_wconf 89' lang='lat' dir='ltr'><strong>tetigit</strong></span> <span class='ocrx_word' id='word_1_493' title='bbox 2531 3747 2815 3807; x_wconf 85' lang='lat' dir='ltr'><strong>formidine</strong></span> <span class='ocrx_word' id='word_1_494' title='bbox 2845 3766 3077 3812; x_wconf 87' lang='lat' dir='ltr'><strong>mentes.</strong></span> 
     </span>
    </p>
   </div>
   <div class='ocr_carea' id='block_1_80' title="bbox 1877 3830 3266 3918">
    <p class='ocr_par' dir='ltr' id='par_1_80' title="bbox 1877 3830 3266 3918">
     <span class='ocr_line' id='line_1_80' title="bbox 1877 3830 3266 3918; baseline 0.016 -33"><span class='ocrx_word' id='word_1_495' title='bbox 1877 3830 1946 3885; x_wconf 83' lang='lat' dir='ltr'><strong>At</strong></span> <span class='ocrx_word' id='word_1_496' title='bbox 1976 3842 2128 3900; x_wconf 89' lang='lat' dir='ltr'><strong>pater</strong></span> <span class='ocrx_word' id='word_1_497' title='bbox 2150 3834 2437 3890; x_wconf 81' lang='lat' dir='ltr'><strong>instructOs</strong></span> <span class='ocrx_word' id='word_1_498' title='bbox 2467 3850 2672 3893; x_wconf 85' lang='lat' dir='ltr'><strong>sacrata</strong></span> <span class='ocrx_word' id='word_1_499' title='bbox 2703 3843 2753 3894; x_wconf 87' lang='lat' dir='ltr'><strong>iit</strong></span> <span class='ocrx_word' id='word_1_500' title='bbox 2784 3845 2913 3899; x_wconf 85' lang='lat' dir='ltr'><strong>sede</strong></span> <span class='ocrx_word' id='word_1_501' title='bbox 2935 3847 3266 3918; x_wconf 87' lang='lat' dir='ltr'><strong>relinquens,</strong></span> 
     </span>
    </p>
   </div>
   <div class='ocr_carea' id='block_1_81' title="bbox 1877 3921 3174 3995">
    <p class='ocr_par' dir='ltr' id='par_1_81' title="bbox 1877 3921 3174 3995">
     <span class='ocr_line' id='line_1_81' title="bbox 1877 3921 3174 3995; baseline 0.015 -21"><span class='ocrx_word' id='word_1_502' title='bbox 1877 3921 2052 3975; x_wconf 67' lang='lat' dir='ltr'><strong>Liuius</strong></span> <span class='ocrx_word' id='word_1_503' title='bbox 2080 3926 2129 3978; x_wconf 91' lang='lat' dir='ltr'><strong>in</strong></span> <span class='ocrx_word' id='word_1_504' title='bbox 2159 3927 2471 3995; x_wconf 78' lang='lat' dir='ltr'><strong>astrigcram</strong></span> <span class='ocrx_word' id='word_1_505' title='bbox 2501 3931 2620 3984; x_wconf 74' lang='lat' dir='ltr'><strong>cmli</strong></span> <span class='ocrx_word' id='word_1_506' title='bbox 2649 3947 2706 3985; x_wconf 90' lang='lat' dir='ltr'><strong>se</strong></span> <span class='ocrx_word' id='word_1_507' title='bbox 2736 3935 2950 3990; x_wconf 89' lang='lat' dir='ltr'><strong>sustulit</strong></span> <span class='ocrx_word' id='word_1_508' title='bbox 2977 3941 3174 3994; x_wconf 89' lang='lat' dir='ltr'><strong>aulam.</strong></span> 
     </span>
    </p>
   </div>
   <div class='ocr_carea' id='block_1_82' title="bbox 1808 4078 3434 4121">
    <p class='ocr_par' dir='ltr' id='par_1_82' title="bbox 1808 4078 3434 4121">
     <span class='ocr_line' id='line_1_82' title="bbox 1808 4078 3434 4121; baseline 0.022 -34"><span class='ocrx_word' id='word_1_509' title='bbox 1808 4078 3434 4121; x_wconf 79' lang='lat'><strong>——————______._____</strong></span> 
     </span>
    </p>
   </div>
   <div class='ocr_carea' id='block_1_83' title="bbox 1103 4164 2484 4289">
    <p class='ocr_par' dir='ltr' id='par_1_83' title="bbox 1103 4164 2484 4289">
     <span class='ocr_line' id='line_1_83' title="bbox 1103 4164 2484 4289; baseline 0.017 -23"><span class='ocrx_word' id='word_1_510' title='bbox 1103 4164 1566 4273; x_wconf 83' lang='lat' dir='ltr'><strong><em>LIBER</em></strong></span> <span class='ocrx_word' id='word_1_511' title='bbox 1660 4174 2484 4289; x_wconf 79' lang='lat' dir='ltr'><strong>SECUNDUS.</strong></span> 
     </span>
    </p>
   </div>
   <div class='ocr_carea' id='block_1_84' title="bbox 1402 4330 2240 4395">
    <p class='ocr_par' dir='ltr' id='par_1_84' title="bbox 1402 4330 2240 4395">
     <span class='ocr_line' id='line_1_84' title="bbox 1402 4330 2240 4395; baseline 0.016 -13"><span class='ocrx_word' id='word_1_512' title='bbox 1402 4330 1489 4383; x_wconf 87' lang='lat' dir='ltr'><strong>DE</strong></span> <span class='ocrx_word' id='word_1_513' title='bbox 1528 4331 1873 4391; x_wconf 80' lang='lat' dir='ltr'><strong>ORIGINALI</strong></span> <span class='ocrx_word' id='word_1_514' title='bbox 1913 4336 2240 4395; x_wconf 80' lang='lat' dir='ltr'><strong>PECCATO.</strong></span> 
     </span>
    </p>
   </div>
   <div class='ocr_carea' id='block_1_85' title="bbox 283 4446 1327 4529">
    <p class='ocr_par' dir='ltr' id='par_1_85' title="bbox 283 4446 1327 4529">
     <span class='ocr_line' id='line_1_85' title="bbox 283 4446 1327 4529; baseline 0.015 -26"><span class='ocrx_word' id='word_1_515' title='bbox 283 4446 425 4505; x_wconf 86' lang='lat' dir='ltr'><strong>Utitur</strong></span> <span class='ocrx_word' id='word_1_516' title='bbox 453 4455 671 4521; x_wconf 84' lang='lat' dir='ltr'><strong>interea,</strong></span> <span class='ocrx_word' id='word_1_517' title='bbox 706 4461 915 4512; x_wconf 86' lang='lat' dir='ltr'><strong>venturi</strong></span> <span class='ocrx_word' id='word_1_518' title='bbox 944 4463 1120 4517; x_wconf 89' lang='lat' dir='ltr'><strong>nescia</strong></span> <span class='ocrx_word' id='word_1_519' title='bbox 1152 4478 1327 4529; x_wconf 79' lang='lat' dir='ltr'><strong>casus,</strong></span> 
     </span>
    </p>
   </div>
   <div class='ocr_carea' id='block_1_86' title="bbox 230 4532 1358 4622">
    <p class='ocr_par' dir='ltr' id='par_1_86' title="bbox 230 4532 1358 4622">
     <span class='ocr_line' id='line_1_86' title="bbox 230 4532 1358 4622; baseline 0.023 -37"><span class='ocrx_word' id='word_1_520' title='bbox 230 4532 421 4596; x_wconf 85' lang='lat' dir='ltr'><strong>Libertas</strong></span> <span class='ocrx_word' id='word_1_521' title='bbox 448 4560 627 4601; x_wconf 82' lang='lat' dir='ltr'><strong>secura</strong></span> <span class='ocrx_word' id='word_1_522' title='bbox 656 4549 837 4613; x_wconf 80' lang='lat' dir='ltr'><strong>bonis,</strong></span> <span class='ocrx_word' id='word_1_523' title='bbox 869 4548 1174 4622; x_wconf 84' lang='lat' dir='ltr'><strong>fruiturque</strong></span> <span class='ocrx_word' id='word_1_524' title='bbox 1204 4554 1358 4610; x_wconf 87' lang='lat' dir='ltr'><strong>beata</strong></span> 
     </span>
    </p>
   </div>
   <div class='ocr_carea' id='block_1_87' title="bbox 231 4621 1332 4715">
    <p class='ocr_par' dir='ltr' id='par_1_87' title="bbox 231 4621 1332 4715">
     <span class='ocr_line' id='line_1_87' title="bbox 231 4621 1332 4715; baseline 0.024 -39"><span class='ocrx_word' id='word_1_525' title='bbox 231 4621 431 4688; x_wconf 84' lang='lat' dir='ltr'><strong>Ubertate</strong></span> <span class='ocrx_word' id='word_1_526' title='bbox 457 4636 575 4692; x_wconf 89' lang='lat' dir='ltr'><strong>loci.</strong></span> <span class='ocrx_word' id='word_1_527' title='bbox 602 4639 802 4709; x_wconf 87' lang='lat' dir='ltr'><strong>Largos</strong></span> <span class='ocrx_word' id='word_1_528' title='bbox 836 4642 957 4697; x_wconf 89' lang='lat' dir='ltr'><strong>hinc</strong></span> <span class='ocrx_word' id='word_1_529' title='bbox 977 4621 1197 4715; x_wconf 82' lang='lat' dir='ltr'><strong>porrigit</strong></span> <span class='ocrx_word' id='word_1_530' title='bbox 1226 4648 1332 4703; x_wconf 91' lang='lat' dir='ltr'><strong>illis</strong></span> 
     </span>
    </p>
   </div>
   <div class='ocr_carea' id='block_1_88' title="bbox 226 4714 1608 4811">
    <p class='ocr_par' dir='ltr' id='par_1_88' title="bbox 226 4714 1608 4811">
     <span class='ocr_line' id='line_1_88' title="bbox 226 4714 1608 4811; baseline 0.022 -45"><span class='ocrx_word' id='word_1_531' title='bbox 226 4714 370 4775; x_wconf 72' lang='lat' dir='ltr'><strong>“fchus</strong></span> <span class='ocrx_word' id='word_1_532' title='bbox 399 4742 633 4797; x_wconf 89' lang='lat' dir='ltr'><strong>prompta</strong></span> <span class='ocrx_word' id='word_1_533' title='bbox 664 4733 814 4786; x_wconf 82' lang='lat' dir='ltr'><strong>cibos</strong></span> <span class='ocrx_word' id='word_1_534' title='bbox 845 4750 858 4787; x_wconf 92' lang='lat'><strong>:</strong></span> <span class='ocrx_word' id='word_1_535' title='bbox 894 4733 1096 4791; x_wconf 83' lang='lat' dir='ltr'><strong>fruticis</strong></span> <span class='ocrx_word' id='word_1_536' title='bbox 1124 4714 1251 4806; x_wconf 85' lang='lat' dir='ltr'><strong>quin</strong></span> <span class='ocrx_word' id='word_1_537' title='bbox 1281 4740 1419 4795; x_wconf 87' lang='lat' dir='ltr'><strong>altor</strong></span> <span class='ocrx_word' id='word_1_538' title='bbox 1443 4742 1608 4811; x_wconf 83' lang='lat' dir='ltr'><strong>Opimi</strong></span> 
     </span>
    </p>
   </div>
   <div class='ocr_carea' id='block_1_89' title="bbox 223 4805 1441 4899">
    <p class='ocr_par' dir='ltr' id='par_1_89' title="bbox 223 4805 1441 4899">
     <span class='ocr_line' id='line_1_89' title="bbox 223 4805 1441 4899; baseline 0.02 -36"><span class='ocrx_word' id='word_1_539' title='bbox 223 4805 416 4871; x_wconf 86' lang='lat' dir='ltr'><strong>Sumitur</strong></span> <span class='ocrx_word' id='word_1_540' title='bbox 440 4824 687 4878; x_wconf 78' lang='lat' dir='ltr'><strong>assiduus</strong></span> <span class='ocrx_word' id='word_1_541' title='bbox 714 4827 859 4880; x_wconf 90' lang='lat' dir='ltr'><strong>tenui</strong></span> <span class='ocrx_word' id='word_1_542' title='bbox 896 4827 959 4883; x_wconf 89' lang='lat' dir='ltr'><strong>de</strong></span> <span class='ocrx_word' id='word_1_543' title='bbox 979 4805 1184 4899; x_wconf 78' lang='lat' dir='ltr'><strong>cespite</strong></span> <span class='ocrx_word' id='word_1_544' title='bbox 1218 4831 1441 4889; x_wconf 82' lang='lat' dir='ltr'><strong>fructus.</strong></span> 
     </span>
    </p>
   </div>
   <div class='ocr_carea' id='block_1_90' title="bbox 221 4901 1232 4986">
    <p class='ocr_par' dir='ltr' id='par_1_90' title="bbox 221 4901 1232 4986">
     <span class='ocr_line' id='line_1_90' title="bbox 221 4901 1232 4986; baseline 0.026 -36"><span class='ocrx_word' id='word_1_545' title='bbox 221 4901 322 4956; x_wconf 86' lang='lat' dir='ltr'><strong>Atsi</strong></span> <span class='ocrx_word' id='word_1_546' title='bbox 344 4913 534 4966; x_wconf 50' lang='lat' dir='ltr'><strong>curvati</strong></span> <span class='ocrx_word' id='word_1_547' title='bbox 562 4914 800 4970; x_wconf 87' lang='lat' dir='ltr'><strong>fecundo</strong></span> <span class='ocrx_word' id='word_1_548' title='bbox 831 4919 1070 4986; x_wconf 89' lang='lat' dir='ltr'><strong>pondere</strong></span> <span class='ocrx_word' id='word_1_549' title='bbox 1098 4923 1232 4976; x_wconf 88' lang='lat' dir='ltr'><strong>rami</strong></span> 
     </span>
    </p>
   </div>
   <div class='ocr_carea' id='block_1_91' title="bbox 218 4987 1424 5084">
    <p class='ocr_par' dir='ltr' id='par_1_91' title="bbox 218 4987 1424 5084">
     <span class='ocr_line' id='line_1_91' title="bbox 218 4987 1424 5084; baseline 0.027 -42"><span class='ocrx_word' id='word_1_550' title='bbox 218 4987 330 5049; x_wconf 68' lang='lat' dir='ltr'><strong>Blitia</strong></span> <span class='ocrx_word' id='word_1_551' title='bbox 356 5002 663 5059; x_wconf 90' lang='lat' dir='ltr'><strong>submittunt</strong></span> <span class='ocrx_word' id='word_1_552' title='bbox 687 5007 902 5065; x_wconf 85' lang='lat' dir='ltr'><strong>sublimi</strong></span> <span class='ocrx_word' id='word_1_553' title='bbox 928 5028 991 5066; x_wconf 84' lang='lat' dir='ltr'><strong>ex</strong></span> <span class='ocrx_word' id='word_1_554' title='bbox 1022 5014 1214 5069; x_wconf 86' lang='lat' dir='ltr'><strong>arbore</strong></span> <span class='ocrx_word' id='word_1_555' title='bbox 1247 5032 1424 5084; x_wconf 86' lang='lat' dir='ltr'><strong>poma.</strong></span> 
     </span>
    </p>
   </div>
   <div class='ocr_carea' id='block_1_92' title="bbox 218 5081 1511 5176">
    <p class='ocr_par' dir='ltr' id='par_1_92' title="bbox 218 5081 1511 5176">
     <span class='ocr_line' id='line_1_92' title="bbox 218 5081 1511 5176; baseline 0.022 -43"><span class='ocrx_word' id='word_1_556' title='bbox 218 5081 424 5144; x_wconf 82' lang='lat' dir='ltr'><strong>Protinus</strong></span> <span class='ocrx_word' id='word_1_557' title='bbox 450 5094 500 5146; x_wconf 92' lang='lat' dir='ltr'><strong>in</strong></span> <span class='ocrx_word' id='word_1_558' title='bbox 529 5096 712 5152; x_wconf 90' lang='lat' dir='ltr'><strong>ﬂorem</strong></span> <span class='ocrx_word' id='word_1_559' title='bbox 744 5115 943 5157; x_wconf 87' lang='lat' dir='ltr'><strong>vacuus</strong></span> <span class='ocrx_word' id='word_1_560' title='bbox 972 5113 1280 5174; x_wconf 87' lang='lat' dir='ltr'><strong>turgescere</strong></span> <span class='ocrx_word' id='word_1_561' title='bbox 1309 5108 1511 5176; x_wconf 88' lang='lat' dir='ltr'><strong>palmes</strong></span> 
     </span>
    </p>
   </div>
   <div class='ocr_carea' id='block_1_93' title="bbox 214 5172 1565 5272">
    <p class='ocr_par' dir='ltr' id='par_1_93' title="bbox 214 5172 1565 5272">
     <span class='ocr_line' id='line_1_93' title="bbox 214 5172 1565 5272; baseline 0.022 -43"><span class='ocrx_word' id='word_1_562' title='bbox 214 5172 381 5249; x_wconf 82' lang='lat' dir='ltr'><strong>Incipit,</strong></span> <span class='ocrx_word' id='word_1_563' title='bbox 414 5185 566 5258; x_wconf 91' lang='lat' dir='ltr'><strong>inque</strong></span> <span class='ocrx_word' id='word_1_564' title='bbox 592 5192 744 5248; x_wconf 88' lang='lat' dir='ltr'><strong>novis</strong></span> <span class='ocrx_word' id='word_1_565' title='bbox 778 5194 942 5250; x_wconf 86' lang='lat' dir='ltr'><strong>fetum</strong></span> <span class='ocrx_word' id='word_1_566' title='bbox 977 5201 1290 5265; x_wconf 88' lang='lat' dir='ltr'><strong>promittere</strong></span> <span class='ocrx_word' id='word_1_567' title='bbox 1321 5205 1565 5272; x_wconf 87' lang='lat' dir='ltr'><strong>geminis.</strong></span> 
     </span>
    </p>
   </div>
   <div class='ocr_carea' id='block_1_94' title="bbox 212 5264 1470 5361">
    <p class='ocr_par' dir='ltr' id='par_1_94' title="bbox 212 5264 1470 5361">
     <span class='ocr_line' id='line_1_94' title="bbox 212 5264 1470 5361; baseline 0.025 -44"><span class='ocrx_word' id='word_1_568' title='bbox 212 5264 303 5322; x_wconf 81' lang='lat' dir='ltr'><strong>lam</strong></span> <span class='ocrx_word' id='word_1_569' title='bbox 329 5277 366 5326; x_wconf 90' lang='lat' dir='ltr'><strong>si</strong></span> <span class='ocrx_word' id='word_1_570' title='bbox 395 5280 681 5343; x_wconf 79' lang='lat' dir='ltr'><strong>przcdulces</strong></span> <span class='ocrx_word' id='word_1_571' title='bbox 707 5285 940 5342; x_wconf 64' lang='lat' dir='ltr'><strong>delectat</strong></span> <span class='ocrx_word' id='word_1_572' title='bbox 966 5304 1191 5358; x_wconf 83' lang='lat' dir='ltr'><strong>carpere</strong></span> <span class='ocrx_word' id='word_1_573' title='bbox 1221 5308 1470 5361; x_wconf 83' lang='lat' dir='ltr'><strong>somnos,</strong></span> 
     </span>
    </p>
   </div>
   <div class='ocr_carea' id='block_1_95' title="bbox 211 5357 1557 5447">
    <p class='ocr_par' dir='ltr' id='par_1_95' title="bbox 211 5357 1557 5447">
     <span class='ocr_line' id='line_1_95' title="bbox 211 5357 1557 5447; baseline 0.022 -38"><span class='ocrx_word' id='word_1_574' title='bbox 211 5357 414 5420; x_wconf 69' lang='lat' dir='ltr'><strong>ilollibtts</strong></span> <span class='ocrx_word' id='word_1_575' title='bbox 443 5368 493 5422; x_wconf 93' lang='lat' dir='ltr'><strong>in</strong></span> <span class='ocrx_word' id='word_1_576' title='bbox 521 5374 706 5440; x_wconf 90' lang='lat' dir='ltr'><strong>pratis,</strong></span> <span class='ocrx_word' id='word_1_577' title='bbox 737 5376 982 5447; x_wconf 87' lang='lat' dir='ltr'><strong>pictaque</strong></span> <span class='ocrx_word' id='word_1_578' title='bbox 1016 5357 1348 5437; x_wconf 86' lang='lat' dir='ltr'><strong>recumbitnr</strong></span> <span class='ocrx_word' id='word_1_579' title='bbox 1373 5384 1557 5438; x_wconf 88' lang='lat' dir='ltr'><strong>herba.</strong></span> 
     </span>
    </p>
   </div>
   <div class='ocr_carea' id='block_1_96' title="bbox 209 5449 1571 5533">
    <p class='ocr_par' dir='ltr' id='par_1_96' title="bbox 209 5449 1571 5533">
     <span class='ocr_line' id='line_1_96' title="bbox 209 5449 1571 5533; baseline 0.024 -33"><span class='ocrx_word' id='word_1_580' title='bbox 209 5449 408 5524; x_wconf 88' lang='lat' dir='ltr'><strong>Cumque</strong></span> <span class='ocrx_word' id='word_1_581' title='bbox 436 5464 688 5520; x_wconf 84' lang='lat' dir='ltr'><strong>voluntati</strong></span> <span class='ocrx_word' id='word_1_582' title='bbox 710 5484 920 5523; x_wconf 85' lang='lat' dir='ltr'><strong>sacrum</strong></span> <span class='ocrx_word' id='word_1_583' title='bbox 952 5488 1141 5528; x_wconf 88' lang='lat' dir='ltr'><strong>nemus</strong></span> <span class='ocrx_word' id='word_1_584' title='bbox 1169 5474 1363 5531; x_wconf 80' lang='lat' dir='ltr'><strong>oﬂ&#39;erat</strong></span> <span class='ocrx_word' id='word_1_585' title='bbox 1384 5492 1571 5533; x_wconf 91' lang='lat' dir='ltr'><strong>omnes</strong></span> 
     </span>
    </p>
   </div>
   <div class='ocr_carea' id='block_1_97' title="bbox 209 5536 1589 5638">
    <p class='ocr_par' dir='ltr' id='par_1_97' title="bbox 209 5536 1589 5638">
     <span class='ocr_line' id='line_1_97' title="bbox 209 5536 1589 5638; baseline 0.025 -48"><span class='ocrx_word' id='word_1_586' title='bbox 209 5536 415 5613; x_wconf 74' lang='lat' dir='ltr'><strong>Delicias,</strong></span> <span class='ocrx_word' id='word_1_587' title='bbox 448 5552 739 5625; x_wconf 72' lang='lat' dir='ltr'><strong>epibusque</strong></span> <span class='ocrx_word' id='word_1_588' title='bbox 774 5561 926 5615; x_wconf 90' lang='lat' dir='ltr'><strong>novis</strong></span> <span class='ocrx_word' id='word_1_589' title='bbox 950 5577 1009 5618; x_wconf 90' lang='lat' dir='ltr'><strong>se</strong></span> <span class='ocrx_word' id='word_1_590' title='bbox 1035 5564 1275 5634; x_wconf 87' lang='lat' dir='ltr'><strong>praebeat</strong></span> <span class='ocrx_word' id='word_1_591' title='bbox 1304 5570 1541 5638; x_wconf 88' lang='lat' dir='ltr'><strong>amplum</strong></span> <span class='ocrx_word' id='word_1_592' title='bbox 1579 5590 1589 5623; x_wconf 91' lang='lat'><strong>:</strong></span> 
     </span>
    </p>
   </div>
   <div class='ocr_carea' id='block_1_98' title="bbox 204 5628 1657 5734">
    <p class='ocr_par' dir='ltr' id='par_1_98' title="bbox 204 5628 1657 5734">
     <span class='ocr_line' id='line_1_98' title="bbox 204 5628 1657 5734; baseline 0.025 -49"><span class='ocrx_word' id='word_1_593' title='bbox 204 5628 273 5688; x_wconf 83' lang='lat' dir='ltr'><strong>Sic</strong></span> <span class='ocrx_word' id='word_1_594' title='bbox 297 5641 461 5709; x_wconf 80' lang='lat' dir='ltr'><strong>epulas</strong></span> <span class='ocrx_word' id='word_1_595' title='bbox 485 5653 661 5699; x_wconf 87' lang='lat' dir='ltr'><strong>tamen</strong></span> <span class='ocrx_word' id='word_1_596' title='bbox 687 5649 736 5702; x_wconf 90' lang='lat' dir='ltr'><strong>hi</strong></span> <span class='ocrx_word' id='word_1_597' title='bbox 765 5652 1000 5724; x_wconf 87' lang='lat' dir='ltr'><strong>capiunt,</strong></span> <span class='ocrx_word' id='word_1_598' title='bbox 1030 5671 1316 5731; x_wconf 88' lang='lat' dir='ltr'><strong>escamque</strong></span> <span class='ocrx_word' id='word_1_599' title='bbox 1345 5663 1657 5734; x_wconf 89' lang='lat' dir='ltr'><strong>requirunt,</strong></span> 
     </span>
    </p>
   </div>
   <div class='ocr_carea' id='block_1_99' title="bbox 406 5733 881 5809">
    <p class='ocr_par' dir='ltr' id='par_1_99' title="bbox 406 5733 881 5809">
     <span class='ocr_line' id='line_1_99' title="bbox 406 5733 881 5809; baseline 0.032 -14"><span class='ocrx_word' id='word_1_600' title='bbox 406 5733 676 5800; x_wconf 74' lang='grc' dir='ltr'><strong>Ρηιιοι..</strong></span> <span class='ocrx_word' id='word_1_601' title='bbox 718 5743 881 5809; x_wconf 80' lang='lat' dir='ltr'><strong>LIX.</strong></span> 
     </span>
    </p>
   </div>
   <div class='ocr_carea' id='block_1_100' title="bbox 1867 4472 3245 4548">
    <p class='ocr_par' dir='ltr' id='par_1_100' title="bbox 1867 4472 3245 4548">
     <span class='ocr_line' id='line_1_100' title="bbox 1867 4472 3245 4548; baseline 0.015 -21"><span class='ocrx_word' id='word_1_602' title='bbox 1867 4472 1996 4528; x_wconf 89' lang='lat' dir='ltr'><strong>Com</strong></span> <span class='ocrx_word' id='word_1_603' title='bbox 2008 4476 2152 4543; x_wconf 88' lang='lat' dir='ltr'><strong>pellit</strong></span> <span class='ocrx_word' id='word_1_604' title='bbox 2177 4478 2315 4546; x_wconf 86' lang='lat' dir='ltr'><strong>quod</strong></span> <span class='ocrx_word' id='word_1_605' title='bbox 2343 4480 2483 4534; x_wconf 88' lang='lat' dir='ltr'><strong>nulla</strong></span> <span class='ocrx_word' id='word_1_606' title='bbox 2508 4479 2694 4546; x_wconf 89' lang='lat' dir='ltr'><strong>fames,</strong></span> <span class='ocrx_word' id='word_1_607' title='bbox 2726 4498 2823 4539; x_wconf 91' lang='lat' dir='ltr'><strong>nec</strong></span> <span class='ocrx_word' id='word_1_608' title='bbox 2854 4484 2991 4541; x_wconf 87' lang='lat' dir='ltr'><strong>lassa</strong></span> <span class='ocrx_word' id='word_1_609' title='bbox 3012 4488 3245 4548; x_wconf 77' lang='lat' dir='ltr'><strong>fovendo</strong></span> 
     </span>
    </p>
   </div>
   <div class='ocr_carea' id='block_1_101' title="bbox 1862 4564 3094 4641">
    <p class='ocr_par' dir='ltr' id='par_1_101' title="bbox 1862 4564 3094 4641">
     <span class='ocr_line' id='line_1_101' title="bbox 1862 4564 3094 4641; baseline 0.015 -24"><span class='ocrx_word' id='word_1_610' title='bbox 1862 4564 2074 4635; x_wconf 77' lang='lat' dir='ltr'><strong>Iudigus</strong></span> <span class='ocrx_word' id='word_1_611' title='bbox 2100 4569 2341 4623; x_wconf 78' lang='lat' dir='ltr'><strong>hortatur</strong></span> <span class='ocrx_word' id='word_1_612' title='bbox 2367 4573 2627 4641; x_wconf 90' lang='lat' dir='ltr'><strong>compleri</strong></span> <span class='ocrx_word' id='word_1_613' title='bbox 2654 4577 2854 4631; x_wconf 86' lang='lat' dir='ltr'><strong>viscera</strong></span> <span class='ocrx_word' id='word_1_614' title='bbox 2888 4590 3094 4635; x_wconf 82' lang='lat' dir='ltr'><strong>venter.</strong></span> 
     </span>
    </p>
   </div>
   <div class='ocr_carea' id='block_1_102' title="bbox 1815 4657 3192 4741">
    <p class='ocr_par' dir='ltr' id='par_1_102' title="bbox 1815 4657 3192 4741">
     <span class='ocr_line' id='line_1_102' title="bbox 1815 4657 3192 4741; baseline 0.015 -32"><span class='ocrx_word' id='word_1_615' title='bbox 1815 4682 1821 4689; x_wconf 69' lang='grc' dir='ltr'><strong>ι</strong></span> <span class='ocrx_word' id='word_1_616' title='bbox 1859 4657 1924 4711; x_wconf 86' lang='grc' dir='ltr'><strong>Ει</strong></span> <span class='ocrx_word' id='word_1_617' title='bbox 1949 4660 2046 4712; x_wconf 75' lang='lat' dir='ltr'><strong>nisi</strong></span> <span class='ocrx_word' id='word_1_618' title='bbox 2081 4673 2396 4715; x_wconf 90' lang='lat' dir='ltr'><strong>concessum</strong></span> <span class='ocrx_word' id='word_1_619' title='bbox 2430 4664 2673 4719; x_wconf 73' lang='grc' dir='ltr'><strong>Ιιὺυὶςδυι</strong></span> <span class='ocrx_word' id='word_1_620' title='bbox 2703 4682 2927 4725; x_wconf 89' lang='lat' dir='ltr'><strong>noscere</strong></span> <span class='ocrx_word' id='word_1_621' title='bbox 2962 4681 3192 4741; x_wconf 86' lang='lat' dir='ltr'><strong>pastum,</strong></span> 
     </span>
    </p>
   </div>
   <div class='ocr_carea' id='block_1_103' title="bbox 1781 4748 3067 4842">
    <p class='ocr_par' dir='ltr' id='par_1_103' title="bbox 1781 4748 3067 4842">
     <span class='ocr_line' id='line_1_103' title="bbox 1781 4748 3067 4842; baseline 0.013 -41"><span class='ocrx_word' id='word_1_622' title='bbox 1781 4784 1834 4842; x_wconf 70' lang='grc' dir='ltr'><strong>Β</strong></span> <span class='ocrx_word' id='word_1_623' title='bbox 1864 4748 2114 4805; x_wconf 85' lang='lat' dir='ltr'><strong>Esuriens</strong></span> <span class='ocrx_word' id='word_1_624' title='bbox 2144 4751 2318 4820; x_wconf 81' lang='lat' dir='ltr'><strong>ignota</strong></span> <span class='ocrx_word' id='word_1_625' title='bbox 2342 4754 2488 4807; x_wconf 88' lang='lat' dir='ltr'><strong>cibos</strong></span> <span class='ocrx_word' id='word_1_626' title='bbox 2511 4770 2616 4809; x_wconf 84' lang='lat' dir='ltr'><strong>non</strong></span> <span class='ocrx_word' id='word_1_627' title='bbox 2641 4769 2888 4825; x_wconf 90' lang='lat' dir='ltr'><strong>posceret</strong></span> <span class='ocrx_word' id='word_1_628' title='bbox 2910 4764 3067 4829; x_wconf 91' lang='lat' dir='ltr'><strong>ullos,</strong></span> 
     </span>
    </p>
   </div>
   <div class='ocr_carea' id='block_1_104' title="bbox 1858 4839 3193 4918">
    <p class='ocr_par' dir='ltr' id='par_1_104' title="bbox 1858 4839 3193 4918">
     <span class='ocr_line' id='line_1_104' title="bbox 1858 4839 3193 4918; baseline 0.015 -27"><span class='ocrx_word' id='word_1_629' title='bbox 1858 4839 2116 4909; x_wconf 87' lang='lat' dir='ltr'><strong>Nullaque</strong></span> <span class='ocrx_word' id='word_1_630' title='bbox 2145 4850 2481 4898; x_wconf 87' lang='lat' dir='ltr'><strong>constantem</strong></span> <span class='ocrx_word' id='word_1_631' title='bbox 2505 4844 2757 4902; x_wconf 85' lang='lat' dir='ltr'><strong>fulcirent</strong></span> <span class='ocrx_word' id='word_1_632' title='bbox 2786 4851 2977 4918; x_wconf 88' lang='lat' dir='ltr'><strong>pabula</strong></span> <span class='ocrx_word' id='word_1_633' title='bbox 3007 4855 3193 4911; x_wconf 85' lang='lat' dir='ltr'><strong>vitam.</strong></span> 
     </span>
    </p>
   </div>
   <div class='ocr_carea' id='block_1_105' title="bbox 1856 4926 3308 5007">
    <p class='ocr_par' dir='ltr' id='par_1_105' title="bbox 1856 4926 3308 5007">
     <span class='ocr_line' id='line_1_105' title="bbox 1856 4926 3308 5007; baseline 0.018 -26"><span class='ocrx_word' id='word_1_634' title='bbox 1856 4926 2094 4998; x_wconf 88' lang='lat' dir='ltr'><strong>Corpora</strong></span> <span class='ocrx_word' id='word_1_635' title='bbox 2126 4934 2263 4987; x_wconf 87' lang='lat' dir='ltr'><strong>nuda</strong></span> <span class='ocrx_word' id='word_1_636' title='bbox 2298 4934 2500 4999; x_wconf 88' lang='lat' dir='ltr'><strong>vident,</strong></span> <span class='ocrx_word' id='word_1_637' title='bbox 2527 4946 2580 4990; x_wconf 91' lang='lat' dir='ltr'><strong>et</strong></span> <span class='ocrx_word' id='word_1_638' title='bbox 2610 4948 2791 4993; x_wconf 87' lang='lat' dir='ltr'><strong>mutua</strong></span> <span class='ocrx_word' id='word_1_639' title='bbox 2818 4956 3045 4999; x_wconf 89' lang='lat' dir='ltr'><strong>cernere</strong></span> <span class='ocrx_word' id='word_1_640' title='bbox 3069 4950 3308 5007; x_wconf 82' lang='lat' dir='ltr'><strong>nembra</strong></span> 
     </span>
    </p>
   </div>
   <div class='ocr_carea' id='block_1_106' title="bbox 1854 5022 3365 5101">
    <p class='ocr_par' dir='ltr' id='par_1_106' title="bbox 1854 5022 3365 5101">
     <span class='ocr_line' id='line_1_106' title="bbox 1854 5022 3365 5101; baseline 0.017 -26"><span class='ocrx_word' id='word_1_641' title='bbox 1854 5022 1969 5075; x_wconf 85' lang='lat' dir='ltr'><strong>Non</strong></span> <span class='ocrx_word' id='word_1_642' title='bbox 1995 5026 2188 5091; x_wconf 88' lang='lat' dir='ltr'><strong>pudet,</strong></span> <span class='ocrx_word' id='word_1_643' title='bbox 2213 5036 2373 5097; x_wconf 83' lang='lat' dir='ltr'><strong>atque</strong></span> <span class='ocrx_word' id='word_1_644' title='bbox 2398 5028 2547 5085; x_wconf 87' lang='lat' dir='ltr'><strong>rudis</strong></span> <span class='ocrx_word' id='word_1_645' title='bbox 2569 5031 2767 5086; x_wconf 63' lang='lat' dir='ltr'><strong>foedum</strong></span> <span class='ocrx_word' id='word_1_646' title='bbox 2793 5034 2865 5088; x_wconf 92' lang='lat' dir='ltr'><strong>nil</strong></span> <span class='ocrx_word' id='word_1_647' title='bbox 2897 5038 3062 5092; x_wconf 84' lang='lat' dir='ltr'><strong>sentit</strong></span> <span class='ocrx_word' id='word_1_648' title='bbox 3092 5039 3365 5101; x_wconf 83' lang='lat' dir='ltr'><strong>honestas.</strong></span> 
     </span>
    </p>
   </div>
   <div class='ocr_carea' id='block_1_107' title="bbox 1854 5113 3361 5201">
    <p class='ocr_par' dir='ltr' id='par_1_107' title="bbox 1854 5113 3361 5201">
     <span class='ocr_line' id='line_1_107' title="bbox 1854 5113 3361 5201; baseline 0.017 -35"><span class='ocrx_word' id='word_1_649' title='bbox 1854 5113 1966 5168; x_wconf 87' lang='lat' dir='ltr'><strong>Non</strong></span> <span class='ocrx_word' id='word_1_650' title='bbox 1992 5124 2180 5171; x_wconf 76' lang='lat' dir='ltr'><strong>natura</strong></span> <span class='ocrx_word' id='word_1_651' title='bbox 2211 5118 2463 5183; x_wconf 91' lang='lat' dir='ltr'><strong>hominis,</strong></span> <span class='ocrx_word' id='word_1_652' title='bbox 2498 5120 2685 5175; x_wconf 89' lang='lat' dir='ltr'><strong>vitium</strong></span> <span class='ocrx_word' id='word_1_653' title='bbox 2716 5124 2812 5178; x_wconf 88' lang='lat' dir='ltr'><strong>sed</strong></span> <span class='ocrx_word' id='word_1_654' title='bbox 2834 5139 2996 5182; x_wconf 86' lang='lat' dir='ltr'><strong>causa</strong></span> <span class='ocrx_word' id='word_1_655' title='bbox 3025 5130 3216 5197; x_wconf 88' lang='lat' dir='ltr'><strong>pudori</strong></span> <span class='ocrx_word' id='word_1_656' title='bbox 3239 5146 3361 5201; x_wconf 86' lang='lat' dir='ltr'><strong>est;</strong></span> 
     </span>
    </p>
   </div>
   <div class='ocr_carea' id='block_1_108' title="bbox 1854 5204 3357 5291">
    <p class='ocr_par' dir='ltr' id='par_1_108' title="bbox 1854 5204 3357 5291">
     <span class='ocr_line' id='line_1_108' title="bbox 1854 5204 3357 5291; baseline 0.014 -33"><span class='ocrx_word' id='word_1_657' title='bbox 1854 5204 1983 5260; x_wconf 78' lang='lat' dir='ltr'><strong>Nam</strong></span> <span class='ocrx_word' id='word_1_658' title='bbox 2010 5223 2342 5278; x_wconf 83' lang='lat' dir='ltr'><strong>quaecunque</strong></span> <span class='ocrx_word' id='word_1_659' title='bbox 2371 5210 2547 5266; x_wconf 91' lang='lat' dir='ltr'><strong>bonus</strong></span> <span class='ocrx_word' id='word_1_660' title='bbox 2580 5213 2824 5268; x_wconf 83' lang='lat' dir='ltr'><strong>formavit</strong></span> <span class='ocrx_word' id='word_1_661' title='bbox 2849 5221 3088 5273; x_wconf 87' lang='lat' dir='ltr'><strong>membra</strong></span> <span class='ocrx_word' id='word_1_662' title='bbox 3118 5221 3357 5291; x_wconf 87' lang='lat' dir='ltr'><strong>Creator,</strong></span> 
     </span>
    </p>
   </div>
   <div class='ocr_carea' id='block_1_109' title="bbox 1850 5288 3287 5379">
    <p class='ocr_par' dir='ltr' id='par_1_109' title="bbox 1850 5288 3287 5379">
     <span class='ocr_line' id='line_1_109' title="bbox 1850 5288 3287 5379; baseline 0.013 -28"><span class='ocrx_word' id='word_1_663' title='bbox 1850 5295 1921 5351; x_wconf 90' lang='lat' dir='ltr'><strong>Ut</strong></span> <span class='ocrx_word' id='word_1_664' title='bbox 1953 5299 2254 5367; x_wconf 89' lang='lat' dir='ltr'><strong>pudibunda</strong></span> <span class='ocrx_word' id='word_1_665' title='bbox 2284 5288 2481 5370; x_wconf 83' lang='lat' dir='ltr'><strong>forent,</strong></span> <span class='ocrx_word' id='word_1_666' title='bbox 2505 5308 2684 5359; x_wconf 51' lang='lat' dir='ltr'><strong>carnis</strong></span> <span class='ocrx_word' id='word_1_667' title='bbox 2713 5316 2831 5373; x_wconf 88' lang='lat' dir='ltr'><strong>post</strong></span> <span class='ocrx_word' id='word_1_668' title='bbox 2861 5312 3117 5379; x_wconf 89' lang='lat' dir='ltr'><strong>compulit</strong></span> <span class='ocrx_word' id='word_1_669' title='bbox 3141 5330 3287 5371; x_wconf 72' lang='lat' dir='ltr'><strong>usus.</strong></span> 
     </span>
    </p>
   </div>
   <div class='ocr_carea' id='block_1_110' title="bbox 1849 5391 3156 5473">
    <p class='ocr_par' dir='ltr' id='par_1_110' title="bbox 1849 5391 3156 5473">
     <span class='ocr_line' id='line_1_110' title="bbox 1849 5391 3156 5473; baseline 0.012 -28"><span class='ocrx_word' id='word_1_670' title='bbox 1849 5391 1997 5445; x_wconf 87' lang='lat' dir='ltr'><strong>&#39;l‘unc</strong></span> <span class='ocrx_word' id='word_1_671' title='bbox 2030 5408 2181 5447; x_wconf 90' lang='lat' dir='ltr'><strong>mens</strong></span> <span class='ocrx_word' id='word_1_672' title='bbox 2210 5394 2442 5447; x_wconf 87' lang='lat' dir='ltr'><strong>intactos</strong></span> <span class='ocrx_word' id='word_1_673' title='bbox 2461 5397 2712 5451; x_wconf 87' lang='lat' dir='ltr'><strong>servabat</strong></span> <span class='ocrx_word' id='word_1_674' title='bbox 2735 5400 2963 5457; x_wconf 85' lang='lat' dir='ltr'><strong>candida</strong></span> <span class='ocrx_word' id='word_1_675' title='bbox 2988 5404 3156 5473; x_wconf 84' lang='lat' dir='ltr'><strong>visus,</strong></span> 
     </span>
    </p>
   </div>
   <div class='ocr_carea' id='block_1_111' title="bbox 1847 5483 2929 5558">
    <p class='ocr_par' dir='ltr' id='par_1_111' title="bbox 1847 5483 2929 5558">
     <span class='ocr_line' id='line_1_111' title="bbox 1847 5483 2929 5558; baseline 0.013 -23"><span class='ocrx_word' id='word_1_676' title='bbox 1847 5483 2115 5552; x_wconf 72' lang='lat' dir='ltr'><strong>Angelicze</strong></span> <span class='ocrx_word' id='word_1_677' title='bbox 2137 5484 2306 5552; x_wconf 87' lang='lat' dir='ltr'><strong>qualis</strong></span> <span class='ocrx_word' id='word_1_678' title='bbox 2336 5495 2582 5540; x_wconf 89' lang='lat' dir='ltr'><strong>narratur</strong></span> <span class='ocrx_word' id='word_1_679' title='bbox 2612 5487 2779 5558; x_wconf 84' lang='lat' dir='ltr'><strong>gloria</strong></span> <span class='ocrx_word' id='word_1_680' title='bbox 2807 5493 2929 5549; x_wconf 59' lang='lat' dir='ltr'><strong>vita</strong></span> 
     </span>
    </p>
   </div>
   <div class='ocr_carea' id='block_1_112' title="bbox 1843 5575 3286 5655">
    <p class='ocr_par' dir='ltr' id='par_1_112' title="bbox 1843 5575 3286 5655">
     <span class='ocr_line' id='line_1_112' title="bbox 1843 5575 3286 5655; baseline 0.01 -26"><span class='ocrx_word' id='word_1_681' title='bbox 1843 5576 2091 5630; x_wconf 86' lang='lat' dir='ltr'><strong>Sidereas</strong></span> <span class='ocrx_word' id='word_1_682' title='bbox 2119 5575 2356 5632; x_wconf 71' lang='lat' dir='ltr'><strong>habitare</strong></span> <span class='ocrx_word' id='word_1_683' title='bbox 2388 5576 2611 5646; x_wconf 91' lang='lat' dir='ltr'><strong>domos;</strong></span> <span class='ocrx_word' id='word_1_684' title='bbox 2644 5584 2965 5654; x_wconf 89' lang='lat' dir='ltr'><strong>qualemque</strong></span> <span class='ocrx_word' id='word_1_685' title='bbox 2994 5584 3286 5655; x_wconf 81' lang='lat' dir='ltr'><strong>redemptis</strong></span> 
     </span>
    </p>
   </div>
   <div class='ocr_carea' id='block_1_113' title="bbox 1843 5664 3383 5827">
    <p class='ocr_par' dir='ltr' id='par_1_113' title="bbox 1843 5664 3383 5827">
     <span class='ocr_line' id='line_1_113' title="bbox 1843 5664 3383 5827; baseline 0.01 -105"><span class='ocrx_word' id='word_1_686' title='bbox 1843 5665 2083 5736; x_wconf 87' lang='lat' dir='ltr'><strong>Spondet</strong></span> <span class='ocrx_word' id='word_1_687' title='bbox 2103 5664 2430 5727; x_wconf 83' lang='lat' dir='ltr'><strong>reddendam</strong></span> <span class='ocrx_word' id='word_1_688' title='bbox 2462 5672 2652 5729; x_wconf 79' lang='lat' dir='ltr'><strong>martis</strong></span> <span class='ocrx_word' id='word_1_689' title='bbox 2682 5684 2803 5744; x_wconf 89' lang='lat' dir='ltr'><strong>post</strong></span> <span class='ocrx_word' id='word_1_690' title='bbox 2832 5684 3074 5827; x_wconf 54' lang='lat' dir='ltr'><strong>tcinpoir:</strong></span> <span class='ocrx_word' id='word_1_691' title='bbox 3097 5673 3383 5738; x_wconf 81' lang='lat' dir='ltr'><strong>Christus:</strong></span> 
     </span>
    </p>
   </div>
  </div>
