  <div class='ocr_page' id='page_1' title='image "/cluster/home/n/w/nwhite01/storage/ocr_20150623/59/hvd.32044073505117/171.png"; bbox 0 0 4024 6172; ppageno 0'>
   <div class='ocr_carea' id='block_1_1' title="bbox 591 288 3842 353">
    <p class='ocr_par' dir='ltr' id='par_1_1' title="bbox 591 288 3842 353">
     <span class='ocr_line' id='line_1_1' title="bbox 591 288 3842 353; baseline -0.001 -6"><span class='ocrx_word' id='word_1_1' title='bbox 591 298 682 353; x_wconf 72' lang='grc' dir='ltr'><strong>ῗὸι</strong></span> <span class='ocrx_word' id='word_1_2' title='bbox 1894 293 1950 349; x_wconf 93' lang='lat' dir='ltr'><strong>S.</strong></span> <span class='ocrx_word' id='word_1_3' title='bbox 1994 291 2174 347; x_wconf 77' lang='lat' dir='ltr'><strong>AV&#39;ITl</strong></span> <span class='ocrx_word' id='word_1_4' title='bbox 2218 288 2619 347; x_wconf 71' lang='lat' dir='ltr'><strong>VIENNENSIS</strong></span> <span class='ocrx_word' id='word_1_5' title='bbox 3758 289 3842 343; x_wconf 64' lang='lat'><strong>3.39.</strong></span> 
     </span>
    </p>
   </div>
   <div class='ocr_carea' id='block_1_2' title="bbox 591 406 1987 483">
    <p class='ocr_par' dir='ltr' id='par_1_2' title="bbox 591 406 1987 483">
     <span class='ocr_line' id='line_1_2' title="bbox 591 406 1987 483; baseline -0.002 -21"><span class='ocrx_word' id='word_1_6' title='bbox 591 410 752 476; x_wconf 85' lang='lat' dir='ltr'><strong>Queis</strong></span> <span class='ocrx_word' id='word_1_7' title='bbox 786 424 958 483; x_wconf 82' lang='lat' dir='ltr'><strong>neque</strong></span> <span class='ocrx_word' id='word_1_8' title='bbox 983 408 1288 481; x_wconf 82' lang='lat' dir='ltr'><strong>conjugium</strong></span> <span class='ocrx_word' id='word_1_9' title='bbox 1320 422 1463 463; x_wconf 72' lang='lat' dir='ltr'><strong>cura:</strong></span> <span class='ocrx_word' id='word_1_10' title='bbox 1489 422 1588 463; x_wconf 84' lang='lat' dir='ltr'><strong>nec</strong></span> <span class='ocrx_word' id='word_1_11' title='bbox 1618 406 1816 462; x_wconf 72' lang='lat' dir='ltr'><strong>findere</strong></span> <span class='ocrx_word' id='word_1_12' title='bbox 1848 409 1987 476; x_wconf 91' lang='lat' dir='ltr'><strong>turpi</strong></span> 
     </span>
    </p>
   </div>
   <div class='ocr_carea' id='block_1_3' title="bbox 592 501 1740 568">
    <p class='ocr_par' dir='ltr' id='par_1_3' title="bbox 592 501 1740 568">
     <span class='ocr_line' id='line_1_3' title="bbox 592 501 1740 568; baseline -0.001 -13"><span class='ocrx_word' id='word_1_13' title='bbox 592 502 834 558; x_wconf 82' lang='lat' dir='ltr'><strong>Miscebit</strong></span> <span class='ocrx_word' id='word_1_14' title='bbox 854 505 1053 560; x_wconf 86' lang='lat' dir='ltr'><strong>calidos</strong></span> <span class='ocrx_word' id='word_1_15' title='bbox 1082 503 1311 558; x_wconf 85' lang='lat' dir='ltr'><strong>carnalis</strong></span> <span class='ocrx_word' id='word_1_16' title='bbox 1338 501 1529 568; x_wconf 87' lang='lat' dir='ltr'><strong>copula</strong></span> <span class='ocrx_word' id='word_1_17' title='bbox 1557 516 1740 556; x_wconf 79' lang='lat' dir='ltr'><strong>sexus.</strong></span> 
     </span>
    </p>
   </div>
   <div class='ocr_carea' id='block_1_4' title="bbox 591 591 1971 667">
    <p class='ocr_par' dir='ltr' id='par_1_4' title="bbox 591 591 1971 667">
     <span class='ocr_line' id='line_1_4' title="bbox 591 591 1971 667; baseline -0.005 -15"><span class='ocrx_word' id='word_1_18' title='bbox 591 596 833 654; x_wconf 72' lang='lat' dir='ltr'><strong>(lassabit</strong></span> <span class='ocrx_word' id='word_1_19' title='bbox 859 596 1107 667; x_wconf 66' lang='lat' dir='ltr'><strong>gemitus,</strong></span> <span class='ocrx_word' id='word_1_20' title='bbox 1131 594 1306 655; x_wconf 84' lang='lat' dir='ltr'><strong>luxus,</strong></span> <span class='ocrx_word' id='word_1_21' title='bbox 1340 602 1533 655; x_wconf 89' lang='lat' dir='ltr'><strong>metus,</strong></span> <span class='ocrx_word' id='word_1_22' title='bbox 1566 593 1667 657; x_wconf 91' lang='lat' dir='ltr'><strong>ira,</strong></span> <span class='ocrx_word' id='word_1_23' title='bbox 1702 591 1971 659; x_wconf 90' lang='lat' dir='ltr'><strong>voluptas,</strong></span> 
     </span>
    </p>
   </div>
   <div class='ocr_carea' id='block_1_5' title="bbox 593 682 2177 757">
    <p class='ocr_par' dir='ltr' id='par_1_5' title="bbox 593 682 2177 757">
     <span class='ocr_line' id='line_1_5' title="bbox 593 682 2177 757; baseline -0.006 -12"><span class='ocrx_word' id='word_1_24' title='bbox 593 692 783 757; x_wconf 86' lang='lat' dir='ltr'><strong>Fraus,</strong></span> <span class='ocrx_word' id='word_1_25' title='bbox 810 690 981 754; x_wconf 92' lang='lat' dir='ltr'><strong>dolor,</strong></span> <span class='ocrx_word' id='word_1_26' title='bbox 1013 700 1171 757; x_wconf 75' lang='lat' dir='ltr'><strong>atque</strong></span> <span class='ocrx_word' id='word_1_27' title='bbox 1202 687 1380 752; x_wconf 84' lang='lat' dir='ltr'><strong>dolus,</strong></span> <span class='ocrx_word' id='word_1_28' title='bbox 1413 700 1635 748; x_wconf 70' lang='lat' dir='ltr'><strong>mceror,</strong></span> <span class='ocrx_word' id='word_1_29' title='bbox 1680 682 1974 745; x_wconf 78' lang='lat' dir='ltr'><strong>discordia,</strong></span> <span class='ocrx_word' id='word_1_30' title='bbox 2018 682 2177 737; x_wconf 86' lang='lat' dir='ltr'><strong>livor.</strong></span> 
     </span>
    </p>
   </div>
   <div class='ocr_carea' id='block_1_6' title="bbox 592 774 2022 850">
    <p class='ocr_par' dir='ltr' id='par_1_6' title="bbox 592 774 2022 850">
     <span class='ocr_line' id='line_1_6' title="bbox 592 774 2022 850; baseline -0.008 -14"><span class='ocrx_word' id='word_1_31' title='bbox 592 782 779 836; x_wconf 83' lang='lat' dir='ltr'><strong>Nullus</strong></span> <span class='ocrx_word' id='word_1_32' title='bbox 802 795 983 850; x_wconf 89' lang='lat' dir='ltr'><strong>egens,</strong></span> <span class='ocrx_word' id='word_1_33' title='bbox 1014 778 1195 832; x_wconf 89' lang='lat' dir='ltr'><strong>nullus</strong></span> <span class='ocrx_word' id='word_1_34' title='bbox 1222 778 1468 840; x_wconf 49' lang='lat' dir='ltr'><strong>cupiens.</strong></span> <span class='ocrx_word' id='word_1_35' title='bbox 1498 774 1590 828; x_wconf 89' lang='lat' dir='ltr'><strong>sed</strong></span> <span class='ocrx_word' id='word_1_36' title='bbox 1622 789 1756 843; x_wconf 87' lang='lat' dir='ltr'><strong>pace</strong></span> <span class='ocrx_word' id='word_1_37' title='bbox 1785 774 1886 827; x_wconf 92' lang='lat' dir='ltr'><strong>sub</strong></span> <span class='ocrx_word' id='word_1_38' title='bbox 1918 787 2022 826; x_wconf 88' lang='lat' dir='ltr'><strong>una</strong></span> 
     </span>
    </p>
   </div>
   <div class='ocr_carea' id='block_1_7' title="bbox 592 866 1909 937">
    <p class='ocr_par' dir='ltr' id='par_1_7' title="bbox 592 866 1909 937">
     <span class='ocr_line' id='line_1_7' title="bbox 592 866 1909 937; baseline -0.005 -11"><span class='ocrx_word' id='word_1_39' title='bbox 592 871 833 926; x_wconf 83' lang='lat' dir='ltr'><strong>Sufﬁciet</strong></span> <span class='ocrx_word' id='word_1_40' title='bbox 863 870 1071 925; x_wconf 90' lang='lat' dir='ltr'><strong>cunctis</strong></span> <span class='ocrx_word' id='word_1_41' title='bbox 1095 880 1401 923; x_wconf 87' lang='lat' dir='ltr'><strong>sanctorum</strong></span> <span class='ocrx_word' id='word_1_42' title='bbox 1433 866 1606 937; x_wconf 78' lang='lat' dir='ltr'><strong>gloria</strong></span> <span class='ocrx_word' id='word_1_43' title='bbox 1637 866 1909 920; x_wconf 70' lang='lat' dir='ltr'><strong>Christus.</strong></span> 
     </span>
    </p>
   </div>
   <div class='ocr_carea' id='block_1_8' title="bbox 673 958 1999 1034">
    <p class='ocr_par' dir='ltr' id='par_1_8' title="bbox 673 958 1999 1034">
     <span class='ocr_line' id='line_1_8' title="bbox 673 958 1999 1034; baseline -0.006 -16"><span class='ocrx_word' id='word_1_44' title='bbox 673 966 766 1019; x_wconf 85' lang='lat' dir='ltr'><strong>llis</strong></span> <span class='ocrx_word' id='word_1_45' title='bbox 794 963 1247 1034; x_wconf 79' lang='lat' dir='ltr'><strong>protnplastorum</strong></span> <span class='ocrx_word' id='word_1_46' title='bbox 1279 976 1494 1015; x_wconf 84' lang='lat' dir='ltr'><strong>sensum</strong></span> <span class='ocrx_word' id='word_1_47' title='bbox 1525 958 1816 1028; x_wconf 86' lang='lat' dir='ltr'><strong>primordia</strong></span> <span class='ocrx_word' id='word_1_48' title='bbox 1849 972 1999 1013; x_wconf 90' lang='lat' dir='ltr'><strong>sacra</strong></span> 
     </span>
    </p>
   </div>
   <div class='ocr_carea' id='block_1_9' title="bbox 592 1050 1825 1118">
    <p class='ocr_par' dir='ltr' id='par_1_9' title="bbox 592 1050 1825 1118">
     <span class='ocr_line' id='line_1_9' title="bbox 592 1050 1825 1118; baseline -0.005 -9"><span class='ocrx_word' id='word_1_49' title='bbox 592 1054 921 1110; x_wconf 89' lang='lat' dir='ltr'><strong>Continuere</strong></span> <span class='ocrx_word' id='word_1_50' title='bbox 946 1053 1118 1117; x_wconf 83' lang='lat' dir='ltr'><strong>bonis,</strong></span> <span class='ocrx_word' id='word_1_51' title='bbox 1143 1052 1312 1107; x_wconf 87' lang='lat' dir='ltr'><strong>donec</strong></span> <span class='ocrx_word' id='word_1_52' title='bbox 1335 1054 1627 1106; x_wconf 78' lang='lat' dir='ltr'><strong>certamine</strong></span> <span class='ocrx_word' id='word_1_53' title='bbox 1653 1050 1825 1118; x_wconf 91' lang='lat' dir='ltr'><strong>primo</strong></span> 
     </span>
    </p>
   </div>
   <div class='ocr_carea' id='block_1_10' title="bbox 597 1142 1998 1217">
    <p class='ocr_par' dir='ltr' id='par_1_10' title="bbox 597 1142 1998 1217">
     <span class='ocr_line' id='line_1_10' title="bbox 597 1142 1998 1217; baseline -0.004 -19"><span class='ocrx_word' id='word_1_54' title='bbox 597 1148 847 1202; x_wconf 78' lang='lat' dir='ltr'><strong>\‘inceret</strong></span> <span class='ocrx_word' id='word_1_55' title='bbox 878 1160 1167 1217; x_wconf 87' lang='lat' dir='ltr'><strong>oppressos</strong></span> <span class='ocrx_word' id='word_1_56' title='bbox 1193 1144 1433 1198; x_wconf 73' lang='lat' dir='ltr'><strong>fallacem</strong></span> <span class='ocrx_word' id='word_1_57' title='bbox 1464 1142 1617 1212; x_wconf 91' lang='lat' dir='ltr'><strong>culpa</strong></span> <span class='ocrx_word' id='word_1_58' title='bbox 1644 1158 1740 1211; x_wconf 93' lang='lat' dir='ltr'><strong>per</strong></span> <span class='ocrx_word' id='word_1_59' title='bbox 1764 1142 1998 1195; x_wconf 83' lang='lat' dir='ltr'><strong>hostem.</strong></span> 
     </span>
    </p>
   </div>
   <div class='ocr_carea' id='block_1_11' title="bbox 598 1235 2085 1309">
    <p class='ocr_par' dir='ltr' id='par_1_11' title="bbox 598 1235 2085 1309">
     <span class='ocr_line' id='line_1_11' title="bbox 598 1235 2085 1309; baseline -0.007 -16"><span class='ocrx_word' id='word_1_60' title='bbox 598 1240 829 1309; x_wconf 75' lang='lat' dir='ltr'><strong>Angelus</strong></span> <span class='ocrx_word' id='word_1_61' title='bbox 857 1238 940 1292; x_wconf 89' lang='lat' dir='ltr'><strong>bic</strong></span> <span class='ocrx_word' id='word_1_62' title='bbox 965 1237 1168 1291; x_wconf 89' lang='lat' dir='ltr'><strong>dudum</strong></span> <span class='ocrx_word' id='word_1_63' title='bbox 1200 1239 1390 1301; x_wconf 89' lang='lat' dir='ltr'><strong>fuerat,</strong></span> <span class='ocrx_word' id='word_1_64' title='bbox 1419 1235 1513 1290; x_wconf 89' lang='lat' dir='ltr'><strong>scd</strong></span> <span class='ocrx_word' id='word_1_65' title='bbox 1545 1235 1773 1289; x_wconf 88' lang='lat' dir='ltr'><strong>crimine</strong></span> <span class='ocrx_word' id='word_1_66' title='bbox 1806 1242 2085 1301; x_wconf 74' lang='lat' dir='ltr'><strong>postquam</strong></span> 
     </span>
    </p>
   </div>
   <div class='ocr_carea' id='block_1_12' title="bbox 596 1324 1944 1397">
    <p class='ocr_par' dir='ltr' id='par_1_12' title="bbox 596 1324 1944 1397">
     <span class='ocr_line' id='line_1_12' title="bbox 596 1324 1944 1397; baseline -0.007 -13"><span class='ocrx_word' id='word_1_67' title='bbox 596 1332 900 1385; x_wconf 87' lang='lat' dir='ltr'><strong>Succensus</strong></span> <span class='ocrx_word' id='word_1_68' title='bbox 930 1328 1167 1397; x_wconf 78' lang='lat' dir='ltr'><strong>proprio,</strong></span> <span class='ocrx_word' id='word_1_69' title='bbox 1200 1326 1433 1381; x_wconf 80' lang='lat' dir='ltr'><strong>tumidos</strong></span> <span class='ocrx_word' id='word_1_70' title='bbox 1462 1325 1664 1381; x_wconf 51' lang='lat' dir='ltr'><strong>exarsit</strong></span> <span class='ocrx_word' id='word_1_71' title='bbox 1687 1324 1738 1378; x_wconf 91' lang='lat' dir='ltr'><strong>in</strong></span> <span class='ocrx_word' id='word_1_72' title='bbox 1764 1338 1944 1386; x_wconf 90' lang='lat' dir='ltr'><strong>ausus,</strong></span> 
     </span>
    </p>
   </div>
   <div class='ocr_carea' id='block_1_13' title="bbox 595 1415 1884 1486">
    <p class='ocr_par' dir='ltr' id='par_1_13' title="bbox 595 1415 1884 1486">
     <span class='ocr_line' id='line_1_13' title="bbox 595 1415 1884 1486; baseline -0.008 -11"><span class='ocrx_word' id='word_1_73' title='bbox 595 1422 669 1475; x_wconf 89' lang='lat' dir='ltr'><strong>Se</strong></span> <span class='ocrx_word' id='word_1_74' title='bbox 703 1430 873 1473; x_wconf 81' lang='lat' dir='ltr'><strong>semet</strong></span> <span class='ocrx_word' id='word_1_75' title='bbox 901 1418 1092 1473; x_wconf 78' lang='lat' dir='ltr'><strong>feciSse</strong></span> <span class='ocrx_word' id='word_1_76' title='bbox 1126 1426 1335 1486; x_wconf 88' lang='lat' dir='ltr'><strong>putans,</strong></span> <span class='ocrx_word' id='word_1_77' title='bbox 1359 1431 1485 1470; x_wconf 88' lang='lat' dir='ltr'><strong>suus</strong></span> <span class='ocrx_word' id='word_1_78' title='bbox 1518 1416 1631 1484; x_wconf 92' lang='lat' dir='ltr'><strong>ipse</strong></span> <span class='ocrx_word' id='word_1_79' title='bbox 1659 1415 1884 1468; x_wconf 85' lang='lat' dir='ltr'><strong>Creator</strong></span> 
     </span>
    </p>
   </div>
   <div class='ocr_carea' id='block_1_14' title="bbox 599 1504 1931 1576">
    <p class='ocr_par' dir='ltr' id='par_1_14' title="bbox 599 1504 1931 1576">
     <span class='ocr_line' id='line_1_14' title="bbox 599 1504 1931 1576; baseline -0.008 -10"><span class='ocrx_word' id='word_1_80' title='bbox 599 1510 751 1576; x_wconf 83' lang='lat' dir='ltr'><strong>Quod</strong></span> <span class='ocrx_word' id='word_1_81' title='bbox 784 1510 964 1574; x_wconf 88' lang='lat' dir='ltr'><strong>fuerit,</strong></span> <span class='ocrx_word' id='word_1_82' title='bbox 996 1508 1185 1562; x_wconf 84' lang='lat' dir='ltr'><strong>rabido</strong></span> <span class='ocrx_word' id='word_1_83' title='bbox 1215 1508 1461 1576; x_wconf 59' lang='lat' dir='ltr'><strong>cincepit</strong></span> <span class='ocrx_word' id='word_1_84' title='bbox 1488 1505 1651 1560; x_wconf 89' lang='lat' dir='ltr'><strong>corde</strong></span> <span class='ocrx_word' id='word_1_85' title='bbox 1673 1504 1931 1565; x_wconf 88' lang='lat' dir='ltr'><strong>furorem,</strong></span> 
     </span>
    </p>
   </div>
   <div class='ocr_carea' id='block_1_15' title="bbox 592 1593 2105 1667">
    <p class='ocr_par' dir='ltr' id='par_1_15' title="bbox 592 1593 2105 1667">
     <span class='ocr_line' id='line_1_15' title="bbox 592 1593 2105 1667; baseline -0.007 -12"><span class='ocrx_word' id='word_1_86' title='bbox 592 1604 991 1667; x_wconf 73' lang='lat' dir='ltr'><strong>Auctoremque</strong></span> <span class='ocrx_word' id='word_1_87' title='bbox 1023 1610 1242 1664; x_wconf 87' lang='lat' dir='ltr'><strong>negans,</strong></span> <span class='ocrx_word' id='word_1_88' title='bbox 1276 1596 1525 1650; x_wconf 86' lang='lat' dir='ltr'><strong>Divinum</strong></span> <span class='ocrx_word' id='word_1_89' title='bbox 1556 1609 1881 1664; x_wconf 89' lang='lat' dir='ltr'><strong>consequar,</strong></span> <span class='ocrx_word' id='word_1_90' title='bbox 1912 1593 2105 1663; x_wconf 85' lang='lat' dir='ltr'><strong>inquit,</strong></span> 
     </span>
    </p>
   </div>
   <div class='ocr_carea' id='block_1_16' title="bbox 592 1686 2035 1757">
    <p class='ocr_par' dir='ltr' id='par_1_16' title="bbox 592 1686 2035 1757">
     <span class='ocr_line' id='line_1_16' title="bbox 592 1686 2035 1757; baseline -0.006 -10"><span class='ocrx_word' id='word_1_91' title='bbox 592 1691 820 1756; x_wconf 86' lang='lat' dir='ltr'><strong>Nomen,</strong></span> <span class='ocrx_word' id='word_1_92' title='bbox 845 1699 898 1743; x_wconf 92' lang='lat' dir='ltr'><strong>et</strong></span> <span class='ocrx_word' id='word_1_93' title='bbox 926 1700 1180 1743; x_wconf 75' lang='lat' dir='ltr'><strong>mternam</strong></span> <span class='ocrx_word' id='word_1_94' title='bbox 1213 1702 1404 1757; x_wconf 78' lang='lat' dir='ltr'><strong>ponam</strong></span> <span class='ocrx_word' id='word_1_95' title='bbox 1428 1701 1590 1756; x_wconf 89' lang='lat' dir='ltr'><strong>super</strong></span> <span class='ocrx_word' id='word_1_96' title='bbox 1611 1686 1809 1740; x_wconf 65' lang='lat' dir='ltr'><strong>mtbera</strong></span> <span class='ocrx_word' id='word_1_97' title='bbox 1833 1686 2035 1751; x_wconf 81' lang='lat' dir='ltr'><strong>sedem,</strong></span> 
     </span>
    </p>
   </div>
   <div class='ocr_carea' id='block_1_17' title="bbox 593 1778 1890 1847">
    <p class='ocr_par' dir='ltr' id='par_1_17' title="bbox 593 1778 1890 1847">
     <span class='ocr_line' id='line_1_17' title="bbox 593 1778 1890 1847; baseline -0.008 -7"><span class='ocrx_word' id='word_1_98' title='bbox 593 1785 821 1840; x_wconf 83' lang='lat' dir='ltr'><strong>Excelso</strong></span> <span class='ocrx_word' id='word_1_99' title='bbox 848 1780 1058 1845; x_wconf 87' lang='lat' dir='ltr'><strong>similis,</strong></span> <span class='ocrx_word' id='word_1_100' title='bbox 1086 1781 1311 1835; x_wconf 89' lang='lat' dir='ltr'><strong>summis</strong></span> <span class='ocrx_word' id='word_1_101' title='bbox 1343 1795 1442 1834; x_wconf 89' lang='lat' dir='ltr'><strong>nec</strong></span> <span class='ocrx_word' id='word_1_102' title='bbox 1474 1778 1677 1833; x_wconf 85' lang='lat' dir='ltr'><strong>viribus</strong></span> <span class='ocrx_word' id='word_1_103' title='bbox 1702 1778 1890 1847; x_wconf 82' lang='lat' dir='ltr'><strong>impar.</strong></span> 
     </span>
    </p>
   </div>
   <div class='ocr_carea' id='block_1_18' title="bbox 592 1871 1777 1946">
    <p class='ocr_par' dir='ltr' id='par_1_18' title="bbox 592 1871 1777 1946">
     <span class='ocr_line' id='line_1_18' title="bbox 592 1871 1777 1946; baseline -0.008 -12"><span class='ocrx_word' id='word_1_104' title='bbox 592 1879 737 1934; x_wconf 85' lang='lat' dir='ltr'><strong>Talia</strong></span> <span class='ocrx_word' id='word_1_105' title='bbox 759 1877 1049 1946; x_wconf 84' lang='lat' dir='ltr'><strong>jactantem</strong></span> <span class='ocrx_word' id='word_1_106' title='bbox 1086 1874 1337 1940; x_wconf 62' lang='lat' dir='ltr'><strong>praecelsa</strong></span> <span class='ocrx_word' id='word_1_107' title='bbox 1363 1872 1607 1942; x_wconf 88' lang='lat' dir='ltr'><strong>poentia</strong></span> <span class='ocrx_word' id='word_1_108' title='bbox 1638 1871 1777 1926; x_wconf 71' lang='lat' dir='ltr'><strong>coelo</strong></span> 
     </span>
    </p>
   </div>
   <div class='ocr_carea' id='block_1_19' title="bbox 591 1950 1824 2037">
    <p class='ocr_par' dir='ltr' id='par_1_19' title="bbox 591 1950 1824 2037">
     <span class='ocr_line' id='line_1_19' title="bbox 591 1950 1824 2037; baseline -0.009 -10"><span class='ocrx_word' id='word_1_109' title='bbox 591 1970 749 2037; x_wconf 85' lang='lat' dir='ltr'><strong>Jecit,</strong></span> <span class='ocrx_word' id='word_1_110' title='bbox 782 1979 835 2023; x_wconf 92' lang='lat' dir='ltr'><strong>et</strong></span> <span class='ocrx_word' id='word_1_111' title='bbox 857 1950 1087 2036; x_wconf 87' lang='lat' dir='ltr'><strong>ejectum</strong></span> <span class='ocrx_word' id='word_1_112' title='bbox 1112 1966 1290 2035; x_wconf 88' lang='lat' dir='ltr'><strong>prisco</strong></span> <span class='ocrx_word' id='word_1_113' title='bbox 1317 1966 1565 2033; x_wconf 89' lang='lat' dir='ltr'><strong>spoliavit</strong></span> <span class='ocrx_word' id='word_1_114' title='bbox 1598 1965 1824 2018; x_wconf 84' lang='lat' dir='ltr'><strong>honore.</strong></span> 
     </span>
    </p>
   </div>
   <div class='ocr_carea' id='block_1_20' title="bbox 591 2055 1927 2131">
    <p class='ocr_par' dir='ltr' id='par_1_20' title="bbox 591 2055 1927 2131">
     <span class='ocr_line' id='line_1_20' title="bbox 591 2055 1927 2131; baseline -0.007 -15"><span class='ocrx_word' id='word_1_115' title='bbox 591 2063 795 2131; x_wconf 84' lang='lat' dir='ltr'><strong>Quique</strong></span> <span class='ocrx_word' id='word_1_116' title='bbox 824 2068 1087 2114; x_wconf 68' lang='lat' dir='ltr'><strong>creaturae</strong></span> <span class='ocrx_word' id='word_1_117' title='bbox 1112 2056 1375 2125; x_wconf 65' lang='lat' dir='ltr'><strong>praefulsit</strong></span> <span class='ocrx_word' id='word_1_118' title='bbox 1399 2059 1447 2109; x_wconf 91' lang='lat' dir='ltr'><strong>in</strong></span> <span class='ocrx_word' id='word_1_119' title='bbox 1481 2055 1670 2109; x_wconf 86' lang='lat' dir='ltr'><strong>ordine</strong></span> <span class='ocrx_word' id='word_1_120' title='bbox 1699 2056 1927 2124; x_wconf 84' lang='lat' dir='ltr'><strong>primus,</strong></span> 
     </span>
    </p>
   </div>
   <div class='ocr_carea' id='block_1_21' title="bbox 594 2148 1858 2218">
    <p class='ocr_par' dir='ltr' id='par_1_21' title="bbox 594 2148 1858 2218">
     <span class='ocr_line' id='line_1_21' title="bbox 594 2148 1858 2218; baseline -0.008 -10"><span class='ocrx_word' id='word_1_121' title='bbox 594 2153 800 2208; x_wconf 83' lang='lat' dir='ltr'><strong>Primas</strong></span> <span class='ocrx_word' id='word_1_122' title='bbox 824 2162 1053 2205; x_wconf 88' lang='lat' dir='ltr'><strong>venturo</strong></span> <span class='ocrx_word' id='word_1_123' title='bbox 1084 2149 1281 2218; x_wconf 85' lang='lat' dir='ltr'><strong>pendet</strong></span> <span class='ocrx_word' id='word_1_124' title='bbox 1311 2148 1411 2201; x_wconf 85' lang='lat' dir='ltr'><strong>sub</strong></span> <span class='ocrx_word' id='word_1_125' title='bbox 1436 2149 1616 2214; x_wconf 74' lang='lat' dir='ltr'><strong>judice</strong></span> <span class='ocrx_word' id='word_1_126' title='bbox 1651 2161 1858 2215; x_wconf 73' lang='lat' dir='ltr'><strong>pmuns.</strong></span> 
     </span>
    </p>
   </div>
   <div class='ocr_carea' id='block_1_22' title="bbox 591 2229 1962 2312">
    <p class='ocr_par' dir='ltr' id='par_1_22' title="bbox 591 2229 1962 2312">
     <span class='ocr_line' id='line_1_22' title="bbox 591 2229 1962 2312; baseline -0.008 -13"><span class='ocrx_word' id='word_1_127' title='bbox 591 2242 1038 2312; x_wconf 81' lang='lat' dir='ltr'><strong>Quandoquidem</strong></span> <span class='ocrx_word' id='word_1_128' title='bbox 1068 2240 1285 2312; x_wconf 71' lang='lat' dir='ltr'><strong>gravior</strong></span> <span class='ocrx_word' id='word_1_129' title='bbox 1313 2238 1467 2292; x_wconf 90' lang='lat' dir='ltr'><strong>talem</strong></span> <span class='ocrx_word' id='word_1_130' title='bbox 1492 2229 1758 2291; x_wconf 77' lang='lat' dir='ltr'><strong>sententia</strong></span> <span class='ocrx_word' id='word_1_131' title='bbox 1792 2236 1962 2306; x_wconf 88' lang='lat' dir='ltr'><strong>punit,</strong></span> 
     </span>
    </p>
   </div>
   <div class='ocr_carea' id='block_1_23' title="bbox 591 2327 2106 2403">
    <p class='ocr_par' dir='ltr' id='par_1_23' title="bbox 591 2327 2106 2403">
     <span class='ocr_line' id='line_1_23' title="bbox 591 2327 2106 2403; baseline -0.008 -11"><span class='ocrx_word' id='word_1_132' title='bbox 591 2337 761 2403; x_wconf 87' lang='lat' dir='ltr'><strong>Quem</strong></span> <span class='ocrx_word' id='word_1_133' title='bbox 792 2334 985 2388; x_wconf 91' lang='lat' dir='ltr'><strong>mirum</strong></span> <span class='ocrx_word' id='word_1_134' title='bbox 1008 2330 1269 2386; x_wconf 87' lang='lat' dir='ltr'><strong>cecidisse</strong></span> <span class='ocrx_word' id='word_1_135' title='bbox 1291 2330 1481 2398; x_wconf 84' lang='lat' dir='ltr'><strong>putes?</strong></span> <span class='ocrx_word' id='word_1_136' title='bbox 1506 2344 1625 2382; x_wconf 90' lang='lat' dir='ltr'><strong>nam</strong></span> <span class='ocrx_word' id='word_1_137' title='bbox 1653 2330 1856 2381; x_wconf 85' lang='lat' dir='ltr'><strong>crimen</strong></span> <span class='ocrx_word' id='word_1_138' title='bbox 1888 2327 2106 2382; x_wconf 83' lang='lat' dir='ltr'><strong>acerbat</strong></span> 
     </span>
    </p>
   </div>
   <div class='ocr_carea' id='block_1_24' title="bbox 590 2421 1930 2495">
    <p class='ocr_par' dir='ltr' id='par_1_24' title="bbox 590 2421 1930 2495">
     <span class='ocr_line' id='line_1_24' title="bbox 590 2421 1930 2495; baseline -0.008 -12"><span class='ocrx_word' id='word_1_139' title='bbox 590 2429 812 2493; x_wconf 79' lang='lat' dir='ltr'><strong>Auctor,</strong></span> <span class='ocrx_word' id='word_1_140' title='bbox 845 2426 896 2480; x_wconf 91' lang='lat' dir='ltr'><strong>in</strong></span> <span class='ocrx_word' id='word_1_141' title='bbox 925 2424 1111 2495; x_wconf 88' lang='lat' dir='ltr'><strong>ignaro</strong></span> <span class='ocrx_word' id='word_1_142' title='bbox 1150 2421 1325 2476; x_wconf 87' lang='lat' dir='ltr'><strong>minor</strong></span> <span class='ocrx_word' id='word_1_143' title='bbox 1342 2436 1422 2476; x_wconf 80' lang='lat' dir='ltr'><strong>est</strong></span> <span class='ocrx_word' id='word_1_144' title='bbox 1451 2431 1703 2489; x_wconf 74' lang='lat' dir='ltr'><strong>peccante</strong></span> <span class='ocrx_word' id='word_1_145' title='bbox 1730 2430 1930 2484; x_wconf 85' lang='lat' dir='ltr'><strong>reatus,</strong></span> 
     </span>
    </p>
   </div>
   <div class='ocr_carea' id='block_1_25' title="bbox 591 2511 1975 2587">
    <p class='ocr_par' dir='ltr' id='par_1_25' title="bbox 591 2511 1975 2587">
     <span class='ocr_line' id='line_1_25' title="bbox 591 2511 1975 2587; baseline -0.005 -12"><span class='ocrx_word' id='word_1_146' title='bbox 591 2520 789 2575; x_wconf 88' lang='lat' dir='ltr'><strong>Durius</strong></span> <span class='ocrx_word' id='word_1_147' title='bbox 813 2526 971 2587; x_wconf 88' lang='lat' dir='ltr'><strong>atque</strong></span> <span class='ocrx_word' id='word_1_148' title='bbox 1001 2515 1197 2570; x_wconf 90' lang='lat' dir='ltr'><strong>malum</strong></span> <span class='ocrx_word' id='word_1_149' title='bbox 1222 2512 1364 2583; x_wconf 90' lang='lat' dir='ltr'><strong>quod</strong></span> <span class='ocrx_word' id='word_1_150' title='bbox 1386 2513 1557 2581; x_wconf 85' lang='lat' dir='ltr'><strong>major</strong></span> <span class='ocrx_word' id='word_1_151' title='bbox 1587 2511 1711 2565; x_wconf 90' lang='lat' dir='ltr'><strong>fecit</strong></span> <span class='ocrx_word' id='word_1_152' title='bbox 1735 2511 1975 2570; x_wconf 85' lang='lat' dir='ltr'><strong>habetur.</strong></span> 
     </span>
    </p>
   </div>
   <div class='ocr_carea' id='block_1_26' title="bbox 591 2602 1933 2678">
    <p class='ocr_par' dir='ltr' id='par_1_26' title="bbox 591 2602 1933 2678">
     <span class='ocr_line' id='line_1_26' title="bbox 591 2602 1933 2678; baseline -0.007 -13"><span class='ocrx_word' id='word_1_153' title='bbox 591 2610 694 2665; x_wconf 86' lang='lat' dir='ltr'><strong>Sed</strong></span> <span class='ocrx_word' id='word_1_154' title='bbox 716 2609 857 2678; x_wconf 89' lang='lat' dir='ltr'><strong>quod</strong></span> <span class='ocrx_word' id='word_1_155' title='bbox 881 2608 1095 2660; x_wconf 74' lang='lat' dir='ltr'><strong>vivaces</strong></span> <span class='ocrx_word' id='word_1_156' title='bbox 1125 2602 1412 2675; x_wconf 75' lang='lat' dir='ltr'><strong>prmtendit</strong></span> <span class='ocrx_word' id='word_1_157' title='bbox 1435 2604 1487 2656; x_wconf 93' lang='lat' dir='ltr'><strong>in</strong></span> <span class='ocrx_word' id='word_1_158' title='bbox 1513 2602 1690 2655; x_wconf 86' lang='lat' dir='ltr'><strong>abdita</strong></span> <span class='ocrx_word' id='word_1_159' title='bbox 1716 2617 1933 2667; x_wconf 87' lang='lat' dir='ltr'><strong>sensus,</strong></span> 
     </span>
    </p>
   </div>
   <div class='ocr_carea' id='block_1_27' title="bbox 593 2694 2065 2768">
    <p class='ocr_par' dir='ltr' id='par_1_27' title="bbox 593 2694 2065 2768">
     <span class='ocr_line' id='line_1_27' title="bbox 593 2694 2065 2768; baseline -0.007 -14"><span class='ocrx_word' id='word_1_160' title='bbox 593 2699 853 2768; x_wconf 87' lang='lat' dir='ltr'><strong>Quodque</strong></span> <span class='ocrx_word' id='word_1_161' title='bbox 874 2700 1047 2752; x_wconf 89' lang='lat' dir='ltr'><strong>futura</strong></span> <span class='ocrx_word' id='word_1_162' title='bbox 1076 2695 1245 2760; x_wconf 90' lang='lat' dir='ltr'><strong>videt,</strong></span> <span class='ocrx_word' id='word_1_163' title='bbox 1271 2709 1561 2762; x_wconf 88' lang='lat' dir='ltr'><strong>rerumque</strong></span> <span class='ocrx_word' id='word_1_164' title='bbox 1591 2707 1785 2747; x_wconf 88' lang='lat' dir='ltr'><strong>arcana</strong></span> <span class='ocrx_word' id='word_1_165' title='bbox 1810 2694 2065 2763; x_wconf 85' lang='lat' dir='ltr'><strong>resignat,</strong></span> 
     </span>
    </p>
   </div>
   <div class='ocr_carea' id='block_1_28' title="bbox 592 2786 1815 2860">
    <p class='ocr_par' dir='ltr' id='par_1_28' title="bbox 592 2786 1815 2860">
     <span class='ocr_line' id='line_1_28' title="bbox 592 2786 1815 2860; baseline -0.006 -15"><span class='ocrx_word' id='word_1_166' title='bbox 592 2789 832 2860; x_wconf 78' lang='lat' dir='ltr'><strong>Angelici</strong></span> <span class='ocrx_word' id='word_1_167' title='bbox 856 2790 1065 2843; x_wconf 85' lang='lat' dir='ltr'><strong>fervens</strong></span> <span class='ocrx_word' id='word_1_168' title='bbox 1096 2796 1340 2855; x_wconf 86' lang='lat' dir='ltr'><strong>superest</strong></span> <span class='ocrx_word' id='word_1_169' title='bbox 1371 2796 1558 2839; x_wconf 90' lang='lat' dir='ltr'><strong>natura</strong></span> <span class='ocrx_word' id='word_1_170' title='bbox 1599 2786 1815 2851; x_wconf 75' lang='lat' dir='ltr'><strong>vigoris.</strong></span> 
     </span>
    </p>
   </div>
   <div class='ocr_carea' id='block_1_29' title="bbox 594 2877 2041 2948">
    <p class='ocr_par' dir='ltr' id='par_1_29' title="bbox 594 2877 2041 2948">
     <span class='ocr_line' id='line_1_29' title="bbox 594 2877 2041 2948; baseline -0.005 -11"><span class='ocrx_word' id='word_1_171' title='bbox 594 2880 927 2937; x_wconf 85' lang='lat' dir='ltr'><strong>llorreudum</strong></span> <span class='ocrx_word' id='word_1_172' title='bbox 953 2880 1117 2944; x_wconf 90' lang='lat' dir='ltr'><strong>dictu,</strong></span> <span class='ocrx_word' id='word_1_173' title='bbox 1154 2877 1427 2948; x_wconf 88' lang='lat' dir='ltr'><strong>signisque</strong></span> <span class='ocrx_word' id='word_1_174' title='bbox 1456 2877 1693 2933; x_wconf 86' lang='lat' dir='ltr'><strong>notabile</strong></span> <span class='ocrx_word' id='word_1_175' title='bbox 1720 2886 2041 2933; x_wconf 84' lang='lat' dir='ltr'><strong>monstrum.</strong></span> 
     </span>
    </p>
   </div>
   <div class='ocr_carea' id='block_1_30' title="bbox 591 2969 1911 3042">
    <p class='ocr_par' dir='ltr' id='par_1_30' title="bbox 591 2969 1911 3042">
     <span class='ocr_line' id='line_1_30' title="bbox 591 2969 1911 3042; baseline -0.002 -15"><span class='ocrx_word' id='word_1_176' title='bbox 591 2972 724 3027; x_wconf 85' lang='lat' dir='ltr'><strong>Nam</strong></span> <span class='ocrx_word' id='word_1_177' title='bbox 755 2970 1012 3042; x_wconf 84' lang='lat' dir='ltr'><strong>quidquid</strong></span> <span class='ocrx_word' id='word_1_178' title='bbox 1044 2980 1155 3023; x_wconf 91' lang='lat' dir='ltr'><strong>toto</strong></span> <span class='ocrx_word' id='word_1_179' title='bbox 1184 2969 1359 3024; x_wconf 89' lang='lat' dir='ltr'><strong>dirum</strong></span> <span class='ocrx_word' id='word_1_180' title='bbox 1388 2970 1740 3025; x_wconf 88' lang='lat' dir='ltr'><strong>committitur</strong></span> <span class='ocrx_word' id='word_1_181' title='bbox 1759 2971 1911 3037; x_wconf 91' lang='lat' dir='ltr'><strong>orbe,</strong></span> 
     </span>
    </p>
   </div>
   <div class='ocr_carea' id='block_1_31' title="bbox 593 3061 2041 3131">
    <p class='ocr_par' dir='ltr' id='par_1_31' title="bbox 593 3061 2041 3131">
     <span class='ocr_line' id='line_1_31' title="bbox 593 3061 2041 3131; baseline -0.003 -14"><span class='ocrx_word' id='word_1_182' title='bbox 593 3064 697 3119; x_wconf 87' lang='lat' dir='ltr'><strong>Iste</strong></span> <span class='ocrx_word' id='word_1_183' title='bbox 722 3062 901 3129; x_wconf 90' lang='lat' dir='ltr'><strong>docet,</strong></span> <span class='ocrx_word' id='word_1_184' title='bbox 936 3063 1307 3131; x_wconf 89' lang='lat' dir='ltr'><strong>scelerumque</strong></span> <span class='ocrx_word' id='word_1_185' title='bbox 1333 3076 1524 3115; x_wconf 90' lang='lat' dir='ltr'><strong>manus</strong></span> <span class='ocrx_word' id='word_1_186' title='bbox 1546 3075 1610 3115; x_wconf 91' lang='lat' dir='ltr'><strong>ac</strong></span> <span class='ocrx_word' id='word_1_187' title='bbox 1635 3063 1736 3115; x_wconf 89' lang='lat' dir='ltr'><strong>tela</strong></span> <span class='ocrx_word' id='word_1_188' title='bbox 1760 3061 2041 3131; x_wconf 89' lang='lat' dir='ltr'><strong>gubernat,</strong></span> 
     </span>
    </p>
   </div>
   <div class='ocr_carea' id='block_1_32' title="bbox 594 3151 1951 3224">
    <p class='ocr_par' dir='ltr' id='par_1_32' title="bbox 594 3151 1951 3224">
     <span class='ocr_line' id='line_1_32' title="bbox 594 3151 1951 3224; baseline 0.001 -18"><span class='ocrx_word' id='word_1_189' title='bbox 594 3153 797 3224; x_wconf 81' lang='lat' dir='ltr'><strong>Pugnat</strong></span> <span class='ocrx_word' id='word_1_190' title='bbox 826 3164 878 3208; x_wconf 87' lang='lat' dir='ltr'><strong>et</strong></span> <span class='ocrx_word' id='word_1_191' title='bbox 908 3156 1151 3208; x_wconf 90' lang='lat' dir='ltr'><strong>occultus</strong></span> <span class='ocrx_word' id='word_1_192' title='bbox 1178 3168 1267 3221; x_wconf 57' lang='lat' dir='ltr'><strong>per</strong></span> <span class='ocrx_word' id='word_1_193' title='bbox 1300 3153 1509 3222; x_wconf 80' lang='lat' dir='ltr'><strong>publica</strong></span> <span class='ocrx_word' id='word_1_194' title='bbox 1538 3151 1762 3208; x_wconf 91' lang='lat' dir='ltr'><strong>crimina</strong></span> <span class='ocrx_word' id='word_1_195' title='bbox 1794 3152 1951 3207; x_wconf 87' lang='lat' dir='ltr'><strong>latro.</strong></span> 
     </span>
    </p>
   </div>
   <div class='ocr_carea' id='block_1_33' title="bbox 594 3243 2126 3313">
    <p class='ocr_par' dir='ltr' id='par_1_33' title="bbox 594 3243 2126 3313">
     <span class='ocr_line' id='line_1_33' title="bbox 594 3243 2126 3313; baseline -0.001 -13"><span class='ocrx_word' id='word_1_196' title='bbox 594 3244 658 3300; x_wconf 84' lang='lat' dir='ltr'><strong>Et</strong></span> <span class='ocrx_word' id='word_1_197' title='bbox 688 3260 830 3298; x_wconf 90' lang='lat' dir='ltr'><strong>nunc</strong></span> <span class='ocrx_word' id='word_1_198' title='bbox 859 3259 1006 3313; x_wconf 68' lang='lat' dir='ltr'><strong>srepe</strong></span> <span class='ocrx_word' id='word_1_199' title='bbox 1038 3244 1339 3306; x_wconf 88' lang='lat' dir='ltr'><strong>bomimun,</strong></span> <span class='ocrx_word' id='word_1_200' title='bbox 1369 3258 1509 3298; x_wconf 90' lang='lat' dir='ltr'><strong>nunc</strong></span> <span class='ocrx_word' id='word_1_201' title='bbox 1539 3243 1629 3298; x_wconf 89' lang='lat' dir='ltr'><strong>ille</strong></span> <span class='ocrx_word' id='word_1_202' title='bbox 1653 3244 1705 3297; x_wconf 92' lang='lat' dir='ltr'><strong>in</strong></span> <span class='ocrx_word' id='word_1_203' title='bbox 1732 3258 1870 3297; x_wconf 75' lang='lat' dir='ltr'><strong>saeva</strong></span> <span class='ocrx_word' id='word_1_204' title='bbox 1894 3244 2126 3299; x_wconf 88' lang='lat' dir='ltr'><strong>ferarum</strong></span> 
     </span>
    </p>
   </div>
   <div class='ocr_carea' id='block_1_34' title="bbox 596 3337 1925 3403">
    <p class='ocr_par' dir='ltr' id='par_1_34' title="bbox 596 3337 1925 3403">
     <span class='ocr_line' id='line_1_34' title="bbox 596 3337 1925 3403; baseline -0.001 -11"><span class='ocrx_word' id='word_1_205' title='bbox 596 3337 832 3392; x_wconf 82' lang='lat' dir='ltr'><strong>Vertitur</strong></span> <span class='ocrx_word' id='word_1_206' title='bbox 859 3353 977 3403; x_wconf 89' lang='lat' dir='ltr'><strong>ora,</strong></span> <span class='ocrx_word' id='word_1_207' title='bbox 1012 3352 1183 3392; x_wconf 87' lang='lat' dir='ltr'><strong>novos</strong></span> <span class='ocrx_word' id='word_1_208' title='bbox 1209 3338 1423 3391; x_wconf 81' lang='lat' dir='ltr'><strong>varians</strong></span> <span class='ocrx_word' id='word_1_209' title='bbox 1457 3337 1697 3393; x_wconf 88' lang='lat' dir='ltr'><strong>fallentia</strong></span> <span class='ocrx_word' id='word_1_210' title='bbox 1726 3340 1925 3394; x_wconf 54' lang='lat' dir='ltr'><strong>vultus.</strong></span> 
     </span>
    </p>
   </div>
   <div class='ocr_carea' id='block_1_35' title="bbox 593 3427 1781 3482">
    <p class='ocr_par' dir='ltr' id='par_1_35' title="bbox 593 3427 1781 3482">
     <span class='ocr_line' id='line_1_35' title="bbox 593 3427 1781 3482; baseline 0 -1"><span class='ocrx_word' id='word_1_211' title='bbox 593 3427 751 3482; x_wconf 85' lang='lat' dir='ltr'><strong>Alltis</strong></span> <span class='ocrx_word' id='word_1_212' title='bbox 781 3427 1051 3481; x_wconf 87' lang='lat' dir='ltr'><strong>interdum</strong></span> <span class='ocrx_word' id='word_1_213' title='bbox 1085 3427 1264 3481; x_wconf 89' lang='lat' dir='ltr'><strong>subito</strong></span> <span class='ocrx_word' id='word_1_214' title='bbox 1296 3427 1520 3480; x_wconf 89' lang='lat' dir='ltr'><strong>mentita</strong></span> <span class='ocrx_word' id='word_1_215' title='bbox 1554 3428 1781 3481; x_wconf 87' lang='lat' dir='ltr'><strong>volantis</strong></span> 
     </span>
    </p>
   </div>
   <div class='ocr_carea' id='block_1_36' title="bbox 594 3515 2099 3587">
    <p class='ocr_par' dir='ltr' id='par_1_36' title="bbox 594 3515 2099 3587">
     <span class='ocr_line' id='line_1_36' title="bbox 594 3515 2099 3587; baseline 0.001 -17"><span class='ocrx_word' id='word_1_216' title='bbox 594 3515 680 3570; x_wconf 88' lang='lat' dir='ltr'><strong>Fit</strong></span> <span class='ocrx_word' id='word_1_217' title='bbox 701 3516 927 3584; x_wconf 78' lang='lat' dir='ltr'><strong>Species,</strong></span> <span class='ocrx_word' id='word_1_218' title='bbox 963 3515 1283 3585; x_wconf 81' lang='lat' dir='ltr'><strong>habitusque</strong></span> <span class='ocrx_word' id='word_1_219' title='bbox 1307 3516 1500 3571; x_wconf 85' lang='lat' dir='ltr'><strong>iterum</strong></span> <span class='ocrx_word' id='word_1_220' title='bbox 1527 3518 1790 3587; x_wconf 87' lang='lat' dir='ltr'><strong>confingit</strong></span> <span class='ocrx_word' id='word_1_221' title='bbox 1821 3519 2099 3583; x_wconf 84' lang='lat' dir='ltr'><strong>honestos,</strong></span> 
     </span>
    </p>
   </div>
   <div class='ocr_carea' id='block_1_37' title="bbox 594 3605 1977 3677">
    <p class='ocr_par' dir='ltr' id='par_1_37' title="bbox 594 3605 1977 3677">
     <span class='ocr_line' id='line_1_37' title="bbox 594 3605 1977 3677; baseline 0 -15"><span class='ocrx_word' id='word_1_222' title='bbox 594 3609 873 3675; x_wconf 85' lang='lat' dir='ltr'><strong>Apparcns</strong></span> <span class='ocrx_word' id='word_1_223' title='bbox 906 3619 1005 3658; x_wconf 92' lang='lat' dir='ltr'><strong>nec</strong></span> <span class='ocrx_word' id='word_1_224' title='bbox 1034 3619 1137 3658; x_wconf 93' lang='lat' dir='ltr'><strong>non</strong></span> <span class='ocrx_word' id='word_1_225' title='bbox 1164 3605 1389 3673; x_wconf 74' lang='lat' dir='ltr'><strong>pulchro</strong></span> <span class='ocrx_word' id='word_1_226' title='bbox 1418 3620 1516 3660; x_wconf 91' lang='lat' dir='ltr'><strong>ceu</strong></span> <span class='ocrx_word' id='word_1_227' title='bbox 1547 3621 1776 3676; x_wconf 90' lang='lat' dir='ltr'><strong>corpore</strong></span> <span class='ocrx_word' id='word_1_228' title='bbox 1810 3608 1977 3677; x_wconf 86' lang='lat' dir='ltr'><strong>virgo,</strong></span> 
     </span>
    </p>
   </div>
   <div class='ocr_carea' id='block_1_38' title="bbox 595 3694 1891 3766">
    <p class='ocr_par' dir='ltr' id='par_1_38' title="bbox 595 3694 1891 3766">
     <span class='ocr_line' id='line_1_38' title="bbox 595 3694 1891 3766; baseline 0.001 -15"><span class='ocrx_word' id='word_1_229' title='bbox 595 3694 859 3751; x_wconf 86' lang='lat' dir='ltr'><strong>Pertrahit</strong></span> <span class='ocrx_word' id='word_1_230' title='bbox 888 3695 1139 3750; x_wconf 83' lang='lat' dir='ltr'><strong>ardentes</strong></span> <span class='ocrx_word' id='word_1_231' title='bbox 1170 3695 1399 3750; x_wconf 88' lang='lat' dir='ltr'><strong>obscena</strong></span> <span class='ocrx_word' id='word_1_232' title='bbox 1430 3698 1479 3749; x_wconf 93' lang='lat' dir='ltr'><strong>in</strong></span> <span class='ocrx_word' id='word_1_233' title='bbox 1501 3696 1693 3766; x_wconf 88' lang='lat' dir='ltr'><strong>gaudia</strong></span> <span class='ocrx_word' id='word_1_234' title='bbox 1726 3700 1891 3752; x_wconf 80' lang='lat' dir='ltr'><strong>visus.</strong></span> 
     </span>
    </p>
   </div>
   <div class='ocr_carea' id='block_1_39' title="bbox 593 3784 2028 3859">
    <p class='ocr_par' dir='ltr' id='par_1_39' title="bbox 593 3784 2028 3859">
     <span class='ocr_line' id='line_1_39' title="bbox 593 3784 2028 3859; baseline -0.001 -15"><span class='ocrx_word' id='word_1_235' title='bbox 593 3788 749 3857; x_wconf 66' lang='lat' dir='ltr'><strong>Saepe</strong></span> <span class='ocrx_word' id='word_1_236' title='bbox 770 3787 929 3843; x_wconf 89' lang='lat' dir='ltr'><strong>etiam</strong></span> <span class='ocrx_word' id='word_1_237' title='bbox 959 3784 1164 3855; x_wconf 77' lang='lat' dir='ltr'><strong>cupidis</strong></span> <span class='ocrx_word' id='word_1_238' title='bbox 1192 3794 1472 3856; x_wconf 81' lang='lat' dir='ltr'><strong>argentum</strong></span> <span class='ocrx_word' id='word_1_239' title='bbox 1507 3787 1739 3843; x_wconf 86' lang='lat' dir='ltr'><strong>immane</strong></span> <span class='ocrx_word' id='word_1_240' title='bbox 1762 3801 2028 3859; x_wconf 85' lang='lat' dir='ltr'><strong>coruscat,</strong></span> 
     </span>
    </p>
   </div>
   <div class='ocr_carea' id='block_1_40' title="bbox 592 3875 1853 3946">
    <p class='ocr_par' dir='ltr' id='par_1_40' title="bbox 592 3875 1853 3946">
     <span class='ocr_line' id='line_1_40' title="bbox 592 3875 1853 3946; baseline 0.002 -14"><span class='ocrx_word' id='word_1_241' title='bbox 592 3875 956 3946; x_wconf 82' lang='lat' dir='ltr'><strong>Accenditque</strong></span> <span class='ocrx_word' id='word_1_242' title='bbox 984 3875 1197 3930; x_wconf 89' lang='lat' dir='ltr'><strong>animus</strong></span> <span class='ocrx_word' id='word_1_243' title='bbox 1223 3878 1341 3930; x_wconf 88' lang='lat' dir='ltr'><strong>auri</strong></span> <span class='ocrx_word' id='word_1_244' title='bbox 1374 3878 1604 3932; x_wconf 88' lang='lat' dir='ltr'><strong>fallentis</strong></span> <span class='ocrx_word' id='word_1_245' title='bbox 1635 3894 1821 3935; x_wconf 89' lang='lat' dir='ltr'><strong>amore</strong></span> <span class='ocrx_word' id='word_1_246' title='bbox 1840 3922 1853 3945; x_wconf 91' lang='lat'><strong>,</strong></span> 
     </span>
    </p>
   </div>
   <div class='ocr_carea' id='block_1_41' title="bbox 595 3968 1837 4038">
    <p class='ocr_par' dir='ltr' id='par_1_41' title="bbox 595 3968 1837 4038">
     <span class='ocr_line' id='line_1_41' title="bbox 595 3968 1837 4038; baseline 0.002 -16"><span class='ocrx_word' id='word_1_247' title='bbox 595 3969 816 4024; x_wconf 84' lang='lat' dir='ltr'><strong>Delusos</strong></span> <span class='ocrx_word' id='word_1_248' title='bbox 845 3968 1051 4038; x_wconf 86' lang='lat' dir='ltr'><strong>fugiens</strong></span> <span class='ocrx_word' id='word_1_249' title='bbox 1080 3982 1219 4022; x_wconf 89' lang='lat' dir='ltr'><strong>vano</strong></span> <span class='ocrx_word' id='word_1_250' title='bbox 1252 3969 1623 4038; x_wconf 85' lang='lat' dir='ltr'><strong>phantasmate</strong></span> <span class='ocrx_word' id='word_1_251' title='bbox 1647 3981 1837 4026; x_wconf 85' lang='lat' dir='ltr'><strong>tactus.</strong></span> 
     </span>
    </p>
   </div>
   <div class='ocr_carea' id='block_1_42' title="bbox 591 4057 1810 4129">
    <p class='ocr_par' dir='ltr' id='par_1_42' title="bbox 591 4057 1810 4129">
     <span class='ocr_line' id='line_1_42' title="bbox 591 4057 1810 4129; baseline 0.003 -17"><span class='ocrx_word' id='word_1_252' title='bbox 591 4057 730 4112; x_wconf 84' lang='lat' dir='ltr'><strong>Nulli</strong></span> <span class='ocrx_word' id='word_1_253' title='bbox 752 4072 831 4113; x_wconf 79' lang='lat' dir='ltr'><strong>cei</strong></span> <span class='ocrx_word' id='word_1_254' title='bbox 847 4069 897 4111; x_wconf 88' lang='lat' dir='ltr'><strong>ta</strong></span> <span class='ocrx_word' id='word_1_255' title='bbox 928 4057 1059 4113; x_wconf 87' lang='lat' dir='ltr'><strong>fides</strong></span> <span class='ocrx_word' id='word_1_256' title='bbox 1087 4067 1291 4112; x_wconf 87' lang='lat' dir='ltr'><strong>constat</strong></span> <span class='ocrx_word' id='word_1_257' title='bbox 1324 4060 1403 4113; x_wconf 87' lang='lat' dir='ltr'><strong>vel</strong></span> <span class='ocrx_word' id='word_1_258' title='bbox 1428 4060 1597 4129; x_wconf 87' lang='lat' dir='ltr'><strong>gratia</strong></span> <span class='ocrx_word' id='word_1_259' title='bbox 1624 4061 1810 4116; x_wconf 84' lang='lat' dir='ltr'><strong>formae</strong></span> 
     </span>
    </p>
   </div>
   <div class='ocr_carea' id='block_1_43' title="bbox 590 4144 2090 4220">
    <p class='ocr_par' dir='ltr' id='par_1_43' title="bbox 590 4144 2090 4220">
     <span class='ocr_line' id='line_1_43' title="bbox 590 4144 2090 4220; baseline 0 -15"><span class='ocrx_word' id='word_1_260' title='bbox 590 4149 695 4205; x_wconf 89' lang='lat' dir='ltr'><strong>Sed</strong></span> <span class='ocrx_word' id='word_1_261' title='bbox 717 4164 821 4218; x_wconf 90' lang='lat' dir='ltr'><strong>quo</strong></span> <span class='ocrx_word' id='word_1_262' title='bbox 842 4164 1107 4220; x_wconf 86' lang='lat' dir='ltr'><strong>quemque</strong></span> <span class='ocrx_word' id='word_1_263' title='bbox 1130 4149 1291 4204; x_wconf 90' lang='lat' dir='ltr'><strong>modo</strong></span> <span class='ocrx_word' id='word_1_264' title='bbox 1312 4144 1504 4220; x_wconf 86' lang='lat' dir='ltr'><strong>capiat,</strong></span> <span class='ocrx_word' id='word_1_265' title='bbox 1536 4158 1821 4220; x_wconf 79' lang='lat' dir='ltr'><strong>teneatque</strong></span> <span class='ocrx_word' id='word_1_266' title='bbox 1846 4156 2090 4209; x_wconf 81' lang='lat' dir='ltr'><strong>nocendo</strong></span> 
     </span>
    </p>
   </div>
   <div class='ocr_carea' id='block_1_44' title="bbox 590 4240 1998 4311">
    <p class='ocr_par' dir='ltr' id='par_1_44' title="bbox 590 4240 1998 4311">
     <span class='ocr_line' id='line_1_44' title="bbox 590 4240 1998 4311; baseline 0.001 -16"><span class='ocrx_word' id='word_1_267' title='bbox 590 4241 898 4310; x_wconf 85' lang='lat' dir='ltr'><strong>Opportuna</strong></span> <span class='ocrx_word' id='word_1_268' title='bbox 920 4240 1076 4305; x_wconf 69' lang='lat' dir='ltr'><strong>dolis,</strong></span> <span class='ocrx_word' id='word_1_269' title='bbox 1102 4240 1405 4310; x_wconf 72' lang='lat' dir='ltr'><strong>clausmque</strong></span> <span class='ocrx_word' id='word_1_270' title='bbox 1434 4243 1778 4297; x_wconf 87' lang='lat' dir='ltr'><strong>accommoda</strong></span> <span class='ocrx_word' id='word_1_271' title='bbox 1804 4243 1998 4311; x_wconf 86' lang='lat' dir='ltr'><strong>fraudi,</strong></span> 
     </span>
    </p>
   </div>
   <div class='ocr_carea' id='block_1_45' title="bbox 591 4332 1796 4405">
    <p class='ocr_par' dir='ltr' id='par_1_45' title="bbox 591 4332 1796 4405">
     <span class='ocr_line' id='line_1_45' title="bbox 591 4332 1796 4405; baseline 0 -19"><span class='ocrx_word' id='word_1_272' title='bbox 591 4334 831 4388; x_wconf 88' lang='lat' dir='ltr'><strong>Sumitur</strong></span> <span class='ocrx_word' id='word_1_273' title='bbox 853 4333 1091 4388; x_wconf 77' lang='lat' dir='ltr'><strong>exterior</strong></span> <span class='ocrx_word' id='word_1_274' title='bbox 1118 4333 1366 4387; x_wconf 89' lang='lat' dir='ltr'><strong>simulata</strong></span> <span class='ocrx_word' id='word_1_275' title='bbox 1398 4332 1575 4390; x_wconf 87' lang='lat' dir='ltr'><strong>fronte</strong></span> <span class='ocrx_word' id='word_1_276' title='bbox 1604 4336 1796 4405; x_wconf 87' lang='lat' dir='ltr'><strong>figura.</strong></span> 
     </span>
    </p>
   </div>
   <div class='ocr_carea' id='block_1_46' title="bbox 592 4422 1880 4495">
    <p class='ocr_par' dir='ltr' id='par_1_46' title="bbox 592 4422 1880 4495">
     <span class='ocr_line' id='line_1_46' title="bbox 592 4422 1880 4495; baseline 0 -16"><span class='ocrx_word' id='word_1_277' title='bbox 592 4423 759 4493; x_wconf 77' lang='lat' dir='ltr'><strong>Major</strong></span> <span class='ocrx_word' id='word_1_278' title='bbox 779 4422 953 4480; x_wconf 82' lang='lat' dir='ltr'><strong>adhuc</strong></span> <span class='ocrx_word' id='word_1_279' title='bbox 974 4425 1133 4478; x_wconf 86' lang='lat' dir='ltr'><strong>ctiam</strong></span> <span class='ocrx_word' id='word_1_280' title='bbox 1163 4438 1306 4478; x_wconf 67' lang='lat' dir='ltr'><strong>saevo</strong></span> <span class='ocrx_word' id='word_1_281' title='bbox 1339 4426 1597 4493; x_wconf 91' lang='lat' dir='ltr'><strong>permissa</strong></span> <span class='ocrx_word' id='word_1_282' title='bbox 1623 4434 1880 4495; x_wconf 81' lang='lat' dir='ltr'><strong>potestas,</strong></span> 
     </span>
    </p>
   </div>
   <div class='ocr_carea' id='block_1_47' title="bbox 590 4514 1812 4580">
    <p class='ocr_par' dir='ltr' id='par_1_47' title="bbox 590 4514 1812 4580">
     <span class='ocr_line' id='line_1_47' title="bbox 590 4514 1812 4580; baseline -0.002 -8"><span class='ocrx_word' id='word_1_283' title='bbox 590 4516 661 4572; x_wconf 84' lang='lat' dir='ltr'><strong>lit</strong></span> <span class='ocrx_word' id='word_1_284' title='bbox 689 4527 927 4571; x_wconf 88' lang='lat' dir='ltr'><strong>sanctum</strong></span> <span class='ocrx_word' id='word_1_285' title='bbox 957 4516 1163 4580; x_wconf 78' lang='lat' dir='ltr'><strong>vincat;</strong></span> <span class='ocrx_word' id='word_1_286' title='bbox 1185 4514 1384 4569; x_wconf 89' lang='lat' dir='ltr'><strong>dudum</strong></span> <span class='ocrx_word' id='word_1_287' title='bbox 1413 4514 1605 4570; x_wconf 86' lang='lat' dir='ltr'><strong>collata</strong></span> <span class='ocrx_word' id='word_1_288' title='bbox 1628 4525 1812 4570; x_wconf 90' lang='lat' dir='ltr'><strong>creato</strong></span> 
     </span>
    </p>
   </div>
   <div class='ocr_carea' id='block_1_48' title="bbox 587 4605 1988 4675">
    <p class='ocr_par' dir='ltr' id='par_1_48' title="bbox 587 4605 1988 4675">
     <span class='ocr_line' id='line_1_48' title="bbox 587 4605 1988 4675; baseline 0.001 -12"><span class='ocrx_word' id='word_1_289' title='bbox 587 4608 676 4664; x_wconf 90' lang='lat' dir='ltr'><strong>Sic</strong></span> <span class='ocrx_word' id='word_1_290' title='bbox 704 4617 894 4662; x_wconf 87' lang='lat' dir='ltr'><strong>natura</strong></span> <span class='ocrx_word' id='word_1_291' title='bbox 921 4605 1083 4670; x_wconf 87' lang='lat' dir='ltr'><strong>valet,</strong></span> <span class='ocrx_word' id='word_1_292' title='bbox 1112 4616 1311 4660; x_wconf 90' lang='lat' dir='ltr'><strong>rectam</strong></span> <span class='ocrx_word' id='word_1_293' title='bbox 1340 4621 1494 4675; x_wconf 89' lang='lat' dir='ltr'><strong>quam</strong></span> <span class='ocrx_word' id='word_1_294' title='bbox 1526 4608 1763 4662; x_wconf 89' lang='lat' dir='ltr'><strong>condidit</strong></span> <span class='ocrx_word' id='word_1_295' title='bbox 1783 4618 1988 4673; x_wconf 86' lang='lat' dir='ltr'><strong>auctor,</strong></span> 
     </span>
    </p>
   </div>
   <div class='ocr_carea' id='block_1_49' title="bbox 592 4696 1939 4768">
    <p class='ocr_par' dir='ltr' id='par_1_49' title="bbox 592 4696 1939 4768">
     <span class='ocr_line' id='line_1_49' title="bbox 592 4696 1939 4768; baseline 0.002 -15"><span class='ocrx_word' id='word_1_296' title='bbox 592 4698 698 4753; x_wconf 85' lang='lat' dir='ltr'><strong>Sed</strong></span> <span class='ocrx_word' id='word_1_297' title='bbox 722 4708 841 4767; x_wconf 90' lang='lat' dir='ltr'><strong>post</strong></span> <span class='ocrx_word' id='word_1_298' title='bbox 862 4696 928 4751; x_wconf 90' lang='lat' dir='ltr'><strong>ad</strong></span> <span class='ocrx_word' id='word_1_299' title='bbox 958 4712 1151 4768; x_wconf 89' lang='lat' dir='ltr'><strong>pravos</strong></span> <span class='ocrx_word' id='word_1_300' title='bbox 1178 4698 1469 4752; x_wconf 73' lang='lat' dir='ltr'><strong>SUbVCl‘Stll”</strong></span> <span class='ocrx_word' id='word_1_301' title='bbox 1500 4699 1768 4755; x_wconf 87' lang='lat' dir='ltr'><strong>transtulit</strong></span> <span class='ocrx_word' id='word_1_302' title='bbox 1786 4700 1939 4756; x_wconf 82' lang='lat' dir='ltr'><strong>usus.</strong></span> 
     </span>
    </p>
   </div>
   <div class='ocr_carea' id='block_1_50' title="bbox 664 4788 1904 4862">
    <p class='ocr_par' dir='ltr' id='par_1_50' title="bbox 664 4788 1904 4862">
     <span class='ocr_line' id='line_1_50' title="bbox 664 4788 1904 4862; baseline 0.003 -19"><span class='ocrx_word' id='word_1_303' title='bbox 664 4789 807 4843; x_wconf 77' lang='lat' dir='ltr'><strong>Vidit</strong></span> <span class='ocrx_word' id='word_1_304' title='bbox 831 4798 887 4842; x_wconf 87' lang='lat' dir='ltr'><strong>ut</strong></span> <span class='ocrx_word' id='word_1_305' title='bbox 911 4789 1011 4843; x_wconf 89' lang='lat' dir='ltr'><strong>iste</strong></span> <span class='ocrx_word' id='word_1_306' title='bbox 1034 4803 1202 4842; x_wconf 86' lang='lat' dir='ltr'><strong>novos</strong></span> <span class='ocrx_word' id='word_1_307' title='bbox 1230 4788 1471 4844; x_wconf 85' lang='lat' dir='ltr'><strong>homines</strong></span> <span class='ocrx_word' id='word_1_308' title='bbox 1502 4790 1555 4844; x_wconf 92' lang='lat' dir='ltr'><strong>in</strong></span> <span class='ocrx_word' id='word_1_309' title='bbox 1577 4791 1705 4846; x_wconf 90' lang='lat' dir='ltr'><strong>sede</strong></span> <span class='ocrx_word' id='word_1_310' title='bbox 1724 4792 1904 4862; x_wconf 88' lang='lat' dir='ltr'><strong>quieta</strong></span> 
     </span>
    </p>
   </div>
   <div class='ocr_carea' id='block_1_51' title="bbox 588 4879 1737 4950">
    <p class='ocr_par' dir='ltr' id='par_1_51' title="bbox 588 4879 1737 4950">
     <span class='ocr_line' id='line_1_51' title="bbox 588 4879 1737 4950; baseline 0.003 -19"><span class='ocrx_word' id='word_1_311' title='bbox 588 4880 794 4935; x_wconf 84' lang='lat' dir='ltr'><strong>Ducere</strong></span> <span class='ocrx_word' id='word_1_312' title='bbox 813 4879 1020 4934; x_wconf 81' lang='lat' dir='ltr'><strong>felicem</strong></span> <span class='ocrx_word' id='word_1_313' title='bbox 1054 4879 1198 4933; x_wconf 92' lang='lat' dir='ltr'><strong>nullo</strong></span> <span class='ocrx_word' id='word_1_314' title='bbox 1224 4879 1530 4935; x_wconf 86' lang='lat' dir='ltr'><strong>discrimine</strong></span> <span class='ocrx_word' id='word_1_315' title='bbox 1553 4882 1737 4950; x_wconf 89' lang='lat' dir='ltr'><strong>vitam,</strong></span> 
     </span>
    </p>
   </div>
   <div class='ocr_carea' id='block_1_52' title="bbox 589 4970 1883 5043">
    <p class='ocr_par' dir='ltr' id='par_1_52' title="bbox 589 4970 1883 5043">
     <span class='ocr_line' id='line_1_52' title="bbox 589 4970 1883 5043; baseline 0.004 -18"><span class='ocrx_word' id='word_1_316' title='bbox 589 4970 730 5040; x_wconf 84' lang='lat' dir='ltr'><strong>Lege</strong></span> <span class='ocrx_word' id='word_1_317' title='bbox 748 4970 851 5026; x_wconf 89' lang='lat' dir='ltr'><strong>sub</strong></span> <span class='ocrx_word' id='word_1_318' title='bbox 877 4981 1092 5039; x_wconf 89' lang='lat' dir='ltr'><strong>accepta</strong></span> <span class='ocrx_word' id='word_1_319' title='bbox 1124 4971 1357 5025; x_wconf 87' lang='lat' dir='ltr'><strong>Domino</strong></span> <span class='ocrx_word' id='word_1_320' title='bbox 1379 4972 1686 5029; x_wconf 85' lang='lat' dir='ltr'><strong>famularier</strong></span> <span class='ocrx_word' id='word_1_321' title='bbox 1711 4975 1883 5043; x_wconf 87' lang='lat' dir='ltr'><strong>orbis,</strong></span> 
     </span>
    </p>
   </div>
   <div class='ocr_carea' id='block_1_53' title="bbox 585 5061 1943 5135">
    <p class='ocr_par' dir='ltr' id='par_1_53' title="bbox 585 5061 1943 5135">
     <span class='ocr_line' id='line_1_53' title="bbox 585 5061 1943 5135; baseline 0.004 -18"><span class='ocrx_word' id='word_1_322' title='bbox 585 5061 964 5131; x_wconf 86' lang='lat' dir='ltr'><strong>Subjectisque</strong></span> <span class='ocrx_word' id='word_1_323' title='bbox 994 5065 1092 5115; x_wconf 91' lang='lat' dir='ltr'><strong>frui</strong></span> <span class='ocrx_word' id='word_1_324' title='bbox 1126 5062 1330 5131; x_wconf 85' lang='lat' dir='ltr'><strong>placida</strong></span> <span class='ocrx_word' id='word_1_325' title='bbox 1363 5064 1500 5118; x_wconf 89' lang='lat' dir='ltr'><strong>inter</strong></span> <span class='ocrx_word' id='word_1_326' title='bbox 1522 5067 1709 5135; x_wconf 78' lang='lat' dir='ltr'><strong>gaudia</strong></span> <span class='ocrx_word' id='word_1_327' title='bbox 1738 5068 1898 5122; x_wconf 86' lang='lat' dir='ltr'><strong>rebus</strong></span> <span class='ocrx_word' id='word_1_328' title='bbox 1928 5084 1943 5122; x_wconf 90' lang='lat'><strong>:</strong></span> 
     </span>
    </p>
   </div>
   <div class='ocr_carea' id='block_1_54' title="bbox 582 5152 1832 5227">
    <p class='ocr_par' dir='ltr' id='par_1_54' title="bbox 582 5152 1832 5227">
     <span class='ocr_line' id='line_1_54' title="bbox 582 5152 1832 5227; baseline 0.006 -21"><span class='ocrx_word' id='word_1_329' title='bbox 582 5152 884 5207; x_wconf 78' lang='lat' dir='ltr'><strong>Commovit</strong></span> <span class='ocrx_word' id='word_1_330' title='bbox 911 5153 1142 5209; x_wconf 87' lang='lat' dir='ltr'><strong>subitum</strong></span> <span class='ocrx_word' id='word_1_331' title='bbox 1170 5154 1267 5208; x_wconf 86' lang='lat' dir='ltr'><strong>zeli</strong></span> <span class='ocrx_word' id='word_1_332' title='bbox 1298 5155 1527 5209; x_wconf 84' lang='lat' dir='ltr'><strong>scintilla</strong></span> <span class='ocrx_word' id='word_1_333' title='bbox 1555 5172 1832 5227; x_wconf 83' lang='lat' dir='ltr'><strong>vaporem,</strong></span> 
     </span>
    </p>
   </div>
   <div class='ocr_carea' id='block_1_55' title="bbox 586 5242 1837 5311">
    <p class='ocr_par' dir='ltr' id='par_1_55' title="bbox 586 5242 1837 5311">
     <span class='ocr_line' id='line_1_55' title="bbox 586 5242 1837 5311; baseline 0.009 -15"><span class='ocrx_word' id='word_1_334' title='bbox 586 5242 939 5311; x_wconf 80' lang='lat' dir='ltr'><strong>Excrevitque</strong></span> <span class='ocrx_word' id='word_1_335' title='bbox 961 5244 1143 5298; x_wconf 90' lang='lat' dir='ltr'><strong>calens</strong></span> <span class='ocrx_word' id='word_1_336' title='bbox 1164 5243 1215 5297; x_wconf 92' lang='lat' dir='ltr'><strong>in</strong></span> <span class='ocrx_word' id='word_1_337' title='bbox 1238 5258 1377 5297; x_wconf 67' lang='lat' dir='ltr'><strong>sreva</strong></span> <span class='ocrx_word' id='word_1_338' title='bbox 1406 5245 1649 5301; x_wconf 73' lang='lat' dir='ltr'><strong>incendia</strong></span> <span class='ocrx_word' id='word_1_339' title='bbox 1680 5248 1837 5308; x_wconf 61' lang='lat' dir='ltr'><strong>livor.</strong></span> 
     </span>
    </p>
   </div>
   <div class='ocr_carea' id='block_1_56' title="bbox 582 5330 1827 5409">
    <p class='ocr_par' dir='ltr' id='par_1_56' title="bbox 582 5330 1827 5409">
     <span class='ocr_line' id='line_1_56' title="bbox 582 5330 1827 5409; baseline 0.008 -22"><span class='ocrx_word' id='word_1_340' title='bbox 582 5330 801 5388; x_wconf 72' lang='lat' dir='ltr'><strong>Vicinus</strong></span> <span class='ocrx_word' id='word_1_341' title='bbox 829 5343 953 5388; x_wconf 91' lang='lat' dir='ltr'><strong>tunc</strong></span> <span class='ocrx_word' id='word_1_342' title='bbox 984 5333 1119 5389; x_wconf 87' lang='lat' dir='ltr'><strong>forte</strong></span> <span class='ocrx_word' id='word_1_343' title='bbox 1149 5334 1266 5399; x_wconf 88' lang='lat' dir='ltr'><strong>fuit,</strong></span> <span class='ocrx_word' id='word_1_344' title='bbox 1299 5352 1405 5405; x_wconf 91' lang='lat' dir='ltr'><strong>quo</strong></span> <span class='ocrx_word' id='word_1_345' title='bbox 1435 5340 1668 5395; x_wconf 89' lang='lat' dir='ltr'><strong>concidit</strong></span> <span class='ocrx_word' id='word_1_346' title='bbox 1697 5343 1827 5409; x_wconf 89' lang='lat' dir='ltr'><strong>alto,</strong></span> 
     </span>
    </p>
   </div>
   <div class='ocr_carea' id='block_1_57' title="bbox 580 5423 1974 5501">
    <p class='ocr_par' dir='ltr' id='par_1_57' title="bbox 580 5423 1974 5501">
     <span class='ocr_line' id='line_1_57' title="bbox 580 5423 1974 5501; baseline 0.009 -22"><span class='ocrx_word' id='word_1_347' title='bbox 580 5423 802 5493; x_wconf 84' lang='lat' dir='ltr'><strong>Lapsus,</strong></span> <span class='ocrx_word' id='word_1_348' title='bbox 831 5434 885 5480; x_wconf 89' lang='lat' dir='ltr'><strong>et</strong></span> <span class='ocrx_word' id='word_1_349' title='bbox 904 5425 1152 5481; x_wconf 81' lang='lat' dir='ltr'><strong>innexam</strong></span> <span class='ocrx_word' id='word_1_350' title='bbox 1185 5431 1344 5483; x_wconf 80' lang='lat' dir='ltr'><strong>traxit</strong></span> <span class='ocrx_word' id='word_1_351' title='bbox 1367 5445 1459 5499; x_wconf 92' lang='lat' dir='ltr'><strong>per</strong></span> <span class='ocrx_word' id='word_1_352' title='bbox 1487 5448 1655 5501; x_wconf 90' lang='lat' dir='ltr'><strong>prona</strong></span> <span class='ocrx_word' id='word_1_353' title='bbox 1677 5447 1974 5492; x_wconf 88' lang='lat' dir='ltr'><strong>catervam.</strong></span> 
     </span>
    </p>
   </div>
   <div class='ocr_carea' id='block_1_58' title="bbox 580 5515 2156 5591">
    <p class='ocr_par' dir='ltr' id='par_1_58' title="bbox 580 5515 2156 5591">
     <span class='ocr_line' id='line_1_58' title="bbox 580 5515 2156 5591; baseline 0.008 -20"><span class='ocrx_word' id='word_1_354' title='bbox 580 5515 691 5572; x_wconf 83' lang='lat' dir='ltr'><strong>lloc</strong></span> <span class='ocrx_word' id='word_1_355' title='bbox 719 5529 980 5579; x_wconf 82' lang='lat' dir='ltr'><strong>recoreus,</strong></span> <span class='ocrx_word' id='word_1_356' title='bbox 1019 5531 1309 5588; x_wconf 83' lang='lat' dir='ltr'><strong>casumque</strong></span> <span class='ocrx_word' id='word_1_357' title='bbox 1356 5537 1605 5591; x_wconf 87' lang='lat' dir='ltr'><strong>premens</strong></span> <span class='ocrx_word' id='word_1_358' title='bbox 1650 5526 1700 5579; x_wconf 92' lang='lat' dir='ltr'><strong>in</strong></span> <span class='ocrx_word' id='word_1_359' title='bbox 1746 5528 1911 5582; x_wconf 90' lang='lat' dir='ltr'><strong>corde</strong></span> <span class='ocrx_word' id='word_1_360' title='bbox 1964 5545 2156 5584; x_wconf 86' lang='lat' dir='ltr'><strong>recen-</strong></span> 
     </span>
    </p>
   </div>
   <div class='ocr_carea' id='block_1_59' title="bbox 580 5618 2081 5774">
    <p class='ocr_par' dir='ltr' id='par_1_59' title="bbox 580 5618 2081 5774">
     <span class='ocr_line' id='line_1_59' title="bbox 580 5618 2081 5774; baseline 0.009 -24"><span class='ocrx_word' id='word_1_361' title='bbox 580 5692 705 5751; x_wconf 77' lang='lat' dir='ltr'><strong>I‘lus</strong></span> <span class='ocrx_word' id='word_1_362' title='bbox 729 5697 896 5754; x_wconf 90' lang='lat' dir='ltr'><strong>doluit</strong></span> <span class='ocrx_word' id='word_1_363' title='bbox 920 5701 1141 5770; x_wconf 86' lang='lat' dir='ltr'><strong>periisse</strong></span> <span class='ocrx_word' id='word_1_364' title='bbox 1162 5704 1264 5761; x_wconf 83' lang='lat' dir='ltr'><strong>sibi</strong></span> <span class='ocrx_word' id='word_1_365' title='bbox 1287 5704 1428 5773; x_wconf 85' lang='lat' dir='ltr'><strong>quod</strong></span> <span class='ocrx_word' id='word_1_366' title='bbox 1462 5706 1698 5774; x_wconf 82' lang='lat' dir='ltr'><strong>possidet</strong></span> <span class='ocrx_word' id='word_1_367' title='bbox 1720 5709 1875 5765; x_wconf 87' lang='lat' dir='ltr'><strong>alter.</strong></span> <span class='ocrx_word' id='word_1_368' title='bbox 1930 5618 2081 5683; x_wconf 44' lang='lat' dir='ltr'><strong>“em.</strong></span> 
     </span>
    </p>
   </div>
   <div class='ocr_carea' id='block_1_60' title="bbox 2202 405 3759 475">
    <p class='ocr_par' dir='ltr' id='par_1_60' title="bbox 2202 405 3759 475">
     <span class='ocr_line' id='line_1_60' title="bbox 2202 405 3759 475; baseline 0.001 -16"><span class='ocrx_word' id='word_1_369' title='bbox 2202 410 2254 467; x_wconf 79' lang='grc' dir='ltr'><strong>Α</strong></span> <span class='ocrx_word' id='word_1_370' title='bbox 2280 405 2429 461; x_wconf 88' lang='lat' dir='ltr'><strong>Tunc</strong></span> <span class='ocrx_word' id='word_1_371' title='bbox 2457 408 2656 460; x_wconf 85' lang='lat' dir='ltr'><strong>mixtus</strong></span> <span class='ocrx_word' id='word_1_372' title='bbox 2685 422 2804 460; x_wconf 87' lang='lat' dir='ltr'><strong>cum</strong></span> <span class='ocrx_word' id='word_1_373' title='bbox 2835 405 2956 461; x_wconf 90' lang='lat' dir='ltr'><strong>felle</strong></span> <span class='ocrx_word' id='word_1_374' title='bbox 2985 405 3157 475; x_wconf 90' lang='lat' dir='ltr'><strong>pudor</strong></span> <span class='ocrx_word' id='word_1_375' title='bbox 3188 406 3263 460; x_wconf 80' lang='lat' dir='ltr'><strong>sic</strong></span> <span class='ocrx_word' id='word_1_376' title='bbox 3298 416 3515 475; x_wconf 82' lang='lat' dir='ltr'><strong>pectore</strong></span> <span class='ocrx_word' id='word_1_377' title='bbox 3549 416 3759 475; x_wconf 75' lang='lat' dir='ltr'><strong>quesuis</strong></span> 
     </span>
    </p>
   </div>
   <div class='ocr_carea' id='block_1_61' title="bbox 2287 496 3435 566">
    <p class='ocr_par' dir='ltr' id='par_1_61' title="bbox 2287 496 3435 566">
     <span class='ocr_line' id='line_1_61' title="bbox 2287 496 3435 566; baseline -0.001 -15"><span class='ocrx_word' id='word_1_378' title='bbox 2287 496 2556 565; x_wconf 77' lang='lat' dir='ltr'><strong>Explicat,</strong></span> <span class='ocrx_word' id='word_1_379' title='bbox 2579 508 2631 551; x_wconf 89' lang='lat' dir='ltr'><strong>et</strong></span> <span class='ocrx_word' id='word_1_380' title='bbox 2660 497 2748 552; x_wconf 80' lang='lat' dir='ltr'><strong>tali</strong></span> <span class='ocrx_word' id='word_1_381' title='bbox 2778 498 3007 566; x_wconf 88' lang='lat' dir='ltr'><strong>suspiria</strong></span> <span class='ocrx_word' id='word_1_382' title='bbox 3033 513 3167 551; x_wconf 88' lang='lat' dir='ltr'><strong>voce</strong></span> <span class='ocrx_word' id='word_1_383' title='bbox 3194 498 3397 551; x_wconf 74' lang='lat' dir='ltr'><strong>relaxat</strong></span> <span class='ocrx_word' id='word_1_384' title='bbox 3424 518 3435 550; x_wconf 91' lang='lat'><em>:</em></span> 
     </span>
    </p>
   </div>
   <div class='ocr_carea' id='block_1_62' title="bbox 2356 587 3840 658">
    <p class='ocr_par' dir='ltr' id='par_1_62' title="bbox 2356 587 3840 658">
     <span class='ocr_line' id='line_1_62' title="bbox 2356 587 3840 658; baseline 0.001 -17"><span class='ocrx_word' id='word_1_385' title='bbox 2356 588 2497 642; x_wconf 73' lang='lat' dir='ltr'><strong>Proli</strong></span> <span class='ocrx_word' id='word_1_386' title='bbox 2528 588 2700 655; x_wconf 86' lang='lat' dir='ltr'><strong>dolor,</strong></span> <span class='ocrx_word' id='word_1_387' title='bbox 2729 590 2830 643; x_wconf 90' lang='lat' dir='ltr'><strong>hoc</strong></span> <span class='ocrx_word' id='word_1_388' title='bbox 2855 587 3007 643; x_wconf 89' lang='lat' dir='ltr'><strong>nobis</strong></span> <span class='ocrx_word' id='word_1_389' title='bbox 3038 588 3274 642; x_wconf 87' lang='lat' dir='ltr'><strong>subitum</strong></span> <span class='ocrx_word' id='word_1_390' title='bbox 3299 601 3627 657; x_wconf 81' lang='lat' dir='ltr'><strong>consurgere</strong></span> <span class='ocrx_word' id='word_1_391' title='bbox 3652 587 3840 658; x_wconf 85' lang='lat' dir='ltr'><strong>plasma,</strong></span> 
     </span>
    </p>
   </div>
   <div class='ocr_carea' id='block_1_63' title="bbox 2286 679 3515 749">
    <p class='ocr_par' dir='ltr' id='par_1_63' title="bbox 2286 679 3515 749">
     <span class='ocr_line' id='line_1_63' title="bbox 2286 679 3515 749; baseline 0 -16"><span class='ocrx_word' id='word_1_392' title='bbox 2286 680 2624 749; x_wconf 65' lang='lat' dir='ltr'><strong>Invisumquc</strong></span> <span class='ocrx_word' id='word_1_393' title='bbox 2649 694 2819 748; x_wconf 87' lang='lat' dir='ltr'><strong>genus</strong></span> <span class='ocrx_word' id='word_1_394' title='bbox 2847 688 3029 734; x_wconf 89' lang='lat' dir='ltr'><strong>nostra</strong></span> <span class='ocrx_word' id='word_1_395' title='bbox 3055 679 3299 734; x_wconf 87' lang='lat' dir='ltr'><strong>crevisse</strong></span> <span class='ocrx_word' id='word_1_396' title='bbox 3322 680 3477 733; x_wconf 88' lang='lat' dir='ltr'><strong>ruina</strong></span> <span class='ocrx_word' id='word_1_397' title='bbox 3503 682 3515 733; x_wconf 79' lang='grc' dir='ltr'>ε</span> 
     </span>
    </p>
   </div>
   <div class='ocr_carea' id='block_1_64' title="bbox 2286 770 3617 839">
    <p class='ocr_par' dir='ltr' id='par_1_64' title="bbox 2286 770 3617 839">
     <span class='ocr_line' id='line_1_64' title="bbox 2286 770 3617 839; baseline 0.002 -15"><span class='ocrx_word' id='word_1_398' title='bbox 2286 771 2370 824; x_wconf 86' lang='lat' dir='ltr'><strong>Me</strong></span> <span class='ocrx_word' id='word_1_399' title='bbox 2391 770 2595 826; x_wconf 91' lang='lat' dir='ltr'><strong>celsum</strong></span> <span class='ocrx_word' id='word_1_400' title='bbox 2620 772 2791 826; x_wconf 91' lang='lat' dir='ltr'><strong>virtus</strong></span> <span class='ocrx_word' id='word_1_401' title='bbox 2814 770 3021 835; x_wconf 86' lang='lat' dir='ltr'><strong>habuit,</strong></span> <span class='ocrx_word' id='word_1_402' title='bbox 3056 786 3199 825; x_wconf 92' lang='lat' dir='ltr'><strong>nunc</strong></span> <span class='ocrx_word' id='word_1_403' title='bbox 3229 785 3355 824; x_wconf 89' lang='lat' dir='ltr'><strong>ecce</strong></span> <span class='ocrx_word' id='word_1_404' title='bbox 3378 770 3617 839; x_wconf 84' lang='lat' dir='ltr'><strong>rejectus</strong></span> 
     </span>
    </p>
   </div>
   <div class='ocr_carea' id='block_1_65' title="bbox 2286 863 3521 934">
    <p class='ocr_par' dir='ltr' id='par_1_65' title="bbox 2286 863 3521 934">
     <span class='ocr_line' id='line_1_65' title="bbox 2286 863 3521 934; baseline 0.001 -18"><span class='ocrx_word' id='word_1_405' title='bbox 2286 863 2484 932; x_wconf 78' lang='lat' dir='ltr'><strong>Pallor,</strong></span> <span class='ocrx_word' id='word_1_406' title='bbox 2514 863 2827 934; x_wconf 87' lang='lat' dir='ltr'><strong>etangelico</strong></span> <span class='ocrx_word' id='word_1_407' title='bbox 2856 864 3016 919; x_wconf 89' lang='lat' dir='ltr'><strong>limus</strong></span> <span class='ocrx_word' id='word_1_408' title='bbox 3040 863 3283 918; x_wconf 89' lang='lat' dir='ltr'><strong>succedit</strong></span> <span class='ocrx_word' id='word_1_409' title='bbox 3305 863 3521 919; x_wconf 86' lang='lat' dir='ltr'><strong>honori.</strong></span> 
     </span>
    </p>
   </div>
   <div class='ocr_carea' id='block_1_66' title="bbox 2284 953 3487 1026">
    <p class='ocr_par' dir='ltr' id='par_1_66' title="bbox 2284 953 3487 1026">
     <span class='ocr_line' id='line_1_66' title="bbox 2284 953 3487 1026; baseline 0.001 -17"><span class='ocrx_word' id='word_1_410' title='bbox 2284 953 2492 1011; x_wconf 82' lang='lat' dir='ltr'><strong>Caelum</strong></span> <span class='ocrx_word' id='word_1_411' title='bbox 2524 964 2665 1012; x_wconf 88' lang='lat' dir='ltr'><strong>terra</strong></span> <span class='ocrx_word' id='word_1_412' title='bbox 2690 966 2870 1021; x_wconf 80' lang='lat' dir='ltr'><strong>tenet,</strong></span> <span class='ocrx_word' id='word_1_413' title='bbox 2906 958 2996 1011; x_wconf 89' lang='lat' dir='ltr'><strong>vili</strong></span> <span class='ocrx_word' id='word_1_414' title='bbox 3028 972 3286 1026; x_wconf 87' lang='lat' dir='ltr'><strong>compage</strong></span> <span class='ocrx_word' id='word_1_415' title='bbox 3314 956 3487 1011; x_wconf 86' lang='lat' dir='ltr'><strong>levata</strong></span> 
     </span>
    </p>
   </div>
   <div class='ocr_carea' id='block_1_67' title="bbox 2289 1046 3754 1116">
    <p class='ocr_par' dir='ltr' id='par_1_67' title="bbox 2289 1046 3754 1116">
     <span class='ocr_line' id='line_1_67' title="bbox 2289 1046 3754 1116; baseline 0.001 -17"><span class='ocrx_word' id='word_1_416' title='bbox 2289 1048 2489 1116; x_wconf 71' lang='lat' dir='ltr'><strong>liegnat</strong></span> <span class='ocrx_word' id='word_1_417' title='bbox 2518 1046 2733 1112; x_wconf 87' lang='lat' dir='ltr'><strong>humus,</strong></span> <span class='ocrx_word' id='word_1_418' title='bbox 2765 1046 3027 1115; x_wconf 84' lang='lat' dir='ltr'><strong>nobisque</strong></span> <span class='ocrx_word' id='word_1_419' title='bbox 3053 1048 3191 1116; x_wconf 87' lang='lat' dir='ltr'><strong>perit</strong></span> <span class='ocrx_word' id='word_1_420' title='bbox 3215 1048 3473 1102; x_wconf 84' lang='lat' dir='ltr'><strong>translata</strong></span> <span class='ocrx_word' id='word_1_421' title='bbox 3510 1057 3754 1116; x_wconf 74' lang='lat' dir='ltr'><strong>potestas.</strong></span> 
     </span>
    </p>
   </div>
   <div class='ocr_carea' id='block_1_68' title="bbox 2286 1140 3731 1208">
    <p class='ocr_par' dir='ltr' id='par_1_68' title="bbox 2286 1140 3731 1208">
     <span class='ocr_line' id='line_1_68' title="bbox 2286 1140 3731 1208; baseline 0 -17"><span class='ocrx_word' id='word_1_422' title='bbox 2286 1141 2400 1192; x_wconf 78' lang='lat' dir='ltr'><strong>Non</strong></span> <span class='ocrx_word' id='word_1_423' title='bbox 2426 1150 2600 1193; x_wconf 89' lang='lat' dir='ltr'><strong>tamen</strong></span> <span class='ocrx_word' id='word_1_424' title='bbox 2634 1140 2684 1193; x_wconf 92' lang='lat' dir='ltr'><strong>in</strong></span> <span class='ocrx_word' id='word_1_425' title='bbox 2718 1148 2886 1193; x_wconf 91' lang='lat' dir='ltr'><strong>totum</strong></span> <span class='ocrx_word' id='word_1_426' title='bbox 2912 1140 3067 1207; x_wconf 87' lang='lat' dir='ltr'><strong>periit</strong></span> <span class='ocrx_word' id='word_1_427' title='bbox 3094 1155 3107 1191; x_wconf 89' lang='lat'><strong>:</strong></span> <span class='ocrx_word' id='word_1_428' title='bbox 3137 1153 3259 1206; x_wconf 84' lang='lat' dir='ltr'><strong>pars</strong></span> <span class='ocrx_word' id='word_1_429' title='bbox 3290 1154 3477 1208; x_wconf 85' lang='lat' dir='ltr'><strong>magna</strong></span> <span class='ocrx_word' id='word_1_430' title='bbox 3505 1148 3731 1193; x_wconf 86' lang='lat' dir='ltr'><strong>retentat</strong></span> 
     </span>
    </p>
   </div>
   <div class='ocr_carea' id='block_1_69' title="bbox 2287 1228 3735 1299">
    <p class='ocr_par' dir='ltr' id='par_1_69' title="bbox 2287 1228 3735 1299">
     <span class='ocr_line' id='line_1_69' title="bbox 2287 1228 3735 1299; baseline 0.003 -18"><span class='ocrx_word' id='word_1_431' title='bbox 2287 1228 2404 1282; x_wconf 71' lang='lat' dir='ltr'><strong>Vim</strong></span> <span class='ocrx_word' id='word_1_432' title='bbox 2438 1230 2731 1298; x_wconf 88' lang='lat' dir='ltr'><strong>propriam,</strong></span> <span class='ocrx_word' id='word_1_433' title='bbox 2759 1245 3076 1299; x_wconf 90' lang='lat' dir='ltr'><strong>summaque</strong></span> <span class='ocrx_word' id='word_1_434' title='bbox 3109 1229 3242 1282; x_wconf 81' lang='lat' dir='ltr'><strong>cluit</strong></span> <span class='ocrx_word' id='word_1_435' title='bbox 3266 1232 3465 1284; x_wconf 85' lang='lat' dir='ltr'><strong>virtute</strong></span> <span class='ocrx_word' id='word_1_436' title='bbox 3494 1231 3735 1285; x_wconf 75' lang='lat' dir='ltr'><strong>nuer&#39;ntli.</strong></span> 
     </span>
    </p>
   </div>
   <div class='ocr_carea' id='block_1_70' title="bbox 2286 1320 3705 1392">
    <p class='ocr_par' dir='ltr' id='par_1_70' title="bbox 2286 1320 3705 1392">
     <span class='ocr_line' id='line_1_70' title="bbox 2286 1320 3705 1392; baseline 0 -15"><span class='ocrx_word' id='word_1_437' title='bbox 2286 1323 2395 1377; x_wconf 84' lang='lat' dir='ltr'><strong>Nec</strong></span> <span class='ocrx_word' id='word_1_438' title='bbox 2425 1320 2640 1377; x_wconf 71' lang='lat' dir='ltr'><strong>differre</strong></span> <span class='ocrx_word' id='word_1_439' title='bbox 2664 1322 2846 1391; x_wconf 86' lang='lat' dir='ltr'><strong>juvat;</strong></span> <span class='ocrx_word' id='word_1_440' title='bbox 2870 1323 2981 1392; x_wconf 72' lang='lat' dir='ltr'><strong>jam</strong></span> <span class='ocrx_word' id='word_1_441' title='bbox 3014 1338 3154 1377; x_wconf 90' lang='lat' dir='ltr'><strong>nunc</strong></span> <span class='ocrx_word' id='word_1_442' title='bbox 3183 1324 3480 1378; x_wconf 84' lang='lat' dir='ltr'><strong>certamine</strong></span> <span class='ocrx_word' id='word_1_443' title='bbox 3512 1324 3705 1378; x_wconf 79' lang='lat' dir='ltr'><strong>b&#39;ando</strong></span> 
     </span>
    </p>
   </div>
   <div class='ocr_carea' id='block_1_71' title="bbox 2284 1414 3727 1486">
    <p class='ocr_par' dir='ltr' id='par_1_71' title="bbox 2284 1414 3727 1486">
     <span class='ocr_line' id='line_1_71' title="bbox 2284 1414 3727 1486; baseline 0.002 -19"><span class='ocrx_word' id='word_1_444' title='bbox 2284 1414 2634 1483; x_wconf 85' lang='lat' dir='ltr'><strong>Congrediar,</strong></span> <span class='ocrx_word' id='word_1_445' title='bbox 2662 1415 2788 1469; x_wconf 90' lang='lat' dir='ltr'><strong>dum</strong></span> <span class='ocrx_word' id='word_1_446' title='bbox 2819 1415 2987 1484; x_wconf 87' lang='lat' dir='ltr'><strong>prima</strong></span> <span class='ocrx_word' id='word_1_447' title='bbox 3012 1414 3181 1482; x_wconf 90' lang='lat' dir='ltr'><strong>salus,</strong></span> <span class='ocrx_word' id='word_1_448' title='bbox 3211 1424 3434 1486; x_wconf 82' lang='lat' dir='ltr'><strong>experta</strong></span> <span class='ocrx_word' id='word_1_449' title='bbox 3468 1431 3567 1471; x_wconf 88' lang='lat' dir='ltr'><strong>nec</strong></span> <span class='ocrx_word' id='word_1_450' title='bbox 3596 1416 3727 1471; x_wconf 86' lang='lat' dir='ltr'><strong>ullus</strong></span> 
     </span>
    </p>
   </div>
   <div class='ocr_carea' id='block_1_72' title="bbox 2287 1504 3508 1575">
    <p class='ocr_par' dir='ltr' id='par_1_72' title="bbox 2287 1504 3508 1575">
     <span class='ocr_line' id='line_1_72' title="bbox 2287 1504 3508 1575; baseline 0.001 -15"><span class='ocrx_word' id='word_1_451' title='bbox 2287 1504 2610 1573; x_wconf 88' lang='lat' dir='ltr'><strong>Simplicitas</strong></span> <span class='ocrx_word' id='word_1_452' title='bbox 2636 1505 2819 1575; x_wconf 77' lang='lat' dir='ltr'><strong>ignara</strong></span> <span class='ocrx_word' id='word_1_453' title='bbox 2846 1505 3020 1571; x_wconf 89' lang='lat' dir='ltr'><strong>dolos,</strong></span> <span class='ocrx_word' id='word_1_454' title='bbox 3053 1506 3118 1559; x_wconf 90' lang='lat' dir='ltr'><strong>ad</strong></span> <span class='ocrx_word' id='word_1_455' title='bbox 3151 1506 3251 1561; x_wconf 90' lang='lat' dir='ltr'><strong>tela</strong></span> <span class='ocrx_word' id='word_1_456' title='bbox 3286 1507 3508 1574; x_wconf 83' lang='lat' dir='ltr'><strong>patebit.</strong></span> 
     </span>
    </p>
   </div>
   <div class='ocr_carea' id='block_1_73' title="bbox 2286 1597 3590 1669">
    <p class='ocr_par' dir='ltr' id='par_1_73' title="bbox 2286 1597 3590 1669">
     <span class='ocr_line' id='line_1_73' title="bbox 2286 1597 3590 1669; baseline 0.002 -19"><span class='ocrx_word' id='word_1_457' title='bbox 2286 1597 2350 1651; x_wconf 85' lang='lat' dir='ltr'><strong>Et</strong></span> <span class='ocrx_word' id='word_1_458' title='bbox 2379 1597 2569 1652; x_wconf 90' lang='lat' dir='ltr'><strong>melius</strong></span> <span class='ocrx_word' id='word_1_459' title='bbox 2595 1598 2695 1653; x_wconf 92' lang='lat' dir='ltr'><strong>soli</strong></span> <span class='ocrx_word' id='word_1_460' title='bbox 2724 1598 3007 1667; x_wconf 87' lang='lat' dir='ltr'><strong>capientur</strong></span> <span class='ocrx_word' id='word_1_461' title='bbox 3038 1598 3246 1665; x_wconf 87' lang='lat' dir='ltr'><strong>fraude,</strong></span> <span class='ocrx_word' id='word_1_462' title='bbox 3279 1601 3590 1669; x_wconf 87' lang='lat' dir='ltr'><strong>priusquam</strong></span> 
     </span>
    </p>
   </div>
   <div class='ocr_carea' id='block_1_74' title="bbox 2290 1688 3607 1759">
    <p class='ocr_par' dir='ltr' id='par_1_74' title="bbox 2290 1688 3607 1759">
     <span class='ocr_line' id='line_1_74' title="bbox 2290 1688 3607 1759; baseline 0.002 -18"><span class='ocrx_word' id='word_1_463' title='bbox 2290 1689 2591 1743; x_wconf 69' lang='lat' dir='ltr'><strong>Fecundam</strong></span> <span class='ocrx_word' id='word_1_464' title='bbox 2617 1688 2831 1743; x_wconf 90' lang='lat' dir='ltr'><strong>mittant</strong></span> <span class='ocrx_word' id='word_1_465' title='bbox 2853 1697 3052 1744; x_wconf 81' lang='lat' dir='ltr'><strong>:eterna</strong></span> <span class='ocrx_word' id='word_1_466' title='bbox 3084 1690 3134 1743; x_wconf 93' lang='lat' dir='ltr'><strong>in</strong></span> <span class='ocrx_word' id='word_1_467' title='bbox 3158 1690 3353 1744; x_wconf 62' lang='lat' dir='ltr'><strong>sarcula</strong></span> <span class='ocrx_word' id='word_1_468' title='bbox 3378 1692 3607 1759; x_wconf 73' lang='lat' dir='ltr'><strong>prolem.</strong></span> 
     </span>
    </p>
   </div>
   <div class='ocr_carea' id='block_1_75' title="bbox 2209 1776 3664 1853">
    <p class='ocr_par' dir='ltr' id='par_1_75' title="bbox 2209 1776 3664 1853">
     <span class='ocr_line' id='line_1_75' title="bbox 2209 1776 3664 1853; baseline 0.003 -18"><span class='ocrx_word' id='word_1_469' title='bbox 2209 1776 2258 1835; x_wconf 83' lang='grc' dir='ltr'><strong>Β</strong></span> <span class='ocrx_word' id='word_1_470' title='bbox 2287 1780 2594 1836; x_wconf 81' lang='lat' dir='ltr'><strong>lrnmnrtale</strong></span> <span class='ocrx_word' id='word_1_471' title='bbox 2623 1780 2756 1835; x_wconf 90' lang='lat' dir='ltr'><strong>nihil</strong></span> <span class='ocrx_word' id='word_1_472' title='bbox 2784 1791 2923 1836; x_wconf 86' lang='lat' dir='ltr'><strong>terra</strong></span> <span class='ocrx_word' id='word_1_473' title='bbox 2958 1783 3178 1853; x_wconf 75' lang='lat' dir='ltr'><strong>prodire</strong></span> <span class='ocrx_word' id='word_1_474' title='bbox 3196 1784 3494 1837; x_wconf 72' lang='lat' dir='ltr'><strong>sineudum</strong></span> <span class='ocrx_word' id='word_1_475' title='bbox 3536 1795 3620 1839; x_wconf 88' lang='lat' dir='ltr'><strong>est</strong></span> <span class='ocrx_word' id='word_1_476' title='bbox 3650 1803 3664 1838; x_wconf 90' lang='lat'><strong>:</strong></span> 
     </span>
    </p>
   </div>
   <div class='ocr_carea' id='block_1_76' title="bbox 2290 1872 3533 1943">
    <p class='ocr_par' dir='ltr' id='par_1_76' title="bbox 2290 1872 3533 1943">
     <span class='ocr_line' id='line_1_76' title="bbox 2290 1872 3533 1943; baseline 0.003 -18"><span class='ocrx_word' id='word_1_477' title='bbox 2290 1872 2430 1925; x_wconf 88' lang='lat' dir='ltr'><strong>Fons</strong></span> <span class='ocrx_word' id='word_1_478' title='bbox 2455 1872 2670 1941; x_wconf 87' lang='lat' dir='ltr'><strong>generis</strong></span> <span class='ocrx_word' id='word_1_479' title='bbox 2695 1882 2900 1941; x_wconf 88' lang='lat' dir='ltr'><strong>pereat,</strong></span> <span class='ocrx_word' id='word_1_480' title='bbox 2927 1874 3119 1943; x_wconf 91' lang='lat' dir='ltr'><strong>capitis</strong></span> <span class='ocrx_word' id='word_1_481' title='bbox 3149 1872 3378 1943; x_wconf 80' lang='lat' dir='ltr'><strong>dejectio</strong></span> <span class='ocrx_word' id='word_1_482' title='bbox 3408 1876 3533 1929; x_wconf 80' lang='lat' dir='ltr'><strong>victi</strong></span> 
     </span>
    </p>
   </div>
   <div class='ocr_carea' id='block_1_77' title="bbox 2289 1962 3570 2033">
    <p class='ocr_par' dir='ltr' id='par_1_77' title="bbox 2289 1962 3570 2033">
     <span class='ocr_line' id='line_1_77' title="bbox 2289 1962 3570 2033; baseline 0 -16"><span class='ocrx_word' id='word_1_483' title='bbox 2289 1962 2485 2017; x_wconf 87' lang='lat' dir='ltr'><strong>Semen</strong></span> <span class='ocrx_word' id='word_1_484' title='bbox 2513 1964 2700 2017; x_wconf 87' lang='lat' dir='ltr'><strong>mortis</strong></span> <span class='ocrx_word' id='word_1_485' title='bbox 2731 1964 2866 2028; x_wconf 81' lang='lat' dir='ltr'><strong>erit;</strong></span> <span class='ocrx_word' id='word_1_486' title='bbox 2894 1966 3063 2033; x_wconf 85' lang='lat' dir='ltr'><strong>pariat</strong></span> <span class='ocrx_word' id='word_1_487' title='bbox 3094 1964 3126 2017; x_wconf 90' lang='lat' dir='ltr'><strong>d</strong></span> <span class='ocrx_word' id='word_1_488' title='bbox 3152 1965 3405 2019; x_wconf 87' lang='lat' dir='ltr'><strong>scrimiua</strong></span> <span class='ocrx_word' id='word_1_489' title='bbox 3439 1967 3570 2020; x_wconf 76' lang='lat' dir='ltr'><strong>letlii</strong></span> 
     </span>
    </p>
   </div>
   <div class='ocr_carea' id='block_1_78' title="bbox 2288 2054 3559 2124">
    <p class='ocr_par' dir='ltr' id='par_1_78' title="bbox 2288 2054 3559 2124">
     <span class='ocr_line' id='line_1_78' title="bbox 2288 2054 3559 2124; baseline 0.001 -17"><span class='ocrx_word' id='word_1_490' title='bbox 2288 2054 2422 2108; x_wconf 75' lang='lat' dir='ltr'><strong>Vita:</strong></span> <span class='ocrx_word' id='word_1_491' title='bbox 2453 2055 2801 2124; x_wconf 87' lang='lat' dir='ltr'><strong>principium;</strong></span> <span class='ocrx_word' id='word_1_492' title='bbox 2832 2056 3007 2110; x_wconf 90' lang='lat' dir='ltr'><strong>cuncti</strong></span> <span class='ocrx_word' id='word_1_493' title='bbox 3040 2056 3301 2110; x_wconf 83' lang='lat' dir='ltr'><strong>feriantur</strong></span> <span class='ocrx_word' id='word_1_494' title='bbox 3331 2056 3379 2110; x_wconf 90' lang='lat' dir='ltr'><strong>in</strong></span> <span class='ocrx_word' id='word_1_495' title='bbox 3415 2072 3559 2119; x_wconf 83' lang='lat' dir='ltr'><strong>uno;</strong></span> 
     </span>
    </p>
   </div>
   <div class='ocr_carea' id='block_1_79' title="bbox 2287 2147 3501 2203">
    <p class='ocr_par' dir='ltr' id='par_1_79' title="bbox 2287 2147 3501 2203">
     <span class='ocr_line' id='line_1_79' title="bbox 2287 2147 3501 2203; baseline -0.002 0"><span class='ocrx_word' id='word_1_496' title='bbox 2287 2148 2402 2203; x_wconf 82' lang='lat' dir='ltr'><strong>Non</strong></span> <span class='ocrx_word' id='word_1_497' title='bbox 2435 2147 2591 2203; x_wconf 87' lang='lat' dir='ltr'><strong>faciet</strong></span> <span class='ocrx_word' id='word_1_498' title='bbox 2619 2149 2796 2201; x_wconf 92' lang='lat' dir='ltr'><strong>vivum</strong></span> <span class='ocrx_word' id='word_1_499' title='bbox 2830 2147 2982 2202; x_wconf 82' lang='lat' dir='ltr'><strong>radix</strong></span> <span class='ocrx_word' id='word_1_500' title='bbox 3014 2147 3189 2203; x_wconf 88' lang='lat' dir='ltr'><strong>occisa</strong></span> <span class='ocrx_word' id='word_1_501' title='bbox 3221 2162 3501 2203; x_wconf 88' lang='lat' dir='ltr'><strong>cacumen.</strong></span> 
     </span>
    </p>
   </div>
   <div class='ocr_carea' id='block_1_80' title="bbox 2288 2238 3511 2308">
    <p class='ocr_par' dir='ltr' id='par_1_80' title="bbox 2288 2238 3511 2308">
     <span class='ocr_line' id='line_1_80' title="bbox 2288 2238 3511 2308; baseline -0.001 -14"><span class='ocrx_word' id='word_1_502' title='bbox 2288 2240 2411 2295; x_wconf 67' lang='lat' dir='ltr'><strong>llaec</strong></span> <span class='ocrx_word' id='word_1_503' title='bbox 2434 2238 2561 2293; x_wconf 81' lang='lat' dir='ltr'><strong>milii</strong></span> <span class='ocrx_word' id='word_1_504' title='bbox 2585 2239 2794 2308; x_wconf 89' lang='lat' dir='ltr'><strong>dejecto</strong></span> <span class='ocrx_word' id='word_1_505' title='bbox 2823 2238 3038 2293; x_wconf 88' lang='lat' dir='ltr'><strong>tandem</strong></span> <span class='ocrx_word' id='word_1_506' title='bbox 3066 2240 3256 2292; x_wconf 81' lang='lat' dir='ltr'><strong>solatia</strong></span> <span class='ocrx_word' id='word_1_507' title='bbox 3286 2250 3511 2294; x_wconf 64' lang='lat' dir='ltr'><strong>reszant.</strong></span> 
     </span>
    </p>
   </div>
   <div class='ocr_carea' id='block_1_81' title="bbox 2285 2322 3659 2401">
    <p class='ocr_par' dir='ltr' id='par_1_81' title="bbox 2285 2322 3659 2401">
     <span class='ocr_line' id='line_1_81' title="bbox 2285 2322 3659 2401; baseline 0.001 -15"><span class='ocrx_word' id='word_1_508' title='bbox 2285 2332 2340 2387; x_wconf 91' lang='lat' dir='ltr'><strong>Si</strong></span> <span class='ocrx_word' id='word_1_509' title='bbox 2368 2347 2575 2401; x_wconf 88' lang='lat' dir='ltr'><strong>nequeo</strong></span> <span class='ocrx_word' id='word_1_510' title='bbox 2600 2333 2813 2386; x_wconf 78' lang='lat' dir='ltr'><strong>clausos</strong></span> <span class='ocrx_word' id='word_1_511' title='bbox 2847 2332 3037 2386; x_wconf 88' lang='lat' dir='ltr'><strong>iterum</strong></span> <span class='ocrx_word' id='word_1_512' title='bbox 3068 2322 3434 2388; x_wconf 84' lang='lat' dir='ltr'><strong>conscendere</strong></span> <span class='ocrx_word' id='word_1_513' title='bbox 3456 2334 3659 2393; x_wconf 72' lang='lat' dir='ltr'><strong>cwlos.</strong></span> 
     </span>
    </p>
   </div>
   <div class='ocr_carea' id='block_1_82' title="bbox 2286 2422 3842 2495">
    <p class='ocr_par' dir='ltr' id='par_1_82' title="bbox 2286 2422 3842 2495">
     <span class='ocr_line' id='line_1_82' title="bbox 2286 2422 3842 2495; baseline 0.004 -19"><span class='ocrx_word' id='word_1_514' title='bbox 2286 2424 2379 2477; x_wconf 87' lang='lat' dir='ltr'><strong>llis</strong></span> <span class='ocrx_word' id='word_1_515' title='bbox 2408 2438 2621 2493; x_wconf 89' lang='lat' dir='ltr'><strong>quoque</strong></span> <span class='ocrx_word' id='word_1_516' title='bbox 2651 2422 3006 2478; x_wconf 86' lang='lat' dir='ltr'><strong>claudentur:</strong></span> <span class='ocrx_word' id='word_1_517' title='bbox 3049 2424 3226 2479; x_wconf 89' lang='lat' dir='ltr'><strong>levius</strong></span> <span class='ocrx_word' id='word_1_518' title='bbox 3273 2424 3534 2480; x_wconf 83' lang='lat' dir='ltr'><strong>cecidisse</strong></span> <span class='ocrx_word' id='word_1_519' title='bbox 3581 2428 3842 2495; x_wconf 62' lang='lat' dir='ltr'><strong>putandum</strong></span> 
     </span>
    </p>
   </div>
   <div class='ocr_carea' id='block_1_83' title="bbox 3671 2520 3788 2589">
    <p class='ocr_par' dir='ltr' id='par_1_83' title="bbox 3671 2520 3788 2589">
     <span class='ocr_line' id='line_1_83' title="bbox 3671 2520 3788 2589; baseline 0 0"><span class='ocrx_word' id='word_1_520' title='bbox 3671 2520 3788 2589; x_wconf 69' lang='lat' dir='ltr'><strong>test-</strong></span> 
     </span>
    </p>
   </div>
   <div class='ocr_carea' id='block_1_84' title="bbox 2282 2605 3473 2676">
    <p class='ocr_par' dir='ltr' id='par_1_84' title="bbox 2282 2605 3473 2676">
     <span class='ocr_line' id='line_1_84' title="bbox 2282 2605 3473 2676; baseline -0.003 -14"><span class='ocrx_word' id='word_1_521' title='bbox 2282 2607 2339 2662; x_wconf 87' lang='lat' dir='ltr'><strong>Si</strong></span> <span class='ocrx_word' id='word_1_522' title='bbox 2368 2622 2500 2660; x_wconf 91' lang='lat' dir='ltr'><strong>nova</strong></span> <span class='ocrx_word' id='word_1_523' title='bbox 2533 2605 2784 2676; x_wconf 89' lang='lat' dir='ltr'><strong>perdatur</strong></span> <span class='ocrx_word' id='word_1_524' title='bbox 2806 2607 2971 2661; x_wconf 90' lang='lat' dir='ltr'><strong>simili</strong></span> <span class='ocrx_word' id='word_1_525' title='bbox 3001 2608 3301 2663; x_wconf 86' lang='lat' dir='ltr'><strong>substantia</strong></span> <span class='ocrx_word' id='word_1_526' title='bbox 3324 2622 3473 2671; x_wconf 88' lang='lat' dir='ltr'><strong>casu,</strong></span> 
     </span>
    </p>
   </div>
   <div class='ocr_carea' id='block_1_85' title="bbox 2282 2696 3480 2767">
    <p class='ocr_par' dir='ltr' id='par_1_85' title="bbox 2282 2696 3480 2767">
     <span class='ocr_line' id='line_1_85' title="bbox 2282 2696 3480 2767; baseline -0.003 -14"><span class='ocrx_word' id='word_1_527' title='bbox 2282 2696 2338 2753; x_wconf 84' lang='lat' dir='ltr'><strong>Si</strong></span> <span class='ocrx_word' id='word_1_528' title='bbox 2361 2711 2544 2752; x_wconf 82' lang='lat' dir='ltr'><strong>comes</strong></span> <span class='ocrx_word' id='word_1_529' title='bbox 2571 2696 2767 2751; x_wconf 77' lang='lat' dir='ltr'><strong>exeldti</strong></span> <span class='ocrx_word' id='word_1_530' title='bbox 2792 2696 2982 2751; x_wconf 88' lang='lat' dir='ltr'><strong>subeat</strong></span> <span class='ocrx_word' id='word_1_531' title='bbox 3007 2698 3281 2752; x_wconf 83' lang='lat' dir='ltr'><strong>consortia</strong></span> <span class='ocrx_word' id='word_1_532' title='bbox 3308 2714 3480 2767; x_wconf 77' lang='lat' dir='ltr'><strong>preme</strong></span> 
     </span>
    </p>
   </div>
   <div class='ocr_carea' id='block_1_86' title="bbox 2284 2788 3555 2860">
    <p class='ocr_par' dir='ltr' id='par_1_86' title="bbox 2284 2788 3555 2860">
     <span class='ocr_line' id='line_1_86' title="bbox 2284 2788 3555 2860; baseline 0.001 -16"><span class='ocrx_word' id='word_1_533' title='bbox 2284 2788 2352 2844; x_wconf 78' lang='lat' dir='ltr'><strong>Et</strong></span> <span class='ocrx_word' id='word_1_534' title='bbox 2386 2803 2521 2859; x_wconf 91' lang='lat' dir='ltr'><strong>quos</strong></span> <span class='ocrx_word' id='word_1_535' title='bbox 2545 2789 2817 2858; x_wconf 70' lang='lat' dir='ltr'><strong>praevideo</strong></span> <span class='ocrx_word' id='word_1_536' title='bbox 2848 2790 3131 2845; x_wconf 90' lang='lat' dir='ltr'><strong>nobiscum</strong></span> <span class='ocrx_word' id='word_1_537' title='bbox 3156 2790 3360 2846; x_wconf 50' lang='lat' dir='ltr'><strong>dividat</strong></span> <span class='ocrx_word' id='word_1_538' title='bbox 3387 2794 3555 2860; x_wconf 88' lang='lat' dir='ltr'><strong>ignes.</strong></span> 
     </span>
    </p>
   </div>
   <div class='ocr_carea' id='block_1_87' title="bbox 2279 2881 3476 2953">
    <p class='ocr_par' dir='ltr' id='par_1_87' title="bbox 2279 2881 3476 2953">
     <span class='ocr_line' id='line_1_87' title="bbox 2279 2881 3476 2953; baseline -0.001 -15"><span class='ocrx_word' id='word_1_539' title='bbox 2279 2882 2385 2938; x_wconf 86' lang='lat' dir='ltr'><strong>Sed</strong></span> <span class='ocrx_word' id='word_1_540' title='bbox 2417 2896 2485 2937; x_wconf 90' lang='lat' dir='ltr'><strong>ne</strong></span> <span class='ocrx_word' id='word_1_541' title='bbox 2507 2881 2746 2936; x_wconf 74' lang='lat' dir='ltr'><strong>diffleibs</strong></span> <span class='ocrx_word' id='word_1_542' title='bbox 2778 2881 3001 2938; x_wconf 83' lang='lat' dir='ltr'><strong>fallendi</strong></span> <span class='ocrx_word' id='word_1_543' title='bbox 3032 2894 3476 2953; x_wconf 86' lang='lat' dir='ltr'><strong>causaputctur;</strong></span> 
     </span>
    </p>
   </div>
   <div class='ocr_carea' id='block_1_88' title="bbox 2282 2976 3838 3049">
    <p class='ocr_par' dir='ltr' id='par_1_88' title="bbox 2282 2976 3838 3049">
     <span class='ocr_line' id='line_1_88' title="bbox 2282 2976 3838 3049; baseline 0 -18"><span class='ocrx_word' id='word_1_544' title='bbox 2282 2977 2407 3033; x_wconf 59' lang='lat' dir='ltr'><strong>llaec</strong></span> <span class='ocrx_word' id='word_1_545' title='bbox 2448 2976 2794 3033; x_wconf 90' lang='lat' dir='ltr'><strong>monstranda</strong></span> <span class='ocrx_word' id='word_1_546' title='bbox 2851 2977 2933 3032; x_wconf 82' lang='lat' dir='ltr'><strong>via</strong></span> <span class='ocrx_word' id='word_1_547' title='bbox 2984 2986 3087 3044; x_wconf 84' lang='lat' dir='ltr'><strong>est,</strong></span> <span class='ocrx_word' id='word_1_548' title='bbox 3133 2977 3336 3034; x_wconf 86' lang='lat' dir='ltr'><strong>dudum</strong></span> <span class='ocrx_word' id='word_1_549' title='bbox 3367 2994 3525 3049; x_wconf 87' lang='lat' dir='ltr'><strong>quam</strong></span> <span class='ocrx_word' id='word_1_550' title='bbox 3565 2992 3746 3047; x_wconf 84' lang='lat' dir='ltr'><strong>spun&#39;c</strong></span> <span class='ocrx_word' id='word_1_551' title='bbox 3769 2994 3838 3031; x_wconf 88' lang='lat' dir='ltr'><strong>cu-</strong></span> 
     </span>
    </p>
   </div>
   <div class='ocr_carea' id='block_1_89' title="bbox 3633 3070 3786 3142">
    <p class='ocr_par' dir='ltr' id='par_1_89' title="bbox 3633 3070 3786 3142">
     <span class='ocr_line' id='line_1_89' title="bbox 3633 3070 3786 3142; baseline 0.026 -25"><span class='ocrx_word' id='word_1_552' title='bbox 3633 3070 3786 3142; x_wconf 66' lang='lat' dir='ltr'><strong>[turri</strong></span> 
     </span>
    </p>
   </div>
   <div class='ocr_carea' id='block_1_90' title="bbox 2197 3143 3557 3233">
    <p class='ocr_par' dir='ltr' id='par_1_90' title="bbox 2197 3143 3557 3233">
     <span class='ocr_line' id='line_1_90' title="bbox 2197 3143 3557 3233; baseline -0.002 -15"><span class='ocrx_word' id='word_1_553' title='bbox 2197 3143 2246 3205; x_wconf 66' lang='grc' dir='ltr'><strong>Ο</strong></span> <span class='ocrx_word' id='word_1_554' title='bbox 2280 3163 2335 3218; x_wconf 93' lang='lat' dir='ltr'><strong>ln</strong></span> <span class='ocrx_word' id='word_1_555' title='bbox 2362 3177 2586 3232; x_wconf 89' lang='lat' dir='ltr'><strong>pronum</strong></span> <span class='ocrx_word' id='word_1_556' title='bbox 2606 3161 2818 3233; x_wconf 88' lang='lat' dir='ltr'><strong>lapsus;</strong></span> <span class='ocrx_word' id='word_1_557' title='bbox 2851 3177 2970 3233; x_wconf 69' lang='lat' dir='ltr'><strong>qua:</strong></span> <span class='ocrx_word' id='word_1_558' title='bbox 2994 3177 3079 3218; x_wconf 91' lang='lat' dir='ltr'><strong>me</strong></span> <span class='ocrx_word' id='word_1_559' title='bbox 3100 3162 3354 3232; x_wconf 72' lang='lat' dir='ltr'><strong>iactantia</strong></span> <span class='ocrx_word' id='word_1_560' title='bbox 3386 3177 3557 3231; x_wconf 86' lang='lat' dir='ltr'><strong>regno</strong></span> 
     </span>
    </p>
   </div>
   <div class='ocr_carea' id='block_1_91' title="bbox 2282 3254 3641 3325">
    <p class='ocr_par' dir='ltr' id='par_1_91' title="bbox 2282 3254 3641 3325">
     <span class='ocr_line' id='line_1_91' title="bbox 2282 3254 3641 3325; baseline -0.002 -16"><span class='ocrx_word' id='word_1_561' title='bbox 2282 3255 2514 3325; x_wconf 89' lang='lat' dir='ltr'><strong>Depulit,</strong></span> <span class='ocrx_word' id='word_1_562' title='bbox 2546 3254 2661 3309; x_wconf 67' lang='lat' dir='ltr'><strong>hrcc</strong></span> <span class='ocrx_word' id='word_1_563' title='bbox 2687 3254 2957 3309; x_wconf 89' lang='lat' dir='ltr'><strong>hominem</strong></span> <span class='ocrx_word' id='word_1_564' title='bbox 2984 3254 3214 3324; x_wconf 88' lang='lat' dir='ltr'><strong>paradisi</strong></span> <span class='ocrx_word' id='word_1_565' title='bbox 3248 3255 3432 3309; x_wconf 92' lang='lat' dir='ltr'><strong>limine</strong></span> <span class='ocrx_word' id='word_1_566' title='bbox 3461 3254 3641 3323; x_wconf 85' lang='lat' dir='ltr'><strong>pellet.</strong></span> 
     </span>
    </p>
   </div>
   <div class='ocr_carea' id='block_1_92' title="bbox 2279 3345 3590 3417">
    <p class='ocr_par' dir='ltr' id='par_1_92' title="bbox 2279 3345 3590 3417">
     <span class='ocr_line' id='line_1_92' title="bbox 2279 3345 3590 3417; baseline -0.006 -14"><span class='ocrx_word' id='word_1_567' title='bbox 2279 3347 2368 3403; x_wconf 88' lang='lat' dir='ltr'><strong>Sic</strong></span> <span class='ocrx_word' id='word_1_568' title='bbox 2390 3347 2484 3411; x_wconf 89' lang='lat' dir='ltr'><strong>ait,</strong></span> <span class='ocrx_word' id='word_1_569' title='bbox 2509 3356 2563 3402; x_wconf 93' lang='lat' dir='ltr'><strong>et</strong></span> <span class='ocrx_word' id='word_1_570' title='bbox 2589 3347 2823 3417; x_wconf 90' lang='lat' dir='ltr'><strong>gemitus</strong></span> <span class='ocrx_word' id='word_1_571' title='bbox 2851 3361 3037 3401; x_wconf 91' lang='lat' dir='ltr'><strong>vocem</strong></span> <span class='ocrx_word' id='word_1_572' title='bbox 3069 3346 3314 3400; x_wconf 75' lang='lat' dir='ltr'><strong>elausere</strong></span> <span class='ocrx_word' id='word_1_573' title='bbox 3335 3345 3590 3399; x_wconf 67' lang='lat' dir='ltr'><strong>dulcatis.</strong></span> 
     </span>
    </p>
   </div>
   <div class='ocr_carea' id='block_1_93' title="bbox 2352 3439 3608 3503">
    <p class='ocr_par' dir='ltr' id='par_1_93' title="bbox 2352 3439 3608 3503">
     <span class='ocr_line' id='line_1_93' title="bbox 2352 3439 3608 3503; baseline -0.005 -8"><span class='ocrx_word' id='word_1_574' title='bbox 2352 3441 2512 3496; x_wconf 85' lang='lat' dir='ltr'><strong>Forte</strong></span> <span class='ocrx_word' id='word_1_575' title='bbox 2534 3440 2631 3494; x_wconf 90' lang='lat' dir='ltr'><strong>fuit</strong></span> <span class='ocrx_word' id='word_1_576' title='bbox 2659 3439 2865 3495; x_wconf 91' lang='lat' dir='ltr'><strong>cunctis</strong></span> <span class='ocrx_word' id='word_1_577' title='bbox 2886 3439 3250 3494; x_wconf 82' lang='lat' dir='ltr'><strong>animantibus</strong></span> <span class='ocrx_word' id='word_1_578' title='bbox 3277 3439 3435 3493; x_wconf 69' lang='lat' dir='ltr'><strong>altior</strong></span> <span class='ocrx_word' id='word_1_579' title='bbox 3458 3448 3608 3503; x_wconf 87' lang='lat' dir='ltr'><strong>astu,</strong></span> 
     </span>
    </p>
   </div>
   <div class='ocr_carea' id='block_1_94' title="bbox 2281 3530 3571 3600">
    <p class='ocr_par' dir='ltr' id='par_1_94' title="bbox 2281 3530 3571 3600">
     <span class='ocr_line' id='line_1_94' title="bbox 2281 3530 3571 3600; baseline -0.005 -13"><span class='ocrx_word' id='word_1_580' title='bbox 2281 3532 2529 3587; x_wconf 62' lang='lat' dir='ltr'><strong>IEmulus</strong></span> <span class='ocrx_word' id='word_1_581' title='bbox 2554 3540 2742 3600; x_wconf 88' lang='lat' dir='ltr'><strong>arguto</strong></span> <span class='ocrx_word' id='word_1_582' title='bbox 2769 3530 2928 3584; x_wconf 84' lang='lat' dir='ltr'><strong>callet</strong></span> <span class='ocrx_word' id='word_1_583' title='bbox 2951 3531 3039 3599; x_wconf 86' lang='lat' dir='ltr'><strong>qui</strong></span> <span class='ocrx_word' id='word_1_584' title='bbox 3070 3538 3283 3599; x_wconf 88' lang='lat' dir='ltr'><strong>pectore</strong></span> <span class='ocrx_word' id='word_1_585' title='bbox 3305 3543 3529 3597; x_wconf 86' lang='lat' dir='ltr'><strong>serpens</strong></span> <span class='ocrx_word' id='word_1_586' title='bbox 3559 3546 3571 3580; x_wconf 90' lang='lat'><strong>:</strong></span> 
     </span>
    </p>
   </div>
   <div class='ocr_carea' id='block_1_95' title="bbox 2281 3620 3656 3692">
    <p class='ocr_par' dir='ltr' id='par_1_95' title="bbox 2281 3620 3656 3692">
     <span class='ocr_line' id='line_1_95' title="bbox 2281 3620 3656 3692; baseline -0.005 -14"><span class='ocrx_word' id='word_1_587' title='bbox 2281 3624 2449 3692; x_wconf 82' lang='lat' dir='ltr'><strong>Hujus</strong></span> <span class='ocrx_word' id='word_1_588' title='bbox 2476 3632 2839 3691; x_wconf 72' lang='lat' dir='ltr'><strong>transgressor</strong></span> <span class='ocrx_word' id='word_1_589' title='bbox 2866 3622 2932 3675; x_wconf 88' lang='lat' dir='ltr'><strong>de</strong></span> <span class='ocrx_word' id='word_1_590' title='bbox 2960 3621 3167 3675; x_wconf 88' lang='lat' dir='ltr'><strong>cunctis</strong></span> <span class='ocrx_word' id='word_1_591' title='bbox 3196 3634 3411 3674; x_wconf 90' lang='lat' dir='ltr'><strong>sumere</strong></span> <span class='ocrx_word' id='word_1_592' title='bbox 3434 3620 3656 3673; x_wconf 90' lang='lat' dir='ltr'><strong>formam</strong></span> 
     </span>
    </p>
   </div>
   <div class='ocr_carea' id='block_1_96' title="bbox 2282 3712 3564 3784">
    <p class='ocr_par' dir='ltr' id='par_1_96' title="bbox 2282 3712 3564 3784">
     <span class='ocr_line' id='line_1_96' title="bbox 2282 3712 3564 3784; baseline -0.005 -15"><span class='ocrx_word' id='word_1_593' title='bbox 2282 3715 2462 3784; x_wconf 60' lang='lat' dir='ltr'><strong>Eligit,</strong></span> <span class='ocrx_word' id='word_1_594' title='bbox 2492 3713 2695 3767; x_wconf 88' lang='lat' dir='ltr'><strong>aerium</strong></span> <span class='ocrx_word' id='word_1_595' title='bbox 2723 3712 3067 3766; x_wconf 88' lang='lat' dir='ltr'><strong>circumdans</strong></span> <span class='ocrx_word' id='word_1_596' title='bbox 3090 3712 3323 3781; x_wconf 89' lang='lat' dir='ltr'><strong>tegmine</strong></span> <span class='ocrx_word' id='word_1_597' title='bbox 3349 3725 3564 3778; x_wconf 88' lang='lat' dir='ltr'><strong>corpus,</strong></span> 
     </span>
    </p>
   </div>
   <div class='ocr_carea' id='block_1_97' title="bbox 2280 3802 3614 3874">
    <p class='ocr_par' dir='ltr' id='par_1_97' title="bbox 2280 3802 3614 3874">
     <span class='ocr_line' id='line_1_97' title="bbox 2280 3802 3614 3874; baseline -0.004 -15"><span class='ocrx_word' id='word_1_598' title='bbox 2280 3806 2444 3874; x_wconf 91' lang='lat' dir='ltr'><strong>Inque</strong></span> <span class='ocrx_word' id='word_1_599' title='bbox 2471 3803 2805 3874; x_wconf 88' lang='lat' dir='ltr'><strong>repentinum</strong></span> <span class='ocrx_word' id='word_1_600' title='bbox 2831 3811 3066 3858; x_wconf 89' lang='lat' dir='ltr'><strong>mutatus</strong></span> <span class='ocrx_word' id='word_1_601' title='bbox 3097 3802 3331 3857; x_wconf 80' lang='lat' dir='ltr'><strong>tenditur</strong></span> <span class='ocrx_word' id='word_1_602' title='bbox 3352 3816 3574 3871; x_wconf 87' lang='lat' dir='ltr'><strong>anguem</strong></span> <span class='ocrx_word' id='word_1_603' title='bbox 3600 3818 3614 3854; x_wconf 85' lang='lat'><strong>:</strong></span> 
     </span>
    </p>
   </div>
   <div class='ocr_carea' id='block_1_98' title="bbox 2280 3893 3525 3963">
    <p class='ocr_par' dir='ltr' id='par_1_98' title="bbox 2280 3893 3525 3963">
     <span class='ocr_line' id='line_1_98' title="bbox 2280 3893 3525 3963; baseline -0.002 -14"><span class='ocrx_word' id='word_1_604' title='bbox 2280 3895 2366 3949; x_wconf 90' lang='lat' dir='ltr'><strong>Fit</strong></span> <span class='ocrx_word' id='word_1_605' title='bbox 2397 3894 2550 3963; x_wconf 90' lang='lat' dir='ltr'><strong>longa</strong></span> <span class='ocrx_word' id='word_1_606' title='bbox 2575 3894 2783 3948; x_wconf 89' lang='lat' dir='ltr'><strong>cervice</strong></span> <span class='ocrx_word' id='word_1_607' title='bbox 2810 3894 2992 3958; x_wconf 88' lang='lat' dir='ltr'><strong>draco,</strong></span> <span class='ocrx_word' id='word_1_608' title='bbox 3020 3893 3359 3963; x_wconf 85' lang='lat' dir='ltr'><strong>Splendentia</strong></span> <span class='ocrx_word' id='word_1_609' title='bbox 3386 3894 3525 3947; x_wconf 78' lang='lat' dir='ltr'><strong>coita</strong></span> 
     </span>
    </p>
   </div>
   <div class='ocr_carea' id='block_1_99' title="bbox 2280 3986 3597 4057">
    <p class='ocr_par' dir='ltr' id='par_1_99' title="bbox 2280 3986 3597 4057">
     <span class='ocr_line' id='line_1_99' title="bbox 2280 3986 3597 4057; baseline -0.002 -17"><span class='ocrx_word' id='word_1_610' title='bbox 2280 3986 2527 4057; x_wconf 86' lang='lat' dir='ltr'><strong>Depingit</strong></span> <span class='ocrx_word' id='word_1_611' title='bbox 2553 3987 2796 4051; x_wconf 87' lang='lat' dir='ltr'><strong>maculis,</strong></span> <span class='ocrx_word' id='word_1_612' title='bbox 2825 3987 3115 4056; x_wconf 90' lang='lat' dir='ltr'><strong>teretisque</strong></span> <span class='ocrx_word' id='word_1_613' title='bbox 3145 3986 3417 4041; x_wconf 86' lang='lat' dir='ltr'><strong>volumina</strong></span> <span class='ocrx_word' id='word_1_614' title='bbox 3451 3986 3597 4039; x_wconf 77' lang='lat' dir='ltr'><strong>dorsi</strong></span> 
     </span>
    </p>
   </div>
   <div class='ocr_carea' id='block_1_100' title="bbox 2278 4078 3711 4148">
    <p class='ocr_par' dir='ltr' id='par_1_100' title="bbox 2278 4078 3711 4148">
     <span class='ocr_line' id='line_1_100' title="bbox 2278 4078 3711 4148; baseline -0.003 -15"><span class='ocrx_word' id='word_1_615' title='bbox 2278 4080 2526 4146; x_wconf 77' lang='lat' dir='ltr'><strong>ASperat,</strong></span> <span class='ocrx_word' id='word_1_616' title='bbox 2557 4086 2611 4133; x_wconf 89' lang='lat' dir='ltr'><strong>et</strong></span> <span class='ocrx_word' id='word_1_617' title='bbox 2639 4079 2875 4144; x_wconf 87' lang='lat' dir='ltr'><strong>squamis</strong></span> <span class='ocrx_word' id='word_1_618' title='bbox 2908 4094 3000 4146; x_wconf 85' lang='lat' dir='ltr'><strong>per</strong></span> <span class='ocrx_word' id='word_1_619' title='bbox 3024 4090 3167 4148; x_wconf 90' lang='lat' dir='ltr'><strong>terga</strong></span> <span class='ocrx_word' id='word_1_620' title='bbox 3202 4078 3497 4148; x_wconf 83' lang='lat' dir='ltr'><strong>rigentibus</strong></span> <span class='ocrx_word' id='word_1_621' title='bbox 3520 4087 3711 4131; x_wconf 84' lang='lat' dir='ltr'><strong>armat.</strong></span> 
     </span>
    </p>
   </div>
   <div class='ocr_carea' id='block_1_101' title="bbox 2276 4170 3639 4237">
    <p class='ocr_par' dir='ltr' id='par_1_101' title="bbox 2276 4170 3639 4237">
     <span class='ocr_line' id='line_1_101' title="bbox 2276 4170 3639 4237; baseline 0.002 -16"><span class='ocrx_word' id='word_1_622' title='bbox 2276 4170 2458 4236; x_wconf 89' lang='lat' dir='ltr'><strong>Qualis</strong></span> <span class='ocrx_word' id='word_1_623' title='bbox 2489 4183 2618 4223; x_wconf 87' lang='lat' dir='ltr'><strong>vere</strong></span> <span class='ocrx_word' id='word_1_624' title='bbox 2644 4182 2803 4231; x_wconf 90' lang='lat' dir='ltr'><strong>novo,</strong></span> <span class='ocrx_word' id='word_1_625' title='bbox 2829 4170 3016 4237; x_wconf 90' lang='lat' dir='ltr'><strong>primis</strong></span> <span class='ocrx_word' id='word_1_626' title='bbox 3046 4184 3167 4223; x_wconf 91' lang='lat' dir='ltr'><strong>cum</strong></span> <span class='ocrx_word' id='word_1_627' title='bbox 3188 4170 3460 4225; x_wconf 88' lang='lat' dir='ltr'><strong>mensibus</strong></span> <span class='ocrx_word' id='word_1_628' title='bbox 3483 4181 3639 4224; x_wconf 70' lang='lat' dir='ltr'><strong>restas</strong></span> 
     </span>
    </p>
   </div>
   <div class='ocr_carea' id='block_1_102' title="bbox 2281 4260 3536 4331">
    <p class='ocr_par' dir='ltr' id='par_1_102' title="bbox 2281 4260 3536 4331">
     <span class='ocr_line' id='line_1_102' title="bbox 2281 4260 3536 4331; baseline -0.001 -16"><span class='ocrx_word' id='word_1_629' title='bbox 2281 4262 2468 4316; x_wconf 67' lang='lat' dir='ltr'><strong>I’rauui</strong></span> <span class='ocrx_word' id='word_1_630' title='bbox 2498 4260 2561 4315; x_wconf 92' lang='lat' dir='ltr'><strong>tit</strong></span> <span class='ocrx_word' id='word_1_631' title='bbox 2583 4260 2731 4316; x_wconf 63' lang='lat' dir='ltr'><strong>laetos</strong></span> <span class='ocrx_word' id='word_1_632' title='bbox 2762 4271 2879 4329; x_wconf 88' lang='lat' dir='ltr'><strong>post</strong></span> <span class='ocrx_word' id='word_1_633' title='bbox 2903 4261 3098 4331; x_wconf 87' lang='lat' dir='ltr'><strong>frigora</strong></span> <span class='ocrx_word' id='word_1_634' title='bbox 3129 4261 3274 4331; x_wconf 87' lang='lat' dir='ltr'><strong>pigra</strong></span> <span class='ocrx_word' id='word_1_635' title='bbox 3302 4273 3536 4331; x_wconf 82' lang='lat' dir='ltr'><strong>tepores,</strong></span> 
     </span>
    </p>
   </div>
   <div class='ocr_carea' id='block_1_103' title="bbox 2279 4352 3591 4420">
    <p class='ocr_par' dir='ltr' id='par_1_103' title="bbox 2279 4352 3591 4420">
     <span class='ocr_line' id='line_1_103' title="bbox 2279 4352 3591 4420; baseline 0.002 -16"><span class='ocrx_word' id='word_1_636' title='bbox 2279 4352 2525 4404; x_wconf 82' lang='lat' dir='ltr'><strong>Evadeus</strong></span> <span class='ocrx_word' id='word_1_637' title='bbox 2555 4360 2790 4406; x_wconf 90' lang='lat' dir='ltr'><strong>veterem</strong></span> <span class='ocrx_word' id='word_1_638' title='bbox 2819 4353 3078 4420; x_wconf 81' lang='lat' dir='ltr'><strong>reparatis</strong></span> <span class='ocrx_word' id='word_1_639' title='bbox 3108 4352 3341 4407; x_wconf 85' lang='lat' dir='ltr'><strong>motibus</strong></span> <span class='ocrx_word' id='word_1_640' title='bbox 3369 4368 3591 4419; x_wconf 82' lang='lat' dir='ltr'><strong>annum,</strong></span> 
     </span>
    </p>
   </div>
   <div class='ocr_carea' id='block_1_104' title="bbox 2279 4441 3611 4515">
    <p class='ocr_par' dir='ltr' id='par_1_104' title="bbox 2279 4441 3611 4515">
     <span class='ocr_line' id='line_1_104' title="bbox 2279 4441 3611 4515; baseline 0.002 -20"><span class='ocrx_word' id='word_1_641' title='bbox 2279 4442 2345 4496; x_wconf 79' lang='lat' dir='ltr'><strong>Et</strong></span> <span class='ocrx_word' id='word_1_642' title='bbox 2372 4441 2571 4497; x_wconf 87' lang='lat' dir='ltr'><strong>siccum</strong></span> <span class='ocrx_word' id='word_1_643' title='bbox 2597 4442 2764 4497; x_wconf 87' lang='lat' dir='ltr'><strong>nitido</strong></span> <span class='ocrx_word' id='word_1_644' title='bbox 2790 4442 3098 4512; x_wconf 89' lang='lat' dir='ltr'><strong>discingens</strong></span> <span class='ocrx_word' id='word_1_645' title='bbox 3121 4458 3349 4512; x_wconf 88' lang='lat' dir='ltr'><strong>corpore</strong></span> <span class='ocrx_word' id='word_1_646' title='bbox 3379 4454 3611 4515; x_wconf 88' lang='lat' dir='ltr'><strong>tegmen,</strong></span> 
     </span>
    </p>
   </div>
   <div class='ocr_carea' id='block_1_105' title="bbox 2202 4517 3700 4603">
    <p class='ocr_par' dir='ltr' id='par_1_105' title="bbox 2202 4517 3700 4603">
     <span class='ocr_line' id='line_1_105' title="bbox 2202 4517 3700 4603; baseline 0.001 -17"><span class='ocrx_word' id='word_1_647' title='bbox 2202 4517 2247 4574; x_wconf 76' lang='grc' dir='ltr'>ο</span> <span class='ocrx_word' id='word_1_648' title='bbox 2278 4532 2785 4597; x_wconf 76' lang='lat' dir='ltr'><strong>Proreditcoluber,</strong></span> <span class='ocrx_word' id='word_1_649' title='bbox 2814 4544 3188 4601; x_wconf 87' lang='lat' dir='ltr'><strong>terrarumque</strong></span> <span class='ocrx_word' id='word_1_650' title='bbox 3219 4533 3401 4586; x_wconf 89' lang='lat' dir='ltr'><strong>abdita</strong></span> <span class='ocrx_word' id='word_1_651' title='bbox 3434 4533 3700 4603; x_wconf 88' lang='lat' dir='ltr'><strong>linquens,</strong></span> 
     </span>
    </p>
   </div>
   <div class='ocr_carea' id='block_1_106' title="bbox 2283 4626 3663 4682">
    <p class='ocr_par' dir='ltr' id='par_1_106' title="bbox 2283 4626 3663 4682">
     <span class='ocr_line' id='line_1_106' title="bbox 2283 4626 3663 4682; baseline -0.001 -2"><span class='ocrx_word' id='word_1_652' title='bbox 2283 4626 2511 4681; x_wconf 81' lang='lat' dir='ltr'><strong>Praefert</strong></span> <span class='ocrx_word' id='word_1_653' title='bbox 2537 4626 2794 4681; x_wconf 88' lang='lat' dir='ltr'><strong>terribilis</strong></span> <span class='ocrx_word' id='word_1_654' title='bbox 2819 4627 3163 4681; x_wconf 89' lang='lat' dir='ltr'><strong>metuendum</strong></span> <span class='ocrx_word' id='word_1_655' title='bbox 3193 4628 3361 4680; x_wconf 81' lang='lat' dir='ltr'><strong>forma</strong></span> <span class='ocrx_word' id='word_1_656' title='bbox 3392 4626 3663 4682; x_wconf 87' lang='lat' dir='ltr'><strong>decorem.</strong></span> 
     </span>
    </p>
   </div>
   <div class='ocr_carea' id='block_1_107' title="bbox 2278 4718 3556 4774">
    <p class='ocr_par' dir='ltr' id='par_1_107' title="bbox 2278 4718 3556 4774">
     <span class='ocr_line' id='line_1_107' title="bbox 2278 4718 3556 4774; baseline 0 -1"><span class='ocrx_word' id='word_1_657' title='bbox 2278 4719 2398 4773; x_wconf 89' lang='lat' dir='ltr'><strong>Dira</strong></span> <span class='ocrx_word' id='word_1_658' title='bbox 2422 4720 2621 4774; x_wconf 89' lang='lat' dir='ltr'><strong>micant</strong></span> <span class='ocrx_word' id='word_1_659' title='bbox 2643 4719 2780 4774; x_wconf 88' lang='lat' dir='ltr'><strong>oculi</strong></span> <span class='ocrx_word' id='word_1_660' title='bbox 2810 4736 2820 4770; x_wconf 91' lang='lat'>:</span> <span class='ocrx_word' id='word_1_661' title='bbox 2854 4729 2963 4772; x_wconf 90' lang='lat' dir='ltr'><strong>tum</strong></span> <span class='ocrx_word' id='word_1_662' title='bbox 2996 4718 3198 4773; x_wconf 87' lang='lat' dir='ltr'><strong>lumine</strong></span> <span class='ocrx_word' id='word_1_663' title='bbox 3220 4720 3366 4773; x_wconf 90' lang='lat' dir='ltr'><strong>visus</strong></span> <span class='ocrx_word' id='word_1_664' title='bbox 3396 4727 3556 4773; x_wconf 84' lang='lat' dir='ltr'><strong>acuto</strong></span> 
     </span>
    </p>
   </div>
   <div class='ocr_carea' id='block_1_108' title="bbox 2276 4810 3529 4883">
    <p class='ocr_par' dir='ltr' id='par_1_108' title="bbox 2276 4810 3529 4883">
     <span class='ocr_line' id='line_1_108' title="bbox 2276 4810 3529 4883; baseline 0.002 -17"><span class='ocrx_word' id='word_1_665' title='bbox 2276 4812 2476 4867; x_wconf 61' lang='lat' dir='ltr'><strong>Lartior</strong></span> <span class='ocrx_word' id='word_1_666' title='bbox 2497 4822 2738 4883; x_wconf 89' lang='lat' dir='ltr'><strong>optatum</strong></span> <span class='ocrx_word' id='word_1_667' title='bbox 2770 4810 2929 4865; x_wconf 92' lang='lat' dir='ltr'><strong>discit</strong></span> <span class='ocrx_word' id='word_1_668' title='bbox 2951 4826 3309 4865; x_wconf 87' lang='lat' dir='ltr'><strong>consuescere</strong></span> <span class='ocrx_word' id='word_1_669' title='bbox 3335 4811 3529 4869; x_wconf 68' lang='lat' dir='ltr'><strong>solem.</strong></span> 
     </span>
    </p>
   </div>
   <div class='ocr_carea' id='block_1_109' title="bbox 2271 4901 3779 4966">
    <p class='ocr_par' dir='ltr' id='par_1_109' title="bbox 2271 4901 3779 4966">
     <span class='ocr_line' id='line_1_109' title="bbox 2271 4901 3779 4966; baseline -0.003 -8"><span class='ocrx_word' id='word_1_670' title='bbox 2271 4903 2423 4958; x_wconf 82' lang='lat' dir='ltr'><strong>Nunc</strong></span> <span class='ocrx_word' id='word_1_671' title='bbox 2451 4903 2667 4958; x_wconf 84' lang='lat' dir='ltr'><strong>simulat</strong></span> <span class='ocrx_word' id='word_1_672' title='bbox 2690 4902 2965 4966; x_wconf 89' lang='lat' dir='ltr'><strong>blandum,</strong></span> <span class='ocrx_word' id='word_1_673' title='bbox 2991 4901 3187 4956; x_wconf 88' lang='lat' dir='ltr'><strong>crebro</strong></span> <span class='ocrx_word' id='word_1_674' title='bbox 3208 4917 3307 4956; x_wconf 91' lang='lat' dir='ltr'><strong>ceu</strong></span> <span class='ocrx_word' id='word_1_675' title='bbox 3333 4901 3573 4957; x_wconf 89' lang='lat' dir='ltr'><strong>carmine</strong></span> <span class='ocrx_word' id='word_1_676' title='bbox 3603 4901 3779 4955; x_wconf 80' lang='lat' dir='ltr'><strong>fauces</strong></span> 
     </span>
    </p>
   </div>
   <div class='ocr_carea' id='block_1_110' title="bbox 2272 4991 3705 5063">
    <p class='ocr_par' dir='ltr' id='par_1_110' title="bbox 2272 4991 3705 5063">
     <span class='ocr_line' id='line_1_110' title="bbox 2272 4991 3705 5063; baseline -0.002 -15"><span class='ocrx_word' id='word_1_677' title='bbox 2272 4993 2510 5058; x_wconf 91' lang='lat' dir='ltr'><strong>Ludunt,</strong></span> <span class='ocrx_word' id='word_1_678' title='bbox 2536 5002 2592 5047; x_wconf 91' lang='lat' dir='ltr'><strong>et</strong></span> <span class='ocrx_word' id='word_1_679' title='bbox 2620 4991 2852 5047; x_wconf 87' lang='lat' dir='ltr'><strong>trifidam</strong></span> <span class='ocrx_word' id='word_1_680' title='bbox 2876 4992 3190 5061; x_wconf 74' lang='lat' dir='ltr'><strong>diSpergunt</strong></span> <span class='ocrx_word' id='word_1_681' title='bbox 3214 5002 3425 5061; x_wconf 89' lang='lat' dir='ltr'><strong>guttura</strong></span> <span class='ocrx_word' id='word_1_682' title='bbox 3452 4993 3705 5063; x_wconf 87' lang='lat' dir='ltr'><strong>linguam.</strong></span> 
     </span>
    </p>
   </div>
   <div class='ocr_carea' id='block_1_111' title="bbox 2343 5082 3652 5153">
    <p class='ocr_par' dir='ltr' id='par_1_111' title="bbox 2343 5082 3652 5153">
     <span class='ocr_line' id='line_1_111' title="bbox 2343 5082 3652 5153; baseline 0 -16"><span class='ocrx_word' id='word_1_683' title='bbox 2343 5083 2482 5153; x_wconf 85' lang='lat' dir='ltr'><strong>Ergo</strong></span> <span class='ocrx_word' id='word_1_684' title='bbox 2504 5094 2559 5138; x_wconf 92' lang='lat' dir='ltr'><strong>ut</strong></span> <span class='ocrx_word' id='word_1_685' title='bbox 2590 5084 2861 5152; x_wconf 85' lang='lat' dir='ltr'><strong>vipeream</strong></span> <span class='ocrx_word' id='word_1_686' title='bbox 2886 5082 3192 5137; x_wconf 85' lang='lat' dir='ltr'><strong>malesuada</strong></span> <span class='ocrx_word' id='word_1_687' title='bbox 3217 5082 3402 5137; x_wconf 90' lang='lat' dir='ltr'><strong>fraude</strong></span> <span class='ocrx_word' id='word_1_688' title='bbox 3430 5083 3652 5153; x_wconf 80' lang='lat' dir='ltr'><strong>figuram</strong></span> 
     </span>
    </p>
   </div>
   <div class='ocr_carea' id='block_1_112' title="bbox 2270 5174 3585 5246">
    <p class='ocr_par' dir='ltr' id='par_1_112' title="bbox 2270 5174 3585 5246">
     <span class='ocr_line' id='line_1_112' title="bbox 2270 5174 3585 5246; baseline 0.001 -16"><span class='ocrx_word' id='word_1_689' title='bbox 2270 5174 2465 5242; x_wconf 80' lang='lat' dir='ltr'><strong>Induit,</strong></span> <span class='ocrx_word' id='word_1_690' title='bbox 2489 5186 2543 5230; x_wconf 92' lang='lat' dir='ltr'><strong>et</strong></span> <span class='ocrx_word' id='word_1_691' title='bbox 2568 5184 2736 5231; x_wconf 89' lang='lat' dir='ltr'><strong>totum</strong></span> <span class='ocrx_word' id='word_1_692' title='bbox 2766 5174 2927 5229; x_wconf 82' lang='lat' dir='ltr'><strong>fallax</strong></span> <span class='ocrx_word' id='word_1_693' title='bbox 2961 5176 3228 5243; x_wconf 86' lang='lat' dir='ltr'><strong>processit</strong></span> <span class='ocrx_word' id='word_1_694' title='bbox 3256 5177 3308 5229; x_wconf 92' lang='lat' dir='ltr'><strong>in</strong></span> <span class='ocrx_word' id='word_1_695' title='bbox 3336 5192 3585 5246; x_wconf 88' lang='lat' dir='ltr'><strong>anguem,</strong></span> 
     </span>
    </p>
   </div>
   <div class='ocr_carea' id='block_1_113' title="bbox 2270 5265 3559 5331">
    <p class='ocr_par' dir='ltr' id='par_1_113' title="bbox 2270 5265 3559 5331">
     <span class='ocr_line' id='line_1_113' title="bbox 2270 5265 3559 5331; baseline 0.002 -12"><span class='ocrx_word' id='word_1_696' title='bbox 2270 5265 2513 5321; x_wconf 79' lang='lat' dir='ltr'><strong>Pervolat</strong></span> <span class='ocrx_word' id='word_1_697' title='bbox 2535 5266 2600 5319; x_wconf 90' lang='lat' dir='ltr'><strong>ad</strong></span> <span class='ocrx_word' id='word_1_698' title='bbox 2634 5266 2835 5331; x_wconf 93' lang='lat' dir='ltr'><strong>lucem;</strong></span> <span class='ocrx_word' id='word_1_699' title='bbox 2863 5282 2985 5320; x_wconf 93' lang='lat' dir='ltr'><strong>nam</strong></span> <span class='ocrx_word' id='word_1_700' title='bbox 3012 5266 3150 5321; x_wconf 90' lang='lat' dir='ltr'><strong>forte</strong></span> <span class='ocrx_word' id='word_1_701' title='bbox 3178 5267 3423 5321; x_wconf 89' lang='lat' dir='ltr'><strong>rubentia</strong></span> <span class='ocrx_word' id='word_1_702' title='bbox 3455 5268 3559 5322; x_wconf 61' lang='lat' dir='ltr'><strong>laeti</strong></span> 
     </span>
    </p>
   </div>
   <div class='ocr_carea' id='block_1_114' title="bbox 2266 5358 3515 5429">
    <p class='ocr_par' dir='ltr' id='par_1_114' title="bbox 2266 5358 3515 5429">
     <span class='ocr_line' id='line_1_114' title="bbox 2266 5358 3515 5429; baseline -0.002 -15"><span class='ocrx_word' id='word_1_703' title='bbox 2266 5359 2572 5429; x_wconf 87' lang='lat' dir='ltr'><strong>Carpebant</strong></span> <span class='ocrx_word' id='word_1_704' title='bbox 2590 5362 2814 5428; x_wconf 90' lang='lat' dir='ltr'><strong>juvenes</strong></span> <span class='ocrx_word' id='word_1_705' title='bbox 2844 5358 3001 5413; x_wconf 88' lang='lat' dir='ltr'><strong>viridi</strong></span> <span class='ocrx_word' id='word_1_706' title='bbox 3023 5358 3089 5414; x_wconf 91' lang='lat' dir='ltr'><strong>de</strong></span> <span class='ocrx_word' id='word_1_707' title='bbox 3113 5359 3331 5428; x_wconf 89' lang='lat' dir='ltr'><strong>palmite</strong></span> <span class='ocrx_word' id='word_1_708' title='bbox 3354 5360 3515 5414; x_wconf 84' lang='lat' dir='ltr'><strong>mala.</strong></span> 
     </span>
    </p>
   </div>
   <div class='ocr_carea' id='block_1_115' title="bbox 2266 5449 3563 5519">
    <p class='ocr_par' dir='ltr' id='par_1_115' title="bbox 2266 5449 3563 5519">
     <span class='ocr_line' id='line_1_115' title="bbox 2266 5449 3563 5519; baseline 0.001 -16"><span class='ocrx_word' id='word_1_709' title='bbox 2266 5449 2400 5504; x_wconf 87' lang='lat' dir='ltr'><strong>Tum</strong></span> <span class='ocrx_word' id='word_1_710' title='bbox 2425 5450 2627 5505; x_wconf 88' lang='lat' dir='ltr'><strong>veritus</strong></span> <span class='ocrx_word' id='word_1_711' title='bbox 2656 5460 2900 5519; x_wconf 60' lang='lat' dir='ltr'><strong>serpens,</strong></span> <span class='ocrx_word' id='word_1_712' title='bbox 2936 5450 3088 5504; x_wconf 85' lang='lat' dir='ltr'><strong>firma</strong></span> <span class='ocrx_word' id='word_1_713' title='bbox 3119 5466 3183 5505; x_wconf 88' lang='lat' dir='ltr'><strong>ne</strong></span> <span class='ocrx_word' id='word_1_714' title='bbox 3208 5460 3390 5506; x_wconf 91' lang='lat' dir='ltr'><strong>mente</strong></span> <span class='ocrx_word' id='word_1_715' title='bbox 3422 5450 3563 5506; x_wconf 82' lang='lat' dir='ltr'><strong>virili</strong></span> 
     </span>
    </p>
   </div>
   <div class='ocr_carea' id='block_1_116' title="bbox 2262 5540 3595 5611">
    <p class='ocr_par' dir='ltr' id='par_1_116' title="bbox 2262 5540 3595 5611">
     <span class='ocr_line' id='line_1_116' title="bbox 2262 5540 3595 5611; baseline 0.003 -17"><span class='ocrx_word' id='word_1_716' title='bbox 2262 5540 2376 5594; x_wconf 84' lang='lat' dir='ltr'><strong>Non</strong></span> <span class='ocrx_word' id='word_1_717' title='bbox 2402 5549 2564 5610; x_wconf 89' lang='lat' dir='ltr'><strong>queat</strong></span> <span class='ocrx_word' id='word_1_718' title='bbox 2588 5541 2783 5608; x_wconf 86' lang='lat' dir='ltr'><strong>injecto</strong></span> <span class='ocrx_word' id='word_1_719' title='bbox 2809 5542 3129 5596; x_wconf 84' lang='lat' dir='ltr'><strong>subvertere</strong></span> <span class='ocrx_word' id='word_1_720' title='bbox 3160 5543 3321 5596; x_wconf 89' lang='lat' dir='ltr'><strong>corda</strong></span> <span class='ocrx_word' id='word_1_721' title='bbox 3355 5558 3595 5611; x_wconf 91' lang='lat' dir='ltr'><strong>veneno,</strong></span> 
     </span>
    </p>
   </div>
   <div class='ocr_carea' id='block_1_117' title="bbox 2261 5628 3400 5700">
    <p class='ocr_par' dir='ltr' id='par_1_117' title="bbox 2261 5628 3400 5700">
     <span class='ocr_line' id='line_1_117' title="bbox 2261 5628 3400 5700; baseline 0.004 -18"><span class='ocrx_word' id='word_1_722' title='bbox 2261 5628 2480 5683; x_wconf 51' lang='lat' dir='ltr'><strong>Arboris</strong></span> <span class='ocrx_word' id='word_1_723' title='bbox 2505 5641 2701 5685; x_wconf 68' lang='lat' dir='ltr'><strong>erectae</strong></span> <span class='ocrx_word' id='word_1_724' title='bbox 2736 5629 2896 5699; x_wconf 85' lang='lat' dir='ltr'><strong>spiris</strong></span> <span class='ocrx_word' id='word_1_725' title='bbox 2923 5634 3259 5700; x_wconf 88' lang='lat' dir='ltr'><strong>reptantibus</strong></span> <span class='ocrx_word' id='word_1_726' title='bbox 3288 5634 3400 5687; x_wconf 88' lang='lat' dir='ltr'><strong>alto</strong></span> 
     </span>
    </p>
   </div>
   <div class='ocr_carea' id='block_1_118' title="bbox 2260 5718 3714 5796">
    <p class='ocr_par' dir='ltr' id='par_1_118' title="bbox 2260 5718 3714 5796">
     <span class='ocr_line' id='line_1_118' title="bbox 2260 5718 3714 5796; baseline 0.004 -25"><span class='ocrx_word' id='word_1_727' title='bbox 2260 5718 2573 5790; x_wconf 83' lang='lat' dir='ltr'><strong>l&#39;orrigitur,</strong></span> <span class='ocrx_word' id='word_1_728' title='bbox 2599 5728 2932 5789; x_wconf 85' lang='lat' dir='ltr'><strong>tractumque</strong></span> <span class='ocrx_word' id='word_1_729' title='bbox 2954 5738 3109 5780; x_wconf 86' lang='lat' dir='ltr'><strong>suum</strong></span> <span class='ocrx_word' id='word_1_730' title='bbox 3138 5724 3457 5779; x_wconf 88' lang='lat' dir='ltr'><strong>sublimibus</strong></span> <span class='ocrx_word' id='word_1_731' title='bbox 3477 5736 3714 5796; x_wconf 69' lang='lat' dir='ltr'><strong>aequam,</strong></span> 
     </span>
    </p>
   </div>
  </div>
