4024 6172
560 316 666 372 555
1830 288 1886 342 S.
1931 283 2110 341 AVITI
2154 280 2555 337 VIENXENSIS
3728 274 3815 329 556

561 421 840 495 lngluvies,
865 422 1233 482 summumque
1263 406 1420 461 dabat
1447 402 1528 456 vir
1558 415 1678 457 esca
1702 414 1948 470 saporem
1981 420 1991 453 :

563 494 700 571 Ecce
722 508 1027 581 repentinus
1059 502 1226 571 fulgor
1258 494 1593 552 circumstitit
1618 508 1733 555 ora,

565 605 923 676 Lngeudoque
962 610 1127 651 novos
1155 589 1407 659 respersit
1440 586 1639 640 lumine
1663 586 1827 637 visus.

566 702 679 754 Non
712 708 880 748 caecos
911 698 1095 743 natura
1118 683 1282 749 dedit,
1316 694 1413 735 nec
1443 678 1660 731 luminis
1688 690 1782 729 usu

570 791 831 843 Privatam
863 782 1047 835 faciem
1074 774 1275 844 peperit
1301 771 1553 839 perTectio
1582 770 1789 821 formae.

568 881 717 933 Nunc
748 890 897 943 mage
929 885 1099 925 caecus
1129 868 1255 930 eris,
1285 865 1367 917 cui
1395 863 1501 932 jam
1528 877 1633 914 non
1664 858 1857 913 suficit
1897 857 2035 910 illud

570 971 824 1031 Noscere,
848 962 985 1033 quod
1012 968 1187 1013 tantus
1219 956 1385 1009 voluit
1416 962 1467 1007 te
1501 966 1660 1005 nosse
1692 958 1924 1003 creator.

572 1063 651 1118 Ad
685 1064 844 1113 vitam
878 1057 1025 1109 vobis
1054 1052 1305 1107 cernendi
1330 1049 1463 1103 facta
1496 1046 1719 1099 facultas
1755 1062 1766 1095 :

575 1154 681 1205 Vos
710 1152 868 1205 etiam
901 1146 1099 1201 letbum
1126 1156 1297 1197 vestra
1323 1139 1417 1194 sed
1446 1146 1637 1207 sponte
1658 1134 1867 1190 videtis.

574 1247 707 1300 Tum
730 1242 965 1312 patuisse
992 1245 1207 1307 gemunt
1228 1233 1443 1293 oculos;
1476 1243 1595 1282 nam
1629 1226 1782 1295 culpa
1811 1224 2028 1279 rebellis

574 1336 770 1399 Fulsit,
798 1342 849 1386 et
878 1331 1140 1384 obscenos
1170 1331 1450 1379 senserunt
1472 1333 1696 1387 corpora
1729 1325 1921 1370 motus.

574 1428 724 1483 Tunc
755 1426 982 1492 primum
1013 1419 1182 1471 nudos
1211 1414 1449 1485 (dubium
1478 1410 1601 1479 quid
1624 1410 1803 1464 dicere
1828 1408 2024 1476 possim

579 1516 888 1572 Exstinctus
927 1508 1170 1577 natusue)
1220 1504 1389 1575 pudor
1418 1498 1779 1568 circumspicit
1806 1506 1971 1551 artus.

578 1604 808 1662 Erubuit
836 1600 1065 1670 propriae
1091 1598 1200 1666 jam
1232 1608 1383 1649 mens
1413 1593 1513 1647 sibi
1553 1590 1766 1645 conscia
1796 1590 1987 1653 culpm,

581 1694 947 1767 Regnavitque
977 1692 1086 1744 suis
1114 1688 1291 1747 Carnis
1320 1687 1402 1739 lex
1434 1683 1599 1737 indita
1632 1679 1908 1734 membris.

654 1787 891 1853 Namque
924 1782 1047 1834 hinc
1076 1779 1355 1848 posteritas
1380 1774 1563 1827 vitiato
1593 1773 1833 1839 germine
1866 1770 2013 1822 duxit

584 1876 802 1932 Artibus
833 1871 1026 1925 illicitis
1054 1881 1379 1937 cognoscere
1403 1864 1539 1917 velle
1573 1862 1766 1923 fututa,

583 1965 913 2032 Arcanisque
935 1960 1105 2014 sacris
1126 1958 1304 2011 tardos
1334 1955 1621 2008 immittere
1651 1964 1858 2011 sensus,

587 2059 737 2113 Edita
770 2055 851 2108 vel
881 2055 1038 2117 cmlo,
1069 2052 1149 2103 vel
1180 2058 1318 2102 tetro
1342 2059 1514 2099 mersa
1547 2040 1807 2111 profundo

587 2146 805 2210 IIimari,
831 2152 886 2198 et
914 2152 1096 2197 caulas
1124 2150 1328 2192 naturae
1368 2137 1661 2202 irrumpere
1693 2132 1706 2183 Ι
1730 2145 1855 2197 ges.

585 2238 837 2305 Qumrere
867 2247 1005 2287 nunc
1031 2230 1190 2284 astris
1217 2244 1319 2297 quo
1347 2225 1621 2295 quisquam
1647 2221 1820 2276 sidere
1853 2228 2028 2277 natus,

588 2329 847 2394 Prosttera
876 2337 1033 2392 quam
1063 2321 1220 2372 ducat
1252 2317 1501 2371 restantis
1524 2325 1762 2377 tempora
1794 2312 1947 2369 vitm,

587 2414 911 2470 Dissimilem
944 2410 1158 2481 paribus
1186 2417 1500 2477 proventum
1527 2404 1736 2457 discere
1765 2402 1945 2469 signis.

587 2510 696 2563 Nec
727 2521 831 2559 non
863 2512 914 2557 et
942 2500 1184 2571 geminos
1222 2513 1327 2552 uno
1354 2497 1454 2549 sub
1485 2504 1723 2561 tempore
1754 2491 1924 2551 fusos,

587 2599 731 2665 Quos
755 2596 1070 2650 indiscretus
1093 2592 1195 2646 luci
1227 2588 1535 2659 produxerit
1563 2599 1735 2649 ortus,

589 2689 817 2743 Motibus
843 2684 1081 2739 adversis
1106 2682 1252 2737 varia
1281 2680 1378 2734 sub
1407 2688 1550 2732 sorte
1582 2686 1786 2732 notare.

601 2782 864 2850 Indigetes
887 2776 1144 2846 quosdam
1176 2775 1345 2828 stellis
1374 2772 1639 2826 ascribere
1667 2770 1836 2828 diVns,

588 2871 777 2925 Junior
801 2868 1031 2937 antiquis
1061 2874 1187 2919 tetas
1216 2879 1350 2933 quos
1378 2863 1610 2932 praetulit
1640 2862 1797 2914 astris
1826 2878 1838 2921 ;

589 2962 760 3029 Atque
791 2956 1162 3025 ittfernalijam
1193 2953 1391 3008 dudum
1425 2960 1581 3006 nocte
1612 2949 1837 3019 sepuHs

590 3053 734 3107 Vana
768 3068 860 3123 per
882 3052 1199 3105 immemum
1231 3047 1516 3116 disponere
1546 3044 1758 3099 nomina
1786 3042 1999 3098 cmlum.

659 3143 774 3197 Iam
802 3141 1059 3211 magicam
1087 3138 1245 3206 digne
1268 3137 1439 3191 valeat
1468 3136 1587 3205 quis
1615 3134 1794 3187 dicere
1828 3130 2089 3194 fraudem,

594 3232 838 3287 Occultas
867 3232 1027 3285 tacito
1055 3238 1346 3284 tcutantem
1385 3238 1601 3297 pectore
1630 3225 1789 3289 vires,

596 3323 793 3376 Divinis
817 3321 964 3389 jungi
998 3321 1279 3373 virtutibus
1304 3327 1359 3371 et
1387 3317 1723 3385 CUpienlem?

590 3411 804 3480 Legifer
835 3419 892 3463 ut
913 3411 1176 3478 quondam
1199 3420 1368 3473 vates,
1398 3408 1495 3461 sub
1521 3421 1643 3475 rege
1670 3405 1920 3473 superbo,

596 3500 728 3553 Dum
755 3514 887 3551 nova
913 3510 1227 3551 mon‘traret
1260 3497 1393 3565 jussi
1426 3497 1678 3549 miracula
1706 3496 1862 3565 signi,

597 3590 898 3644 Commnvit
925 3589 1089 3642 livore
1116 3602 1294 3657 magos
1327 3596 1377 3639 ul
1412 3587 1534 3640 talia
1568 3596 1791 3647 tentent,

598 3678 1054 3746 Accumulentque
1080 3691 1199 3729 suas
1233 3679 1349 3730 zelo
1379 3677 1614 3731 fervente
1642 3676 1842 3729 ruinas.

598 3770 705 3822 Illis
735 3778 1040 3835 suppeteret
1069 3779 1207 3821 ηοω
1235 3769 1278 3821 si
1309 3767 1444 3822 forte
1483 3776 1742 3837 potestas,

599 3859 843 3922 Demere,
876 3872 980 3911 non
1006 3859 1162 3911 etiam
1190 3857 1446 3912 festinent
1474 3858 1589 3911 add:
1614 3874 1670 3911 re
1700 3868 1957 3912 monstra.

600 3952 813 4006 JEmuIa
842 3950 937 4005 sed
970 3952 1138 4021 signis
1165 3960 1386 4017 tantum,
1420 3968 1523 4005 non
1560 3954 1760 4005 viribus
1790 3967 1959 4021 mqna,

599 4043 748 4110 Quod
776 4056 1051 4096 removere
1080 4043 1281 4112 nequit,
1314 4042 1601 4111 duplicavit
1636 4043 1829 4111 jnSIius
1862 4044 1959 4096 ita.

599 4135 731 4187 llinc
757 4145 835 4188 est
862 4134 1073 4188 laudato
1094 4134 1235 4203 quod
1270 4143 1489 4202 possunt
1518 4137 1753 4190 carmine
1784 4136 1961 4203 Mar-i,

600 4225 729 4278 Cum
761 4225 917 4279 tacita
948 4238 1117 4279 sazvos
1148 4225 1443 4301 producunt
1465 4235 1577 4279 arte
1600 4227 1860 4280 dracones

600 4315 861 4369 Absentes
892 4321 947 4367 et
970 4330 1112 4384 saepe
1131 4316 1317 4383 jubent
1340 4316 1628 4384 confligere
1651 4332 1853 4371 Secum.

600 4405 747 4461 Tunc
772 4416 829 4460 ut
868 4407 1091 4476 quisque
1131 4424 1344 4474 gravem
1385 4409 1525 4462 bello
1559 4410 1901 4475 prmsenserit
1926 4411 2172 4478 hydrum,

601 4501 816 4570 ASpidis
841 4509 932 4555 aut
959 4500 1106 4555 durae
1137 4501 1346 4555 clausas
1375 4502 1686 4571 cwgnoverit
1709 4516 1889 4569 aures,

601 4591 846 4646 Concutit
878 4592 1101 4645 interius
1131 4594 1319 4645 secreti
1352 4594 1605 4647 carminis
1629 4609 1774 4647 arma
1808 4612 1823 4650 :

603 4684 847 4737 Pretinus
869 4691 923 4736 et
951 4682 1105 4736 lassis
1130 4683 1289 4736 verbo
1321 4684 1552 4738 luctante
1582 4686 1817 4749 venenis,

604 4772 719 4825 Mox
740 4773 955 4839 impune
977 4788 1131 4824 manu
1165 4772 1381 4827 coluber
1412 4784 1671 4828 tractatur
1696 4777 1915 4830 inermis

603 4863 666 4915 Et
696 4876 905 4915 morsus
930 4870 1154 4927 tantum,
1183 4876 1288 4915 non
1318 4865 1483 4930 virus,
1516 4866 1565 4917 iu
1598 4880 1769 4934 angue
1793 4867 2028 4921 timetur.

605 4959 873 5012 Interdum
900 4959 1036 5027 perit
1062 4958 1360 5023 incantans,
1387 4958 1432 5013 si
1463 4959 1651 5014 callida
1682 4961 1877 5015 surdus

602 5050 936 5118 Adjuratoris
958 5053 1279 5119 contempsit
1310 5067 1583 5107 murmura
1614 5068 1855 5123 serpens.

605 5141 713 5196 lloc
744 5141 994 5217 quoniam
1017 5140 1084 5195 de
1118 5152 1287 5196 matre
1318 5143 1551 5207 trahunt,
1584 5155 1637 5199 et
1666 5145 1871 5215 origine
1899 5148 2091 5217 prima,

604 5234 893 5301 Anguinete
922 5233 1122 5287 fraudis
1150 5234 1291 5303 quod
1321 5235 1397 5288 sic
1428 5236 1728 5304 linguaeque
1758 5239 1933 5305 periti,

606 5327 782 5379 Mutua
811 5340 903 5393 per
933 5327 1163 5393 speciem
1194 5326 1420 5380 reddunt
1443 5331 1761 5382 commercia
1792 5329 1956 5383 fandi.

607 5422 713 5475 Nec
737 5420 908 5474 minus
932 5420 1013 5474 his
1038 5422 1208 5489 pulsat
1230 5422 1495 5476 contraria
1527 5438 1655 5477 cura
1684 5425 1893 5493 salutis,

607 5512 763 5579 Angit
795 5512 1069 5581 praescitus
1096 5513 1236 5567 ducti
1265 5528 1401 5583 quos
1435 5514 1693 5569 terminus
1722 5517 1852 5581 aevi;

607 5603 737 5655 Cum
769 5612 943 5658 tamen
970 5604 1188 5659 eductas
1218 5605 1437 5660 infernis
1461 5608 1676 5661 sedibus
1703 5608 1927 5663 umbras

608 5692 938 5763 Colloquium
970 5696 1195 5751 miscere
1217 5705 1422 5767 putent,
1454 5706 1508 5754 et
1544 5708 1667 5753 nota
1691 5698 1912 5754 referre.

2160 396 2207 455 A
2242 393 2471 463 Spiritus
2493 392 2693 448 erroris
2712 392 2807 446 sed
2836 392 2925 459 qui
2958 388 3246 444 bacchatur
3278 388 3329 443 in
3359 387 3487 450 illis,

2253 487 2330 541 Ad
2362 486 2601 541 consulta
2636 495 2783 555 parit
2817 484 2972 538 vanis
3003 497 3263 552 responsa
3292 482 3497 550 ﬁguris.

2257 579 2321 632 Et
2352 594 2418 633 ne
2447 588 2692 641 porrecto
2718 577 2969 631 dicantur
2996 575 3202 644 singula
3232 576 3395 627 verbo

2254 671 2510 725 Praesenti
2543 672 2751 734 illusus,
2785 668 3123 721 damnabitur
3151 667 3240 720 ille
3273 666 3492 734 perenni

2254 764 2484 829 Judicio,
2519 763 2763 832 quisquis
2790 760 3010 814 vetitum
3039 773 3364 827 cognoscere
3396 768 3584 811 tentat.

2330 856 2436 910 Nec
2465 857 2571 920 jam
2604 854 2718 907 sola
2750 853 2847 905 fuit
2874 853 3155 905 scrutatrix
3192 851 3295 903 Eva
3328 849 3593 902 malorum
3626 865 3639 899 :

2258 946 2439 1000 Dicam
2474 959 2615 998 nunc
2640 944 2820 1005 aliam,
2854 942 2944 995 tali
2974 957 3042 1009 qu
3062 958 3089 992 [ι
3119 951 3268 1009 peste
3295 941 3563 1002 laborans,

2256 1039 2323 1093 Et
2352 1037 2631 1105 conjuncta
2661 1034 2795 1100 viro,
2821 1034 3095 1102 proprium
3131 1048 3235 1085 non
3261 1031 3448 1083 vicerit
3473 1029 3669 1082 Adam.

2256 1127 2514 1183 Peccandi
2544 1124 2797 1194 quasdam
2830 1123 3006 1177 fervor
3035 1120 3385 1175 succenderat
3413 1118 3595 1181 urbes,

2257 1219 2433 1274 Civica
2461 1217 2780 1286 permittens
2802 1215 2993 1268 laxatis
3018 1213 3238 1267 crimina
3273 1210 3457 1266 frenis.

2258 1314 2492 1368 Incestus
2515 1327 2613 1381 pro
2642 1312 2757 1381 lege
2789 1307 2908 1371 fuit,
2939 1315 3213 1374 totumque
3244 1303 3405 1357 libido

2260 1409 2353 1463 Ius
2378 1406 2578 1471 habuit,
2608 1404 2755 1470 regni
2784 1401 2965 1457 sedem
2998 1409 3193 1453 metata
3223 1400 3466 1466 voluptas

2262 1498 2540 1567 Indigenas
2569 1496 2791 1565 populos
2821 1492 3037 1546 domina
3063 1491 3163 1545 sub
3190 1505 3351 1545 carne
3380 1488 3599 1543 tenebat
3631 1503 3646 1540 2

2263 1592 2329 1645 Et
2353 1586 2612 1644 scelerum
2640 1585 2838 1652 studio,
2885 1583 2985 1637 fida
3017 1581 3158 1652 quod
3183 1580 3338 1650 plebe
3366 1580 3527 1635 locali

2268 1682 2474 1735 Dudum
2502 1663 2722 1749 parendi
2756 1676 3016 1745 promptis
3047 1672 3346 1742 respublica
3368 1671 3552 1739 jussit,

2188 1763 2236 1822 Β
2266 1772 2597 1826 Abstinuisse
2622 1770 2790 1832 nefas,
2818 1778 2869 1821 et
2897 1781 3002 1819 non
3029 1778 3282 1833 peccasse
3312 1761 3625 1832 pudendum

2263 1861 2564 1915 (Zedebant
2590 1874 2797 1919 omnes,
2827 1857 3030 1910 facinus
3048 1871 3182 1925 quos
3205 1855 3457 1923 junxerat
3482 1868 3672 1906 unum.

2264 1953 2484 2006 Talibus
2513 1950 2747 2003 offensus
2767 1948 2926 2017 judex
2953 1955 3113 2015 atque
3151 1945 3350 1998 atbiter
3371 1943 3518 1997 orbis

2266 2046 2394 2100 Cum
2419 2045 2636 2106 fureret,
2672 2042 3017 2107 flunnuasque
3044 2040 3160 2091 loco
3191 2038 3457 2105 finemque
3482 2042 3713 2104 pararet.

2264 2137 2555 2204 Quemtlam
2588 2133 2903 2187 dissimilem
2928 2132 3155 2195 cunctis,
3192 2140 3439 2198 tectoque
3467 2114 3734 2190 latentem,

2265 2230 2362 2293 Qui
2394 2238 2518 2280 tunc
2541 2225 2676 2278 forte
2710 2224 2800 2277 fuit
2832 2224 3043 2293 pr-pria
3070 2221 3386 2290 peregrinus
3414 2222 3463 2273 in
3499 2220 3655 2282 urbe,

2272 2322 2440 2388 Atque
2469 2319 2607 2371 inter
2635 2319 2830 2370 multos
2862 2316 3035 2370 solum
3066 2316 3143 2367 sic
3173 2316 3471 2382 alloquitur
3498 2312 3633 2366 Loth
3664 2326 3678 2365 :

2269 2410 2475 2477 Oppida
2506 2409 2703 2461 lascivo
2726 2407 2835 2475 jam
2865 2406 3064 2458 dudum
3096 2405 3250 2473 plena
3276 2403 3456 2457 furore

2276 2504 2615 2571 Respergunt
2637 2500 2833 2554 cmlum
2866 2497 3112 2561 maculis,
3145 2508 3459 2563 noStrasque
3488 2493 3704 2561 fatigant

2268 2593 2525 2659 Quamvis,
2550 2590 2854 2644 obstructas
2882 2588 3141 2642 scelerum
3174 2588 3497 2641 clamoribus
3522 2600 3693 2639 aures.

2271 2683 2515 2737 Imminet
2543 2683 2787 2749 exitium,
2820 2680 2976 2735 tellus
3004 2694 3261 2735 succensa
3292 2689 3439 2734 reatu

2276 2776 2489 2845 Ignibus
2516 2773 2743 2839 ardebit,
2773 2773 3070 2841 restinguet
3100 2771 3338 2826 fulminis
3371 2772 3545 2826 imber

2269 2866 2398 2933 Qua:
2430 2882 2534 2918 non
2564 2864 2819 2919 exstinxit
2850 2862 3107 2916 ferventia
3132 2860 3355 2916 crimina
3386 2863 3565 2915 ﬂetus.

2271 2956 2385 3024 Ipsa
2412 2956 2461 3007 iu
2496 2964 2777 3023 perpetuas
2806 2952 3044 3007 solvetur
3074 2963 3214 3006 terra
3248 2952 3474 3016 favillas,

2272 3045 2402 3111 Qum
2428 3045 2575 3098 vivos
2601 3043 2812 3097 cineres
2842 3050 2896 3097 et
2927 3050 3048 3111 post
3078 3042 3319 3097 incendia
3351 3056 3593 3110 servans,

2193 3123 2237 3183 (ἶ
2272 3138 2465 3204 Sicque
2494 3134 2665 3189 solum
2693 3135 2919 3203 fingens,
2955 3134 3147 3187 leviter
3170 3133 3213 3187 si
3238 3134 3386 3187 calce
3418 3144 3645 3196 teretur,

2272 3226 2348 3279 Ad
2383 3225 2660 3278 minimum
2693 3224 2901 3293 fugiens
2930 3223 3163 3278 discttdet
3190 3223 3383 3292 pallida
3416 3230 3632 3277 tactum.

2271 3316 2349 3370 Tu
2386 3329 2525 3369 nunc
2555 3315 2733 3383 linque
2763 3315 3000 3376 domum,
3035 3315 3300 3382 perituras
3325 3314 3516 3367 desere
3550 3322 3714 3368 terras

2272 3408 2338 3463 Et
2369 3422 2455 3461 rea
2484 3422 2604 3461 cum
2629 3405 2803 3475 dignis
2833 3405 3111 3459 subs'dant
3136 3420 3264 3459 arva
3293 3406 3521 3460 colonis.

2272 3500 2379 3557 Nec
2410 3508 2516 3553 tete
2539 3498 2849 3567 impendens
2878 3498 3079 3550 letltum
3108 3496 3449 3564 conjnuxerit
3481 3497 3612 3557 illis.

2275 3592 2387 3645 Non
2407 3590 2583 3660 junin
2610 3605 2743 3658 quos
2772 3589 2896 3642 vita.
2930 3588 3046 3642 Tibi
3074 3589 3263 3642 solatia
3291 3589 3487 3657 conjnx

2275 3683 2534 3746 Praebeat,
2572 3680 2670 3733 hac
2699 3689 2899 3733 tantum
2932 3680 3073 3733 socia
3104 3688 3386 3733 contentus
3413 3680 3575 3732 abito.

2278 3774 2587 3827 Accelerate
2617 3772 2816 3840 fugam,
2850 3771 3099 3823 tend..tur
3130 3772 3344 3825 tramite
3375 3781 3547 3834 recto,

2276 3865 2387 3919 Neu
2413 3862 2799 3916 subvertendas
2825 3862 3102 3930 quisquam
3132 3862 3427 3929 respexerit
3458 3862 3639 3914 urbes.

2284 3956 2386 4009 Vos
2417 3955 2617 4008 noscite
2650 3954 2876 4017 malum;
2911 3968 2943 4021 p
2968 3972 2981 4003 ι
3004 3967 3097 4006 nas
3124 3952 3425 4020 quirunque
3458 3952 3659 4006 subibit

2280 4047 2535 4117 Aspiciat,
2569 4046 2860 4115 mortisque
2890 4059 2999 4099 sua:
3019 4044 3322 4113 Spectacula
3343 4058 3528 4100 secum

2280 4140 2377 4206 Qui
2406 4152 2647 4191 meruere
2676 4136 2847 4190 ferant
2882 4154 2893 4187 :
2927 4136 3194 4189 salvandis
3225 4144 3399 4190 terror
3430 4137 3637 4191 abesto.

2282 4231 2405 4283 llaec
2434 4228 2620 4291 Pater;
2652 4237 2733 4281 ast
2763 4227 2834 4281 illi
2869 4239 3153 4296 properant
3185 4227 3476 4283 abscedere
3507 4239 3670 4291 terra.

2284 4321 2635 4387 Inciduntque
2664 4333 2860 4383 moras,
2892 4317 3234 4387 crudeliaque
3273 4334 3396 4371 arva
3428 4320 3749 4390 reiinqunnt.

2352 4410 2600 4477 (Imperat
2627 4408 2817 4461 obduci
2847 4408 3040 4462 vicum
3074 4407 3297 4477 caligine
3323 4407 3507 4472 densa,

2203 4486 2256 4547 Ι)
2286 4504 2457 4570 Atque
2488 4503 2660 4570 ignota
2689 4501 2833 4569 prius
2866 4500 3151 4553 demittere
3175 4515 3447 4553 murmura
3483 4501 3697 4556 ccelum.

2282 4595 2390 4649 Nec
2421 4595 2497 4648 sic
2526 4603 2583 4648 ut
2608 4595 2806 4647 tonitru
2836 4593 3026 4646 crebro
3056 4607 3175 4644 cum
3204 4594 3440 4659 percitus
3471 4594 3635 4648 mtber

2283 4688 2529 4740 Ostentat
2555 4685 2759 4753 pavidis
2790 4683 3007 4737 innoxia
3037 4681 3259 4738 fulmina
3300 4686 3481 4739 terris.

2283 4779 2386 4833 Sed
2419 4793 2633 4846 prorsus
2665 4776 2821 4830 finale
2848 4777 3045 4830 malum
3075 4775 3307 4830 stridore
3338 4775 3533 4831 minaci

2282 4871 2439 4925 Tetra
2467 4885 2562 4937 per
2588 4868 2763 4922 aerios
2795 4867 3084 4925 mittebant
3112 4866 3259 4936 signa
3288 4867 3570 4923 tumultus.

2285 4962 2599 5018 Tendebzmt
2644 4960 2830 5015 moniti
2862 4958 3039 5019 simul,
3084 4968 3137 5012 et
3166 4960 3416 5011 mandata
3450 4967 3694 5014 tenentes

2284 5054 2607 5109 Conressam
2633 5054 2794 5107 rectis
2818 5051 2881 5105 ad
2913 5050 3096 5105 sedem
3128 5050 3360 5103 vultibus
3390 5051 3558 5105 ibant.

2274 5146 2518 5201 Callidus
2546 5145 2649 5198 alta
2682 5155 2868 5212 petens
2902 5141 2995 5196 sed
3021 5140 3111 5211 qui
3152 5141 3491 5195 subverterat
3513 5142 3674 5195 Evam

2286 5241 2541 5304 Serpens,
2570 5234 2858 5289 femineam
2889 5243 3177 5286 consuetus
3207 5240 3425 5300 tangere
3448 5242 3698 5296 mentem,

2289 5330 2383 5383 llic
2412 5340 2625 5396 quoque
2657 5324 2952 5378 formidans
2981 5322 3219 5375 animum
3255 5331 3465 5375 tentare
3491 5323 3721 5385 virilem,

2288 5421 2537 5489 Cnnjugis
2570 5418 2794 5484 insitirat
2816 5415 2975 5482 votis,
3006 5424 3063 5469 ut
3092 5429 3252 5469 nosse
3281 5417 3465 5468 ruinas

2295 5514 2483 5576 Vellet,
2514 5520 2567 5566 et
2596 5526 2784 5565 evasas
2813 5510 2930 5563 visu
2956 5507 3292 5577 deprendere
3321 5508 3525 5561 clades.

2288 5606 2331 5662 Ο
2364 5588 2585 5661 demens
2618 5602 2803 5669 animi,
2834 5602 2916 5657 cui
2943 5603 3049 5671 jam
3081 5615 3187 5655 non
3221 5600 3418 5654 sufficit
3449 5614 3605 5653 unum

2289 5695 2646 5754 Succubuisse
2668 5693 2790 5749 dolo
2822 5706 2834 5743 :
2868 5692 3040 5749 caruit
3064 5691 3174 5763 jam
3199 5703 3349 5762 parte
3378 5690 3640 5747 bonorum
