4024 6172
248 256 328 310 557
1463 266 1837 327 POEMATUM
1882 275 2081 334 LIBER
2129 282 2210 337 ΙΙΙ.
3351 310 3455 367 538

245 368 348 431 Quae
375 364 497 418 mala
527 367 768 435 Cognovit
800 384 811 421 :
846 370 888 423 si
922 387 1027 425 non
1060 374 1301 443 exempla
1334 376 1566 445 priorum

243 456 450 519 Tt'ﬂ'cn',
474 458 758 526 exemplum
794 460 886 517 lies
916 479 930 525 ;
966 475 1253 536 nostroque
1290 471 1466 523 timori

242 547 315 600 Vel
345 558 448 615 post
479 560 523 601 te
550 559 722 618 pereat
753 555 942 609 secreti
975 555 1088 610 dira
1117 558 1329 628 cupido.

241 638 444 691 lllicitum
474 641 603 707 quod
632 642 766 697 seire
794 642 910 710 fait,
939 647 1268 719 velitumque
1294 652 1451 717 tueri,

240 733 477 799 Respieies
502 742 695 789 tantum
724 754 819 792 nec
850 751 1125 796 narratura
1151 745 1378 802 videbis.

296 823 416 890 Ergo
437 825 516 878 ubi
549 827 800 895 majorem
826 831 996 885 vicina
1031 848 1093 887 ex
1126 836 1257 890 urbe
1296 838 1580 893 tumultum

236 916 418 984 Accepit
444 917 644 983 mulier,
678 920 878 974 vultum
905 922 1110 977 deﬂexa
1145 935 1425 993 retorrum,

237 1007 317 1061 Vix
346 1010 499 1075 primo
530 1010 576 1061 in
607 1012 717 1063 visu
752 1016 1011 1069 restrictis
1045 1018 1276 1070 motibus
1311 1019 1487 1084 ltmsit,

234 1100 425 1153 Cernere
448 1100 704 1156 desistens
734 1119 853 1158 cum
886 1120 1117 1174 coeperat
1143 1125 1155 1171 ;
1188 1109 1308 1163 inde
1336 1112 1514 1180 gelato

234 1189 460 1257 Sanguine
489 1206 815 1247 marmoreus
849 1195 1082 1265 perfudit
1112 1200 1312 1253 viscera
1347 1210 1561 1268 torpor;

234 1281 462 1347 Diriguere
482 1298 648 1351 genze,
681 1287 850 1349 pallor
876 1303 1043 1343 novus
1085 1290 1250 1344 inlicit
1278 1308 1389 1345 ora.

235 1369 413 1421 Lumina
440 1386 536 1424 non
562 1373 775 1439 clausit,
810 1391 914 1429 non
947 1377 1136 1430 saltem
1170 1381 1399 1435 concidit
1432 1384 1522 1437 illo

232 1461 431 1515 Pendere
458 1476 555 1531 quo
587 1466 795 1530 pulsant
825 1466 1056 1521 demissa
1085 1469 1341 1525 cadavera
1370 1480 1593 1539 terram;

230 1553 310 1608 Sed
333 1556 460 1609 stetit
486 1557 752 1613 horrendo
783 1562 1066 1630 perlucens
1097 1578 1269 1617 massa
1306 1566 1498 1632 nitore,

230 1642 521 1714 Scrvavitque
552 1664 703 1702 suam
732 1652 941 1720 species
969 1653 1191 1723 decepta
1228 1659 1470 1725 figuram.

1800 391 1848 447 Α
1880 390 2058 445 (Iredo
2081 398 2329 463 equidem
2364 403 2575 472 melius,
2601 406 2743 476 quod
2771 425 2874 466 non
2903 421 3194 475 occurrerit
3219 438 3352 480 uxor

1874 485 2140 546 Enarrare
2174 496 2289 548 viro
2320 512 2334 548 :
2365 513 2484 552 nam
2517 502 2562 555 si
2590 519 2632 557 ci
2658 516 2861 572 mperfa
2886 510 3128 580 referret,

1875 576 2080 633 Forsan
2112 592 2166 635 et
2197 584 2338 639 hunc
2364 589 2477 642 visu
2509 594 2766 649 suasisset
2797 607 3036 656 temnere
3062 604 3231 672 jussa,

1871 668 1975 721 Ceu
2008 674 2280 741 proprium
2305 686 2457 745 gustu
2486 679 2613 736 fecit
2646 685 2902 752 primaeva
2945 668 3123 761 virago
3156 712 3168 746 :

1870 758 1997 823 Quae
2032 774 2310 834 postquam
2340 784 2459 826 sese
2491 774 2687 841 pariter
2716 779 3076 851 comitemque
3110 786 3313 853 fefellit,

1874 850 1937 904 Et
1972 855 2203 909 nondum
2237 867 2411 914 natam
2447 866 2707 930 percussit
2734 870 2957 926 vulnere
2990 850 3226 942 prolem;

1869 941 2001 993 Tum
2038 945 2209 1001 victor
2236 965 2460 1020 serpens
2491 961 2785 1014 certamine
2816 963 2967 1018 lmtus
2998 968 3064 1019 ab
3095 968 3229 1035 ipso,

1868 1031 2148 1087 Punicean
2183 1041 2426 1107 crispans
2450 1059 2737 1113 squamoso
2765 1051 2816 1105 in
2846 1055 3046 1111 vertice
3066 1060 3300 1123 cristam,

1864 1122 1978 1175 Jam
1996 1141 2100 1178 non
2118 1128 2465 1211 dissimulans
2483 1153 2639 1203 quem
2661 1154 2931 1208 presserat
2953 1156 3066 1201 arte
3090 1150 3438 1220 triumphum,

1865 1212 2053 1267 Acrior
2084 1216 2301 1272 insultat
2326 1224 2499 1289 victis,
2529 1236 2580 1280 et
2612 1229 2803 1284 talibus
2827 1232 2942 1287 infit
2969 1257 2981 1289 :

1868 1300 1943 1352 En
1966 1302 2141 1355 divina
2180 1320 2358 1363 manet
2397 1314 2671 1379 promissae
2696 1319 2861 1387 gloria
2897 1323 3088 1382 laudis.

1862 1393 2128 1465 Quidquid
2153 1401 2290 1454 scire
2316 1418 2488 1458 meum
2514 1408 2704 1476 potuit,
2724 1409 2831 1479 jam
2856 1416 3058 1469 credite
3078 1428 3312 1475 vestrum
3336 1433 3432 1494 est,

1860 1483 2048 1537 Omnia
2081 1492 2393 1557 monstravi,
2422 1507 2745 1567 sensumque
2774 1515 2867 1566 per
2897 1504 3073 1559 abdita
3105 1507 3255 1576 duxi,

1864 1572 1925 1626 Et
1949 1576 2303 1647 quodcunque
2336 1581 2529 1637 malum
2559 1588 2731 1642 solers
2763 1604 2949 1646 na'ura
2980 1597 3226 1661 negabat,

1862 1664 2090 1735 lnstitui,
2125 1670 2434 1742 dextrisque
2462 1676 2581 1732 dedi
2612 1681 2939 1752 conjungere
2968 1686 3176 1744 laevam.

230 1737 313 1792 Nec
338 1739 469 1793 facile
501 1751 554 1793 ut
582 1757 791 1809 nosses,
822 1744 1038 1809 vitrum,
1073 1748 1226 1815 lapis,
1257 1764 1395 1803 anne
1421 1751 1693 1807 metallum
1784 1756 1827 1815 Β
1862 1756 2061 1814 lstliinc
2096 1772 2345 1829 perpetua
2379 1777 2585 1821 vosmet
2619 1772 2749 1825 mihi
2781 1784 2927 1830 sorte
2959 1777 3146 1833 dicavi.

230 1829 481 1885 Succedens
502 1832 723 1899 homini,
755 1837 798 1891 si
830 1853 934 1891 non
966 1839 1041 1892 Sal
1079 1840 1228 1894 fauce
1261 1850 1492 1897 notetur.

230 1920 285 1973 Et
312 1932 415 1976 tunc
438 1925 657 1994 insipido
690 1930 879 1983 mulier
903 1943 1175 1998 prmventa
1208 1947 1356 1989 reatu

226 2007 318 2064 le
344 2013 521 2067 salsum
552 2017 669 2072 sine
702 2030 880 2073 mente
912 2022 1071 2088 sapit,
1116 2040 1233 2091 qua:
1274 2041 1505 2094 pungere
1535 2043 1742 2096 sensus,

227 2102 516 2173 Exemplique
545 2118 722 2176 potest
748 2111 954 2166 salibus
981 2116 1200 2169 conilore
1231 2117 1492 2172 videntes.

227 2192 310 2247 ll-sc
335 2205 487 2251 tamen
515 2198 598 2254 hic
630 2216 906 2270 magnum,
941 2206 1081 2271 quod
1110 2224 1212 2261 non
1246 2208 1529 2265 inﬂectitur
1554 2211 1675 2278 iste,

223 2283 302 2336 Nec
325 2288 533 2355 sequitur
567 2291 793 2357 sociam,
828 2294 987 2350 fortis
1007 2313 1103 2352 nec
1126 2298 1350 2354 vincitur
1379 2302 1566 2355 Adam.

245 2410 1804 2448 —________________________

1858 1847 1965 1901 Nec
1991 1851 2127 1903 Deus
2159 1851 2211 1905 in
2245 1855 2414 1921 vobis,
2449 1872 2747 1927 quanquam
2777 1863 3082 1923 formaverit
3112 1880 3255 1937 ante,

1858 1939 1974 1993 Jam
2010 1941 2126 2008 plus
2152 1942 2288 2011 juris
2319 1945 2503 2011 habet;
2536 1956 2714 2003 teneat
2742 1955 2883 2023 quod
2906 1958 3146 2013 condidit
3177 1962 3310 2028 ipse,

1859 2029 2009 2094 Quod
2043 2031 2199 2085 docui
2234 2048 2441 2089 mecum
2472 2047 2555 2091 est
2581 2054 2593 2090 :
2624 2040 2795 2109 major
2822 2043 2949 2097 mihi
2982 2046 3155 2112 portio
3186 2058 3367 2102 restat.

1857 2121 2015 2174 Multa
2043 2120 2281 2177 Creatori
2314 2124 2540 2190 debetis,
2574 2130 2718 2196 plura
2754 2133 3027 2202 magistro.

1855 2212 2014 2277 Dixit,
2042 2225 2093 2267 et
2132 2216 2182 2269 in
2218 2217 2389 2271 media
2432 2221 2667 2288 trepidos
2696 2224 2923 2292 caligine
2956 2227 3220 2297 linquens,

1853 2303 2150 2358 Conlictum
2185 2307 2335 2375 periit
2365 2308 2612 2378 linquens
2641 2327 2736 2381 per
2767 2315 2943 2370 nubila
2971 2332 3183 2387 corpus.

1812 2437 3407 2471 ————————-—_—_——_—__d

1139 2508 1605 2612 LIBER
1695 2510 2012 2617 TER
2042 2515 2451 2621 TIUS.

1453 2669 1535 2722 DE
1572 2669 1955 2725 SENTENTIA
1996 2672 2123 2727 DEI.

271 2770 463 2842 Tempus
487 2786 593 2831 erat
624 2793 736 2847 quo
757 2782 835 2834 sel
862 2782 1092 2834 medium
1127 2785 1531 2838 transcenderat
1561 2799 1739 2847 axem,

216 2861 379 2918 Pronus
403 2877 449 2920 et
472 2870 663 2925 excelsi
703 2870 947 2941 linquens
975 2875 1178 2943 fastigia
1210 2876 1381 2929 ecn'ri
1403 2918 1417 2939 ,

215 2953 272 3007 Vn
288 2956 355 3011 ina
374 2958 467 3027 jam
498 2972 649 3017 nocte
676 2963 823 3018 leves
857 2967 1189 3033 praemiserat
1215 2983 1393 3021 auras.

214 3043 296 3100 illis
313 3050 389 3103 sed
414 3051 575 3121 major
594 3069 851 3108 curarum
881 3056 1110 3109 volvitur
1134 3068 1316 3121 aestus,

215 3138 543 3216 Ferventesque
566 3158 755 3203 tenent
777 3150 916 3204 male
938 3152 1150 3204 conseia
1178 3150 1342 3204 corda
1366 3151 1601 3205 dolores.

214 3231 343 3301 thue
366 3237 516 3303 pudor
541 3249 702 3308 capto
723 3239 951 3295 detorsit
981 3241 1180 3294 lumina
1208 3255 1391 3308 sensu,

211 3317 474 3391 Reppulitet
502 3329 734 3384 miseros
764 3331 972 3385 alterno
1000 3345 1029 3383 a
1052 3346 1279 3399 corpore
1306 3332 1477 3395 visus,

211 3411 291 3468 Nec
316 3416 409 3485 iam
433 3434 606 3476 secura
640 3432 929 3490 praestatur
950 3426 1068 3478 luce
1101 3426 1231 3479 tueri

209 3502 426 3571 Signatam
456 3512 555 3567 fixo
582 3516 792 3582 peccati
824 3516 1071 3583 stigmate
1098 3529 1335 3573 carnem.

208 3592 456 3654 lndumenta
486 3614 695 3671 petunt,
723 3604 863 3658 foliis
884 3614 941 3659 ut
963 3606 1213 3660 mollibus
1239 3604 1400 3659 ambo

205 3684 387 3744 Membra
410 3704 594 3764 tegant,
621 3696 936 3763 nudumque
971 3698 1168 3751 malum
1201 3696 1267 3751 de
1297 3708 1444 3751 veSYe
1472 3704 1721 3764 iatcscat.

257 3779 490 3840 Umbrosis
514 3802 743 3858 prop'er
772 3789 947 3843 stabat
977 3790 1204 3843 ficulnea
1230 3790 1415 3854 ramis,

202 3868 476 3934 Frontlentes
504 3881 696 3936 dill‘usa
731 3896 933 3947 comas,
963 3898 1094 3951 quas
1119 3884 1358 3951 protinus
1388 3879 1582 3947 Adam,

200 3960 456 4024 llumentem
484 3974 708 4039 capiens
733 3990 854 4027 raso
884 3974 952 4029 de
978 3976 1181 4029 cortice
1208 3975 1434 4037 librum,

200 4054 357 4122 Assuit,
382 4070 427 4114 et
460 4062 608 4117 viridi
640 4064 853 4117 solatur
878 4076 1027 4120 veste
1057 4068 1325 4120 ruborem.

198 4140 389 4202 Induitur
415 4152 565 4207 simili
593 4155 792 4209 mulier
818 4155 1179 4227 larrymabilis
1217 4169 1352 4223 arte,
1385 4167 1439 4212 et

202 4231 310 4297 Quos
336 4242 459 4308 pavit
486 4245 684 4300 misero
715 4247 872 4300 fallax
908 4248 1110 4301 insania
1140 4263 1322 4317 pomo,

200 4319 373 4383 Vestirit
392 4334 538 4399 lolio;
560 4351 704 4391 saeva
735 4351 869 4406 quos
898 4338 1089 4392 arbore
1119 4338 1293 4392 nudos

198 4412 413 4488 lletldidit,
436 4424 526 4479 hos
547 4421 765 4498 gravius
789 4430 932 4482 tenui
956 4444 1117 4497 super
1138 4430 1330 4484 arbore
1353 4432 1502 4487 texit.

197 4505 247 4559 Et
268 4518 413 4568 tamen
434 4518 679 4574 adveniet
702 4530 939 4589 tempus,
970 4536 1088 4574 cum
1120 4522 1343 4575 crimina
1374 4522 1499 4593 ligni

197 4592 272 4649 Per
293 4600 459 4671 lignum
484 4618 656 4674 sanet,
682 4619 982 4679 purgetque
1012 4610 1329 4665 novissimus
1360 4592 1552 4677 Adam,

196 4682 507 4764 ilteriamque
536 4680 704 4766 ipsam
737 4700 896 4754 faciat
926 4699 1277 4755 medicamina
1306 4702 1450 4766 vitm,

195 4777 277 4838 Qua
300 4797 419 4838 mors
441 4786 662 4843 invaluit
688 4809 701 4843 :
735 4773 882 4844 le‘lto
913 4790 1165 4845 delebcre
1196 4790 1420 4845 letbum.

198 4866 350 4926 [Ereus
373 4879 572 4934 excelso
604 4879 858 4948 pendebit
892 4882 1070 4950 stipite
1106 4896 1349 4952 serpens,

191 4956 378 5031 Cumque
402 4983 710 5026 venenatum
741 4973 1094 5039 simulaverit,
1122 4989 1283 5030 omne
1305 4989 1566 5030 venenum

188 5048 359 5123 Plliget,
379 5072 426 5114 et
449 5068 719 5134 antiquum
747 5067 972 5134 perimat
1000 5083 1093 5120 sua
1131 5068 1297 5121 forma
1324 5068 1633 5124 draconem.

242 5145 410 5206 Interea
431 5158 638 5223 genitor
673 5160 853 5214 viridis
882 5174 979 5229 per
1002 5161 1181 5214 mollia
1210 5161 1313 5215 luci

186 5229 403 5297 Rorantes
429 5246 559 5301 sudo
578 5248 824 5318 capiebat
845 5251 913 5305 ab
951 5266 1076 5306 aere
1098 5261 1311 5307 ventos.

185 5322 386 5387 Protinus
414 5340 649 5395 attonitis
678 5353 966 5398 senserunt
991 5343 1215 5398 auribus
1240 5343 1398 5399 ambo

182 5413 454 5483 Presentem
482 5431 765 5489 Dominum
792 5453 806 5489 ε
836 5436 971 5489 tristi
1002 5444 1113 5489 tum
1143 5436 1260 5493 luce
1289 5448 1535 5504 perosam

183 5510 411 5582 Expavere
437 5525 573 5581 diem
603 5528 815 5584 detecto
855 5530 906 5583 in
937 5529 1162 5585 crimine
1190 5536 1402 5585 testem.
1486 5556 1489 5557 ν

180 5600 280 5661 lllos
304 5626 411 5667 nam
438 5618 598 5672 vasris
621 5620 885 5687 specubus
913 5621 955 5674 si
978 5620 1115 5675 forte
1146 5620 1457 5675 barathrum

179 5692 417 5771 l’anderet,
442 5718 529 5764 aut
564 5711 795 5769 subitum
827 5712 985 5771 tellus
1018 5724 1339 5770 monstraret
1371 5714 1594 5783 hiatum,

1851 2784 1965 2839 Non
2001 2788 2173 2857 pigeat
2204 2806 2373 2860 prono
2399 2797 2637 2863 trepidos
2660 2801 2987 2860 descendere
3007 2808 3173 2871 saltu;

1851 2879 1917 2933 Et
1936 2881 1979 2935 si
2009 2891 2317 2951 suppeteret
2339 2886 2449 2955 jam
2493 2898 2603 2946 tum
2632 2896 2895 2949 sententia
2920 2897 3070 2963 letbi,

1850 2970 1994 3026 llanc
2028 2974 2188 3029 etiam
2216 2986 2429 3041 reparet
2473 2981 2680 3037 solandi
2707 2999 2833 3040 cura
2867 2988 3104 3056 pudoris.

1763 3112 1808 3172 Ο
1847 3062 1952 3118 Seu
1983 3064 2212 3121 ﬂammis
2238 3062 2533 3137 ly'tiaphisve
2573 3073 2785 3141 darent,
2821 3078 2900 3132 vel
2933 3091 3145 3147 pectora
3176 3082 3316 3137 ferro

1843 3154 2135 3224 Appeteret
2157 3158 2345 3215 vindex
2378 3161 2583 3217 crudeli
2612 3165 2832 3221 vulnere
2857 3167 3063 3223 dextra.

1842 3244 1931 3300 Sic
1959 3246 2140 3301 miseri
2175 3260 2425 3316 mortem,
2455 3254 2690 3308 nondum
2721 3255 3029 3313 discrimine
3052 3267 3254 3326 notam,

1841 3335 1972 3391 Cum
2016 3339 2245 3407 primum
2271 3356 2538 3410 meruere,
2563 3346 2774 3407 volunt;
2799 3349 3013 3404 exordia
3046 3351 3206 3406 finem

1839 3427 2081 3497 Signant,
2114 3442 2164 3484 et
2192 3431 2395 3488 similes
2427 3435 2719 3502 praedicunt
2740 3437 2924 3495 adfore
2952 3441 3143 3508 luctus,

1836 3516 2033 3572 Ultima
2053 3534 2173 3574 cum
2206 3523 2389 3577 mundi
2413 3525 2620 3580 senium
2643 3531 3036 3599 consumpserit
3060 3540 3209 3596 aetas,

1833 3607 2074 3677 Cumque
2104 3614 2416 3680 repentinus
2438 3619 2765 3684 percusserit
2797 3623 2975 3675 omnia
3000 3622 3171 3691 fulgor

1831 3697 2124 3766 leorum,
2151 3703 2434 3774 clangente
2465 3708 2609 3771 tuba,
2644 3725 2744 3779 qua
2771 3714 2983 3767 nuntius
3010 3725 3133 3770 ante

1831 3790 2033 3847 Iudicis
2053 3793 2284 3850 adventu
2315 3810 2636 3854 concussum
2669 3810 2868 3857 terreat
2906 3806 3125 3862 orbem:

1828 3881 1978 3937 Tune
2015 3900 2133 3939 cum
2166 3888 2405 3943 sinceros
2436 3900 2621 3958 pastor
2648 3893 2959 3949 discreverit
2989 3911 3174 3964 agnos,

1828 3973 2004 4028 Haedis
2028 3976 2328 4044 disparibus
2349 3978 2556 4035 diversa
2592 3982 2642 4033 in
2672 3992 2820 4051 parte
2851 3985 3056 4048 locatis,

1829 4064 1928 4119 Per
1952 4066 2180 4119 medium
2205 4066 2493 4124 dirimente
2521 4069 2677 4131 chao,
2704 4073 2845 4139 quod
2880 4072 3126 4126 ﬂuctibus
3150 4072 3332 4142 implet

1826 4154 2138 4223 Sulphureis
2158 4156 2377 4211 volvens
2403 4158 2607 4213 undosa
2634 4160 2877 4213 incendza
2906 4176 3118 4230 gurges,

1829 4244 2181 4300 Flammarum
2210 4256 2490 4317 stagnante
2517 4248 2656 4315 lacu,
2684 4265 2791 4317 quo
2829 4249 3031 4305 fervida
3064 4252 3328 4321 quondam

1826 4337 2026 4391 Dicitur
2052 4347 2279 4393 attracto
2312 4337 2481 4394 nubes
2512 4339 2834 4395 Sodomitica
2865 4340 3045 4395 nimbo

1828 4430 2082 4487 Guttatim
2111 4449 2356 4503 sparsum
2400 4435 2598 4490 fudisse
2630 4436 2680 4488 in
2712 4436 2934 4490 crimina
2967 4435 3189 4499 fulmen,

1745 4484 1797 4545 Β
1820 4524 1951 4578 Cum
1985 4484 2188 4595 plueret
2214 4542 2315 4581 nox
2349 4536 2481 4582 tetra
2516 4527 2683 4592 focos,
2714 4528 2954 4597 coeloque
2974 4528 3191 4583 caducae

1823 4615 1958 4669 Aera
1989 4630 2083 4684 per
2105 4616 2334 4670 calidum
2361 4617 2621 4671 stillarcnt
2648 4616 2878 4684 undique
2909 4626 3128 4674 mortes.

1820 4706 2023 4761 Taliter
2053 4706 2276 4776 ignifero
2306 4708 2455 4762 missi
2483 4708 2551 4764 de
2580 4710 2726 4763 fonte
2755 4710 3014 4778 gehennae

1819 4798 2116 4853 Fluxerunt
2139 4798 2321 4854 tristes
2342 4799 2516 4854 aliena
2541 4801 2592 4854 in
2624 4801 2816 4855 smeula
2848 4800 2963 4855 rivi.

1815 4889 1886 4943 At
1915 4905 2048 4959 quos
2072 4890 2293 4945 terribili
2315 4890 2475 4960 judex
2503 4890 2801 4946 decreverit
2844 4893 2972 4947 hora

1818 4981 2012 5038 Vivere
2036 4991 2156 5052 post
2179 4994 2427 5048 mortem,
2462 4998 2725 5052 pomaque
2747 4983 2938 5038 ardore
2961 4985 3201 5053 perenni,

1816 5073 2101 5128 Subtrahet
2124 5082 2307 5143 optato
2334 5074 2547 5143 gravior
2568 5074 2827 5129 sententia
2859 5075 3003 5130 letho
3035 5094 3048 5128 :

1813 5163 2053 5233 Cumque
2078 5165 2215 5220 foret
2244 5165 2454 5231 melius,
2488 5164 2743 5233 dispersis
2764 5180 2986 5235 corpora
3022 5168 3273 5223 membris

1814 5254 2047 5324 Carpere
2078 5266 2394 5325 perpetuum
2428 5255 2558 5311 dura
2585 5256 2685 5312 sub
2707 5265 2876 5311 morte
2905 5272 3177 5326 soporem,

1814 5343 2013 5400 Invitos
2038 5355 2212 5401 tamen
2254 5362 2388 5401 urna
2417 5353 2623 5412 vomet,
2653 5346 2807 5414 queis
2834 5346 2946 5400 sola
2972 5347 3214 5401 voluntas

1814 5437 2018 5493 Rursus
2038 5452 2197 5508 posse
2220 5440 2379 5505 mori,
2399 5452 2667 5507 sensuque
2691 5453 2875 5493 carere
2904 5440 3142 5496 dolendi.

1810 5527 1915 5583 Sed
1945 5530 2019 5582 sic
2050 5529 2275 5599 accipiet
2299 5526 2553 5583 ferventis
2577 5526 2789 5583 ﬂamma
2822 5531 3035 5595 camini,

1812 5620 2134 5674 Ambustura
2163 5634 2288 5675 suas
2313 5628 2369 5675 ut
2390 5634 2659 5689 nunquam
2686 5620 2832 5675 finiat
2861 5635 3027 5676 escas.

1881 5713 1949 5767 At
1978 5712 2134 5783 primi
2165 5712 2365 5771 interea
2392 5726 2619 5783 iuvenes
2652 5714 2926 5769 conamine
2948 5724 3101 5765 casso
