4024 6172
550 318 655 375 559
1064 326 1067 327 '
1834 314 1889 369 S.
1932 313 2115 369 AVlTl
2157 311 2552 373 VIENNENSIS
3679 322 3770 379 3‘50

551 428 653 483 Per
675 426 885 483 deserta
911 434 1095 495 ruunt,
1120 434 1337 495 tutoque
1364 425 1675 481 abscondita
1707 426 1845 481 furto

550 518 710 573 Facta
750 526 956 588 putant,
979 517 1136 573 ctecis
1156 523 1343 586 optant
1365 518 1585 572 latuisse
1611 518 1870 573 tenebris.

547 608 685 673 Quid
711 609 881 677 juvat,
913 607 1116 675 infelix,
1142 607 1326 662 oculos
1346 623 1377 661 a
1394 606 1574 676 judice
1597 607 1738 661 flecti
1764 609 1786 659 .9

550 701 626 755 'l‘e
651 701 806 769 iudex
831 700 1001 755 cernit
1026 718 1037 752 :
1074 701 1213 753 nolis
1242 715 1338 754 cur
1367 700 1481 768 ipse
1508 700 1710 764 videre,

548 792 678 845 Cum
701 792 914 846 videare
942 790 1153 860 palam?
1174 791 1342 846 solem
1372 806 1476 845 non
1507 791 1679 846 fuscat
1707 806 1974 847 amantum
1998 836 2012 859 ,

546 886 599 938 Si
631 886 881 953 depressa
911 899 1131 953 gravem
1161 884 1449 939 formidant
1477 883 1675 938 lumina
1705 884 1903 949 lucem,

548 976 745 1031 Debilis
772 985 826 1031 et
854 978 1057 1031 clarum
1085 977 1228 1031 visus
1250 992 1357 1031 non
1376 976 1602 1031 sustinet
1625 976 1831 1031 orbem.

546 1069 677 1122 Tum
708 1070 786 1123 sic
811 1069 1032 1124 terribili
1060 1070 1287 1138 primum
1323 1069 1465 1123 Deus
1489 1070 1728 1137 increpat
1753 1082 1869 1130 ore,

545 1160 718 1229 Atque
742 1159 829 1215 ubi
856 1160 923 1214 sit
955 1160 1209 1215 miserum
1238 1174 1467 1214 noscens
1496 1160 1789 1230 interrogat
1814 1159 2012 1214 Adam.

545 1250 644 1315 Qui
673 1249 929 1319 trepidam
958 1250 1147 1319 pavido
1175 1250 1475 1319 producens
1498 1259 1715 1317 pectore
1736 1263 1942 1313 vocem,

546 1339 644 1393 Vix
677 1340 791 1394 haec
814 1355 976 1410 pauca
1004 1340 1185 1396 refert.
1218 1341 1385 1407 Tuus,
1413 1356 1446 1395 ο
1474 1340 1809 1407 Celsissime,
1842 1348 2016 1395 terror

544 1432 807 1487 Mentibus
828 1432 1065 1489 insidens
1089 1434 1344 1487 latebram
1371 1442 1576 1488 tentare
1604 1434 1798 1502 coegit.

544 1525 674 1578 Nam
700 1525 820 1595 quia
848 1525 984 1579 nuda
1009 1524 1183 1580 forent
1211 1526 1467 1594 inopertis
1494 1539 1717 1594 corpora
1746 1525 2020 1591 membris,

546 1615 744 1670 Erubui
779 1614 968 1684 fateor,
998 1617 1303 1687 etelumquc
1335 1632 1426 1686 per
1455 1615 1631 1670 abdita
1666 1615 1791 1686 fugi.

619 1709 682 1762 Et
709 1710 850 1777 quis,
879 1707 974 1776 ait,
1002 1708 1271 1763 subditum
1298 1710 1569 1762 concussit
1599 1708 1762 1761 corde
1790 1706 2083 1776 pudorem?

548 1800 701 1854 Visus
721 1808 775 1854 et
802 1800 943 1855 unde
966 1802 1172 1855 novus?
1204 1800 1332 1854 Nam
1362 1811 1411 1854 te
1443 1816 1540 1855 nec
1563 1800 1759 1855 vellera
1795 1800 2015 1867 dudum,

545 1892 652 1948 Nec
682 1902 927 1949 contexta
961 1894 1105 1964 prin.
1131 1895 1327 1949 velavit
1357 1894 1587 1964 tegmine
1616 1896 1798 1949 vestis.

546 1984 736 2039 Forma
761 1985 925 2048 rudis,
962 1987 1176 2056 proprio
1204 1986 1395 2041 melius
1422 1996 1670 2042 contenta
1697 1987 1914 2049 decore,

545 2076 727 2133 Judice
748 2090 808 2131 se
833 2076 1065 2146 placuit:
1099 2076 1192 2131 sed
1224 2088 1500 2146 postquam
1531 2078 1732 2134 foedere
1763 2090 1920 2148 rupto

545 2166 822 2222 InterdiCta
850 2176 971 2223 tuus
993 2170 1297 2238 perstrinxit
1322 2169 1561 2238 germina
1591 2178 1797 2238 gustus,

544 2259 793 2316 Naturale
814 2260 909 2316 tibi
942 2268 1151 2331 tegmen
1176 2276 1279 2315 non
1310 2261 1503 2316 sufficit
1541 2278 1725 2315 unum.

545 2351 812 2407 Hactenus
834 2363 887 2407 et
914 2353 1069 2406 nudis
1102 2368 1243 2408 nunc
1268 2354 1536 2408 denudata
1565 2362 1866 2423 patescunt,

542 2445 729 2514 Arguit
758 2443 1023 2499 obscenus
1049 2444 1175 2512 quia
1203 2444 1374 2512 turpia
1404 2458 1629 2512 corpora
1674 2451 1868 2498 motus.

613 2535 703 2589 llle
730 2534 817 2589 ubi
838 2535 1139 2590 convicwm
1168 2536 1315 2590 claro
1341 2549 1399 2590 se
1427 2534 1626 2595 lumine
1649 2534 1799 2601 vidit,

544 2627 784 2685 Prodidit
814 2639 868 2684 et
891 2637 1057 2683 totum
1088 2629 1511 2698 discussiojusta
1542 2637 1771 2693 retium,

543 2722 659 2777 Non
688 2737 845 2790 prece
872 2720 1136 2775 submissa
1166 2721 1371 2774 veniam
1398 2737 1490 2789 pro
1519 2721 1744 2775 crimine
1772 2722 1963 2791 poscit,

543 2816 657 2871 Non
691 2818 825 2871 votis
847 2816 1164 2885 lacrymisve
1186 2823 1356 2884 rogat,
1388 2830 1486 2868 nec
1510 2813 1718 2869 vindice
1741 2814 1867 2868 netu

543 2906 830 2962 Przecurrit
850 2906 1092 2960 meritam
1121 2905 1343 2974 supplex
1379 2904 1647 2959 confessio
1671 2920 1902 2973 poenam.

540 2997 764 3066 Jamque
795 2994 957 3051 miser
986 2994 1174 3059 factus,
1206 2995 1439 3049 nondum
1488 2994 1802 3050 miserabilis
1832 2994 1919 3048 ille
1940 3005 2040 3049 est.

540 3087 772 3157 Erigitur
800 3102 980 3151 sensu,
1016 3086 1321 3156 timidisque
1350 3101 1573 3141 acet-usa
1596 3086 1829 3155 querelis

538 3178 731 3232 Fertur
759 3179 811 3231 in
842 3176 1057 3232 insanas
1086 3176 1260 3230 laxata
1292 3178 1537 3243 superbia
1562 3191 1739 3232 voces.

538 3270 649 3324 Heu
675 3269 813 3325 male
843 3269 1116 3339 perdenda
1145 3271 1337 3323 mulier
1366 3270 1649 3338 conjuncta
1682 3271 1874 3324 merito
1899 3272 1911 3322 !

536 3361 705 3427 Quam
735 3362 933 3414 sociam
962 3361 1159 3415 misero
1190 3362 1359 3430 prima
1391 3362 1489 3415 sub
1520 3362 1634 3429 lege
1657 3360 1871 3429 dedisti,

538 3451 660 3506 Hinc
692 3467 777 3507 me
804 3452 1043 3506 consiliis
1072 3453 1196 3506 vicit
1231 3452 1435 3506 devicm
1464 3453 1718 3519 sinistris,

537 3543 604 3597 Et
633 3542 729 3595 sibi
750 3542 859 3610 jam
894 3550 1075 3595 notum
1108 3542 1374 3611 persuasit
1399 3556 1611 3597 sumere
1634 3556 1871 3611 pomum.

533 3634 637 3687 Ista
659 3634 782 3687 mali
810 3642 969 3703 caput.
990 3644 1092 3702 est,
1122 3635 1323 3689 crimen
1348 3636 1581 3689 surrexit
1611 3637 1677 3691 ab
1704 3637 1825 3694 ista.

534 3724 794 3780 Credulus
825 3726 938 3796 ipse
968 3727 1062 3790 fui,
1085 3728 1178 3781 sed
1201 3727 1420 3782 credere
1454 3740 1508 3781 tu
1540 3728 1791 3797 docuisti,

528 3818 868 3873 ‘Connubiutn
901 3819 1125 3883 donans,
1148 3829 1199 3876 et
1221 3821 1393 3876 dulcia
1422 3822 1626 3877 vincula
1655 3832 1895 3877 nectens.

532 3910 705 3978 Atque
736 3910 933 3964 utinam
966 3911 1117 3976 felix,
1148 3926 1265 3981 qua:
1296 3913 1560 3981 quondam
1593 3914 1706 3967 sola
1733 3914 1963 3983 vigebat,

531 4000 737 4057 Caelebs
767 4003 871 4057 vita
903 4002 1058 4069 foret,
1082 4004 1201 4058 talis
1229 4020 1325 4059 nec
1351 4006 1592 4075 conjugis
1622 4023 1856 4075 unquam

528 4091 753 4146 Foedera
781 4093 1056 4159 sensisset,
1082 4094 1265 4148 comiti
1293 4110 1395 4147 non
1424 4096 1637 4150 subdita
1664 4112 1857 4163 pravm.

600 4183 709 4238 llac
730 4183 889 4254 igitur
914 4185 1068 4253 rigidi
1092 4196 1390 4241 commotus
1421 4195 1596 4243 mente
1622 4189 1866 4257 Creator,

527 4274 838 4330 Maerentem
876 4275 1036 4330 celsis
1069 4278 1354 4347 compellat
1378 4278 1600 4335 vocibus
1633 4279 1819 4332 Evam.

528 4366 632 4420 Cur
659 4366 910 4421 miserum
952 4367 1139 4422 labens
1167 4369 1372 4423 traxisti
1403 4370 1455 4423 iu
1481 4386 1646 4440 prona
1678 4373 1963 4427 maritum?

526 4456 634 4511 Nec
666 4466 915 4511 contenta
945 4468 1037 4513 tuo
1063 4459 1332 4527 deceptiix
1364 4459 1557 4516 femina
1596 4476 1743 4527 casu,

525 4548 752 4603 Sublimi
781 4563 994 4603 sensum
1019 4549 1193 4618 jecisti
1222 4567 1286 4605 ex
1312 4565 1433 4606 arce
1460 4554 1706 4609 virilem?

524 4636 613 4692 Illa
644 4638 869 4707 pudens,
892 4640 1135 4710 tristique
1155 4655 1319 4707 genas
1338 4642 1534 4697 suffusa
1562 4647 1783 4710 rubore,

523 4732 808 4782 Auctorem
831 4730 1049 4785 sceleris
1071 4731 1266 4785 clamat
1294 4734 1513 4803 decepta
1541 4735 1853 4802 draconem,

522 4818 621 4884 Qui
652 4832 867 4886 pomum
894 4823 1056 4875 vetito
1080 4824 1341 4891 persuasit
1363 4833 1578 4893 tangere
1607 4842 1807 4893 morsu,

591 4907 714 4962 Post
745 4908 858 4963 haec
883 4911 1091 4965 finalem
1126 4915 1318 4981 promit
1356 4916 1619 4970 sententia
1650 4916 1842 4986 legem,

518 4996 944 5069 Serpentemque
965 5017 1114 5056 reum
1143 5005 1310 5072 prima
1340 5007 1417 5061 sic
1438 5022 1568 5062 voce
1600 5012 1821 5066 notavit.

516 5090 596 5146 Tu
619 5092 857 5160 coluber,
890 5098 1043 5163 cujus
1072 5100 1309 5166 peccavit
1337 5100 1529 5155 femina
1560 5101 1774 5169 fraude,

515 5180 834 5250 Errorisque
858 5187 1025 5239 Virum
1047 5198 1349 5244 consortem
1381 5191 1610 5246 reddidit
1632 5193 1769 5263 ipsa,

512 5269 739 5341 Propter
767 5281 1049 5344 utrumque
1076 5292 1221 5343 reus,
1244 5280 1447 5346 pendes
1489 5282 1631 5351 quod
1669 5281 1798 5339 fecit
1843 5294 2083 5356 uterque.

509 5362 621 5419 Nec
644 5364 737 5419 tibi
764 5365 976 5420 sublimi
1006 5369 1271 5424 constabit
1301 5382 1518 5440 pectore
1550 5384 1757 5441 vertex,

508 5452 709 5509 Callida
735 5456 831 5511 sed
860 5472 1058 5526 pronus
1088 5477 1182 5529 per
1211 5472 1405 5520 terram
1442 5479 1655 5535 pectora
1684 5470 1867 5524 volves
1894 5487 1908 5524 :

512 5543 683 5615 thue
713 5546 831 5617 fuga
864 5550 1070 5618 trepido
1096 5554 1307 5609 sinuosa
1331 5559 1595 5613 volumina
1627 5572 1866 5629 currant,

508 5638 622 5693 Non
646 5652 864 5708 gressus
883 5643 975 5699 sed
1002 5644 1181 5715 lapsus
1210 5650 1332 5716 erit,
1367 5660 1522 5720 teque
1553 5654 1665 5722 ipse
1692 5656 1935 5723 sequeris

500 5725 778 5818 flexibus,
812 5742 867 5788 et
894 5737 1066 5805 spiras
1094 5737 1322 5796 viventia
1348 5743 1559 5799 vincula
1591 5754 1830 5803 nectent.

2149 424 2199 481 A
2226 429 2358 483 Tum
2393 441 2608 498 propter
2638 445 2848 487 suasam
2880 435 3198 490 miserorum
3221 435 3474 492 cordibus
3506 451 3706 506 escam,

2236 518 2504 573 Tellurem
2525 532 2767 589 captans,
2799 535 2951 591 pastu
2979 525 3213 579 vesceris
3238 526 3379 579 inani
3408 543 3425 591 ;

2237 611 2504 665 Meusibus
2535 623 2588 666 et
2616 613 2777 668 certis
2805 629 3001 683 supero
3030 615 3282 683 depulsus
3303 616 3369 670 ab
3392 617 3548 682 orbe,

2234 704 2475 758 Inclusus
2506 706 2661 761 terris
2696 707 2967 761 communi
2998 707 3113 761 sole
3145 708 3372 762 carebis.

2233 793 2376 849 luter
2414 804 2603 850 cuncta
2648 794 2858 865 replent
2892 813 3009 867 quzc
3041 814 3183 853 noue
3228 797 3514 852 animantia
3562 800 3803 856 mundum

2232 887 2433 940 Auctor
2453 888 2639 940 mortis
2668 888 2794 953 eris,
2827 888 2922 942 fies
2946 890 3129 958 gravis
3151 891 3398 945 omnibus
3426 891 3640 947 horror.

2234 971 2505 1047 Prmeipue
2527 979 2709 1035 infelix
2734 980 2944 1045 mulier,
2973 997 3092 1036 cum
3125 983 3274 1050 prole
3299 984 3499 1050 futura,

2232 1069 2320 1124 Sic
2349 1070 2652 1126 inimicitias
2679 1072 2801 1125 odio
2830 1083 3079 1127 currente
3104 1084 3351 1144 reponat,

2229 1161 2445 1215 Semina
2476 1162 2764 1217 seminibus
2791 1163 3043 1217 mandent
3086 1173 3142 1219 ut
3171 1174 3293 1219 vota
3320 1166 3571 1221 nocendi.

2229 1248 2482 1304 lusistens
2505 1264 2719 1321 semper
2749 1253 2953 1321 pavida:
2980 1254 3261 1309 sectab‘ere
3288 1257 3523 1321 calcem;

2234 1340 2479 1395 Couterat
2510 1341 2596 1394 illa
2625 1352 2803 1412 caput,
2828 1343 3195 1413 victoremque
3227 1344 3409 1398 ultima
3434 1346 3635 1401 vincat.

2300 1433 2427 1487 Post
2450 1433 2565 1487 haec
2591 1434 2870 1488 attonitam
2893 1433 3062 1489 Judex
3096 1445 3395 1489 commotus
3423 1436 3473 1489 in
3504 1436 3688 1503 Evam,

2232 1526 2293 1580 At
2321 1533 2397 1591 tu,
2427 1541 2544 1593 qua:
2573 1525 2798 1594 primam
2821 1524 3030 1579 violasti
3059 1526 3253 1580 femina
3291 1526 3484 1597 legem,

2228 1615 2421 1685 Arcipe
2444 1616 2752 1671 succiduum
2781 1616 2903 1671 vitze
2926 1617 3064 1687 quod
3096 1627 3259 1672 restat
3290 1618 3339 1672 in
3367 1634 3560 1673 aevum.

2228 1703 2510 1774 Imperium
2540 1708 2744 1776 patiere
2775 1707 2897 1773 tori,
2940 1707 3321 1777 dominumque
3365 1708 3578 1763 timebis

2157 1784 2198 1843 Β
2227 1796 2396 1863 Quem
2426 1796 2630 1850 socium
2662 1796 2911 1851 dederam
2946 1814 2959 1850 :
2993 1798 3204 1867 parebis
3232 1797 3441 1852 subdita
3464 1798 3649 1868 jussis.

2228 1888 2293 1942 Et
2314 1899 2529 1941 curvata
2561 1896 2721 1957 caput
2749 1888 2928 1943 libitus
2956 1903 3205 1945 assuesce
3230 1889 3430 1945 viriles.

2230 1980 2459 2049 Moxque
2488 1979 2574 2033 ubi
2603 1980 2912 2049 concipiens
2941 1980 3104 2035 fetum
3140 1983 3480 2050 praesenserit
3508 1982 3679 2047 alvus,

2229 2072 2444 2129 Ventris
2472 2088 2607 2127 onus
2628 2075 2825 2143 gemitu
2855 2074 3158 2137 testaberis,
3192 2088 3253 2127 ac
3279 2074 3370 2128 tibi
3400 2074 3640 2128 clausum

2228 2163 2397 2219 Anxia
2422 2175 2750 2219 crescentem
2785 2165 3068 2233 portabunt
3097 2164 3302 2219 viscera
3334 2163 3569 2229 fascem;

2230 2258 2407 2313 Donec
2433 2267 2700 2313 transacto
2725 2258 2933 2312 fastidia
2957 2266 3196 2327 tempore
3225 2257 3523 2324 complens,

2228 2350 2476 2407 Naturale
2499 2351 2693 2404 malum
2722 2360 2873 2420 partu
2903 2350 3001 2404 sub
3031 2350 3243 2404 vindice
3274 2349 3472 2419 pendat

2227 2440 2535 2498 Producens
2567 2444 2728 2496 vitam
2764 2442 2939 2511 proles
2968 2442 3045 2495 sic
3072 2456 3230 2510 poena
3262 2442 3516 2510 parentis.

2225 2532 2360 2600 Quid
2391 2532 2599 2588 diversa
2621 2533 2813 2600 loquar
2836 2541 2959 2603 post
2983 2533 3092 2603 jam
3114 2532 3425 2587 discrimina
3450 2531 3679 2587 matris?

2225 2623 2356 2678 Nam
2378 2639 2497 2678 cum
2532 2623 2778 2693 prreduro
2807 2624 2999 2678 mulier
3018 2622 3263 2678 confecta
3299 2623 3483 2678 labore

2226 2717 2469 2785 Optatam
2493 2716 2732 2771 soboiem
2770 2715 2859 2770 tali
2890 2716 3204 2785 produxeris
3235 2725 3377 2781 ortu,

2225 2808 2453 2876 Lugcbis
2483 2821 2678 2862 vacuos
2706 2808 3086 2875 nonnunquam
3136 2808 3320 2863 orbata
3351 2806 3589 2863 dolores.

2296 2901 2498 2954 luterea
2532 2900 2772 2969 trepidus
2797 2900 2906 2969 jam
2930 2893 3125 2955 dud‘um
3148 2902 3374 2956 sustinet
3401 2900 3593 2967 Adam,

2224 2992 2359 3059 Quid
2383 2991 2485 3047 sibi
2519 2991 2776 3046 terribilis
2799 2991 3011 3046 tandem
3039 2993 3303 3047 sententia
3326 3000 3528 3047 servet.

2222 3085 2317 3139 Cui
2342 3092 2512 3153 pater,
2543 3084 2799 3148 Attentis,
2826 3085 3019 3155 inquit,
3046 3100 3188 3140 nunc
3214 3084 3434 3139 auribus
3460 3095 3514 3139 et
3537 3094 3589 3137 tu

2140 3150 2187 3212 ϐ
2226 3150 2418 3246 Acci—pe
2448 3150 2572 3246 quid
2597 3192 2866 3246 mereare,
2887 3150 3019 3232 levis
3042 3192 3199 3247 quem
3232 3177 3427 3231 femina
3454 3174 3600 3229 vicit.

2223 3266 2500 3335 lmpolluta
2532 3268 2677 3338 prius
2700 3268 2922 3337 puli-bro
2944 3269 3042 3323 sub
3068 3270 3307 3337 germine
3338 3266 3516 3328 tellus.

2223 3359 2336 3413 Non
2355 3360 2463 3426 jam
2494 3360 2596 3414 fida
2626 3360 2778 3425 satis,
2810 3373 2910 3413 nec
2937 3375 3069 3426 puro
3102 3359 3308 3413 semine
3338 3356 3590 3425 simplex,

2226 3455 2453 3509 PriStina
2482 3453 2801 3508 monstrabit
2832 3464 3143 3522 carruptum
3173 3462 3318 3521 terga
3346 3466 3440 3519 per
3467 3450 3669 3513 orbem,

2224 3548 2583 3616 Exemploque
2612 3555 2702 3600 tuo
2729 3560 2944 3614 semper
2977 3546 3069 3600 tibi
3103 3554 3247 3598 terra
3271 3543 3558 3607 rebellans,

2224 3638 2485 3706 Vepribu»
2509 3653 2572 3692 ac
2598 3638 2806 3691 tribulis
2839 3645 3045 3691 armata
3077 3637 3329 3690 resistere
3356 3633 3549 3689 discet.

2220 3730 2324 3783 Aut
2351 3730 2393 3783 si
2428 3728 2685 3799 frangenti
2717 3728 2913 3783 cedens
2943 3726 3254 3781 succumbet
3284 3732 3483 3785 aratro,

2220 3819 2462 3874 Vomeris
2490 3828 2542 3873 et
2574 3820 2676 3873 fixo
2704 3818 2937 3873 mordaci
2963 3816 3122 3871 ciente
3147 3816 3363 3869 subacta
3394 3828 3495 3877 ρει,

2219 3911 2434 3979 Pinguia
2465 3910 2733 3978 decipient
2758 3910 2978 3962 mentito
3000 3923 3031 3976 g
3069 3907 3239 3961 rmine
3273 3905 3433 3958 culta.

2214 4003 2344 4057 Nam
2376 4017 2472 4071 pro
2505 4002 2714 4056 triticeo
2743 4002 2922 4055 lolium
2954 4014 3274 4067 consurgere
3304 3999 3499 4063 fructu,

2217 4095 2276 4149 Et
2309 4095 2458 4149 ﬁctas
2487 4103 2713 4163 segetes,
2742 4107 3041 4160 vacuaSqne
3061 4092 3268 4146 dolebis
3292 4105 3508 4155 avenas,

2212 4187 2297 4242 Sic
2325 4189 2407 4241 vix
2434 4196 2697 4241 extortum
2732 4187 3024 4254 producent
3048 4184 3233 4252 jugera
3260 4199 3472 4251 panem,

2214 4278 2421 4334 Sudore
2449 4277 2667 4331 as>iduo
2694 4276 2871 4331 nitens
2899 4291 3056 4345 quem
3088 4284 3262 4329 sumat
3290 4284 3518 4344 egestas,

2212 4369 2623 4438 lllecebramque
2651 4368 2751 4422 cibi
2786 4367 3007 4438 pmnalis
3038 4367 3268 4421 vindicet
3294 4382 3436 4422 esca.

2210 4459 2488 4530 [Equalem
2519 4460 2688 4514 brutis
2727 4460 2921 4513 facient
2948 4459 3038 4513 tibi
3071 4457 3259 4527 pabula
3290 4459 3472 4517 vitam.

2130 4516 2184 4577 Β
2209 4555 2276 4608 Ει
2304 4553 2460 4609 simul
2492 4553 2773 4608 berbarmn
2806 4566 2992 4607 succos
3024 4562 3336 4621 pastumque
3377 4552 3674 4620 requirens.

2207 4645 2456 4699 Stercore
2481 4641 2745 4695 consimili
2776 4641 3026 4709 depressa
3058 4640 3363 4710 gravabitur
3386 4641 3555 4694 alvus.

2206 4738 2529 4793 Erumnosa
2560 4736 2647 4790 diu
2682 4736 2920 4789 volvetnr
2951 4736 3141 4789 talibus
3171 4743 3321 4794 tetas.

2208 4829 2385 4882 Donec
2414 4828 2779 4895 rrmscriptum
2812 4837 3007 4894 ponant
3038 4825 3128 4879 tibi
3156 4825 3345 4879 sazcula
3372 4825 3550 4890 tinem,

2208 4921 2273 4976 Et
2299 4930 2572 4989 compacta
2597 4921 2707 4971 luto
2734 4919 3010 4972 solvantur
3040 4928 3280 4985 tempore
3308 4917 3569 4969 membra.

2203 5011 2354 5067 Liuio
2383 5011 2640 5065 formatus
2668 5024 2852 5064 rursus
2875 5009 3130 5076 retligcris
3154 5009 3205 5061 iu
3237 5023 3444 5061 arvum.

2199 5105 2337 5158 Ante
2365 5113 2538 5157 tamen
2572 5101 2839 5169 proprium
2870 5099 2977 5153 nati
3002 5112 3335 5167 prmcurrere
3361 5095 3563 5150 lethum

2197 5194 2530 5263 Conspicies,
2566 5207 2858 5261 pceoasque
2891 5199 3007 5244 tuas
3041 5191 3090 5243 in
3122 5188 3269 5256 prole
3303 5187 3534 5253 videbis,

2200 5287 2267 5343 Ut
2295 5283 2576 5341 metuenda
2609 5286 2776 5353 magis
2806 5292 3057 5336 cernatur
3080 5281 3264 5334 mortis
3293 5279 3496 5348 imago;

2195 5379 2457 5434 Peccasse
2479 5389 2737 5445 agnoscas
2762 5374 2888 5443 quid
2922 5376 3016 5440 sit,
3049 5372 3174 5443 quid
3203 5383 3411 5426 mortua
3442 5371 3581 5432 ﬂeri,

2194 5475 2399 5541 Quidve
2421 5473 2574 5526 mori.
2610 5470 2687 5525 Ae
2714 5484 2781 5525 ne
2808 5468 2933 5538 quid
2964 5468 3103 5523 desit
3129 5467 3217 5521 tibi
3248 5465 3385 5519 ferte
3418 5464 3675 5519 malorunt

2194 5569 2323 5634 Qua:
2352 5563 2674 5634 castigandis
2700 5567 2982 5629 corruptus
3010 5557 3235 5629 parturit
3265 5557 3437 5619 orbis.

2193 5658 2381 5711 Acrior
2406 5658 2668 5710 immenso
2695 5652 3003 5707 miscebitur
3024 5650 3102 5703 ira
3129 5647 3301 5703 dolori
3322 5666 3336 5705 ;

2191 5747 2322 5806 Nam
2352 5761 2470 5803 cum
2492 5746 2663 5812 prima
2696 5743 2785 5802 tibi
2818 5741 3114 5813 producent
3137 5748 3376 5811 tempora
3408 5748 3590 5805 natos,
