4046 6170
227 280 321 334 5“
1518 272 1889 327 POEMATUM
1931 273 2131 328 LIBER
2175 273 2258 330 III.

221 398 391 453 Livor
415 397 547 451 edax
577 405 726 451 arcto
746 396 971 450 certab't
998 396 1165 451 limite
1193 395 1369 448 mundi
1398 413 1409 447 :

222 488 341 544 Nec
362 489 475 557 jam
506 488 736 543 sufficiet
765 502 961 542 vacuus
992 505 1090 555 qua
1123 488 1350 541 tenditur
1372 488 1536 551 orbs,

228 578 358 630 fota
385 596 471 647 lue
496 580 762 648 germanis
787 580 1078 648 stringetur
1102 590 1237 632 terra
1275 579 1505 631 duobus.

226 669 383 723 Alter
408 672 457 721 in
490 670 707 723 alterius
731 677 1015 737 c-tnsnrgvt
1037 670 1217 722 funera
1250 667 1431 731 frater,

218 760 613 829 Telluremque
640 776 828 814 novam
857 770 1081 829 cognato
1103 761 1359 828 sanguine
1389 761 1571 828 tinget.

224 849 362 906 Exin
404 854 705 920 poSteritas.
736 855 908 909 varios
934 868 1151 922 passura
1185 854 1421 916 Iuberes,

222 944 461 998 Casibus
490 948 541 997 in
567 947 746 1000 multis
774 946 1013 999 mortalia
1040 944 1216 999 debita
1243 944 1454 1012 pendet,

223 1035 363 1090 Dum
399 1048 635 1091 veterem
668 1038 856 1091 ductus
882 1038 1137 1092 dissolvat
1168 1049 1298 1090 term
1326 1052 1422 1090 nus
1452 1036 1664 1097 orbem,

222 1130 263 1181 υ
300 1128 456 1181 ρίὼι
487 1144 647 1183 omne
676 1129 879 1198 vigens,
912 1128 1135 1198 finisque
1168 1128 1444 1195 redargnat
1474 1135 1611 1179 orta.

221 1222 519 1288 Audierat,
544 1232 849 1289 matrumque
878 1221 1021 1274 dedit
1046 1221 1333 1275 conterrita
1367 1220 1544 1274 tellus.

295 1314 399 1365 llis
431 1312 585 1366 Pater
609 1312 807 1366 exactis
830 1312 1098 1365 hardormn
1128 1312 1352 1381 pell.bus
1381 1312 1565 1366 ambos

220 1404 429 1469 Induit,
461 1416 518 1459 et
542 1422 653 1460 sam
672 1416 720 1459 ta
754 1404 979 1474 paradisi
1007 1404 1074 1459 ab
1098 1404 1224 1459 sede
1256 1404 1458 1473 rejeci'.

220 1496 379 1551 Tune
419 1498 576 1550 terris
601 1496 843 1550 ercidere
870 1496 1051 1559 simul,
1088 1493 1451 1563 mundumque
1475 1502 1749 1548 vacantem

221 1590 464 1653 latrant,
506 1596 561 1642 et
590 1587 751 1641 celeri
784 1587 1105 1655 perlustrant
1131 1587 1309 1640 omnia
1331 1600 1509 1640 cursu.

222 1679 584 1735 (Jerminibus
604 1692 901 1749 quanquam
929 1678 1109 1742 variis,
1140 1688 1191 1731 et
1214 1676 1453 1745 gramine
1483 1677 1643 1744 picla,

3384 289 3416 343 5

3432 288 3448 339 l

3455 287 3488 341 Ξ

1844 396 1893 451 Α
1925 395 2170 450 ΒΙ.ιιιιΙίον
2199 410 2251 452 et
2285 400 2427 454 fesso
2456 400 2644 455 feritas
2675 402 3003 457 medicabilis
3034 402 3096 455 ad
3114 402 3191 469 ait,

1916 488 2037 543 Sola
2074 489 2344 545 hominum
2375 492 2544 546 nescit
2573 506 2723 546 meus
2754 506 2968 561 semper
2993 493 3125 545 dura
3160 493 3360 547 moveri

1919 581 2063 645 llaec,
2092 582 2182 636 sed
2218 582 2423 636 diversa
2457 583 2667 651 penitus
2696 583 2819 637 dum
2847 592 2992 637 sorte
3018 592 3298 652 geruntur,

1920 676 2236 745 Impendens
2259 677 2435 731 obitus
2461 678 2659 745 pariter
2684 677 2908 746 pulsavit
2938 687 3241 742 utrumque,

1920 768 2091 824 Divite
2112 780 2396 838 prmvento,
2426 786 2692 839 nunquam
2723 770 2812 839 qui
2830 768 3069 823 credidit
3098 769 3233 822 istud
3259 786 3273 823 :

1919 866 2124 931 Pauper
2154 864 2219 918 ad
2252 874 2483 934 optatam
2516 865 2673 935 longo
2701 866 2787 918 vix
2816 873 3058 932 tempore
3088 877 3261 916 morte
3287 880 3315 913 ιι

1919 957 2045 1010 Post
2070 956 2233 1019 venit,
2266 968 2316 1008 et
2345 957 2519 1011 vietor
2545 955 2763 1010 morbos
2790 963 3042 1023 artusque
3069 954 3345 1023 relinquit.

1918 1047 2010 1100 llle
2037 1046 2270 1113 quidem,
2301 1046 2440 1101 celsa
2470 1046 2555 1115 qui
2587 1045 2784 1099 dudum
2816 1043 2999 1098 floruit
3027 1059 3171 1109 arce,

1922 1138 2155 1192 Fletibus
2185 1137 2249 1190 ad
2282 1138 2539 1191 tumulum
2572 1137 2766 1204 stipato
2800 1136 2982 1189 funere
3015 1134 3204 1198 fertur,

1920 1231 2223 1297 Auratoqne
2253 1228 2407 1281 datur
2435 1226 2679 1281 Conditus
2710 1229 2945 1280 membra
2979 1226 3245 1293 sepulcro,

1925 1320 1987 1373 Et
2016 1320 2242 1387 pretiosa
2276 1328 2457 1386 tegunt
2486 1320 2683 1371 elatum
2714 1318 2871 1371 lintea
2908 1334 3160 1370 marmor.

1922 1412 2150 1479 Spiritus
2177 1409 2426 1463 abstruso
2453 1409 2546 1462 sed
2579 1425 2696 1462 rnox
2728 1410 2988 1462 demissus
3018 1423 3219 1461 averno

1923 1502 2109 1556 Incidit
2139 1512 2367 1555 aeternas
2398 1516 2492 1569 per
2519 1516 2657 1554 smva
2691 1500 2931 1554 incendia
2968 1516 3172 1567 poenas.

1922 1592 1965 1646 E
1993 1608 2216 1661 quarum
2251 1591 2425 1645 medio
2455 1590 2668 1644 snbiimi
2701 1592 2751 1643 in
2784 1590 2909 1643 sede
2938 1591 3165 1644 locatum

1927 1682 2072 1737 llaud
2108 1682 2289 1749 procul
2317 1682 2441 1752 (hoc
2470 1690 2616 1736 certe
2647 1691 2916 1747 censetur,
2942 1696 3063 1735 nam
3096 1682 3279 1750 procul
3312 1681 3455 1747 inde,

223 1773 289 1826 Et
315 1772 532 1827 virides
551 1785 786 1841 campos,
822 1770 1100 1838 fontesque
1121 1778 1173 1824 et
1197 1767 1413 1822 ﬂumina
1451 1777 1774 1833 monstrans,
1845 1759 1891 1819 Β
1926 1773 1991 1829 Ut
2016 1776 2169 1828 docet
2199 1774 2446 1843 eventus)
2475 1774 2680 1829 sinibus
2709 1774 2985 1841 conspexi;
3017 1784 3266 1828 omnem

223 1864 331 1919 Illrs
366 1864 521 1919 {teda
554 1876 727 1918 tamen
758 1865 961 1932 species
989 1864 1251 1918 mundana
1279 1872 1487 1933 putatur

221 1955 373 2019 Post,
413 1956 685 2023 paradise,
716 1966 876 2021 tuam,
901 1963 1069 2009 totum
1098 1956 1442 2010 cern--ntibus
1471 1955 1671 2019 horret,

223 2049 411 2117 L’tque
446 2047 723 2101 hominum
749 2062 866 2101 mos
889 2057 991 2111 est,
1024 2047 1139 2113 plus
1160 2046 1299 2116 quod
1322 2048 1553 2100 cessavit
1585 2058 1810 2099 amatur.

219 2142 571 2205 Angustatur
613 2137 825 2202 humus,
871 2138 1220 2207 strictumque
1259 2136 1598 2206 gementibus
1629 2137 1813 2190 orbem

220 2226 531 2281 Terrarum
558 2227 676 2280 finis
704 2242 806 2279 non
838 2225 1075 2280 cernitur
1109 2234 1162 2281 et
1191 2238 1366 2281 tamen
1395 2226 1575 2279 inStat.

219 2320 457 2389 Squalet
487 2327 545 2372 et
573 2318 683 2386 ipse
708 2317 838 2383 dies,
863 2326 1150 2371 causantur
1176 2317 1289 2371 sole
1314 2317 1416 2371 sub
1444 2318 1557 2383 ipso

220 2411 570 2464 Subductam
601 2410 793 2475 lucem,
823 2410 959 2463 etelo
984 2424 1238 2478 suspensa
1269 2418 1475 2464 remoto

219 2506 385 2559 Astra
421 2509 669 2571 gemunt,
701 2509 980 2569 tactusque
1012 2500 1158 2569 prius
1192 2500 1277 2553 vix
1307 2499 1544 2553 cernitur
1573 2499 1708 2552 axis.

288 2595 459 2648 Tunc
492 2595 633 2648 inter
657 2607 814 2648 curas
843 2592 1093 2662 permixti
1126 2591 1249 2647 felle
1274 2590 1497 2655 doloris,

220 2684 474 2740 Afi‘ectus
501 2698 726 2738 sensere
755 2697 942 2751 novOs,
968 2694 1023 2737 et
1052 2692 1265 2752 pectora
1298 2682 1513 2749 pulsam

219 2774 484 2831 Nondum
513 2783 818 2843 compertas
843 2772 1142 2843 prorumpit
1172 2772 1325 2826 fletus
1356 2772 1406 2825 in
1438 2771 1623 2833 undas,

219 2864 584 2933 Attentisque
610 2864 760 2934 genis
785 2864 1016 2933 injussus
1045 2863 1230 2917 defluit
1254 2862 1465 2916 humor.

221 2959 381 3013 Ilaud
416 2957 587 3012 aliter
612 2958 761 3011 vivax
789 2956 1043 3026 deceptus
1070 2955 1210 3010 mole
1237 2955 1436 3010 caduca

217 3050 493 3119 Spiritus,
527 3049 744 3117 impleto
769 3051 915 3104 venit
942 3063 1063 3103 cum
1094 3048 1351 3104 terminus
1381 3063 1516 3109 :evo,

219 3141 355 3195 Post
380 3140 601 3195 obitum
631 3148 843 3207 peccata
870 3138 1049 3203 dolet;
1085 3148 1195 3193 tum
1222 3139 1475 3208 quidquid
1508 3139 1743 3208 iniquum

218 3230 477 3285 Gesserit
508 3229 579 3283 ad
607 3238 838 3284 mentem
869 3238 1105 3295 revocat,
1138 3238 1245 3283 tum
1279 3230 1504 3298 paenitet
1528 3228 1703 3283 omnis

220 3322 497 3376 Errorum
531 3320 732 3389 lapsus,
764 3330 936 3375 semet
961 3334 1095 3388 quos
1120 3320 1300 3389 judice
1329 3319 1581 3384 damnat;

219 3412 288 3467 Et
319 3403 374 3467 si
404 3412 702 3481 praeterita:
733 3411 989 3466 reddatur
1015 3412 1166 3479 copia
1197 3413 1339 3477 vitae,

217 3505 445 3572 Sponte
471 3502 610 3557 ferat
635 3517 981 3572 quoscunque
1007 3502 1206 3557 dabunt
1234 3502 1479 3555 mandata
1515 3501 1746 3555 labores.

286 3595 542 3649 Sanctus
569 3608 796 3663 namque
824 3594 989 3648 refert
1014 3593 1079 3647 de
1108 3593 1335 3662 quodam
1366 3592 1529 3647 divite
1557 3592 1747 3658 Lucas,

216 3688 396 3751 Quem
437 3684 609 3739 nimio
636 3685 758 3738 luxu
787 3684 1086 3739 dissolvens
1111 3685 1212 3737 vita
1247 3684 1479 3738 fovebat.

216 3776 341 3847 Ipse
374 3777 743 3833 cothurnatus
770 3777 1015 3845 gemmis,
1045 3784 1099 3830 et
1130 3774 1360 3844 fulgidus
1386 3788 1539 3841 auro,

216 3871 415 3926 Serica
459 3868 542 3923 bis
569 3868 736 3923 coctis
766 3868 1004 3922 mutabat
1032 3867 1263 3935 tegmina
1296 3866 1499 3921 blattis.

216 3962 354 4017 Inde
385 3970 458 4013 ιιι
486 3960 835 4015 bacchantem
867 3960 1163 4013 Suasisseut
1193 3969 1431 4027 tempora
1463 3972 1727 4021 mensam,

214 4051 546 4106 Currebam
575 4051 767 4117 e,:ulm,
798 4059 941 4104 totus
971 4064 1104 4120 quas
1132 4051 1356 4119 porrigit
1384 4052 1553 4104 orbis.

216 4144 487 4211 Cumque
518 4144 830 4211 peregrinus
855 4142 1057 4212 frugem
1088 4141 1323 4197 misisset
1352 4156 1597 4205 acervus,

217 4236 511 4290 Fervebat
539 4234 770 4302 priscum
798 4234 1050 4302 crystallo
1079 4234 1290 4302 algente
1320 4234 1624 4287 Falernum.

219 4326 399 4379 livida
432 4326 570 4392 quin
602 4325 762 4379 etiam
794 4325 1093 4379 miscebant
1120 4325 1363 4380 cinnama
1393 4323 1557 4389 thuri,

218 4419 290 4473 I'It
315 4416 516 4472 suffita
543 4416 729 4470 domus
760 4415 939 4486 pingui
964 4416 1233 4486 fragrabat
1259 4429 1492 4469 amomo.

1922 1865 2151 1919 Abrahae
2177 1865 2305 1933 justi
2338 1874 2597 1919 mutatum
2633 1864 2681 1918 in
2716 1881 2950 1934 paupere
2981 1868 3204 1931 vultum,

1922 1955 2031 2010 Nec
2062 1954 2179 2024 ejus
2209 1955 2464 2019 similem,
2498 1960 2655 2024 quem
2687 1955 2887 2010 dudum
2922 1958 3040 2009 luce
3071 1967 3363 2024 reCt'pltlm,

1920 2050 2124 2117 Quarto
2156 2048 2292 2103 forte
2322 2048 2407 2103 die
2433 2048 2516 2101 vix
2546 2048 2823 2117 quisquam
2863 2049 3037 2115 largus
3067 2046 3339 2110 humandi,

1922 2139 1999 2195 Ne
2025 2142 2133 2194 cito
2162 2139 2462 2208 dispersum
2496 2148 2697 2193 natura:
2729 2138 2844 2207 lege
2873 2139 3101 2192 cadaver

1924 2231 2049 2285 Dira
2080 2230 2432 2300 frequentatae
2462 2231 2707 2298 contagia
2739 2229 2972 2283 mitteret
3006 2228 3145 2295 urbi,

1922 2323 2201 2379 Obtectum
2237 2321 2423 2376 laceri~
2458 2322 2602 2376 tenui
2632 2322 2895 2376 velamine
2924 2321 3137 2390 pannis,

1924 2416 2149 2469 Naribus
2180 2413 2412 2467 astrictis
2443 2412 2580 2467 nuda
2614 2412 2802 2467 tellure
2833 2412 3046 2466 locavit.

1925 2503 2191 2573 Angelicis
2223 2504 2465 2557 manibus
2496 2514 2622 2557 tunc
2646 2503 2698 2557 in
2729 2502 2955 2557 sublime
2986 2502 3207 2560 levatus.

1922 2598 2039 2653 Jam
2067 2598 2239 2663 dives,
2266 2597 2374 2666 jam
2403 2611 2568 2649 sanus
2590 2606 2707 2650 erat
2731 2612 2744 2648 :
2776 2604 3072 2665 contraque
3099 2595 3334 2661 superbi,

1923 2691 2024 2758 Qui
2050 2698 2298 2756 rongesta
2332 2699 2521 2744 tenens
2548 2686 2742 2756 opibus
2769 2686 3074 2741 diffluxerat
3102 2686 3312 2753 ampl's,

1924 2781 2085 2835 Arida
2116 2782 2192 2835 sic
2218 2778 2444 2833 ﬂammis
2475 2776 2781 2832 mendicant
2809 2787 3019 2845 guttura
3050 2786 3244 2845 guttas.

1995 2874 2039 2927 0
2071 2882 2240 2941 pater,
2274 2873 2473 2926 electas
2499 2872 2708 2924 animas
2736 2872 2824 2939 qui
2856 2870 2983 2924 sede
3012 2869 3165 2922 beata

1923 2963 2164 3027 Colligis,
2194 2971 2247 3015 et
2276 2961 2481 3015 meritis
2508 2960 2794 3028 dispensas
2824 2958 3039 3029 przemia
3066 2957 3245 3026 justis,

1927 3054 2051 3108 llmc
2077 3068 2175 3122 ego
2204 3068 2308 3105 non
2340 3065 2581 3114 mereor;
2618 3049 2709 3104 sed
2743 3050 2927 3103 saltem
2955 3048 3213 3116 deprecor
3240 3061 3425 3108 unum,

1842 3124 1889 3185 Ο
1926 3146 2159 3200 Lazarus
2186 3153 2243 3197 ut
2270 3142 2469 3197 missus
2494 3143 2671 3196 veniat
2701 3141 2970 3206 digitoque
3000 3139 3228 3192 Ievatmn

1926 3236 2129 3290 Aﬂerat
2158 3235 2261 3290 huc
2290 3234 2455 3288 labris
2484 3232 2797 3287 ardentibus
2827 3233 2948 3284 inde
2979 3232 3263 3299 liquorem,

1925 3328 2131 3395 Quique
2158 3326 2455 3395 refrigerio,
2484 3326 2526 3379 si
2557 3341 2659 3378 non
2689 3326 3005 3379 exstinxerit
3033 3338 3237 3384 Omnes,

1927 3417 2006 3472 Ad
2037 3425 2247 3485 tempus
2275 3415 2464 3469 saltem
2495 3424 2672 3469 tantos
2701 3417 2779 3468 vel
2814 3415 3020 3483 mitiget
3047 3422 3228 3479 aestus,

1926 3509 2105 3564 Donec
2135 3509 2268 3563 fessa
2301 3508 2445 3562 brevi
2476 3508 2741 3577 respirent
2772 3507 3012 3561 membra
3041 3505 3237 3575 quiete.

1925 3600 2128 3654 Taliter
2153 3599 2393 3653 immixto
2421 3598 2669 3668 Iacrymis
2699 3596 2926 3651 stridore
2954 3605 3226 3665 rogantem

1926 3689 2294 3759 Magnanimus
2324 3690 2538 3742 tandem
2565 3688 2853 3756 compellat
2882 3687 2958 3740 sic
2985 3686 3307 3755 patriarcha.

1928 3780 2119 3835 Desine
2146 3780 2255 3849 jam
2286 3794 2432 3834 seras
2460 3780 2724 3834 incassum
2752 3777 2971 3833 fundere
2996 3793 3177 3841 voces,

1929 3872 1996 3923 Et
2022 3885 2213 3927 vacuas
2246 3871 2471 3925 miscere
2505 3884 2719 3937 preces;
2753 3868 2890 3923 haud
2924 3870 3046 3922 talia
3076 3868 3273 3922 dudum

1930 3960 2077 4014 Dicta
2108 3961 2296 4025 dabas,
2328 3960 2529 4014 foribus
2557 3974 2678 4011 cum
2709 3970 2760 4012 te
2784 3957 3076 4027 prandente
3096 3958 3302 4024 jaceret

1931 4049 2048 4118 Ipse
2078 4052 2311 4118 ignotus,
2344 4064 2528 4118 egens,
2562 4064 2723 4117 aeger,
2751 4049 2984 4117 jejunus,
3016 4048 3208 4111 inanis,

1929 4140 2060 4193 Cum
2095 4150 2183 4194 tua
2216 4156 2319 4193 non
2348 4150 2559 4209 caperet
2588 4147 2870 4207 congestos
2897 4152 3077 4191 mensa
3111 4146 3323 4204 paratus

1933 4230 2186 4298 Pauperis
2216 4240 2375 4299 atque
2408 4242 2524 4284 tuas
2553 4244 2654 4282 non
2686 4230 2787 4281 iret
2814 4229 3019 4281 c'amor
3048 4228 3111 4280 ad
3144 4241 3319 4281 aures.

1930 4326 2265 4392 Quapropter
2292 4323 2528 4385 tandem,
2560 4322 2751 4375 librato
2779 4319 3023 4375 examine
3049 4320 3184 4383 veri,

1934 4416 2223 4471 Praeteritaa
2250 4416 2374 4470 vitae
2403 4422 2598 4468 sortem
2625 4412 2880 4481 dependit
2905 4420 3147 4480 uterque,

218 4510 382 4576 Quod
406 4508 810 4576 pelagus.quod
830 4518 970 4562 terra
989 4516 1153 4571 creat,
1176 4508 1318 4577 quod
1343 4508 1559 4561 flumina
1582 4505 1823 4575 gignunt,
1858 4488 1904 4547 D
1936 4507 2311 4576 Permutatque
2339 4506 2514 4569 vices;
2546 4513 2599 4559 et
2630 4512 2680 4559 te
2705 4504 2813 4572 jam
2845 4502 3043 4557 sufficit
3071 4500 3259 4569 amplis

218 4602 503 4657 Certatim
529 4599 731 4653 mensis
759 4600 1071 4655 cedentibus
1101 4599 1337 4669 undique
1369 4600 1539 4655 lassus

222 4693 502 4746 Portabat
530 4691 733 4759 pallens
760 4691 873 4744 auri
902 4706 1023 4745 cum
1052 4691 1197 4745 fasce
1224 4691 1488 4746 minister.

219 4782 553 4853 Languidus
581 4792 704 4836 ante
726 4783 868 4837 fores
896 4798 1097 4852 pauper
1125 4789 1251 4837 tunc
1277 4784 1415 4838 forte
1438 4783 1651 4853 jacebat

218 4874 458 4937 Divitis,
489 4873 764 4928 obstrictis
794 4874 1032 4927 resoluto
1062 4889 1290 4942 corpore
1320 4875 1595 4936 membris,

217 4966 293 5022 Et
318 4964 569 5033 supplex
598 4963 872 5032 poscebat,
900 4978 1083 5031 opem,
1115 4979 1219 5018 non
1248 4979 1469 5019 munera
1495 4974 1735 5034 captans,

217 5058 545 5127 ltelliquias
573 5065 774 5109 tantum
800 5056 894 5111 sed
925 5056 969 5111 si
998 5071 1132 5126 quas
1156 5057 1311 5126 copia
1335 5056 1485 5124 jecit,

217 5151 335 5207 IIas
361 5161 508 5205 tunc
529 5163 815 5217 opperens
835 5148 983 5202 alvus
1008 5149 1189 5218 jejuna
1217 5148 1458 5217 rogabat.

213 5243 331 5299 Sed
365 5240 733 5311 proclamanti
762 5240 911 5294 dives
940 5254 1044 5294 non
1075 5238 1279 5295 addidit
1308 5253 1514 5303 aurem,

210 5332 508 5400 Nullaque
536 5329 872 5399 languentem
907 5329 1076 5399 pietas
1106 5331 1341 5400 respexit
1367 5345 1613 5401 egenum.

209 5425 336 5479 Nec
368 5436 507 5491 qua:
536 5420 817 5488 completis
842 5421 1087 5475 cecidere
1114 5420 1380 5489 superflua
1415 5422 1637 5485 mensis,

210 5512 508 5583 Pauperis
535 5509 603 5563 ad
631 5511 825 5565 vietmn
857 5512 1132 5581 quisquam
1165 5512 1344 5567 dedit:
1380 5514 1599 5579 insuper
1627 5515 1756 5583 aegri

209 5601 553 5672 Despicitur
582 5601 763 5669 facies,
792 5613 846 5658 et
871 5603 1045 5673 putria
1071 5604 1304 5659 vulneris
1334 5604 1577 5658 horrent.

203 5698 494 5769 Cmuque
521 5708 683 5751 canes
712 5695 824 5750 miti
854 5695 1187 5766 perlambant
1215 5696 1393 5751 ulcera
1424 5695 1620 5764 lingua,

1934 4599 2245 4653 Exundasse
2271 4598 2461 4660 bonis;
2493 4596 2703 4649 laetetur
2734 4595 2837 4648 line
2866 4594 3123 4647 malorum

1933 4691 2033 4757 Qui
2063 4690 2232 4743 doluit
2258 4689 2485 4756 ereptis:
2522 4703 2628 4741 non
2659 4694 2741 4741 est
2764 4686 2876 4755 jam
2904 4686 3163 4739 term'nus
3194 4684 3350 4737 ultm.

1937 4781 2159 4850 Insuper
2186 4779 2455 4834 horrcndo
2489 4780 2652 4847 cingit
2680 4779 2769 4847 qui
2802 4777 3012 4831 tramite
3041 4777 3213 4839 limes,

1941 4873 2005 4927 Et
2032 4872 2197 4926 chaos
2224 4871 2493 4941 objectum
2526 4870 2633 4922 lato
2663 4868 2938 4938 distinguit
2965 4868 3129 4931 hiatu,

1938 4962 2053 5018 Non
2084 4963 2211 5016 sinit
2239 4962 2520 5031 abjunctas
2549 4959 2761 5014 misceri
2790 4958 2993 5013 foedere
3021 4965 3224 5026 partes,

1938 5056 2335 5123 Arcessumque
2366 5060 2543 5123 negat,
2573 5051 2652 5105 sic
2676 5050 2827 5105 vobis
2857 5062 3091 5117 semper,
3121 5057 3180 5102 ut
3205 5048 3340 5104 ISIIS.

2012 5144 2107 5197 Ille
2134 5158 2357 5213 gemens
2386 5156 2577 5195 vanum
2610 5140 2833 5210 repetita
2864 5152 2994 5192 voce
3025 5146 3293 5205 precatur.

1940 5234 1996 5289 Si
2028 5235 2099 5289 nil
2134 5242 2255 5304 post
2285 5234 2485 5289 obitum
2516 5232 2734 5301 prodest
2759 5228 3044 5285 commissa
3074 5228 3247 5295 fateri,

1938 5328 2046 5384 Nec
2074 5340 2159 5382 tua
2192 5335 2428 5381 mutatur
2456 5325 2572 5379 fixis
2597 5323 2857 5378 sententia
2885 5320 3084 5381 verbis,

1939 5420 2052 5475 Iloc
2078 5419 2312 5474 concede
2347 5417 2497 5480 mihi,
2530 5414 2673 5467 nulla
2702 5411 2841 5481 quod
2871 5411 2985 5478 lege
3015 5419 3241 5463 velatur.

1939 5517 2158 5583 Fratres
2188 5516 2418 5581 quinque
2447 5509 2607 5563 modo
2635 5505 2917 5560 discedens
2948 5505 3065 5557 luce
3097 5501 3285 5569 relipti
3310 5518 3321 5553 :

1938 5608 2031 5662 llis
2060 5614 2180 5671 peto
2210 5603 2446 5655 mittatur
2477 5598 2565 5666 qui
2598 5596 2752 5650 vivos
2779 5594 3032 5662 corrigat,
3066 5600 3192 5644 ante

1936 5698 1993 5753 ln
2025 5702 2283 5767 tormenta
2311 5688 2500 5747 cadant
2528 5700 2686 5758 quam
2714 5685 2834 5742 talia
2869 5697 3030 5739 carne
3054 5678 3241 5735 soluti.
