4024 6172
494 260 599 318 545

494 376 621 431 Nam
654 374 893 444 quamvis
922 371 1057 425 duro
1086 370 1373 440 persistant
1406 366 1567 419 corde
1597 365 1847 428 rebelles,

495 469 548 524 Si
580 477 757 521 tamen
791 464 1061 519 obstructa
1092 461 1371 530 quisquam
1402 458 1467 511 de
1499 467 1672 511 morte
1700 455 1924 520 rediret,

496 558 724 613 Slredent
751 568 988 623 experto,
1022 566 1311 620 puellasque
1342 550 1541 604 intrare
1570 548 1852 603 timebunt.

496 650 589 705 Ille
617 649 828 718 quidem
864 660 1084 711 poscens
1114 643 1360 698 effectum
1391 657 1493 695 non
1522 643 1665 709 capit
1694 641 1890 704 ullum;

496 740 601 793 Nos
629 746 826 799 autem,
852 736 976 790 dum
1005 736 1109 788 vita
1140 742 1337 798 manet,
1365 733 1491 786 dum
1519 733 1637 786 luce
1663 734 1925 795 v‘gemus,

496 834 632 885 Olim
661 830 896 884 defuncti
929 837 1190 899 perterret
1216 829 1433 882 nuntius
1462 828 1650 881 Adam.

497 922 630 975 Dum
665 922 807 975 locus
836 930 917 976 est
942 919 1123 984 ﬂendi,
1150 919 1276 973 dum
1308 935 1410 973 non
1442 920 1637 987 injusta
1669 929 1944 988 petuntur,

498 1009 603 1065 Nec
633 1011 895 1063 obturatis
926 1009 1167 1078 pulsatur
1192 1010 1354 1079 janua
1385 1010 1571 1065 serris.

566 1101 819 1156 Novimus
851 1116 916 1155 en
946 1100 1141 1165 cuncti,
1173 1102 1298 1171 quid
1328 1102 1533 1171 primus
1560 1101 1824 1171 planxerit
1853 1102 1962 1170 ille,

499 1194 600 1261 Qui
627 1194 806 1263 pulsus
834 1195 1007 1264 prisca
1038 1194 1260 1249 nescivit
1288 1193 1418 1249 sede
1449 1193 1670 1249 reverti.

499 1284 737 1350 Namque
766 1285 966 1339 obitum
997 1284 1281 1353 quemdam
1312 1298 1438 1339 casu
1472 1296 1581 1340 tum
1615 1284 1830 1353 pertulit
1863 1285 2000 1354 ipSo,

500 1376 712 1430 Perdita
747 1392 811 1431 ne
842 1376 1086 1444 precibus
1113 1376 1431 1447 lacrymisve
1462 1377 1741 1432 reduceret
1770 1376 1917 1432 ullis.

501 1468 575 1520 Ex
609 1476 735 1521 tunc
764 1467 1015 1535 paulatim
1045 1452 1188 1521 retro
1217 1469 1462 1537 sublapsa
1494 1469 1680 1524 referri

503 1558 617 1614 Vita
652 1560 814 1627 prior,
843 1563 1111 1630 cmpilque
1142 1562 1295 1614 malis
1326 1562 1497 1615 laxati
1533 1572 1787 1631 potestas.

502 1649 634 1703 Tum
664 1651 781 1703 trist
799 1667 840 1704 ss
869 1653 1059 1717 tnorbi,
1091 1662 1143 1706 et
1172 1654 1302 1707 varii
1335 1654 1547 1708 subiere
1575 1655 1810 1721 dolore=,

501 1740 569 1794 Et
595 1752 844 1810 eorrttpta
874 1742 1002 1796 satis
1030 1743 1142 1796 dira
1178 1745 1497 1812 pinguedine
1528 1748 1682 1800 tellus

501 1833 705 1888 Letbali
739 1834 978 1903 quaedam
1008 1835 1224 1888 suffudit
1254 1838 1493 1903 germina
1526 1852 1707 1891 succo.

501 1925 629 1979 Inde
658 1936 830 1979 truces
858 1926 1048 1981 saevire
1077 1926 1226 1993 fera",
1253 1927 1558 1998 dudumque
1592 1930 1843 1983 timentes

501 2016 710 2070 Excitat
739 2016 803 2070 ad
838 2032 1062 2086 pugnam
1096 2027 1207 2071 tum
1238 2019 1466 2085 primum
1501 2022 1712 2073 conscia
1744 2023 1931 2088 virtus,

500 2106 687 2160 Reddit
723 2116 775 2161 et
805 2120 1037 2162 armalas
1065 2111 1275 2178 unguis,
1299 2110 1454 2178 dens,
1482 2112 1697 2179 u::gula,
1726 2128 1914 2165 cornu.

500 2197 614 2267 Ipsa
641 2199 801 2252 etiam
835 2199 977 2267 leges
1005 2209 1264 2268 ruperunt
1294 2207 1419 2255 tunc
1445 2202 1735 2269 elementa,

505 2289 566 2343 Et
594 2290 796 2343 violare
825 2289 980 2343 fidem
1013 2290 1326 2344 mortalibus
1354 2293 1530 2345 omnia
1562 2304 1792 2348 certant.

500 2380 717 2435 lnllatur
746 2384 919 2437 ventis
952 2384 1189 2451 pelagus,
1220 2384 1503 2437 volvuntur
1531 2394 1585 2438 et
1611 2387 1790 2454 undm,

504 2474 826 2543 Excitosque
856 2489 1048 2526 novum
1078 2477 1333 2543 turgesvit
1365 2486 1556 2544 pontus
1587 2480 1638 2529 in
1670 2488 1879 2533 aestum.

500 2564 649 2617 'I'nnc
681 2564 906 2637 primum
939 2566 1092 2619 tectis
1122 2574 1253 2619 tetra
1283 2568 1508 2636 caligine
1532 2569 1705 2636 C(BIis,

502 2654 739 2723 Ingratos
767 2654 1035 2708 hominum
1067 2657 1387 2726 castigatum
1418 2659 1648 2723 labores,

503 2745 834 2800 Grandineos
860 2747 1064 2816 pavidis
1090 2748 1337 2802 fuderunt
1368 2750 1547 2804 nubila
1581 2753 1815 2820 nimbos,

500 2838 673 2908 Atque
704 2840 859 2907 polus
885 2839 1087 2894 discors
1120 2840 1307 2895 invidit
1336 2843 1573 2911 germina
1606 2849 1791 2900 terris.

502 2930 639 2996 Quin
672 2932 836 3001 magis
867 2931 979 2999 ipsa
1011 2930 1108 2985 sibi
1142 2931 1299 2986 tellus
1326 2932 1548 2988 adversa
1582 2936 1813 3003 negavit,

501 3022 735 3079 Seminis
760 3024 965 3093 excepti
996 3032 1209 3079 vertens
1237 3026 1454 3079 mentita
1483 3029 1735 3082 nitorem.

572 3115 697 3169 llrec
723 3116 918 3184 gemini
948 3117 1175 3184 primum
1205 3130 1486 3171 senserunt
1520 3127 1645 3172 tunc
1678 3120 2012 3187 protoplasti.

502 3207 792 3262 Posteritas
822 3222 942 3261 nam
974 3217 1169 3277 quanta
1202 3206 1345 3262 ferat
1365 3208 1640 3276 dispendia
1671 3227 1874 3277 rerum,

501 3299 639 3364 Non,
665 3298 749 3352 cui
777 3298 858 3354 vel
889 3306 1102 3353 centum
1135 3300 1348 3367 lingum,
1375 3301 1456 3353 vel
1488 3301 1657 3354 ferrea
1689 3318 1785 3357 vox
1821 3318 1859 3356 e.
1884 3311 1925 3371 ι,

504 3392 827 3444 Enumerare
856 3400 1044 3459 queat;
1078 3404 1174 3444 nec
1204 3393 1245 3443 si
1273 3406 1427 3458 quem
1459 3391 1667 3443 Mantua
1702 3394 1865 3455 misit,

504 3482 824 3535 Mmoniusve
850 3492 1043 3534 canant
1067 3481 1275 3536 diversa
1306 3496 1440 3535 voce
1470 3490 1661 3548 poetic.

503 3576 631 3637 Quis
664 3573 797 3626 tales
829 3572 1023 3627 referat
1049 3578 1261 3629 motus?
1292 3577 1409 3644 quis
1438 3575 1666 3645 denique
1694 3576 1853 3632 fando

505 3663 727 3716 Evolvat
756 3669 895 3716 totos
924 3662 1014 3733 qui
1041 3664 1262 3719 volvunt
1291 3668 1481 3720 sarcula
1518 3666 1753 3721 ﬂuetus?

504 3758 667 3807 Arma
695 3752 948 3819 fremunt,
975 3755 1163 3808 crebra
1190 3756 1423 3824 quatitur
1451 3758 1734 3813 formidine
1762 3760 2011 3828 mundus,

503 3846 767 3901 Funditur
794 3846 1024 3916 irriguns
1053 3849 1291 3916 sanguis,
1318 3850 1594 3920 majorque
1622 3852 1817 3907 sititnr.

503 3940 639 4007 Qttid
668 3939 838 3993 dicam
873 3938 1044 3992 celsas
1075 3940 1343 4008 praeclaris
1374 3943 1601 3998 cratibus
1628 3945 1786 3999 urbes

502 4029 561 4083 In
590 4029 797 4084 deserta
825 4028 983 4082 dari?
1013 4030 1235 4099 pupulas
1270 4033 1558 4100 populante
1590 4036 1741 4087 ruina

502 4120 767 4189 Dispergi,
794 4129 847 4175 et
878 4121 1111 4175 lacerum
1138 4124 1348 4176 vacuari
1378 4125 1617 4192 partibus
1646 4126 1873 4179 orbem?

501 4212 731 4267 Servilio
758 4212 908 4266 subdi
941 4212 1208 4277 dominos,
1239 4215 1571 4285 famulosque
1599 4218 1830 4273 vicissim

500 4288 744 4357 Prmferri
772 4302 1022 4367 dominis,
1051 4312 1104 4358 et
1133 4304 1257 4359 belli
1287 4316 1434 4360 sorte
1466 4311 1663 4375 perire,

503 4391 633 4447 Sors
662 4395 872 4460 generis
903 4394 1047 4447 claro
1071 4398 1339 4463 quondam
1368 4412 1501 4465 quos
1532 4398 1791 4466 sanguine
1820 4399 2005 4452 misit?

499 4484 572 4537 At
597 4483 641 4536 si
668 4484 804 4539 forte
835 4485 980 4539 brevi
1007 4489 1351 4554 requiescant
1383 4500 1625 4557 tempore
1654 4490 1811 4556 bella,

499 4574 729 4643 Legibus
756 4586 987 4630 armatas
1020 4575 1195 4630 furere
1224 4577 1277 4630 in
1305 4580 1598 4632 certamina
1633 4581 1774 4645 lites,

498 4662 593 4717 Jus
620 4675 817 4731 anceps
846 4678 1081 4732 pugnare
1111 4662 1247 4732 foro,
1271 4682 1375 4735 quo
1397 4668 1570 4737 jurgia
1603 4669 1824 4723 fratrum

497 4755 614 4810 Non
643 4757 811 4811 levius
837 4758 972 4812 votis
1003 4758 1220 4824 feriunt,
1245 4775 1403 4829 quam
1439 4763 1618 4829 prmlia
1653 4764 1817 4818 telis?

496 4846 603 4902 Sed
632 4848 748 4916 quis
774 4857 895 4902 vota
927 4858 1093 4913 notet,
1118 4851 1351 4905 clament
1379 4867 1498 4906 eum
1532 4854 1665 4908 facta
1699 4859 2026 4912 nocentum?

496 4936 628 5001 Quis
655 4936 869 4991 fraudes
897 4939 951 4992 et
976 4937 1113 4992 furta
1142 4949 1320 5007 gemat
1345 4943 1613 5011 gaudente
1644 4946 1870 5014 rapina?

499 5028 692 5094 Quisve
720 5029 921 5083 minora
954 5029 1121 5084 ﬂeat?
1152 5033 1340 5101 stringi
1371 5049 1471 5090 nec
1501 5038 1729 5093 maxima
1759 5051 2001 5108 possunt.

498 5119 626 5173 lude
654 5122 859 5175 minora
890 5130 1086 5187 tamen,
1116 5124 1161 5178 si
1193 5128 1417 5181 summis
1442 5128 1623 5196 juncta
1659 5144 1948 5188 amentur:

498 5209 628 5265 Nam
661 5228 753 5281 per
779 5228 838 5269 se
864 5213 1064 5268 nullum
1093 5213 1300 5274 facinus
1329 5220 1427 5274 sub
1453 5221 1635 5289 judice
1666 5239 1885 5291 parvum
1915 5236 2016 5284 est.

498 5302 608 5357 Nec
634 5302 799 5359 refert
821 5313 1040 5361 cunctas
1064 5310 1301 5376 percurri
1329 5311 1569 5367 carmine
1599 5328 1812 5370 causas.

497 5398 610 5452 Hoc
642 5411 803 5466 parvo
829 5412 1075 5455 sermone
1101 5401 1319 5470 loquar:
1353 5413 1470 5471 post
1493 5405 1687 5461 damna
1716 5410 1953 5476 priorum

500 5490 577 5545 Nil
605 5505 884 5559 superesse
910 5493 1055 5556 mali,
1080 5494 1223 5562 quod
1256 5510 1358 5548 non
1387 5496 1470 5551 vel
1501 5508 1767 5567 perpetret
1801 5503 1971 5570 orbis,

498 5580 592 5633 γει
625 5585 833 5647 toleret,
866 5582 1051 5650 plenus
1077 5583 1361 5650 scelerum,
1390 5588 1693 5659 pariterque
1723 5592 1994 5661 laborum,

505 5668 560 5724 In
587 5686 708 5727 casu
736 5674 1021 5731 discrimen
1055 5675 1276 5744 habens,
1304 5686 1357 5732 et
1383 5678 1584 5736 crimen
1615 5681 1668 5736 in
1700 5692 1840 5737 actu.

1769 247 1825 302 S.
1869 245 2051 301 AVITI
2094 242 2492 303 \‘IENNENSIS

2093 360 2143 417 A

3660 252 3756 308 3H

2252 359 2357 415 Sed
2389 369 2463 425 tu,
2490 358 2706 415 Christe
2732 368 2947 431 potens,
2976 359 3063 416 cui
3093 374 3308 432 semper
3330 375 3554 432 parcere
3586 378 3755 433 prum-

2320 460 2467 520 ptnm
2499 461 2599 515 est,

2180 545 2260 599 Tu
2298 545 2489 615 ﬁgulus
2520 559 2749 600 massam
2784 546 2925 615 potis
2954 561 3012 602 es
3044 561 3294 617 reparare
3320 550 3598 617 caducum,

2180 636 2247 690 Et
2277 637 2550 690 confracta
2582 636 2672 690 diu
2704 638 3046 707 resolutaque
3078 639 3278 709 lingere
3312 654 3457 693 vasa.

2177 728 2278 795 Qui
2303 728 2501 782 dudum
2533 729 2701 783 multo
2732 730 3027 785 latitantem
3061 732 3279 800 pulvere
3309 732 3621 788 drachmam

2181 821 2389 875 Invenis
2419 822 2659 876 accensis
2689 821 2838 876 verbi
2870 822 3065 877 virtute
3097 824 3355 879 lucernis.

2180 913 2530 981 Linquentem
2564 913 2767 978 caulas,
2800 914 3047 983 turpique
3077 930 3263 970 errore
3293 925 3601 985 vagantem,

2181 1006 2368 1060 Pastor
2392 1020 2544 1061 ovem
2576 1007 2738 1061 celeri
2769 1007 3018 1076 dignatus
3047 1024 3288 1078 querere
3318 1025 3533 1079 gressu,

2179 1095 2465 1161 Subvehis,
2495 1108 2659 1166 utque
2687 1112 2784 1151 suo
2808 1098 3049 1167 gaudens
3079 1099 3334 1153 reddatur
3363 1099 3512 1165 ovili,

2182 1189 2403 1244 Sarcina
2436 1188 2494 1244 ﬁt
2524 1205 2643 1256 qua:
2670 1204 2795 1245 cura
2822 1190 2946 1245 fuit.
2980 1190 3070 1245 Sic
3098 1191 3238 1245 filius
3268 1190 3359 1244 ille

2178 1284 2392 1349 Iunior,
2422 1284 2712 1340 exhaustos
2742 1293 3021 1355 postquam
3052 1283 3301 1354 dispersit
3327 1298 3571 1347 acervos,

2186 1378 2411 1447 Vitaqne
2441 1386 2762 1447 consumpto
2791 1384 2991 1431 mutata
3022 1385 3104 1430 est
3134 1375 3351 1445 prodiga
3378 1388 3568 1439 censu,

2183 1468 2375 1536 Turpia
2410 1483 2696 1537 porcorum
2724 1468 2884 1537 digne
2914 1469 3161 1522 convivia
3190 1476 3424 1533 sectans,

2180 1562 2393 1631 Optavit
2421 1562 2625 1632 siliquis
2653 1562 2910 1630 compleri
2936 1560 3138 1615 vilibus
3168 1560 3373 1621 alvum,

2183 1647 2371 1709 Donec
2400 1668 2539 1709 szcva
2572 1653 2740 1708 fames
2772 1653 2929 1722 longo
2960 1652 3266 1706 discrimine
3295 1651 3494 1704 victum

2110 1729 2156 1787 Β
2184 1744 2411 1815 Cogeret
2434 1745 2640 1800 offenso
2671 1744 2886 1799 tandem
2916 1759 2974 1799 se
3004 1743 3231 1797 reddere
3262 1743 3420 1811 patri,

2103 3084 2147 3144 C

2182 1838 2607 1906 Confessumque
2640 1853 2792 1893 reum
2822 1839 3000 1892 laxato
3030 1838 3257 1891 crimine
3285 1837 3421 1890 solvi

2185 1931 2423 1999 Denique
2453 1938 2774 1999 prostratum
2804 1929 2947 1983 mitis
2979 1937 3128 1998 pater
3155 1928 3346 1982 allevat
3375 1927 3542 1991 ultro,

2184 2024 2250 2078 Et
2280 2024 2546 2094 trepidum
2578 2023 2771 2077 blanda
2799 2024 3006 2077 solatur
3032 2036 3164 2077 voce
3196 2022 3478 2091 pudorem.

2182 2112 2415 2167 Ornatus
2447 2113 2631 2168 reduci
2658 2112 2824 2166 vestis
2849 2112 2941 2165 dat
2972 2113 3139 2180 prima
3174 2113 3463 2175 secundus,

2184 2205 2432 2274 Laetaque
2463 2203 2720 2259 solemnis
2750 2202 2987 2258 celebrat
3013 2202 3258 2256 convivia
3286 2214 3481 2265 coetus,

2181 2294 2334 2361 Quod
2366 2293 2603 2349 rediviva
2629 2293 2739 2347 suis
2764 2292 2995 2362 quodam
3025 2293 3091 2347 de
3121 2292 3311 2347 funere
3340 2293 3517 2361 proles

2186 2387 2403 2456 Surgat,
2428 2396 2483 2441 et
2508 2387 2697 2441 orbato
2726 2384 2951 2440 redeant
2980 2399 3116 2437 nova
3146 2384 3343 2438 lumina
3381 2384 3543 2451 patri.

2180 2481 2249 2534 At
2285 2490 2363 2545 tu,
2393 2480 2710 2549 praepollens
2740 2478 3014 2533 hominum
3045 2494 3336 2547 rerumque
3364 2477 3608 2538 Creator,

2180 2575 2493 2645 Quanquam
2522 2583 2711 2629 cuncta
2735 2575 2869 2629 velis
2897 2573 3017 2629 fida:
3046 2584 3298 2629 constare
3328 2573 3511 2641 saluti,

2180 2662 2329 2717 Nulla
2361 2672 2538 2719 tamen
2573 2665 2770 2733 pateris
2800 2672 2997 2719 nostra}
3026 2663 3304 2732 dispendia
3342 2662 3555 2728 mortis,

2180 2754 2289 2809 Nec
2314 2770 2579 2825 quoquam
2608 2764 2869 2824 pereunte
2900 2755 3003 2809 tuis
3032 2755 3345 2824 contingere
3373 2754 3630 2809 damnum

2183 2846 2389 2900 Divitiis
2416 2846 2639 2915 potet-it;
2673 2847 2849 2901 nescis
2878 2845 3217 2907 decrescere,
3248 2848 3427 2899 nescis

2183 2938 2403 3007 Augeri,
2431 2946 2483 2991 et
2511 2936 2669 3005 pleno
2699 2944 2902 3005 perstat
2936 2935 3027 2990 tibi
3056 2935 3224 3005 gloria
3257 2949 3443 3003 regno.

2179 3028 2280 3081 Sed
2314 3026 2521 3080 famulis
2552 3036 2605 3080 tu
2637 3026 2801 3081 redde
2828 3027 2934 3080 tuis
2961 3026 3101 3095 quod
3134 3025 3369 3095 perdidit
3400 3025 3605 3089 Adam;

2180 3119 2437 3187 Quodque
2468 3116 2583 3171 tulit
2616 3118 2843 3186 primum
2874 3117 3070 3171 vitiatae
3099 3117 3287 3185 stirpis
3318 3118 3492 3187 origo,

2180 3208 2311 3263 Ortu
2344 3210 2589 3262 restituat
2621 3208 2808 3262 melior
2835 3207 2945 3277 jam
2975 3209 3081 3262 vita
3114 3208 3375 3264 secundo.

2179 3299 2457 3354 Sorduerit
2487 3299 2706 3353 nimium
2734 3299 2914 3354 lacero
2941 3297 3269 3354 circumdata
3303 3301 3459 3369 peplo

2184 3391 2378 3444 Forma
2408 3400 2577 3465 vetus,
2607 3390 2825 3445 scissam
2860 3406 3064 3459 ponens
3094 3405 3213 3444 cum
3244 3390 3467 3445 crimine
3496 3397 3708 3452 vestem,

2182 3482 2344 3536 Pallia
2378 3483 2547 3550 prima
2581 3492 2734 3551 pater
2763 3482 3008 3537 redeunti
3045 3483 3259 3552 porrige
3289 3483 3443 3553 proli.

2185 3575 2518 3632 Semineeem
2546 3575 2811 3645 quondam
2846 3576 3106 3631 miserans
3133 3576 3220 3646 qui
3252 3576 3386 3631 forte
3417 3586 3687 3643 repertum

2186 3667 2593 3735 Projectumque
2620 3667 2725 3733 via,
2753 3682 2911 3736 quem
2946 3668 3073 3722 saevi
3106 3671 3252 3722 cattle
3289 3668 3525 3722 latrones

2184 3756 2453 3826 Impositis
2482 3767 2671 3812 cuncto
2698 3759 2989 3827 spuliarant
3020 3760 3252 3829 tegmine
3281 3760 3467 3828 plagis,

2185 3849 2289 3904 Sed
2319 3858 2392 3912 tu,
2430 3858 2635 3914 sancte,
2659 3850 2797 3902 viam
2826 3859 3038 3919 sumpto
3066 3852 3190 3905 dum
3217 3866 3446 3919 corpore
3475 3852 3646 3904 curris
3671 3866 3687 3914 ;

2185 3940 2396 3994 Iuvenis
2426 3940 2658 4005 alllsum,
2685 3955 2785 3994 nec
2814 3943 3059 4008 pra-teris
3086 3960 3097 3993 :
3132 3940 3350 4009 insuper
3384 3958 3585 4011 tegi-um

2183 4030 2438 4084 Jnmento
2467 4032 2642 4084 carnis
2673 4032 2902 4100 pr0pri‘n
2935 4034 3033 4087 sub
3066 4041 3201 4087 tecta
3230 4046 3494 4102 reportas.

2184 4124 2290 4178 Nos
2319 4122 2513 4177 fuimus
2542 4123 2809 4192 quondam
2842 4123 3031 4179 rabido
3059 4124 3180 4178 data
3213 4125 3390 4195 praeda
3427 4125 3590 4180 furori
3615 4140 3634 4192 ;

2184 4214 2285 4270 Sed
2318 4216 2361 4269 si
2393 4231 2533 4269 nunc
2562 4216 2769 4269 medico
2799 4225 3081 4285 percurrat
3111 4218 3331 4272 vulnera
3366 4219 3475 4273 fotu

2183 4305 2362 4360 Gratia
2396 4306 2695 4375 producens
2722 4308 2924 4372 oleum,
2951 4308 3211 4377 sapientia
3241 4310 3445 4376 vinum,

2183 4398 2535 4452 Commendet
2564 4399 2776 4454 stabulo
2804 4399 3140 4455 Samaritidis
3172 4416 3355 4457 extera
3389 4418 3541 4467 cura,

2099 4456 2153 4514 Β
2186 4489 2424 4546 Pelletur
2455 4492 2661 4547 validus
2690 4493 2954 4548 medicato
2980 4510 3205 4563 corpore
3238 4496 3481 4565 languor.

2191 4583 2436 4653 Suscipe,
2466 4586 2553 4653 qui
2584 4601 2689 4639 non
2718 4586 2795 4640 vis
2826 4587 3089 4642 moriendi
3122 4603 3370 4643 crescere
3397 4604 3606 4653 causas,

2182 4673 2326 4739 Quos
2357 4675 2603 4731 confessa
2633 4678 2725 4733 tibi
2753 4680 2986 4747 gemitus
3016 4681 3100 4748 pia
3135 4690 3349 4750 pectora
3378 4680 3624 4735 fundunt.

2188 4766 2256 4819 Ut
2285 4765 2551 4835 quondam
2587 4776 2783 4832 tecum,
2814 4784 2985 4837 passa:
3019 4770 3119 4824 sub
3152 4781 3393 4841 tempore
3422 4775 3620 4837 carnis,

2181 4856 2467 4911 Proximus
2498 4860 2716 4913 immani
2742 4862 3054 4930 dependens
3082 4864 3260 4933 stipite
3292 4864 3474 4932 praedo
3496 4907 3510 4931 ,

2185 4951 2353 5017 Quem
2386 4967 2491 5007 non
2521 4953 2674 5021 culpa
2707 4954 2797 5007 tibi
2830 4955 3057 5011 similem
3088 4957 3179 5011 sed
3216 4973 3369 5026 parua
3404 4958 3648 5022 tenebat;

2184 5043 2277 5097 Ille
2310 5054 2483 5098 tamen
2516 5062 2681 5099 nexus
2710 5048 2985 5111 membris,
3021 5066 3117 5104 nec
3146 5050 3307 5104 corde
3339 5050 3524 5120 ligato,

2186 5134 2249 5188 Et
2280 5136 2322 5189 si
2354 5137 2591 5191 conlixas
2617 5138 2779 5191 elatis
2809 5141 3098 5194 extendere
3132 5142 3335 5209 palmas

2184 5227 2297 5280 Non
2330 5228 2521 5296 potuit,
2553 5229 2684 5283 liber
2719 5241 2952 5286 mentem
2985 5246 3108 5285 eum
3139 5246 3269 5285 voce
3301 5232 3549 5287 tetendit.

2181 5320 2377 5388 Sicque
2407 5336 2529 5376 reus
2560 5322 2823 5377 scelerum
2857 5324 2980 5376 dum
3012 5323 3169 5393 digna
3204 5325 3409 5392 piacula
3443 5326 3646 5394 pendit,

2183 5411 2493 5482 Martyrium
2524 5413 2591 5468 de
2620 5424 2791 5469 morte
2822 5416 2996 5484 rapit:
3032 5416 3114 5471 cui
3146 5416 3251 5470 fine
3279 5419 3457 5486 sagaci

2183 5504 2411 5557 Maxima
2444 5521 2572 5560 cura
2604 5505 2701 5560 fuit
2732 5507 2864 5561 tales
2896 5522 2999 5560 non
3030 5508 3256 5577 perdere
3286 5524 3496 5578 pennas,

2184 5594 2460 5665 Pneripuit
2491 5599 2753 5652 scandens
2779 5598 3003 5663 aditum,
3034 5601 3207 5669 coeloq
3232 5616 3278 5654 te
3308 5600 3566 5656 levandus

2181 5686 2358 5744 Ardua
2390 5688 2600 5745 sublimi
2633 5694 2802 5747 tenuit
2829 5690 3144 5761 compendia
3176 5692 3335 5747 saltu.
