4046 6170
235 286 333 343 545
1402 278 1778 334 POEMATUM
1818 278 1833 333 1

1900 279 2023 333 BER
2063 278 2126 332 ιγ
2140 320 2151 333 .
3308 270 3309 277 “
3401 279 3498 338 Βία

232 396 439 461 Porrigo
467 396 544 450 sic
576 393 729 449 nobis
760 392 984 456 celsam,
1011 398 1165 461 pater
1192 390 1415 461 inclyte,
1444 390 1715 445 dextram.

228 491 333 546 Nos
356 504 567 558 quoque
594 495 865 555 perpetua:
893 486 1172 553 conquirat
1200 485 1304 537 vita
1334 483 1515 550 saluti,

227 584 394 651 Atque
423 579 681 649 profanati
710 577 949 646 deceptis
976 575 1162 631 fraude
1194 576 1439 640 latronis,

1840 397 1886 454 Α
1918 394 2024 447 Ceu
2055 394 2148 447 tibi
2176 408 2461 463 compasso
2492 396 2756 451 miserans
2784 409 3039 451 succurre
3070 397 3282 453 latroni.

1917 484 2098 538 Livida
2130 501 2265 555 quos
2294 485 2460 540 hostis
2494 487 2739 555 paradiso
2769 486 2979 556 depulit
3010 489 3107 555 ira,

1909 576 2125 631 Fortior
2152 577 2384 647 antiqua?
2414 577 2604 633 reddat
2630 586 2720 632 tua
2752 580 2918 649 gratia
2948 580 3083 633 sedi.

1162 770 1634 881 LIBER
1720 769 2165 893 QUAR
2195 772 2542 882 TUS.

1510 931 1598 986 DE
1634 926 1913 986 DILUVIO
1952 931 2187 987 MUNDI.

286 1059 541 1113 Infectum
569 1054 835 1127 quondam
870 1053 1012 1107 vitiis
1042 1050 1395 1108 concordibus
1421 1048 1633 1113 orbem,

220 1149 637 1219 Legitimumque
660 1146 807 1200 nefas
829 1146 1009 1199 laxata
1039 1152 1210 1199 morte
1236 1143 1436 1211 piatum

223 1241 427 1294 Diluvio
455 1250 722 1308 repetam;
755 1237 848 1292 sed
874 1253 982 1291 non
1006 1250 1112 1306 quo
1142 1234 1316 1289 fabula
1348 1232 1581 1288 mendax

220 1329 467 1383 \‘icturos
497 1328 698 1395 lapides
726 1327 981 1381 mundum
1012 1327 1274 1395 Sparsisse
1298 1340 1391 1394 per
1416 1323 1653 1392 amplum

219 1419 533 1473 Deuraliona
562 1418 745 1481 refert,
781 1418 972 1472 durum
999 1432 1166 1487 genus
1192 1417 1333 1471 unde
1360 1415 1622 1484 resumpti

218 1511 549 1565 Descendunt
579 1510 857 1575 homines,
893 1511 1207 1579 cunctisque
1239 1510 1510 1564 laboribus
1549 1508 1659 1577 apti

217 1603 386 1655 Savea
418 1617 512 1671 per
533 1602 719 1654 duram
750 1610 1045 1655 monstrent
1071 1601 1359 1669 primordia
1392 1610 1649 1655 mentem.

217 1695 313 1749 Sed
345 1697 457 1748 veri
484 1705 734 1763 compos,
766 1692 960 1747 ﬂuctus
991 1708 1133 1747 nunc
1165 1708 1458 1763 prosequar
1488 1691 1629 1757 illos,

218 1783 311 1839 Per
326 1801 463 1854 quos
490 1786 759 1840 immissus
782 1788 943 1840 rebus
972 1788 1056 1838 vix
1089 1802 1223 1853 pene
1248 1786 1444 1840 creatis

218 1876 518 1930 Lactentem
543 1878 695 1931 velox
722 1879 977 1944 prrcvenit
1006 1878 1264 1932 terminus
1297 1880 1510 1930 orbem.

280 1968 558 2023 Extulerat
586 1969 810 2023 mortale
830 1984 1000 2037 genus
1024 1968 1332 2023 crudelibus
1360 1969 1506 2022 ausis

218 2058 456 2123 ln,:entes
478 2062 685 2113 animos
718 2079 730 2114 :
768 2061 969 2115 licitum
1003 2062 1141 2130 quod
1170 2061 1361 2129 cuique
1386 2060 1575 2116 liberet

217 2149 477 2212 Credidit;
512 2160 564 2205 et
595 2153 806 2220 propria
836 2152 998 2205 valuit
1021 2166 1115 2219 pro
1144 2152 1259 2220 lege
1282 2151 1547 2204 voluntas.

216 2246 302 2299 Jus
322 2245 463 2299 adeo
496 2246 732 2311 nullum,
768 2245 844 2299 sic
869 2246 939 2298 nil
972 2245 1171 2299 distare
1197 2252 1435 2313 putatum

218 2336 413 2403 Fasque
444 2337 701 2405 nefasque
730 2338 887 2403 inter,
919 2338 1049 2390 recti
1081 2335 1321 2389 custodia
1348 2351 1628 2403 nusquam.

216 2427 319 2481 Non
340 2429 531 2496 iudex,
558 2444 661 2482 non
689 2430 837 2483 testis
859 2437 993 2493 erat,
1019 2444 1121 2483 non
1146 2428 1376 2498 denique
1400 2439 1577 2482 rector
1602 2472 1614 2494 ,

215 2517 421 2571 Arbiter
446 2526 540 2570 aut
570 2532 800 2580 morum,
828 2519 907 2569 vi-l
941 2517 1029 2583 qui
1060 2518 1309 2570 suaderet
1339 2519 1646 2579 honestum;

216 2606 312 2659 Sed
340 2608 593 2675 princeps
624 2607 724 2661 sibi
747 2607 970 2676 quisque
994 2606 1092 2659 fuit
1120 2608 1316 2659 virtute
1348 2606 1571 2660 nocendi
1600 2624 1611 2659 :

214 2698 313 2751 Nec
340 2700 553 2753 meritis
583 2699 674 2753 sed
699 2700 835 2753 mole
866 2708 1055 2768 potens
1073 2739 1085 2762 ,
1110 2699 1197 2767 qui
1223 2698 1412 2751 fortior
1433 2705 1575 2752 esset

214 2787 301 2843 llic
322 2791 519 2843 melior
548 2790 778 2853 sibimet,
819 2790 910 2843 sed
941 2805 999 2844 se
1028 2802 1272 2852 censore,
1304 2787 1566 2857 placebat.

213 2878 293 2932 Sic
315 2880 593 2933 hominum
622 2880 782 2934 vitam
814 2881 1088 2934 brutorum
1122 2895 1269 2933 more
1296 2879 1511 2933 tenebat

214 2971 435 3027 Motibus
463 2973 723 3028 addicens
746 2990 895 3029 mens
923 2974 1171 3028 inclinata
1203 2974 1410 3028 ferinis.
1470 3012 1473 3013 ν

214 3064 477 3135 Sanguine
509 3079 660 3134 potus
688 3078 831 3134 erat,
863 3083 1124 3122 cmsorum
1145 3070 1349 3123 viscera
1381 3069 1577 3138 passim

216 3156 485 3212 Indomitis
529 3160 730 3214 laceras
760 3160 1066 3229 praebebant
1096 3160 1337 3216 faucibus
1362 3176 1535 3216 escas.

215 3254 428 3321 Insuper
451 3263 511 3309 et
536 3255 835 3323 quadrupes
857 3302 866 3315 ,
894 3256 1105 3325 propria
1131 3255 1218 3324 qui
1252 3267 1423 3310 morte
1445 3265 1683 3321 necatur,

216 3345 403 3401 Saevior
425 3358 519 3401 aut
550 3356 696 3401 certe
724 3362 879 3416 quem
908 3353 1125 3403 vincens
1152 3348 1315 3403 bestia
1338 3350 1497 3429 cepit,

216 3440 393 3494 l‘astus
421 3451 565 3506 erat,
590 3456 743 3510 quem
777 3442 922 3494 nulla
960 3442 1111 3508 fides,
1149 3444 1228 3496 lex
1263 3443 1404 3496 nulla
1435 3442 1665 3497 vetabat.

220 3528 277 3584 Ut
298 3548 421 3585 vero
446 3546 701 3599 pecorum
735 3533 838 3586 ritu
867 3526 1122 3601 permissa
1156 3534 1418 3601 voluptas,

218 3623 276 3676 Et
302 3624 493 3678 diffusa
520 3626 694 3693 palam
730 3627 898 3694 ruptis
929 3626 1142 3680 laSrivia
1175 3626 1361 3695 frenis,

216 3710 561 3785 Luxurireque
593 3715 789 3782 forum,
814 3728 973 3787 atque
1002 3719 1221 3772 obsceni
1247 3718 1482 3773 nundina
1517 3719 1696 3773 mundi

216 3802 458 3860 Ferveret
477 3847 492 3870 ,
522 3816 670 3861 casto
703 3809 779 3860 fas
809 3824 911 3861 non
938 3819 1019 3863 est
1047 3810 1228 3865 dicere
1250 3821 1436 3864 cantu.

275 3896 495 3950 Talibus
518 3911 580 3951 ac
610 3898 769 3951 tantis
807 3898 1081 3952 hominum
1114 3916 1244 3969 gens
1278 3900 1518 3970 improba
1554 3901 1719 3972 gestis

214 3989 493 4044 Silvestres
525 3990 753 4053 animos,
786 4002 986 4044 natura:
1019 3992 1218 4047 Red-Te
1242 4001 1397 4058 rupto
1420 4033 1432 4053 ,

214 4081 486 4145 lnduerat,
524 4082 779 4151 pulsaque
809 4084 964 4136 simul
990 4086 1195 4137 ratione
1229 4084 1469 4145 furebat,

214 4171 273 4226 Et
298 4173 515 4228 deserta
536 4173 553 4241 j
576 4188 719 4227 icens
741 4174 948 4227 Domini
980 4174 1217 4228 caelestis
1245 4174 1417 4242 imago

213 4264 369 4316 Omne
396 4265 565 4319 decus
596 4266 788 4318 mentis
822 4265 958 4333 turpi
979 4264 1249 4331 deiecerat
1278 4279 1422 4318 actu.

214 4352 350 4407 Haud
381 4369 543 4407 St'ClIS
570 4368 634 4407 ac
664 4355 866 4423 pulchri
890 4370 1009 4407 cum
1044 4357 1230 4409 fertilis
1260 4370 1379 4408 area
1409 4353 1614 4422 campi,

214 4444 369 4509 Quam
397 4447 608 4499 succisa
637 4445 782 4499 dedit
814 4455 1036 4514 purgato
1062 4448 1253 4502 robore
1283 4449 1438 4513 silva,

214 4534 335 4591 Dum
358 4539 585 4601 colitur,
615 4537 761 4607 justo
789 4549 938 4609 paret
970 4538 1194 4594 fecunda
1230 4541 1419 4604 labori,

214 4626 495 4695 Subjicitur
529 4631 741 4696 rastris,
767 4632 1042 4697 respondit
1075 4631 1332 4701 frugibus,
1360 4647 1420 4686 ac
1451 4647 1510 4686 se

214 4719 389 4776 Servat
420 4724 724 4791 ο.)ηιροεὶιο
746 4723 939 4777 ruralis
967 4727 1134 4793 gratia
1166 4726 1314 4779 vultu
1346 4742 1359 4789 ;

212 4812 438 4879 Agiicola
464 4815 666 4867 oblitus
690 4814 731 4867 si
762 4814 977 4868 brachia
1013 4814 1146 4870 forte
1180 4815 1404 4881 remisit,

212 4898 531 4972 Laxavitqne
555 4919 764 4969 manus,
799 4904 1044 4975 fessoque
1071 4908 1268 4974 quievit
1288 4916 1468 4961 aratro
1486 4947 1501 4973 ,

209 4991 455 5062 Pigresiit
479 4996 709 5062 primum
740 4998 932 5051 durato
960 4999 1160 5066 ceSpite
1203 4999 1389 5067 tellus,

208 5082 318 5137 Mox
342 5086 567 5140 rudibus
599 5086 764 5141 ramis
806 5097 962 5157 atque
984 5104 1169 5157 aspera
1202 5089 1420 5158 palmite
1444 5088 1633 5145 crebro

209 5174 573 5245 Disciplinatos
594 5177 877 5232 dissuescit
911 5196 1156 5247 proruere
1183 5181 1405 5245 fructus,

207 5267 434 5323 Effundit
462 5270 684 5325 frutices
708 5272 906 5334 varios,
942 5274 1239 5341 silvamque
1263 5271 1494 5327 minatur
1521 5289 1537 5327 :

204 5358 362 5423 Quim
390 5360 436 5413 si
464 5376 563 5414 nec
599 5377 716 5415 sera
751 5365 990 5416 sur-cisor
1020 5364 1153 5417 falce
1186 5374 1469 5433 repurget,

204 5446 308 5503 Non
344 5452 456 5519 jam
491 5453 751 5523 virgulti-,
778 5455 871 5508 sed
896 5455 1063 5509 denso
1090 5458 1270 5523 stipite
1293 5455 1447 5510 lucus

204 5540 434 5609 Texitur,
468 5554 524 5598 et
543 5546 749 5600 steriles
772 5547 1019 5603 diffundit
1046 5550 1098 5603 in
1127 5566 1250 5604 aera
1280 5550 1530 5615 frondes;

206 5635 377 5693 Donec
406 5642 655 5695 conclusa
679 5643 844 5696 ramis
873 5644 1214 5697 currentibus
1247 5644 1429 5698 umbra
1460 5685 1476 5705 .

207 5728 321 5784 Mox
352 5744 686 5805 opportunae,
711 5735 933 5804 depulso
963 5735 1097 5792 sole.
1131 5735 1364 5795 tenebrae

1910 1049 2028 1104 Jam
2054 1066 2243 1107 secura
2273 1053 2414 1109 feras
2437 1056 2660 1110 invitent
2687 1056 2909 1112 credere
2943 1056 3138 1112 lustra:

1911 1142 2113 1197 Taliter
2142 1143 2359 1198 humani
2391 1146 2625 1214 generis,
2659 1162 2765 1201 non
2795 1148 2984 1202 ordine
3017 1159 3185 1212 recto,

1910 1235 2128 1290 Perdita
2154 1236 2539 1305 mandatmjam
2569 1249 2688 1307 post
2711 1238 3000 1307 primordia
3032 1239 3194 1307 legis,

1916 1325 1972 1380 In
2007 1341 2227 1395 pravum
2256 1325 2440 1382 labens
2474 1328 2725 1397 paulatim
2762 1330 2868 1384 vita
2899 1331 3148 1397 tetendit,

1911 1415 2207 1475 Proﬁciens
2240 1416 2423 1486 pejore
2444 1419 2557 1481 via,
2588 1421 2917 1472 constantior
2950 1420 3066 1488 ipso

1911 1506 2033 1560 Jam
2063 1508 2280 1576 paribus
2303 1508 2494 1563 studiis
2524 1510 2709 1563 nutriti
2733 1510 2974 1564 criminis
3000 1526 3115 1564 usu.

1910 1597 1969 1650 Et
1999 1607 2170 1653 tamen
2192 1608 2461 1654 auctorem
2486 1600 2619 1670 vitii,
2649 1601 2921 1672 culpaeque
2946 1603 3280 1671 magistrum,

1909 1688 2125 1743 Doctior
2155 1705 2421 1755 errorum,
2451 1691 2707 1760 lapsuque
2735 1694 2953 1762 peritior
2977 1696 3145 1761 omni,

1830 1771 1879 1829 Β
1908 1781 2186 1837 Sncciduae
2213 1783 2376 1849 prolis
2406 1799 2658 1840 crescens
2683 1786 2903 1840 audacia
2934 1787 3082 1842 vicit.

1976 1873 2045 1929 Ut
2074 1874 2266 1928 fluvius
2290 1891 2446 1943 parva
2481 1878 2707 1945 primum
2729 1879 2955 1934 dill‘usus
2980 1880 3048 1933 ab
3079 1896 3207 1934 urna
3226 1922 3241 1944 ,

1906 1962 2255 2031 Perspicuum
2289 1966 2395 2020 leni
2430 1969 2625 2034 promit
2654 1983 2774 2023 cum
2798 1971 3004 2039 gurgite
3033 1970 3233 2024 fontem
3256 2010 3271 2032 ,

1901 2055 2136 2111 Tramite
2158 2073 2312 2126 quem
2340 2072 2551 2112 summo
2573 2059 2710 2114 facili
2737 2064 3099 2116 transmittere
3130 2063 3269 2117 saltu

1901 2149 2135 2218 Quisque
2160 2158 2368 2220 potest,
2395 2167 2517 2205 mox
2548 2153 2749 2223 irriguo
2772 2154 3033 2209 deductus
3064 2158 3131 2209 ab
3154 2167 3274 2211 ortu

1900 2240 2115 2295 Viribus
2139 2251 2360 2311 augetur
2390 2242 2605 2307 subitis,
2635 2245 2885 2313 ripasque
2907 2255 3202 2336 retrorsum

1907 2332 2119 2387 Pellens
2138 2373 2151 2396 ,
2181 2343 2490 2388 crescentes
2517 2335 2680 2389 tendit
2714 2351 2805 2404 per
2827 2338 2981 2406 plana
3009 2332 3242 2405 liquores
3261 2378 3275 2401 ,

1910 2424 2147 2492 Occupat
2163 2431 2219 2479 et
2242 2424 2498 2492 spatium,
2524 2427 2873 2495 pereuntiqne
2896 2426 3135 2481 imminet
3158 2442 3307 2493 arvo,

1900 2514 2035 2568 Tum
2067 2514 2418 2570 circumfusos
2445 2515 2632 2570 vicinis
2662 2517 2891 2570 vallibus
2917 2531 3105 2571 amnes

1902 2606 2096 2662 Sorbet
2120 2608 2454 2675 prmteriens,
2488 2618 2844 2678 externasque
2869 2609 3053 2676 incipit
3081 2611 3249 2664 lllldJS

1901 2699 2195 2767 Angmento
2221 2699 2376 2753 linire
2399 2714 2517 2765 suo,
2544 2701 2850 2768 mixtusque
2880 2700 2977 2753 sub
3004 2718 3111 2754 uno

1900 2793 2152 2859 Nomine,
2185 2794 2425 2848 corrosis
2454 2792 2647 2847 diffuso
2677 2794 2881 2863 gurgite
2915 2796 3090 2858 terris,

1898 2888 2032 2941 Cum
2058 2887 2319 2953 trabibus,
2338 2887 2664 2955 stabulisque
2685 2886 2865 2950 boum,
2899 2886 3185 2955 lustrisque
3220 2887 3471 2951 ferarum,

1900 2979 2105 3034 vaior
2134 2992 2376 3041 accessu,
2403 2979 2667 3046 longoque
2698 2976 2880 3031 furore
2907 2980 3129 3043 potitus,

1900 3068 2138 3123 Tandem
2170 3067 2439 3122 desistens
2469 3067 2639 3136 pelagi
2678 3074 3005 3135 transportat
3032 3068 3081 3120 in
3114 3066 3303 3121 undas.

1974 3159 2081 3214 llos
2105 3161 2242 3213 inter
2258 3167 2456 3223 motus,
2487 3156 2784 3227 similisque
2802 3157 2865 3211 ad
2890 3156 3117 3210 turbinis
3141 3157 3307 3210 instar
3324 3198 3339 3220 ,

1899 3254 2199 3308 Humanum
2235 3251 2374 3306 vitiis
2401 3250 2512 3306 ibat
2537 3264 2707 3321 genus
2736 3268 2748 3301 :
2778 3257 2835 3304 et
2861 3257 3036 3303 tamen
3060 3249 3171 3317 ipsa

1898 3345 2132 3415 Longior
2163 3347 2378 3399 insanas
2409 3355 2617 3400 mentes
2642 3343 2957 3397 dissolverat
2981 3352 3130 3397 mtas.

1896 3438 2164 3493 Centenos
2188 3438 2373 3492 novies
2401 3435 2592 3490 crebro
2617 3449 2737 3490 cum
2764 3434 2987 3489 duceret
3016 3449 3186 3488 annos

1898 3535 2016 3588 Vita
2052 3545 2229 3599 tenax,
2262 3541 2411 3587 tanto
2431 3531 2679 3601 suspensi
2709 3538 2948 3595 tempore
2975 3529 3103 3583 letlii

1895 3628 2086 3683 Nullus
2117 3635 2289 3680 terror
2320 3633 2436 3680 erat
2465 3642 2479 3679 :
2508 3638 2625 3678 sors
2647 3623 2692 3677 si
2715 3637 2870 3692 quem
2890 3636 3007 3675 sera
3038 3618 3268 3684 tulisset,

1896 3721 2007 3775 Ceu
2033 3720 2121 3788 qui
2162 3734 2263 3772 nec
2293 3726 2448 3771 natus
2478 3716 2668 3779 fuerit,
2697 3728 3079 3780 nunquamque
3104 3710 3377 3766 levandus~

1898 3811 2067 3864 Morte
2103 3808 2420 3878 putabatur:
2446 3807 2523 3860 sic
2553 3804 2759 3858 cunctis
2790 3803 2935 3857 nulla
2969 3802 3130 3855 futuri

1897 3903 2031 3969 Spes
2073 3901 2245 3954 inerat
2267 3940 2281 3963 ,
2308 3899 2558 3965 solusque
2585 3895 2685 3948 sibi
2716 3894 3029 3948 fundaverat
3057 3906 3271 3944 omnem

1898 3993 2153 4047 Sensibus
2190 3993 2238 4044 in
2262 3992 2421 4044 cacis
2443 3989 2710 4057 periturus
2731 3987 2957 4040 mundus
2977 3999 3233 4037 amorem.

1968 4085 2233 4150 Tempore
2264 4081 2392 4148 quin
2414 4081 2571 4134 etiam
2605 4074 2874 4146 peccatrix
2905 4084 3045 4128 terra
3074 4074 3171 4126 sub
3196 4072 3313 4140 ipso

1900 4174 2146 4229 Nutribat
2172 4186 2345 4227 saevos
2377 4170 2631 4225 immania
2665 4177 2902 4222 monstra
2932 4166 3195 4235 gigantes.

1898 4267 2005 4322 Nec
2028 4275 2201 4319 tamen
2229 4262 2377 4317 ell'ari
2412 4262 2614 4317 licitum
2637 4275 2743 4329 quo
2771 4257 2974 4314 semine
3003 4266 3199 4310 cretos.

1898 4357 2246 4411 Communem
2279 4354 2484 4408 cunctis
2514 4359 2689 4406 ortum
2716 4350 2783 4406 de
2810 4360 2977 4402 matre
3006 4347 3268 4407 ferebant,

1899 4449 1997 4516 Qui
2029 4462 2221 4517 genus,
2242 4446 2382 4500 unde
2411 4454 2607 4513 patres,
2635 4442 2920 4512 prohibent
2940 4456 3131 4494 arcana
3165 4437 3336 4492 fateri.

1907 4541 1959 4595 Si
1985 4539 2217 4609 speciem
2242 4551 2474 4607 qumras,
2507 4536 2722 4590 humani
2741 4533 2980 4600 corroris
3012 4531 3117 4585 illis

1898 4631 2023 4685 Plus
2050 4630 2226 4684 vultus
2250 4642 2405 4697 quam
2430 4627 2596 4681 forma
2629 4626 2723 4679 fuit
2746 4643 2760 4691 ;
2785 4626 2860 4680 sic
2885 4624 3020 4678 linea
3052 4618 3306 4675 membris

1899 4721 2238 4776 Conveniens
2265 4719 2536 4773 hominem
2570 4717 2921 4778 monstrabat,
2956 4714 3168 4769 dissona
3194 4711 3411 4765 molem.

1899 4815 2066 4881 Quam
2098 4820 2319 4882 propter
2346 4811 2603 4877 deinceps
2634 4806 2951 4863 commentis
2983 4806 3186 4861 Grzrcia
3215 4801 3353 4857 ﬁctis

1900 4907 2140 4961 Dedecus
2166 4903 2443 4959 infandum
2478 4902 2669 4955 massis
2701 4898 3019 4954 informibus
3048 4896 3231 4960 auxit,

1902 4998 1969 5053 Et
2000 4996 2319 5064 portentosis
2344 4992 2632 5061 descripsit
2657 5004 2883 5059 corpora
2914 4989 3199 5052 membris;

1899 5090 2044 5145 Pube
2070 5097 2225 5143 tenus
2246 5086 2386 5159 quod
2420 5085 2589 5139 forma
2616 5084 2746 5138 viris
2764 5122 2780 5150 ,
2813 5097 2933 5136 cum
2961 5081 3203 5150 corporis
3233 5080 3340 5135 ima

1898 5180 2216 5252 Snpplerent
2248 5180 2383 5236 vasti
2409 5179 2574 5235 mixto
2596 5192 2692 5248 pro
2719 5192 2877 5232 crure
2906 5176 3190 5231 dracones.

1897 5275 2061 5329 Artus
2089 5273 2503 5328 semihominum
2536 5269 2728 5340 patulis
2755 5269 2844 5337 qui
2873 5266 3113 5322 faucibus
3139 5265 3241 5321 atri

1898 5364 2145 5429 Ferrem,
2180 5374 2235 5419 et
2263 5379 2422 5418 verso
2454 5362 2751 5431 praeberent
2781 5359 2983 5413 vertice
3008 5372 3244 5428 gressus.

1896 5458 2045 5512 Tunc
2067 5458 2228 5511 etiam
2249 5454 2458 5516 solitos,
2485 5452 2636 5520 jusso
2660 5460 2867 5504 terrore
2901 5449 3127 5516 tonanti,

1897 5547 2227 5615 BlaSphemis
2246 5546 2383 5599 cmlo
2409 5542 2645 5597 convicia
2668 5540 2880 5596 mittere
2909 5541 3120 5611 plantis,

1896 5638 2275 5705 Mordacesque
2307 5635 2468 5705 pedes
2498 5641 2643 5688 motu
2672 5632 2952 5687 fremuisse
2982 5629 3194 5685 veneni.

1896 5730 1994 5786 llis
2016 5729 2217 5787 simile:
2244 5726 2473 5785 mendax
2498 5723 2762 5797 Phlegrzei
2786 5723 2963 5781 fabula
2995 5719 3119 5775 belli
