4046 6170
1663 255 1719 312 S.
1762 251 1943 309 AVITI
1983 246 2379 305 YlENNENSlS
3649 239 3746 295 518

2102 358 2153 416 Δ
2184 358 2307 417 lla~c
2327 359 2506 413 clades
2539 359 2690 423 vivis,
2730 356 2987 427 caruique
3018 346 3113 412 hic,
3135 356 3387 411 terminus
3409 366 3543 411 esto.

2179 452 2267 507 Sic
2289 460 2443 521 paler
2471 460 2707 506 aeternus
2728 451 3018 520 disponens
3050 449 3231 504 funera
3259 465 3457 512 rerum,

2184 542 2450 597 Diluvium
2479 542 2666 599 dextra
2698 552 2870 597 terras
2894 541 3136 596 vibrabat
3166 540 3218 593 in
3247 555 3454 593 omnes.

2255 633 2463 689 Interea
2489 634 2648 703 pleno
2667 633 2891 705 {vivebat
2915 633 3090 700 justus
3121 632 3171 685 in
3203 630 3334 685 orbe

2187 727 2336 781 Unus
2366 728 2548 789 homo,
2576 737 2626 781 et
2646 734 2879 780 mentem
2907 724 3054 779 solus
3087 722 3334 776 servabat
3356 720 3655 775 honestam.

486 269 589 325 5i?

493 382 757 434 Excussas
782 375 936 432 ﬁnxit
956 375 1149 446 jecisse
1178 388 1273 444 per
1302 385 1425 425 aera
1454 383 1615 436 rupes
1633 407 1648 433 ,

497 470 598 525 Pro
627 470 746 523 telis
778 468 1010 539 spatiosa
1043 479 1230 520 manus
1253 462 1392 533 quod
1414 460 1625 514 turbine
1652 465 1861 511 montes

486 560 761 627 zSparserit
784 600 799 625 ,
831 569 880 614 et
913 558 1088 613 missis
1115 556 1309 611 coelum
1333 548 1665 623 quassaverit
1694 546 1856 601 arvis.

570 652 694 706 llaec
724 661 848 707 sunt
864 653 1155 720 priscorum
1174 664 1292 717 qua:
1315 647 1380 701 de
1403 656 1612 700 terrore
1634 642 1904 712 gigantum

496 741 746 798 Carmine
777 745 997 797 mentito
1015 741 1156 795 Graii
1185 740 1429 794 cecinere
1457 746 1649 806 poetae,

504 834 567 888 Et
595 844 769 889 tamen
799 833 983 889 audaci
1007 833 1173 886 voluit
1198 830 1524 886 contendere
1554 840 1723 895 pugna

503 926 735 995 Quisque
776 926 986 981 rebellis
1014 936 1167 979 erat:
1200 922 1288 992 qui
1313 937 1431 975 cum
1455 921 1748 989 confligere
1782 915 1903 971 telis

507 1016 618 1071 Non
649 1017 847 1085 potuit,
877 1016 1037 1070 saevis
1061 1015 1304 1084 concepit
1331 1013 1506 1081 praelia
1536 1012 1690 1066 votis.

507 1107 768 1161 Montibus
800 1104 1078 1173 impositos
1110 1105 1189 1159 fas
1215 1120 1317 1159 non
1350 1115 1429 1158 est
1457 1102 1677 1157 credere
1706 1108 1940 1165 montes,

509 1196 620 1251 Iloc
636 1206 812 1252 tamen
841 1205 895 1251 t-t
918 1197 1175 1265 deinceps
1208 1196 1327 1249 illos
1355 1205 1590 1248 tentasse
1621 1192 1834 1261 putabo,

506 1287 605 1352 Qui
630 1296 811 1343 coctos
831 1287 1055 1355 lateres,
1089 1288 1336 1355 lentoque
1358 1285 1618 1339 bitumine
1636 1283 1870 1351 jnnctos,

509 1378 564 1431 lu
588 1378 817 1433 sublime
844 1380 941 1432 rati
966 1378 1211 1432 manibus
1241 1378 1317 1431 sic
1350 1391 1502 1445 posse
1523 1375 1769 1445 superbis

508 1469 749 1534 Sustolli,
782 1479 835 1523 et
859 1469 1031 1523 celsas
1054 1470 1103 1521 in
1133 1469 1307 1524 sidera
1335 1483 1554 1539 surgere
1577 1469 1783 1520 moles:

510 1557 641 1611 Cum
666 1560 866 1615 fureret
889 1561 1112 1614 m0rtale
1134 1576 1331 1629 genus,
1360 1575 1619 1628 cassoque
1651 1559 1831 1612 labore

512 1649 661 1703 Irrita
698 1651 1021 1706 transcensis
1044 1661 1305 1705 czrmeuta
1336 1650 1555 1705 inferret
1588 1652 1636 1704 in
1666 1651 1827 1703 altum

512 1741 751 1796 Nubibus
770 1784 783 1805 ,
816 1751 868 1796 et
894 1742 1134 1812 refugum
1159 1754 1471 1811 sequeretur
1499 1744 1742 1797 machina
1761 1743 1982 1810 cmlum,

512 1831 627 1885 Non
658 1833 804 1899 prius
828 1834 1119 1897 absistens,
1152 1834 1391 1888 subditas
1415 1834 1682 1889 discordia
1707 1834 1912 1904 linguas

513 1924 679 1989 Quam
711 1923 882 1987 daret,
913 1933 969 1980 et
994 1927 1172 1980 varius
1196 1926 1549 1979 confunderet
1579 1928 1754 1979 omnia
1782 1941 1979 1980 sermo.

586 2013 718 2068 llinc
741 2030 982 2082 sparsum
1016 2015 1189 2071 foedus
1208 2058 1220 2079 ,
1245 2017 1409 2071 scissa
1441 2018 1517 2070 sic
1546 2018 1662 2086 lege
1685 2016 1935 2082 loquendi

513 2106 845 2161 Cnnscnsum
870 2108 1131 2162 scelerum
1158 2108 1365 2162 turbata
1393 2108 1639 2176 superbia
1674 2108 1845 2177 rupit,

517 2196 649 2250 Dum
679 2211 738 2253 se
767 2198 988 2269 quisque
1019 2200 1152 2267 suis,
1187 2202 1356 2269 possit
1381 2216 1497 2267 qurc
1526 2215 1767 2266 noscere,
1795 2199 1972 2254 verbis

516 2287 801 2356 Aggregat,
821 2298 978 2357 atque
995 2304 1158 2343 novas
1172 2290 1411 2359 sequitur
1436 2306 1561 2359 gens
1585 2307 1653 2360 qu
1673 2306 1809 2357 r-que
1834 2290 2091 2359 loquelas.

515 2376 605 2431 Sic
632 2380 942 2451 interruptae
965 2381 1235 2450 perierunt
1264 2382 1493 2435 culmina
1526 2399 1737 2449 tnassm,

520 2467 829 2539 Effectuque
853 2485 1041 2526 carens
1071 2473 1298 2527 cessavit
1324 2473 1374 2526 iu
1409 2474 1607 2528 retinere
1631 2474 1809 2528 turris.

519 2559 645 2614 ιιωο
674 2571 793 2629 post
816 2561 1098 2616 diluvium.
1123 2564 1250 2616 Nam
1275 2574 1496 2633 quantas
1527 2582 1644 2634 qua:
1664 2575 1788 2629 tcrn,
1811 2581 1904 2621 ore
1924 2567 2099 2636 prisco

520 2651 709 2706 Pressa
738 2653 1024 2723 gigantzeas
1056 2657 1207 2711 tellus
1236 2658 1541 2726 produxerit
1564 2674 1745 2723 arces,

518 2744 692 2813 Atque
714 2745 973 2801 lacessitis
1003 2759 1365 2816 contemptum
1398 2751 1673 2805 immiserit
1705 2753 1884 2816 aSIris,

519 2836 873 2904 Abstergente
895 2838 1006 2891 Deo
1028 2846 1111 2891 sat
1134 2851 1312 2894 nostra
1338 2842 1545 2895 silentia
1572 2841 1849 2897 damnant.

589 2926 855 2982 Ceruebat
877 2929 1084 2997 patiens
1107 2931 1213 2999 jam
1242 2932 1439 2986 dudum
1464 2933 1647 2987 insana
1678 2936 1907 2989 frement
1928 2952 1968 2989 -s

488 3016 800 3074 -Terrarum
834 3023 1055 3090 populos
1087 3021 1363 3077 hominum
1396 3040 1679 3096 rerumque
1706 3025 1954 3089 Creator,

522 3106 850 3177 Exspectans
871 3110 914 3163 si
938 3127 1095 3180 quem
1121 3112 1241 3166 vani
1273 3116 1537 3169 consortia
1562 3116 1741 3170 mundi

522 3198 871 3269 Linquentem
902 3205 1092 3260 melior
1124 3217 1336 3261 moneat
1359 3210 1675 3277 resipiscere
1701 3226 1847 3265 cura.

521 3289 623 3343 Sed
654 3292 965 3362 coniuratus
990 3306 1267 3366 postquam
1299 3314 1613 3368 percurrere
1642 3309 1877 3370 emptum

525 3381 842 3438 Perditionis
866 3386 967 3440 iter
988 3388 1192 3450 statuit,
1226 3402 1551 3460 sensumque
1578 3408 1674 3460 per
1703 3408 1918 3449 omnem

523 3473 764 3528 Ilbtinnit
784 3477 956 3529 victor
979 3482 1176 3546 peccati
1203 3482 1428 3551 insignia
1459 3485 1713 3550 mundus,

525 3562 632 3616 Nec
660 3578 914 3620 revocare
943 3567 1165 3635 gradum
1199 3571 1501 3641 quisquam,
1526 3588 1878 3645 gressumque
1907 3577 2107 3634 referre

529 3656 731 3725 f‘rmcip
756 3658 792 3710 ti
811 3657 920 3726 jam
950 3671 1131 3716 mente
1162 3672 1365 3731 potest,
1389 3665 1666 3720 exhorruit
1685 3677 1892 3735 auctor,

530 3746 883 3819 Pveuituitque
914 3751 1099 3807 videns
1142 3763 1309 3810 totum
1339 3757 1478 3826 quod
1508 3758 1690 3813 fecerit
1722 3760 1926 3816 orbem.

526 3837 659 3893 Tum
693 3842 824 3895 ta'es
852 3843 1089 3901 tonuisse
1121 3848 1292 3901 minas
1324 3858 1624 3905 commotus
1654 3851 1862 3907 ab-alto

529 3931 754 4001 Fertur,
788 3943 841 3988 et
869 3935 1071 3991 excitas
1097 3937 1308 3995 laxasse
1334 3939 1414 3994 his
1449 3941 1665 3995 vocibus
1698 3944 1824 3999 iras.

598 4022 643 4076 0
671 4024 831 4079 nullis
858 4034 1082 4082 attracta
1111 4028 1281 4095 bonis,
1318 4031 1585 4102 nullisque
1618 4050 1862 4103 repressa

530 4116 792 4185 Legibus;
817 4119 1036 4189 antiquo
1067 4129 1271 4176 tantum
1300 4123 1562 4179 submissa
1586 4125 1825 4194 draconi,

531 4206 705 4262 Effera
734 4224 865 4278 gens
890 4210 1189 4279 hominum,
1212 4213 1372 4269 ducto
1402 4217 1704 4287 corruptior
1725 4233 1859 4274 aevo.

529 4299 646 4355 Non
679 4303 840 4358 Evam
863 4305 1123 4362 cecidisse
1146 4316 1229 4362 sat
1251 4319 1368 4375 est;
1402 4312 1796 4367 transcenditur
1818 4317 1964 4369 omni

531 4390 781 4446 Inventor
812 4393 941 4447 lethi
968 4395 1118 4463 lapsu
1143 4412 1157 4451 :
1184 4412 1286 4452 ncc
1313 4399 1510 4454 sufficit
1537 4400 1683 4464 illud.

532 4482 673 4537 Vicit
701 4484 1036 4553 inexpertum
1067 4487 1209 4557 quod
1233 4503 1455 4558 serpens
1485 4493 1742 4560 pristinus
1772 4492 1963 4550 Adam.

531 4572 647 4628 Non
675 4584 923 4631 contenta
947 4591 1045 4632 suo
1075 4577 1261 4633 foedari
1286 4581 1392 4634 vita
1417 4592 1670 4650 parente,

532 4666 762 4722 Aﬂ'ectat
791 4678 1015 4723 mortem
1042 4670 1257 4740 propria
1285 4672 1481 4728 virtute
1508 4675 1724 4730 mereri.

538 4757 896 4825 Exspectasse
922 4758 1009 4811 diu
1034 4774 1138 4813 non
1171 4759 1399 4828 profuit;
1432 4761 1650 4831 insuper
1670 4778 1830 4822 omne

534 4844 861 4901 Concessum
887 4849 1045 4903 venia
1070 4860 1364 4917 rapuerunt
1388 4853 1610 4907 crimina
1636 4864 1865 4926 tempus.

534 4935 653 4990 Jam
684 4938 906 4992 nimium
934 4938 1119 5008 longas
1148 4942 1398 5011 patientia
1422 4948 1678 5013 presserit
1702 4946 1811 5002 iras
1842 4962 1856 5001 :

543 5025 801 5083 Vindictae
827 5028 936 5098 jam
965 5040 1173 5099 tempus
1202 5032 1373 5087 adest.
1404 5032 1519 5088 Non
1552 5034 1773 5091 fulmina
1803 5038 1942 5094 coelo

538 5118 845 5175 Flammeus
880 5121 1042 5176 ardor
1063 5130 1212 5193 aget;
1246 5133 1397 5178 vasto
1415 5140 1513 5180 nec
1535 5126 1689 5182 cedet
1716 5127 1861 5183 hiatu

536 5208 668 5277 Quae
690 5212 948 5279 premitur
971 5214 1137 5269 nimio
1163 5215 1514 5272 succumbens
1546 5224 1687 5273 terra
1717 5220 1947 5277 tumultu
1982 5239 1995 5275 :

539 5302 645 5357 Sed
676 5305 899 5359 sordens
922 5306 1067 5360 vitiis
1097 5307 1257 5362 fluctu
1296 5308 1566 5365 delebitur
1592 5311 1760 5367 orbis.

539 5397 621 5451 Ad
650 5397 813 5453 chaos
841 5400 1115 5470 antiquum
1141 5404 1348 5470 species
1374 5403 1643 5459 mundana
1675 5416 1936 5473 recurrat,

541 5487 706 5558 Inque
732 5505 855 5544 suas
880 5491 1103 5546 redeant
1124 5493 1384 5548 undarum
1416 5495 1652 5563 pondera
1683 5497 1863 5553 sedes.

540 5581 700 5636 Arida
725 5583 947 5640 decedat
969 5586 1216 5657 lymphis,
1246 5603 1535 5660 rursusque
1563 5590 1798 5659 sepultas

542 5673 825 5733 Terrarum
855 5679 1059 5750 species
1090 5679 1333 5737 informis
1368 5690 1618 5749 contegat
1647 5680 1860 5737 humor.

2186 820 2368 874 Nullus
2392 829 2515 874 vota
2544 819 2653 873 Deo
2679 817 2834 872 donis
2858 817 3214 887 precibusque
3242 812 3447 868 ferebat

2190 913 2339 967 Ilunc
2361 920 2573 982 praeter.
2602 910 2819 980 dignum
2850 924 3006 980 quem
3035 922 3275 963 summus
3294 904 3449 960 laude
3472 903 3691 959 Creator

2188 1004 2399 1069 Nosset,
2429 1012 2483 1056 ct
2509 1010 2789 1071 exceptum
2825 1002 2944 1054 vitm
2965 1013 3183 1054 servare
3208 1005 3440 1067 pararet.

2189 1096 2500 1152 Stemmatis
2530 1095 2616 1149 hic
2642 1094 2848 1160 sancti;
2882 1108 3002 1147 nam
3031 1092 3180 1145 claro
3209 1089 3401 1144 nobilis
3428 1087 3538 1141 ibat

2190 1190 2234 1243 Α
2266 1204 2495 1257 proavo,
2521 1201 2679 1256 quem
2710 1185 2883 1255 prisca
2908 1184 3038 1239 tides
3068 1193 3119 1237 et
3146 1182 3357 1237 conscia
3391 1181 3557 1233 virtus

2192 1282 2248 1335 in
2275 1282 2466 1336 uelum
2494 1283 2609 1335 sine
2639 1290 2811 1335 morte
2843 1278 2963 1332 tulit
2996 1295 3009 1330 :
3042 1277 3119 1331 sic
3150 1276 3291 1330 celsa
3321 1272 3525 1343 petenti

2192 1374 2461 1429 Successit
2492 1388 2683 1442 magno
2710 1387 2813 1425 non
2847 1370 3017 1438 impar
3052 1383 3315 1438 pronepos
3343 1376 3486 1419 actu.

2194 1470 2300 1523 Nec
2327 1468 2444 1537 plus
2470 1474 2553 1520 est
2574 1466 2719 1519 illum
2745 1463 2874 1517 salvi
2904 1478 3026 1516 cum
3054 1460 3293 1529 corporis
3320 1474 3417 1511 usu

2191 1562 2458 1615 Tcrrenas
2474 1558 2693 1628 liquisse
2714 1555 2924 1619 domos,
2955 1554 3181 1606 intrasse
3207 1564 3486 1618 supernas.

2198 1654 2433 1721 Denique
2458 1664 2563 1720 quo
2590 1648 2795 1718 priscos
2817 1642 3085 1715 quondam
3111 1656 3273 1696 consc
3294 1640 3497 1693 -ndcrat
3524 1636 3699 1691 Eiioch

2122 1724 2170 1785 Β
2200 1743 2343 1798 Elias
2373 1756 2533 1795 curru
2561 1747 2685 1808 post
2710 1746 2949 1805 tempora
2981 1734 3134 1802 longa
3167 1743 3400 1796 secutus,

2194 1832 2458 1889 Scriliitur
2488 1830 2666 1901 ignitis
2694 1827 2956 1884 scandens
2984 1834 3294 1895 penetrasse
3321 1820 3617 1891 quadrigis,

2196 1924 2327 1978 Cum
2361 1936 2621 1990 suspensa
2643 1919 2789 1974 leves
2816 1916 3205 1971 transmitteret
3230 1911 3400 1966 orbita
3432 1920 3649 1972 ventos,

2199 2016 2403 2085 Ungula
2434 2014 2517 2069 vel
2557 2021 2819 2081 premeret
2849 2009 3080 2063 caicatas
3111 2004 3347 2075 pondere
3376 2004 3567 2057 nubes.

2203 2106 2574 2174 Vallatutnqne
2604 2102 2781 2157 ferens
2801 2109 3043 2155 sanctum
3066 2113 3171 2151 non
3202 2107 3371 2149 nrcret
3401 2092 3569 2163 ignis,

2201 2198 2267 2251 Et
2299 2206 2475 2249 motus
2504 2208 2727 2248 servans
2771 2191 3001 2246 nesciret
3034 2189 3246 2243 flamma
3275 2186 3533 2240 calorem.

2204 2290 2307 2343 llos
2342 2290 2502 2359 igitur
2528 2287 2656 2338 satis
2685 2293 2767 2338 est
2791 2285 2985 2338 omium
3012 2267 3465 2351 potuisselmert-ri

2203 2380 2559 2434 Membrorum
2582 2378 2683 2431 sub
2704 2377 2818 2444 lege
2841 2376 3001 2437 sitos;
3029 2371 3121 2425 sed
3156 2386 3259 2424 non
3281 2378 3454 2423 tamen
3481 2363 3611 2419 illud

2204 2470 2434 2541 Segnius
2463 2470 2732 2529 admirer.
2766 2467 2934 2521 sancti
2958 2466 3097 2536 quod
3122 2474 3361 2531 tempora
3387 2460 3498 2514 Noe

2205 2564 2368 2619 Urnus
2393 2562 2463 2616 ob
2490 2560 2763 2624 meritum,
2787 2560 2924 2612 natis
2952 2556 3277 2624 nuribusque
3306 2552 3519 2607 tuendis

2204 2655 2360 2727 Urbis
2392 2653 2443 2705 in
2466 2650 2640 2705 exitio
2668 2657 2954 2719 potuerunt
2979 2647 3121 2701 ferre
3137 2646 3385 2698 salutem.

2278 2746 2375 2799 11η
2397 2743 2484 2798 ille
2505 2743 2557 2797 in
2581 2741 2753 2806 ctelis,
2782 2754 3008 2795 numero
3025 2737 3364 2809 praestantior
3387 2736 3560 2797 omni,

2210 2835 2495 2905 Angelicus
2516 2834 2632 2887 sine
2662 2831 2767 2887 fine
2797 2831 3019 2897 chorus,
3047 2830 3135 2899 qui
3169 2827 3322 2881 laude
3350 2828 3573 2896 perenni

2207 2927 2518 2983 Conclamat
2545 2924 2887 2994 celebratque
2911 2923 3099 2987 Deum,
3127 2919 3435 2975 famulantia
3455 2926 3650 2972 suetos

2213 3020 2379 3075 Ferre
2409 3019 2730 3085 ministeria,
2762 3026 2815 3071 et
2838 3016 3001 3085 jussis
3025 3029 3212 3084 parere
3236 3011 3505 3080 supernis.

2132 3097 2182 3164 (ι
2217 3112 2275 3167 lli
2298 3126 2439 3166 nunc
2461 3110 2602 3180 quod
2627 3120 2829 3164 rectum
2863 3106 3107 3162 mortalia
3134 3104 3294 3160 corda
3323 3115 3610 3175 precantur
3630 3144 3645 3169 ,

2208 3202 2519 3272 Concipitur
2543 3202 2719 3272 dignis
2741 3215 2895 3254 sacro
2924 3198 3063 3269 quod
3096 3208 3313 3268 pectere
3338 3196 3499 3262 votis,

2207 3293 2475 3363 Quidquid
2504 3293 2644 3362 largi
2676 3305 2864 3346 manus
2888 3290 3135 3346 eollectio
3159 3298 3373 3359 sparget
3398 3290 3583 3357 egcn's
3607 3328 3621 3350 ,

2215 3389 2522 3458 Excipiunt,
2556 3398 2849 3454 sanctoque
2882 3384 3057 3439 ferunt
3086 3398 3246 3451 super
3275 3394 3415 3436 astra
3449 3382 3649 3435 Vulaltt.

2208 3481 2346 3549 Quin
2373 3482 2532 3535 etiam
2560 3479 2756 3548 justus,
2781 3477 2985 3547 fragilis
3000 3478 3131 3530 dum
3159 3477 3260 3529 vita
3294 3475 3477 3546 fatigat
3499 3519 3514 3538 ,

2210 3573 2495 3636 Tutantnr,
2526 3569 2705 3625 mundi
2732 3584 2817 3636 lue
2847 3569 2982 3624 inter
3013 3567 3319 3622 discrimina
3349 3576 3585 3621 servant.

2213 3663 2315 3718 Sed
2343 3674 2517 3716 tamen
2542 3661 2593 3714 in
2620 3662 2826 3715 cunctis
2857 3659 3115 3729 praecellit
3140 3658 3336 3712 clarior
3366 3658 3474 3722 ille,

2215 3757 2440 3812 Maxima
2469 3770 2692 3825 qumque
2718 3754 2808 3808 Dei
2838 3767 2942 3823 quo
2972 3751 3322 3821 dispensante
3350 3748 3605 3803 ministro

2216 3848 2320 3903 Res
2347 3849 2569 3918 geritur,
2593 3844 2922 3914 summisque
2953 3852 3106 3911 parat
3134 3844 3387 3912 mysteria
3416 3841 3616 3894 causis.

2218 3940 2315 3995 Hic
2337 3939 2618 3994 Dominum
2645 3938 2766 3992 caeli
2795 3944 3075 3991 venturum
3107 3949 3335 4004 corpore
3364 3942 3580 4001 sumpto

2220 4032 2453 4104 Virginis
2475 4032 2726 4086 intactam
2749 4030 2932 4099 jussus
2955 4028 3199 4101 prmdixit
3224 4028 3275 4081 in
3297 4028 3370 4080 ali
3387 4043 3472 4081 um
3493 4068 3508 4091 ,

2219 4126 2490 4194 Sacraque
2515 4121 2683 4177 dotali
2707 4119 2999 4189 complevit
3019 4119 3225 4174 viscera
3251 4116 3437 4181 verbo,

2224 4213 2320 4269 Hic
2344 4221 2398 4268 et
2420 4212 2668 4282 Baptista:
2681 4225 3017 4281 praecurrens
3042 4209 3258 4265 nuntius
3280 4219 3476 4269 ortum,

2224 4309 2511 4376 Desperata
2537 4305 2627 4360 diu
2654 4304 2781 4360 dum
2806 4303 2971 4359 ferret
2999 4304 3235 4371 germina
3269 4301 3429 4371 patri,

2221 4399 2363 4453 Inter
2387 4412 2539 4453 sacra
2569 4397 2742 4452 virum
2772 4397 3087 4459 conterruit,
3113 4404 3165 4449 et
3192 4393 3494 4447 dubitantes

2145 4460 2197 4521 υ
2227 4492 2474 4548 Protinus
2504 4492 2713 4561 ingrato
2738 4488 3014 4544 restrinxit
3042 4487 3094 4542 in
3126 4502 3220 4541 ore
3242 4484 3483 4555 loquelas
3503 4525 3519 4548 ,

2230 4585 2407 4639 Donec
2435 4581 2692 4653 prmdicto
2717 4579 2997 4636 fecundam
3022 4578 3273 4633 redderet
3291 4585 3411 4630 ortu

2228 4676 2400 4731 Prolis
2425 4689 2608 4741 anum,
2635 4672 2803 4728 multo
2828 4671 3024 4727 sterilis
3048 4686 3168 4741 qua:
3199 4678 3340 4724 tenta
3369 4683 3461 4738 per
3476 4680 3675 4730 annos,

2227 4768 2385 4824 Fudit
2412 4766 2660 4822 diffidens
2684 4764 2839 4821 effeta
2874 4777 3134 4833 puerpera
3159 4760 3342 4814 fetum.

2229 4859 2324 4915 Hic
2348 4872 2526 4915 rerum
2555 4856 2723 4911 solers
2745 4867 3094 4923 summusque
3120 4850 3492 4919 archangelus,
3519 4849 3629 4903 alto

2228 4951 2402 5007 Acrea
2429 4964 2526 5019 per
2554 4946 2835 5018 liquidum,
2866 4944 3070 4999 levibus
3100 4941 3459 4997 circumdatus
3486 4941 3630 4993 auris
3648 4982 3662 5007 ,

2229 5038 2579 5110 Vibratasque
2601 5052 2820 5093 movens
2848 5036 3014 5107 ignito
3037 5034 3088 5089 in
3118 5048 3343 5102 corpore
3367 5045 3591 5099 pennas,

2225 5133 2364 5190 Nulli
2391 5131 2693 5202 conspectis
2714 5129 2779 5183 ad
2813 5138 3010 5183 terram
3045 5127 3275 5180 motibus
3298 5124 3425 5178 ibat.

2226 5226 2291 5282 Et
2317 5235 2429 5280 tum
2462 5225 2597 5279 forte
2616 5236 2838 5293 gemens
2859 5228 3172 5276 cunctorum
3195 5217 3417 5271 crimina
3446 5215 3557 5270 Noe

2226 5316 2438 5372 lnilexis
2465 5326 2663 5371 stratus
2684 5314 2909 5383 genibus
2927 5352 2942 5379 ,
2968 5325 3089 5365 cum
3119 5308 3355 5379 supplice
3383 5307 3593 5376 planctu

2226 5408 2505 5463 Mundanis
2525 5407 2754 5473 veniam,
2786 5403 2985 5458 mundo
3013 5402 3251 5467 nolente,
3286 5398 3519 5468 petebat.

2224 5500 2357 5555 Cum
2389 5499 2566 5555 subito
2588 5498 2786 5554 clausis
2824 5495 3025 5550 foribus
3056 5503 3182 5548 tunc
3203 5491 3367 5560 aliger
3397 5490 3556 5544 intrat

2224 5590 2577 5659 Conspicuus,
2602 5589 2748 5644 claro
2776 5585 3123 5655 reslilendens
3151 5583 3367 5637 nuntius
3400 5596 3516 5638 ore.

2225 5682 2497 5741 Horrescit
2524 5682 2638 5741 visu
2665 5690 2813 5739 tanto
2836 5678 3154 5749 perterritus
3184 5676 3366 5745 heros,
