4046 6170
251 332 357 388 549

249 449 600 518 Mortalisque
627 447 817 500 mulus
851 459 1134 513 personam
1173 446 1311 501 terre
1337 461 1623 515 supernam

248 542 347 596 Vix
372 541 536 605 valet,
561 550 613 593 et
638 538 811 607 pavidi
840 538 1122 605 detorquet
1146 537 1348 591 lumina
1379 538 1575 592 vultus.

247 633 338 687 llle
360 630 656 686 salutiferis
686 632 911 699 primum
941 627 1176 682 mulcere
1201 628 1478 681 timentem

244 723 584 792 Aggrediens
608 721 807 786 verbis,
834 719 954 773 caeli
980 718 1227 770 mandata
1256 716 1479 771 ferebat.

244 812 351 866 Pax
392 813 519 878 tibi,
546 812 689 881 justo
719 812 891 864 virum
911 849 926 875 ,
960 822 1144 875 pacem
1173 807 1263 861 tibi
1292 807 1486 860 missus
1511 805 1577 859 ab
1603 805 1709 859 alto

244 906 549 975 Imprecor,
578 914 637 958 ut
669 904 825 973 pulso
851 904 1030 971 capias
1061 915 1178 956 mea
1211 901 1349 955 dicta
1382 915 1600 970 pavore.

241 998 372 1053 Hec
409 998 627 1053 mandat
656 1010 896 1051 summus
922 1004 1077 1049 terra;
1106 994 1382 1064 pelagique
1410 993 1650 1048 Creator.

240 1090 528 1157 Insperata
554 1087 768 1156 quidem
792 1085 994 1140 cunctis
1021 1085 1287 1139 sententia
1311 1084 1438 1139 letlti

240 1181 534 1245 Imminet;
568 1179 704 1232 hanc
731 1178 876 1231 solus
903 1177 999 1231 sed
1029 1175 1118 1241 qui
1150 1175 1380 1228 transire
1412 1170 1660 1236 mereris,

240 1274 307 1328 Et
336 1274 602 1341 prmscire
631 1277 802 1338 potes.
828 1268 958 1322 Nam
991 1275 1043 1322 te
1072 1269 1275 1323 calcata
1302 1265 1547 1333 voluptas

236 1364 355 1418 1am
387 1360 598 1431 pridem
627 1368 832 1414 rectum
856 1367 967 1412 toto
997 1357 1254 1411 discrevit
1285 1356 1352 1408 ab
1377 1355 1527 1409 orbe.

240 1453 418 1508 Unica
448 1452 544 1506 sed
569 1451 815 1521 quoniam
847 1463 1047 1504 saevum
1078 1448 1347 1517 depellere
1378 1445 1579 1501 Iethum

238 1545 358 1599 Vita
390 1544 492 1598 tibi
526 1544 748 1613 poterit,
782 1550 959 1596 tantos
988 1540 1216 1595 evadere
1241 1551 1397 1593 casus

236 1636 493 1703 Qualiter
526 1634 763 1704 incipias,
797 1634 979 1704 paucis
998 1646 1067 1687 ex
1100 1631 1288 1687 ordine
1319 1629 1490 1683 fabor.

236 1731 391 1786 Finis
431 1729 542 1785 erit
568 1743 781 1793 rerum,
814 1726 1088 1796 permissis
1114 1724 1348 1792 undique
1379 1720 1631 1792 lymphis,

235 1826 422 1892 Atque
453 1822 693 1876 relaxata
722 1818 1016 1873 vastabitur
1046 1815 1190 1870 orbis
1215 1814 1432 1884 abysso.

234 1916 394 1971 Nunc
425 1929 554 1984 age,
579 1911 843 1980 congestis
865 1916 1074 1964 crescat
1103 1906 1390 1961 fortissima
1424 1903 1584 1974 lignis

234 2007 491 2062 Machina
510 2046 529 2071 ,
558 2018 675 2073 qua:
703 2016 925 2072 surgens
956 2000 1150 2055 ﬂuctus
1179 2006 1523 2068 superenatet
1551 2008 1759 2049 omnes.

232 2098 343 2154 Ter
372 2107 604 2153 centum
635 2095 841 2151 cuhitos
866 2108 961 2162 per
986 2094 1202 2162 longum
1227 2091 1385 2145 ducta
1421 2088 1653 2152 teni-hit,

237 2190 328 2245 llis
356 2187 557 2258 quinis
580 2188 685 2239 late
712 2184 1008 2247 claudetur,
1041 2184 1227 2251 bisque
1251 2180 1475 2236 vicenis.

235 2280 293 2335 In
326 2280 564 2350 triginta
595 2276 669 2331 illi
695 2276 960 2330 constabit
985 2274 1229 2329 culminis
1257 2271 1444 2325 altum.

235 2374 339 2429 Per
362 2373 615 2428 medium
645 2385 738 2440 per
760 2379 841 2424 ter
870 2370 1027 2436 longo
1054 2365 1329 2420 cmnacula
1361 2369 1534 2417 tractu

234 2466 399 2519 Edita
440 2461 731 2532 suspensis
758 2458 1005 2514 domibus
1037 2456 1268 2511 tabulata
1294 2454 1583 2509 levabunt:

232 2558 303 2612 Ut
332 2555 571 2626 generis
601 2551 800 2622 proprii
830 2563 1051 2605 servans
1080 2545 1353 2603 consortia
1378 2555 1595 2597 mansor

228 2649 558 2717 Componat
588 2646 758 2714 parcis
795 2643 1034 2712 dispersa
1067 2638 1259 2695 cubilia
1287 2636 1459 2692 cellis.

226 2739 375 2794 Tum
407 2752 482 2791 ne
511 2735 701 2790 rimosi
729 2747 1043 2802 compagum
1077 2729 1212 2784 forte
1241 2737 1451 2782 meatus

228 2830 540 2896 Accipiam
565 2826 836 2880 inimicum
867 2824 1123 2889 imbrem,
1158 2821 1314 2875 linire
1352 2826 1622 2873 memen'o

226 2924 551 2978 Juncturas
577 2922 797 2975 laterum
818 2960 833 2984 ,
868 2918 1181 2987 pigrumque
1212 2914 1430 2968 infunde
1470 2913 1731 2968 bitumen.

226 3014 451 3071 Taliter
483 3013 731 3068 aﬂ‘ectam
762 3026 879 3066 cum
905 3010 1368 3066 consummaveris
1398 3008 1566 3061 aedem
1588 3050 1603 3072 ,

225 3104 508 3160 Protinus
544 3102 839 3171 ingredere,
862 3116 925 3156 ac
947 3100 1203 3155 mundum
1226 3100 1435 3154 dimitte
1455 3098 1765 3163 cadentem;

232 3197 494 3251 Exc'usit
520 3209 679 3263 quem
709 3194 862 3262 culpa
890 3192 1161 3263 frequens,
1191 3192 1466 3246 includere
1495 3192 1603 3245 vita

230 3287 478 3356 Incipiat
497 3326 515 3351 ,
546 3285 849 3353 circumque
880 3283 1110 3339 fremant
1138 3295 1189 3339 te
1217 3285 1418 3353 sospite
1447 3293 1669 3339 mortes.

226 3378 383 3444 Quin
414 3378 587 3431 etiam
618 3377 794 3430 lateris
819 3377 1017 3430 sociam
1041 3376 1332 3431 succedere
1360 3385 1520 3445 tecto,

230 3472 303 3525 Et
335 3485 473 3525 cum
501 3468 818 3537 conjugibus
842 3476 995 3522 natos
1026 3469 1226 3522 intrare
1254 3467 1455 3536 jubeto.

227 3561 439 3628 Tuque
469 3559 749 3613 secundus
778 3559 886 3613 eris
911 3558 1072 3613 deleti
1105 3559 1362 3627 germinis
1383 3567 1588 3623 auctor,

227 3652 302 3708 Ut
332 3662 393 3707 te
430 3659 559 3718 post
587 3650 812 3719 primum
841 3650 1109 3718 repleatur
1130 3659 1268 3705 terra
1302 3661 1543 3718 parente.

223 3742 345 3798 Sed
374 3741 518 3810 quia
546 3742 779 3806 perfecto
805 3740 1002 3794 divinis
1024 3740 1224 3793 viribus
1250 3740 1405 3801 orbe,

223 3833 370 3887 Post
403 3831 781 3900 nperisﬁnem
801 3876 816 3900 ,
846 3842 966 3899 post
996 3833 1161 3899 leges,
1194 3838 1418 3901 postque
1446 3841 1650 3885 sacrata

222 3924 495 3978 Sabbala
517 3964 532 3985 ,
566 3923 778 3975 formari
810 3923 1095 3993 quidquam
1128 3938 1231 3975 non
1260 3924 1511 3977 convenit
1538 3924 1673 3977 ultra
1705 3942 1716 3975 :

219 4014 309 4071 Ne
345 4014 587 4085 penitus
610 4028 827 4069 cessans
855 4014 1139 4068 intercidat
1167 4028 1326 4067 omne
1355 4022 1590 4068 creatum
1612 4053 1628 4077 ,

221 4108 573 4177 Spirantum
598 4122 625 4158 e
651 4107 858 4161 cunctis
878 4121 1154 4175 pecorum,
1181 4105 1524 4173 celerumque
1541 4104 1844 4170 volucrum,

222 4200 635 4268 Silvarumque
666 4199 816 4265 feris,
848 4207 903 4253 et
928 4214 1043 4266 qua:
1070 4200 1307 4265 jumenta
1349 4208 1628 4251 vocantur.

223 4289 336 4345 Vel
369 4303 512 4358 quze
540 4302 634 4356 per
663 4288 855 4342 tacitos
885 4298 1095 4354 reptant
1125 4288 1351 4342 labentia
1384 4299 1588 4349 motus,

226 4381 379 4435 Bina
410 4392 581 4445 cape,
605 4386 661 4432 et
690 4387 865 4433 tecum
895 4378 1130 4432 claustro
1162 4378 1356 4433 victura
1384 4378 1637 4433 reconde.

224 4471 330 4526 Sic
369 4480 567 4523 tamen
598 4478 656 4522 ut
686 4470 931 4538 proprios
958 4477 1174 4524 teneant
1196 4486 1290 4524 sua
1318 4470 1531 4525 vincula
1559 4484 1742 4537 sexus,

228 4559 403 4615 Unde
438 4573 616 4628 genus
647 4574 858 4613 rursum
891 4560 1049 4615 tellus
1077 4560 1347 4630 implenda
1376 4571 1639 4617 resumat.

226 4652 313 4708 Ne
346 4653 562 4706 timeas
588 4666 655 4705 ne
680 4650 815 4706 forte
848 4652 991 4707 feros
1016 4655 1307 4708 animantia
1337 4665 1519 4709 motus

228 4743 535 4803 Servent,
558 4751 651 4795 aut
681 4741 873 4795 subitis
902 4752 1228 4811 praesumant
1256 4744 1478 4799 rictibus
1507 4745 1633 4799 iras.

229 4831 471 4888 Foedus
498 4830 601 4885 erit
629 4831 778 4896 totis,
806 4847 926 4900 quae
956 4832 1321 4888 discordantia
1351 4834 1557 4903 profert

230 4930 348 4982 Per
380 4926 579 4980 varios
604 4934 790 4980 natura
818 4925 1027 4991 modos,
1056 4937 1109 4981 et
1138 4942 1269 4996 pace
1299 4927 1441 4982 lldeli

226 5024 493 5080 I‘arebit
512 5022 679 5090 jussis
707 5021 961 5090 quidquid
990 5022 1317 5076 roncluseris
1346 5021 1475 5075 illic.

223 5112 553 5181 Serpentis
575 5119 778 5163 tantum
812 5126 1026 5179 semper
1055 5111 1303 5181 figmenta
1330 5124 1536 5167 caveto.

222 5205 490 5261 Vertice
515 5202 784 5257 submisso
812 5202 1065 5256 blandum
1095 5203 1216 5256 licet
1240 5203 1329 5258 ille
1353 5205 1588 5261 trisulcis

222 5294 519 5351 Finxerit
547 5292 885 5347 abscondens
916 5308 1011 5362 per
1039 5293 1212 5348 dulcia
1244 5294 1398 5348 sibila
1430 5296 1624 5363 linguis

222 5388 587 5449 Immortale
608 5388 822 5451 odium,
852 5404 1122 5456 nunquam
1150 5398 1203 5442 tu
1235 5389 1485 5443 credulus
1512 5389 1621 5453 illi,

221 5486 440 5551 Quem
477 5479 640 5533 nimis
667 5488 917 5546 expertus
943 5479 1216 5532 vitandum
1251 5489 1540 5547 pr:emouet
1575 5478 1765 5532 Adam.

222 5572 458 5631 llos-tis
488 5583 720 5638 namque
748 5570 913 5624 semel
944 5569 1114 5623 voluit
1138 5569 1440 5638 quicunque
1471 5585 1682 5634 nocere,

222 5669 349 5723 llic
382 5676 623 5731 semper
645 5672 923 5730 suspectus
947 5663 1068 5727 erit,
1104 5663 1417 5731 penitusque
1443 5664 1732 5719 cavendum
1758 5673 1857 5731 ρει,

221 5760 325 5817 Ne
356 5756 499 5825 jam
529 5754 752 5809 mentito
780 5754 1064 5815 coniungat
1087 5754 1284 5809 foedera
1319 5753 1576 5823 prudens.

1427 331 1805 388 POEMATUM
1844 329 2041 385 LIBER
2082 329 2170 385 IV.

3418 331 3518 387 530

1868 448 1919 508 Α
1946 447 2025 501 'l‘u
2058 456 2176 516 post
2206 448 2504 516 exemplum
2531 448 2695 517 jussis
2726 449 2930 504 servire
2952 457 3243 505 memento.

2009 540 2132 594 [huc
2164 538 2327 607 fatus,
2357 556 2581 594 vacuum
2609 540 2815 595 levibus
2841 550 2988 596 secat
3012 556 3136 596 aera
3166 541 3379 611 pennis,

1937 633 2215 687 Mortalem
2246 630 2451 701 fugiens
2473 632 2642 688 aciem
2660 674 2676 698 ,
2702 633 2947 702 caeloque
2977 634 3178 689 relatus

1937 724 2164 780 lleroem
2195 725 2457 794 trepidum
2487 726 2731 780 mandata
2760 726 2878 795 lege
2907 727 3142 795 reliquit.

1934 814 2053 882 Ipse
2081 825 2257 869 tamen
2288 816 2380 869 tali
2410 816 2656 871 manibus
2688 831 2808 870 cum
2836 832 2967 871 voce
2991 817 3200 881 levatis,

1936 905 2210 973 Quisquis,
2234 906 2340 972 ait,
2371 908 2526 961 nobis
2558 917 2756 963 tantam
2790 908 3057 979 spondere
3084 909 3338 963 salutem'

1932 996 2040 1051 Seu
2070 997 2282 1064 missus,
2313 1012 2408 1053 seu
2433 1010 2626 1069 sponte
2653 1011 2740 1056 tua
2757 1043 2771 1067 ,
2800 1018 2962 1069 super
2986 1002 3189 1058 :nthcre
3215 1005 3361 1059 celso

1936 1087 2176 1155 Venisti,
2201 1099 2255 1146 et
2280 1091 2549 1161 placidum
2579 1096 2800 1149 sacrasti
2833 1096 3034 1150 foedere
3065 1104 3272 1165 pactum
3291 1134 3305 1156 ,

1934 1178 2019 1237 Sis
2050 1180 2241 1249 fautor,
2273 1181 2591 1252 ﬁrmentque
2615 1193 2731 1239 tuas
2762 1187 3022 1254 promissa
3052 1184 3312 1254 loquelas,

1935 1270 2305 1339 Auxiliumque
2332 1282 2479 1328 tuum
2512 1275 2792 1330 conatibus
2824 1276 3001 1331 insere
3036 1276 3231 1331 nostris
3255 1316 3270 1340 ,

1936 1359 2002 1415 Ut
2032 1363 2205 1418 tenuis
2236 1371 2436 1417 tantam
2462 1366 2641 1420 valeat
2667 1381 2855 1420 manus
2882 1366 3046 1421 edere
3076 1367 3294 1421 molem.

2006 1452 2099 1506 llis
2127 1452 2362 1510 breviter
2383 1454 2560 1521 dictis,
2586 1455 2709 1510 vitae
2732 1469 2881 1524 spem
2912 1455 3073 1511 corde
3106 1456 3354 1525 reponit,

1933 1542 2358 1616 Aggrediturque
2383 1547 2528 1602 celer
2558 1548 2695 1601 sacri
2729 1556 2996 1617 praecepta
3027 1548 3247 1601 laboris.

1933 1636 2063 1703 Quis
2087 1647 2261 1693 tantos
2292 1641 2466 1708 capiat
2488 1641 2716 1696 sensus?
2736 1642 2857 1712 quis
2886 1642 3116 1711 denique
3141 1655 3321 1696 sermo

1934 1728 2201 1798 Explicet,
2231 1731 2467 1786 advectis
2502 1732 2661 1788 fuerit
2682 1749 2802 1803 quae
2831 1733 2982 1801 copia
3017 1732 3213 1802 lignis?

1860 1801 1907 1861 Β
1936 1817 2125 1873 Nudati
2156 1820 2343 1887 colles,
2372 1822 2612 1889 spoliata:
2640 1801 2836 1879 robore
2863 1824 3037 1888 silvae,

1939 1910 2090 1964 Mons
2124 1920 2179 1965 ut
2211 1912 2435 1981 quisque
2465 1914 2590 1980 fuit,
2619 1914 2818 1969 famulo
2848 1916 3095 1984 placuere
3126 1925 3334 1984 paratu.

1939 2001 2117 2056 Pelion
2153 2003 2438 2058 immensas
2462 2020 2581 2059 cum
2614 2007 2789 2061 mittat
2816 2006 3015 2061 vertice
3043 2022 3296 2075 quercus,

1938 2093 2161 2163 Insuper
2188 2099 2406 2164 exponit
2434 2098 2595 2152 multa
2626 2099 2826 2154 virtute
2860 2101 3089 2154 recisum

1937 2186 2067 2240 Ossa
2098 2203 2306 2255 nemus,
2334 2190 2609 2260 Piudoqne
2637 2191 2784 2247 abies
2809 2192 3119 2248 sub'ducitur
3146 2192 3273 2247 alta.

1938 2278 2090 2332 Atlas
2120 2279 2233 2348 ipse
2263 2296 2425 2334 novas
2456 2282 2563 2335 ictu
2592 2292 2878 2337 resonante
2907 2299 3127 2339 secures

1940 2365 2135 2435 Sensit,
2159 2378 2213 2425 et
2237 2386 2466 2425 annosas
2492 2372 2636 2427 dedit
2658 2373 2724 2426 ad
2752 2372 2955 2427 navalia
2984 2376 3161 2444 pinus.

1941 2460 2196 2516 Invictum
2225 2473 2352 2516 tunc
2382 2465 2549 2533 surgit
2575 2479 2731 2532 opus,
2756 2473 3003 2518 contexta
3036 2464 3241 2520 levatur

1941 2552 2205 2607 Porrectis
2236 2555 2474 2609 trabibus
2505 2556 2746 2623 praecelsi
2778 2557 3026 2610 culminis
3050 2556 3213 2610 ades.

2012 2644 2134 2699 llarc
2163 2644 2320 2709 inter,
2347 2644 2550 2699 discors
2576 2646 2705 2700 varii
2737 2646 2999 2700 sententia
3031 2646 3200 2713 vulgi.

1940 2733 2071 2789 Nam
2105 2736 2254 2789 multi
2287 2735 2517 2807 lymphis
2542 2737 2812 2792 obstacula
2847 2746 2991 2790 tanta
3024 2745 3300 2805 parantem

1940 2823 2158 2880 Irrisere
2179 2825 2373 2889 virum,
2402 2828 2572 2879 moles
2600 2826 2739 2895 quod
2770 2827 2950 2881 clausa
2982 2826 3180 2880 moveri

1942 2916 2381 2984 Fluminibusque
2401 2916 2515 2970 dari
2541 2928 2794 2985 nequeat,
2819 2932 2976 2986 quam
3005 2916 3139 2971 forte
3161 2916 3242 2970 vel
3264 2916 3423 2984 ampli

1945 3009 2244 3079 Euphrates
2266 3010 2519 3079 Nilusque
2541 3021 2737 3078 queant
2765 3010 2849 3063 vix
2879 3009 3126 3063 claudere
3158 3008 3307 3076 ripis.

1945 3100 2171 3155 Humani
2202 3100 2413 3171 gcn‘eris
2442 3099 2569 3171 quid
2600 3115 2751 3154 mens
2780 3100 3049 3155 incredula
3081 3099 3216 3153 reris

1871 3169 1919 3231 (εἶ
1953 3192 2229 3247 Mortalem
2257 3208 2360 3245 non
2395 3206 2551 3259 posse
2580 3206 2793 3245 manum
2821 3191 3147 3260 conjungere
3181 3197 3347 3258 ponto

1946 3284 2140 3339 [Edem
2171 3284 2544 3355 longinquam?
2572 3294 2765 3353 pontus
2795 3298 3023 3353 namque
3050 3282 3237 3336 obvius
3261 3282 3404 3335 ultro

1945 3375 2168 3442 Curret,
2194 3390 2248 3431 et
2277 3376 2560 3430 adductum
2588 3386 2803 3445 tangent
2826 3385 2974 3430 stans
3002 3374 3199 3429 fabrica
3226 3376 3396 3428 littus.

1947 3466 2045 3521 Ast
2075 3466 2208 3521 alios
2234 3465 2427 3519 celsam
2456 3474 2736 3533 compacto
2766 3466 2959 3518 robore
2993 3478 3245 3523 massam.

1950 3559 2165 3627 Ignaros
2186 3569 2487 3626 quanquam
2512 3557 2703 3623 cladis,
2731 3570 3013 3624 causaeque
3045 3554 3280 3618 l.ttenti=,

1949 3647 2124 3702 Mirari
2156 3647 2364 3702 novitas
2392 3657 2445 3702 et
2473 3646 2758 3702 formidare
2787 3647 2981 3715 coegit.

1950 3738 2098 3794 IIaud
2127 3738 2283 3793 aliter
2305 3738 2536 3793 studium
2567 3738 2677 3807 jam
2707 3746 2830 3791 tunc
2861 3737 3115 3792 diviserat
3143 3753 3348 3801 omnes,

1948 3830 2117 3896 Quam
2148 3845 2289 3884 nunc
2320 3828 2549 3883 mundus
2571 3829 2698 3897 agit.
2723 3829 2857 3883 Sunt
2890 3828 2978 3897 qui
3001 3837 3315 3895 compuncta
3354 3828 3497 3882 lideli

1948 3921 2123 3977 Corda
2146 3921 2327 3974 dicant
2350 3920 2536 3987 operi,
2562 3919 2831 3988 rebusque
2856 3920 3058 3974 instare
3084 3935 3391 3990 supremum

1950 4012 2245 4067 Discrimen
2277 4021 2472 4064 norunt
2490 4052 2503 4076 ,
2528 4024 2725 4078 corpus
2748 4026 2851 4078 quo
2882 4011 3130 4064 concidat
3155 4025 3336 4078 omne,

1953 4102 2375 4169 Bacchatamque
2405 4102 2495 4155 diu
2525 4109 2845 4155 consumant
2872 4102 3070 4156 saecula
3096 4114 3334 4153 carnem.

1954 4193 2182 4261 Etl‘ugiet
2205 4203 2330 4247 tunc
2360 4192 2451 4246 il!c
2482 4192 2711 4255 malum,
2736 4191 3037 4259 quicunque
3066 4199 3284 4259 paratus

1952 4286 2240 4340 Construat
2267 4294 2324 4339 ut
2353 4284 2579 4338 validam
2611 4282 2839 4352 praeduri
2874 4282 3120 4351 tegminis
3145 4296 3355 4347 arcam,

1956 4378 2058 4433 Per
2089 4378 2290 4447 lignum
2321 4376 2486 4432 vitale
2515 4375 2691 4430 crucis
2716 4383 2960 4428 servatus
2981 4375 3049 4429 ab
3076 4374 3259 4437 undis,

1960 4469 2108 4524 Tunc
2132 4478 2317 4525 cernet
2342 4479 2543 4539 quanto
2571 4468 2955 4536 contempserit
2984 4469 3089 4522 otia
3123 4467 3317 4524 fructu.

2042 4560 2191 4617 llaud
2215 4560 2402 4631 procul
2432 4566 2694 4615 attentum
2726 4559 3095 4628 contemplans
3136 4559 3276 4613 hunc
3314 4573 3547 4623 operan-

3305 4649 3433 4721 [tem
3457 4691 3473 4715 ,

1966 4744 2153 4799 Nonne
2181 4743 2332 4812 piger
2357 4743 2636 4812 quisquam
2668 4743 2829 4809 lucri,
2854 4745 3160 4813 taedensque
3184 4741 3399 4808 laboris,

1964 4834 2200 4889 Insanire
2230 4842 2416 4902 putet,
2442 4849 2569 4889 cura
2600 4834 2742 4904 quod
2768 4835 2912 4890 solus
2944 4834 3086 4889 inani

1964 4926 2213 4989 lEstuet,
2238 4935 2292 4980 et
2322 4928 2480 4979 rebus
2512 4926 2644 4980 nolit
2674 4926 3020 4997 pereuntibus
3047 4926 3159 4980 uti?

1967 5020 2057 5074 Sic
2085 5019 2313 5087 epulans
2337 5034 2579 5087 parcum,
2603 5019 2681 5073 sic
2708 5020 2911 5089 largum
2934 5020 3173 5089 quisquis
3193 5034 3405 5087 avarus,

1966 5109 2054 5163 Sic
2081 5108 2281 5163 nudum
2311 5120 2511 5177 raptor,
2536 5111 2613 5164 sic
2636 5119 2839 5164 castum
2867 5110 3005 5165 ridet
3031 5110 3266 5175 adulter,

1965 5201 2058 5257 Sic
2086 5202 2542 5257 circumscribens
2577 5202 2733 5255 illuso
2760 5202 2998 5271 simplice
3027 5202 3252 5272 gaudet.

1970 5292 2061 5349 Sic
2096 5295 2342 5363 sapuisse
2368 5293 2512 5348 dolet
2542 5293 2711 5361 dives,
2740 5291 2856 5348 cum
2881 5306 3165 5366 congregat
3188 5311 3410 5363 aurum,

1968 5385 2321 5454 Spargentem
2348 5401 2616 5448 nummos,
2641 5389 2888 5455 ultroque
2911 5387 2962 5441 in
2994 5405 3226 5458 paupere
3249 5406 3414 5443 censu

1966 5475 2311 5546 Consumptis
2338 5476 2529 5543 opibus
2562 5476 2813 5530 miserum
2843 5486 2989 5531 ratus
3015 5493 3134 5532 esse
3165 5480 3401 5533 beatum.

2038 5570 2168 5625 Inde
2198 5571 2531 5638 repentinum
2563 5569 2732 5624 .ludcx
2762 5586 2880 5625 cum
2910 5582 3152 5628 cerneret
3176 5574 3293 5626 orbi

1970 5662 2277 5717 Adventare
2306 5661 2448 5715 diem
2484 5678 2495 5713 :
2536 5662 2679 5715 Finis
2705 5662 2781 5716 sic
2810 5666 3073 5731 protinus,
3103 5664 3300 5733 inquit,

1972 5756 2252 5828 Imminet,
2283 5766 2341 5813 ut
2364 5755 2493 5827 justi
2526 5756 2796 5827 quondam
2827 5758 2925 5814 sub
2956 5766 3198 5825 tempore
3223 5756 3356 5825 Nnc,
