4024 6172
533 286 630 338 531
1706 282 1764 336 S.
1812 283 1994 338 AVl'll
2037 282 2437 340 V'IENNENSIS
3684 294 3773 348 551

533 400 797 453 Diluvium
824 397 997 451 varios
1028 396 1206 450 mundi
1236 411 1355 451 cum
1390 395 1620 464 repperit
1642 408 1815 460 aetus,
2146 402 2192 457 A
2225 398 2354 452 llinc
2379 410 2579 454 tantum
2604 412 2823 471 septena
2846 401 2996 457 dedit
3020 402 3251 458 viventia
3276 403 3527 470 claustro,

538 491 603 542 Et
630 504 843 543 carnem
874 488 1203 554 consumpsit
1233 486 1405 556 aquis,
1437 486 1721 554 opifexque
1752 486 1943 541 salutis
2225 489 2293 545 Ut
2318 492 2482 544 ternis
2510 492 2722 559 paribus
2749 504 2962 547 servato
2994 495 3201 547 semine
3225 494 3412 559 salvis,

536 583 717 633 Evasit
744 593 892 648 parto
919 578 1102 631 diffusa
1138 576 1367 645 pericula
1396 578 1650 630 claustro.
2222 583 2457 649 Septima
2482 600 2600 653 qua:
2627 583 2822 637 fuerint
2855 587 3025 639 sacris
3060 585 3381 654 quandoque
3417 587 3643 644 liteutur.

534 672 658 725 ll.ec
685 669 1003 739 evangelicis
1030 677 1153 721 sunt
1184 668 1465 721 inclamata
1498 667 1703 736 figuris.
2223 675 2287 729 Et
2310 676 2418 744 jam
2446 677 2621 731 vitalis
2643 677 2980 731 concluserat
3002 678 3178 731 omnia
3203 695 3408 731 carcer.

606 762 861 814 Providus
896 760 1094 813 interea
1121 768 1458 812 consummat
1488 761 1735 813 conditor
1765 775 1963 814 arcam.
2220 766 2370 819 Tunc
2392 766 2593 834 justum
2616 812 2630 834 ,
2661 777 2986 835 cunctosque
3008 783 3155 829 suos,
3184 778 3462 836 natosque,
3500 784 3655 824 nurus
3675 788 3767 838 lue,

534 856 681 909 Tunc
712 856 874 921 jussu:
904 863 1189 907 accurrunt
1220 853 1485 916 volucres,
1519 861 1642 906 tunc
1669 853 1836 907 bestia
1867 868 2107 923 qumque,
2221 857 2425 926 Accipit
2445 867 2763 926 eXSpectans
2784 858 3073 912 claustrum
3093 900 3107 922 ,
3129 858 3357 927 vitaeque
3389 862 3615 927 reponit.

532 950 853 1001 (Iousuetum
886 946 1129 1012 linquens
1160 948 1358 997 silvoso
1391 946 1622 1014 tegmine
1654 946 1878 999 lustrum
1900 986 1915 1011 ,
2218 947 2351 1000 Nam
2380 963 2563 1001 servos
2595 949 2827 1003 nondum
2861 949 3083 1003 dederat
3114 960 3301 1003 natura
3330 950 3541 1014 vocari,

535 1039 778 1106 Deposita
810 1037 1019 1092 feritate
1044 1038 1217 1100 venit,
1251 1051 1477 1106 seseque
1511 1038 1793 1093 tenendam
2218 1037 2327 1093 Nec
2349 1038 2595 1092 dominos
2617 1039 2826 1093 famulis
2848 1040 3158 1094 discernere
3186 1052 3409 1094 noverat
3432 1043 3583 1094 ordo.

533 1131 722 1199 Ingerit
753 1144 1059 1191 occurrens,
1085 1138 1135 1181 ct
1163 1128 1406 1182 libertate
1430 1130 1614 1183 relicta
2219 1129 2427 1183 Primus
2447 1132 2587 1184 enim
2619 1132 2882 1185 maculam
2907 1131 3083 1185 servili
3110 1133 3327 1188 nomine
3349 1134 3520 1188 sensit

534 1223 731 1275 Includi
762 1222 953 1289 gaudet
980 1242 991 1272 :
1022 1230 1223 1274 tantum
1253 1222 1465 1275 decreta
1493 1222 1649 1274 futuri
2220 1218 2387 1289 llujus
2412 1230 2655 1275 natorum
2686 1221 2915 1287 medius,
2939 1222 3027 1289 qui
3055 1222 3192 1278 forte
3214 1224 3479 1277 cachinno

536 1317 624 1370 \‘is
656 1318 823 1381 valet;
857 1315 1094 1369 occultus
1123 1314 1291 1367 brutis
1318 1315 1371 1367 in
1400 1315 1645 1368 sensibus
1679 1314 1831 1369 ardet
2220 1312 2511 1367 Distectum
2545 1314 2692 1384 petiit
2724 1316 2922 1369 misero
2946 1317 3277 1383 spectamine
3308 1326 3513 1384 patrem
3534 1357 3549 1379 ,

533 1410 749 1472 Terror;
783 1419 833 1462 et
862 1417 1176 1476 exspectans
1201 1406 1363 1475 agitat
1396 1405 1677 1461 formidine
1708 1408 1892 1461 vitam.
2216 1406 2595 1478 Materiamque
2616 1409 2694 1462 sui
2721 1408 2838 1463 risit
2858 1407 3149 1463 deformior
3170 1417 3344 1472 ortus,

532 1504 628 1555 Ast
661 1504 904 1557 homines
931 1516 1064 1570 quos
1095 1514 1213 1555 sors
1242 1501 1371 1554 certi
1404 1500 1728 1553 discriminis
1756 1510 1942 1569 urget,
2216 1503 2283 1556 Et
2314 1501 2432 1570 plus
2450 1502 2557 1570 jam
2585 1501 2753 1568 turpis
2778 1500 2975 1554 nudato
2997 1500 3239 1568 simplice
3263 1516 3515 1570 nequam.

536 1595 716 1648 Vicina
752 1611 847 1648 nec
879 1603 1050 1648 morte
1079 1603 1306 1661 pavent,
1340 1592 1471 1647 satis
1502 1594 1734 1661 undique
1758 1602 1970 1647 constat
2215 1598 2364 1664 Quod
2389 1605 2667 1667 postquam
2699 1604 2914 1650 sanctus
2936 1596 3105 1664 potuit
3131 1610 3456 1665 cognoscere
3482 1593 3614 1657 Noe,

532 1684 693 1739 Vitali
721 1685 915 1739 indicio
948 1684 1249 1754 praecedere
1278 1699 1420 1753 saepe
1452 1686 1717 1737 timorem.
2216 1688 2406 1742 Natum
2431 1686 2697 1756 germanis
2720 1686 2971 1740 famulum
2994 1685 3171 1751 dedit;
3196 1686 3316 1740 inde
3346 1694 3616 1752 repertum

532 1777 760 1832 Securos
792 1779 1044 1847 laetosque
1073 1793 1193 1832 reos
1222 1779 1411 1831 tellure
1439 1774 1755 1831 Gomorrhzn
2148 1770 2191 1829 Β
2218 1780 2346 1835 Tale
2372 1782 2587 1849 jugum;
2614 1779 2790 1834 cuncti
2824 1794 2944 1832 nam
2972 1779 3177 1834 semine
3209 1780 3477 1833 nascimur
3504 1793 3629 1835 uno.

531 1871 646 1923 Jam
682 1886 846 1939 prope
875 1873 973 1924 sub
1002 1869 1230 1923 ﬂammis
1258 1870 1520 1924 sententia
1552 1870 1694 1923 dicta
1727 1870 1955 1925 videbat.
2220 1870 2433 1928 Servitii
2456 1880 2604 1925 certe
2630 1884 2847 1923 causam
2880 1868 3068 1924 fecisse
3099 1877 3279 1924 reatus

531 1961 732 2015 Ninivae
759 1971 941 2015 centra
977 1960 1184 2029 populis
1213 1968 1421 2014 terrore
1448 1960 1647 2015 salubri
2216 1962 2485 2023 Cernitur,
2511 1968 2565 2015 et
2594 1960 2728 2015 liber
2757 1974 2984 2028 peccans
3009 1960 3065 2014 fit
3086 1960 3310 2013 crimine
3343 1974 3559 2023 servus;

531 2053 810 2107 Prrevaluit
844 2067 937 2120 pro
965 2067 1092 2121 pace
1120 2062 1313 2106 metus.
1338 2052 1468 2105 Nam
1504 2062 1723 2107 venerat
1753 2052 1881 2107 illuc
2219 2051 2277 2106 Si
2312 2067 2520 2105 rursum
2545 2067 2683 2107 nexu
2714 2051 2941 2105 famulus
2970 2049 3258 2119 stringatur
3287 2049 3496 2103 liencsti
3518 2090 3535 2114 ,

464 2216 469 2221 ξ
531 2142 741 2208 Jussus,
775 2144 997 2196 multum
1027 2143 1115 2196 ille
1138 2152 1191 2196 et
1223 2143 1380 2196 terris
1408 2143 1635 2209 jactatus
1662 2154 1717 2198 et
1743 2144 1880 2208 alto,
2219 2143 2431 2197 Natales
2462 2142 2655 2197 faciens
2679 2142 2923 2209 sibimet,
2949 2144 3056 2211 jam
3088 2140 3280 2195 nubilis
3304 2140 3388 2193 hic
3411 2150 3513 2193 est.

531 2235 629 2299 Qui
661 2235 985 2288 clamatnrus
1011 2243 1170 2288 tanta:
1195 2233 1500 2287 discrimina
1538 2235 1679 2302 plebi
2291 2237 2517 2292 Nuntius
2540 2239 2765 2302 interea,
2791 2237 2987 2291 dudum
3010 2237 3099 2305 qui
3132 2235 3325 2289 missus
3345 2235 3413 2288 ab
3435 2234 3545 2288 alto

532 2325 798 2379 Dluvium
836 2325 1005 2379 timuit
1036 2326 1236 2378 mundo
1264 2334 1545 2379 constante
1573 2326 1854 2393 propheta.
2222 2329 2493 2383 Detulerat
2516 2329 2661 2397 justo
2683 2329 2919 2384 caelestis
2942 2342 3158 2381 munera
3185 2327 3361 2389 verbi,

533 2418 793 2470 llanserat
822 2416 922 2470 hnc
950 2416 1128 2470 valido
1162 2416 1460 2483 pervadens
1492 2416 1667 2470 bellua
1699 2420 1831 2471 rictu
1851 2460 1866 2484 ,
2220 2421 2467 2475 Protinus
2496 2430 2550 2474 ut
2573 2420 2813 2474 clausum
2845 2419 3005 2482 vidit,
3036 2418 3301 2487 rebusque
3333 2416 3531 2484 paratis

532 2510 954 2578 lmmersumque
979 2510 1110 2562 mari
1142 2510 1341 2561 ventris
1366 2509 1706 2563 conciuscrat
1736 2525 1881 2564 arca.
2222 2512 2547 2581 Exspectare
2577 2511 2716 2566 diem
2735 2556 2748 2574 ,
2784 2525 2966 2565 rursus
2993 2509 3319 2565 descendere
3341 2508 3480 2562 coelo

533 2597 800 2667 Deglntire
832 2601 1036 2661 virum,
1072 2600 1358 2667 faucesque
1384 2600 1609 2666 implere
1636 2615 1879 2665 capaces,
2219 2603 2519 2667 Festinans,
2550 2604 2697 2656 laxos
2728 2602 2956 2655 firmavit
2977 2600 3193 2656 cardine
3224 2609 3435 2667 postes,

532 2690 752 2743 Ardenti
782 2699 1019 2743 monstro
1045 2705 1163 2744 cum
1191 2692 1260 2741 sit
1289 2690 1547 2757 permissa
1579 2700 1835 2756 petestas,
2223 2693 2548 2763 lnrlusitque
2580 2694 2740 2757 viros,
2768 2704 2929 2762 atque
2949 2692 3081 2745 ostia
3115 2691 3267 2745 fortia
3295 2691 3487 2755 traxit,

532 2780 645 2835 Non
674 2782 823 2835 licu’t
854 2780 1103 2834 mordere
1129 2790 1302 2833 tamen
1326 2820 1340 2846 ,
1371 2780 1444 2832 nil
1475 2780 1723 2835 dentibus
1750 2791 1949 2836 actum.
2218 2783 2617 2850 Confestimque
2638 2783 2818 2837 levans
2845 2799 3039 2849 supero
3067 2797 3124 2836 se
3147 2781 3349 2836 rettulit
3370 2781 3479 2838 axi.

531 2873 750 2927 Intravit
779 2874 1029 2943 cupidum
1062 2874 1321 2928 deludens
1350 2872 1525 2942 praeda
1559 2886 1833 2930 vorantem
1852 2918 1865 2938 ,
2219 2875 2354 2931 z‘Evo
2384 2886 2667 2929 sexcentos
2695 2878 2874 2930 senior
2904 2874 3305 2929 transcenderat
3330 2888 3521 2937 annos,

531 2965 855 3035 lnvasusqnc
881 2966 1029 3019 cibus
1057 2966 1236 3034 jejuna
1266 2964 1396 3019 vixit
1426 2966 1477 3019 in
1508 2968 1647 3019 alvo.
2223 2966 2472 3034 Lunaque
2504 2968 2582 3019 bis
2614 2966 2798 3034 plenos
2820 2966 3045 3020 addebat
3078 2979 3345 3019 mensrua
3372 2979 3586 3030 eursus,

532 3057 666 3111 Dum
701 3068 808 3112 tres
839 3059 955 3113 luce
985 3059 1099 3112 dies
1132 3073 1234 3111 una
1260 3058 1359 3110 sub
1391 3067 1547 3112 nocte
1580 3059 1852 3128 prophetae
2221 3058 2489 3126 Septimus
2517 3069 2571 3113 et
2598 3059 2837 3113 decimus
2858 3059 2945 3128 qui
2979 3069 3096 3128 post
3126 3059 3368 3111 illoxerat
3395 3057 3546 3121 orbi,

536 3150 629 3201 Sol
664 3159 872 3217 ageret,
901 3149 1155 3219 lillttsque
1193 3164 1385 3201 novum
1418 3150 1688 3202 vacuanda
1720 3150 1993 3214 viderent,
2143 3132 2187 3193 (ἶ
2225 3150 2449 3205 Ultimus
2482 3150 2570 3204 ille
2598 3149 2714 3204 dies
2736 3149 2846 3218 jam
2879 3163 3018 3203 nunc
3047 3148 3190 3203 dabit
3219 3149 3393 3202 omnia
3416 3147 3587 3201 letho.

536 3238 599 3292 Et
625 3240 938 3308 castigatum
968 3248 1245 3293 vomerent
1269 3240 1533 3308 ergastula
1570 3249 1801 3307 pastum.
2290 3240 2433 3293 Ilicet
2459 3241 2723 3308 obtegitur
2743 3240 2970 3303 cmlum,
3008 3239 3289 3305 nimiisque
3323 3238 3564 3293 tenebris

604 3328 669 3383 Ut
702 3340 943 3385 monstro
965 3339 1157 3383 exutus
1182 3340 1355 3394 vates,
1382 3331 1684 3399 coelumque
1708 3332 1908 3401 recepit
2225 3331 2371 3385 Victa
2403 3331 2733 3399 repelluntur
2760 3330 2948 3400 fuscati
2972 3330 3166 3384 lumina
3190 3330 3337 3383 solis.

533 3418 857 3490 Contingens
889 3430 1083 3485 terras,
1117 3435 1359 3489 magnam
1394 3430 1517 3475 tunc
1543 3423 1776 3489 percitus
1807 3425 1991 3477 urbem
2220 3423 2437 3475 lnsanas
2468 3421 2741 3475 hominum
2773 3429 2979 3475 mentes
3006 3421 3088 3474 vix
3120 3430 3335 3488 tangere
3368 3429 3542 3472 terror

534 3510 783 3564 Terribili
808 3526 929 3564 cum
959 3526 1091 3565 voce
1122 3519 1310 3578 petens
1336 3528 1349 3563 :
1374 3511 1509 3576 Quid
1533 3512 1792 3577 criminis,
1820 3515 2009 3584 inquit,
2217 3516 2495 3584 Coeperat,
2526 3515 2767 3569 insuetus
2797 3530 2918 3568 mox
2953 3513 3168 3583 proﬂuit
3193 3514 3395 3565 mthere
3419 3513 3653 3575 nimbus,

533 3600 746 3654 Ardetis
776 3601 1039 3654 ﬂammis?
1065 3600 1389 3670 restringent
1414 3603 1591 3656 omnia
1622 3619 1809 3671 preme.
2220 3607 2285 3662 Et
2316 3607 2487 3661 valido
2519 3607 2745 3673 primum
2777 3606 2967 3660 similis
2996 3605 3293 3661 demittitur
3318 3604 3495 3658 imbri.

534 3692 759 3753 Jamque
790 3690 933 3744 venit
965 3690 1105 3752 linis,
1134 3691 1331 3745 lentum
1357 3702 1439 3747 est
1463 3694 1565 3747 hoc
1590 3694 1788 3757 dicere,
1817 3696 1980 3750 venit.
2219 3699 2378 3754 Arida
2415 3708 2673 3752 terrarum
2706 3703 2907 3768 pariter
2933 3698 3183 3752 maduere
3214 3713 3307 3764 per
3330 3696 3551 3763 orbem,

538 3781 654 3833 Non
689 3782 806 3849 plus
834 3780 974 3834 fatus
1006 3790 1157 3835 erat;
1192 3791 1332 3836 totus
1358 3784 1603 3852 conjurat
1634 3786 1684 3839 in
1713 3802 1872 3842 omne
2226 3788 2338 3843 Una
2367 3789 2460 3841 fuit
2488 3797 2601 3843 toto
2628 3789 2787 3844 facies
2806 3799 2858 3844 et
2891 3789 3070 3844 nubila
3098 3788 3235 3843 coelo

537 3875 853 3928 Lameutum
887 3874 1114 3943 populus
1141 3892 1154 3928 ε
1182 3885 1497 3943 procurrunt
1523 3877 1754 3946 undique
1777 3878 1953 3945 ﬂetus,
2220 3877 2484 3948 Egyptus
2514 3890 2640 3933 tunc
2666 3880 2776 3948 ipsa
2808 3894 2973 3934 novas
2999 3879 3211 3949 expavit
3238 3878 3303 3931 ad
3330 3877 3518 3941 undas,

534 3969 756 4023 Pectora
791 3968 1106 4032 tunduntur,
1134 3970 1328 4024 etnlutn
1354 3972 1582 4039 suspiria
1607 3974 1839 4041 pulsant.
2220 3970 2362 4024 Alsit
2386 3980 2439 4024 et
2470 3970 2674 4024 infusus
2701 3971 2980 4037 Garamas,
3012 3972 3317 4039 dudumque
3344 3971 3583 4025 calentes

533 4060 780 4114 Mollibus
801 4061 1022 4128 abjectis
1043 4061 1264 4115 Cilicum
1291 4061 1417 4115 dant
1445 4063 1673 4131 tegmina
1697 4073 1844 4129 seta),
2222 4063 2450 4117 Humida
2480 4063 2735 4133 Massylas
2765 4065 3051 4132 tetigerunt
3080 4061 3271 4131 frigora
3300 4061 3503 4130 Syrtes.

532 4151 696 4222 Inque
743 4153 893 4207 cibos
934 4155 1171 4209 cinerem
1197 4198 1210 4224 ,
1255 4154 1626 4225 lacryinasque
1667 4157 1718 4209 in
1765 4158 1951 4225 pocula
1996 4157 2115 4210 fun-
2221 4156 2330 4210 Nec
2362 4156 2573 4225 longum
2606 4156 2796 4225 pluvia:
2820 4156 3047 4223 species,
3084 4170 3187 4207 non
3212 4153 3441 4221 deniq‘e
3470 4160 3633 4221 gutta:

1862 4246 2043 4318 [.lunt,
2218 4245 2461 4309 Stillant,
2487 4246 2579 4300 sed
2611 4256 2767 4314 rupto
2797 4244 3085 4299 funduntur
3113 4243 3325 4298 ﬂumina
3355 4242 3515 4297 coelo.

535 4333 653 4402 Ipse
674 4336 833 4389 etiam
852 4378 865 4401 ,
888 4336 1080 4406 dignus
1110 4338 1199 4393 tali
1225 4338 1313 4408 qui
1339 4348 1579 4408 tempore
1606 4340 1854 4408 princeps
2220 4339 2334 4393 Non
2366 4340 2519 4394 aliter
2549 4338 2765 4402 Tanais,
2798 4338 3008 4393 nivibus
3036 4353 3156 4391 cum
3186 4336 3423 4406 pascitur
3454 4333 3621 4400 albis,

539 4429 681 4480 Ante
705 4426 870 4481 aciem
896 4428 1113 4481 ﬂentum
1138 4438 1316 4498 portet
1338 4431 1528 4483 vexilla
1553 4431 1761 4495 salutis,
2147 4494 2180 4498 _
2226 4431 2443 4497 [liphteo
2464 4431 2530 4485 de
2557 4441 2737 4486 monte
2765 4444 2925 4484 ruens
2952 4429 3175 4483 illiditur
3199 4428 3374 4494 amni,

535 4520 707 4588 Atque
739 4535 937 4574 noi'um
960 4521 1103 4575 dictu
1134 4494 1378 4575 metuens
1404 4523 1709 4577 discrimina
1742 4494 1946 4588 vincat,
2068 4586 2071 4589 δ
2146 4494 2196 4553 D
2228 4494 2633 4593 Prrecipitatque
2664 4525 2820 4579 simul
2852 4524 3011 4591 longo
3036 4524 3178 4592 quod
3212 4522 3423 4577 tramite
3450 4520 3618 4576 ducit.

536 4608 755 4677 Projicit
780 4610 904 4665 hinc
928 4621 1197 4680 sceptrum
1222 4652 1236 4672 ,
1270 4613 1459 4681 linquit
1482 4614 1708 4669 Sublime
1746 4615 2008 4681 tribunal,
2231 4618 2499 4671 Undarum
2534 4617 2619 4668 tali
2652 4615 2885 4683 quatitur
2911 4617 3203 4670 certamine
3236 4614 3416 4678 tellus,

536 4700 699 4752 Pallia
734 4701 1017 4754 blattarum
1043 4713 1226 4770 spreto
1248 4702 1508 4757 difﬁbulat
1541 4720 1693 4769 auro,
2230 4710 2419 4777 Fitque
2452 4710 2597 4763 lacus
2626 4709 2793 4763 instar
2820 4723 3158 4776 compressus
3190 4707 3437 4762 ﬂuctibus
3459 4720 3574 4760 aer.

537 4790 721 4844 Serica
744 4790 1069 4861 despiciens,
1095 4802 1253 4862 atque
1274 4809 1459 4861 aspera
1486 4798 1713 4861 tegmina
1737 4810 1975 4853 sumens.
2227 4800 2335 4855 Nec
2365 4810 2539 4854 tamen
2574 4800 2661 4855 hic
2685 4799 2930 4868 lymphas
2955 4810 3158 4854 tantum
3192 4798 3375 4853 fudere
3396 4810 3631 4866 superna
3647 4835 3665 4862 ,

608 4883 676 4933 Αῑ
707 4881 821 4947 llius
844 4895 908 4933 ex
931 4882 1039 4935 ³1ιο
1064 4884 1433 4953 contemplans
1458 4884 1580 4937 talia
1608 4886 1803 4938 licclor
2228 4894 2536 4947 Terrestres
2563 4892 2724 4946 etiam
2753 4892 2983 4946 mundus
3008 4891 3282 4957 consurgit
3306 4890 3356 4944 in
3386 4891 3513 4945 iras.

504 5044 509 5049 ι
538 4970 788 5024 Evscrtas
812 4983 1024 5025 revocat
1047 4973 1246 5027 sedatis
1271 4978 1501 5028 motibus
1526 4976 1651 5041 iras,

2229 4985 2509 5053 Rumpitur
2536 5000 2694 5038 omne
2717 4985 2887 5038 solum
2906 5025 2919 5047 ,
2947 4982 3165 5037 crebros
3192 4983 3322 5035 dant
3347 4996 3473 5035 arva
3503 4987 3731 5043 meatus,

544 5064 922 5133 Vibi-atumqne
947 5074 1134 5119 tenens
1167 5069 1411 5122 restinxit
1437 5072 1635 5126 missile
1664 5073 1886 5129 fulmen.
2229 5078 2519 5131 Prosiliunt
2550 5075 2722 5131 fontes
2753 5076 3035 5144 ignotaque
3063 5074 3279 5129 ﬂumina
3312 5082 3550 5126 manant.

539 5154 889 5224 Temporibus
914 5157 1143 5226 propriis
1173 5158 1350 5227 justus
1374 5163 1452 5216 sic
1474 5166 1717 5221 Conditor
1739 5182 1877 5222 arcte
2228 5171 2478 5240 Vergitur
2510 5169 2561 5223 in
2590 5185 2798 5224 sursum
2828 5177 3033 5221 mutato
3069 5168 3303 5235 pondere
3332 5165 3568 5230 nimbus,

539 5245 741 5299 Securo
759 5249 902 5300 solus
932 5249 1170 5303 timuisse
1204 5251 1433 5318 pericula
1468 5258 1665 5309 mundo
2232 5262 2356 5315 lude
2391 5262 2587 5317 radens
2615 5262 2786 5325 ctelis,
2818 5260 2941 5314 hinc
2971 5262 3131 5314 terris
3161 5257 3392 5325 undique
3414 5269 3664 5325 surgens,

541 5334 830 5401 Gauilebit,
865 5338 1022 5391 finem
1047 5345 1274 5405 cunctis,
1302 5341 1402 5396 sibi
1434 5343 1581 5399 ferre
1607 5348 1866 5410 salutem,
2227 5352 2473 5405 Occurrit
2500 5366 2619 5405 mox
2652 5354 2792 5405 unda
2817 5350 2953 5416 sibi,
2984 5349 3273 5418 iunctoque
3301 5347 3481 5401 furore

538 5425 813 5481 Diversam
844 5442 1073 5484 cernens
1104 5432 1282 5486 meriti
1308 5433 1618 5491 diserimine
1648 5450 1871 5493 sortem.
2227 5444 2527 5511 (Zonjuraut
2554 5444 2819 5499 elementa
2853 5443 3005 5506 neci;
3038 5441 3430 5496 transcenditur
3457 5438 3636 5495 omnis

540 5519 683 5588 Ergo
706 5521 791 5575 ubi
825 5521 1098 5578 silvestres
1121 5540 1249 5579 sexu
1284 5528 1494 5598 collegit
1525 5540 1749 5600 utraque
2231 5534 2493 5604 Riparurn
2522 5535 2675 5589 limes
2705 5534 2900 5600 ﬂuviis,
2932 5541 3095 5601 atque
3119 5532 3273 5587 obice
3299 5541 3451 5599 rupta

544 5612 867 5687 Inclusitque
897 5618 1056 5682 feras,
1084 5619 1342 5687 pecudum
1376 5630 1499 5678 tunc
1525 5624 1674 5691 eligit
1701 5626 1785 5679 illa
2224 5626 2388 5681 vait
2419 5626 2606 5679 laxatis
2631 5625 2935 5679 discurrens
2963 5624 3155 5679 humor
3182 5622 3423 5678 habenis.

542 5706 783 5775 Sumere,
805 5727 920 5779 quae
948 5712 1147 5768 licitum
1173 5724 1251 5768 eSt
1282 5715 1478 5781 mandi,
1502 5718 1579 5771 vel
1608 5718 1801 5772 munda
1840 5726 2115 5781 vocantur,
2226 5716 2331 5772 Sed
2358 5730 2478 5771 cum
2504 5714 2708 5772 dill'usae
2736 5714 2964 5786 spatium
2995 5713 3323 5787 concludere
3350 5723 3504 5769 teme
