4024 6172
264 325 351 380 355
1383 313 1755 371 I’UEMATL‘M
1799 312 2002 369 LIBER
2048 317 2133 371 IV.

1817 432 1867 489 A
1894 429 2131 485 Collibus
2153 432 2412 499 impositze
2439 430 2679 487 vicerunt
2708 433 2848 487 edita
2881 432 3131 504 lympha).
3196 412 3210 427 ’

263 442 417 502 Omnia
444 440 727 498 certarent,
761 429 1121 498 mundumque
1152 428 1371 498 implere
1402 444 1651 499 capacem
1675 471 1687 493 ,

264 529 484 601 Suspendi
514 527 678 580 forsan
710 519 879 590 potuit
904 518 1167 573 sententia
1200 518 1327 572 lethi
1347 560 1361 581 ,

261 630 401 691 Atque
428 632 558 671 mora
586 612 781 681 majore
814 611 980 674 trahi,
1004 625 1110 678 quo
1142 609 1345 661 tardius
1372 624 1583 661 omnem

260 711 524 769 Conredens
548 706 769 774 spatium
803 702 972 769 rapiat
1000 716 1117 754 sors
1144 701 1329 754 ultima
1362 716 1610 763 carni-ni;

258 809 462 859 Oceanus
486 811 652 853 vertex
682 812 860 850 rerum
894 795 945 847 ni
978 794 1212 850 fervidus
1241 810 1345 847 uno

257 896 442 953 Littnre.
464 906 560 961 quo
587 897 787 942 tantum
822 897 990 939 terras
1014 898 1171 954 atque
1197 900 1408 953 aequora
1441 884 1635 954 cingit,

256 989 437 1049 Exiret,
466 996 806 1050 rumpensque
839 980 994 1032 ﬁdem
1028 976 1371 1048 perfunderet
1400 993 1547 1031 arva.

256 1078 445 1144 Dissipat
463 1084 680 1127 aeternas
710 1072 875 1140 leges,
903 1081 955 1124 et
986 1070 1111 1123 sede
1135 1070 1318 1123 relicta

255 1173 400 1241 Regna
426 1171 580 1222 aliena
611 1175 794 1235 petens
822 1177 1024 1217 natura:
1057 1163 1253 1219 fmdera
1291 1163 1493 1217 turbat.

310 1262 363 1316 Ut
386 1260 515 1314 diros
544 1257 766 1325 primum
802 1254 969 1323 pelagi
1001 1268 1220 1308 sensere
1253 1255 1463 1307 furores

253 1351 445 1408 lllu‘tres
472 1348 634 1411 fluvii,
670 1362 887 1415 magnos
912 1361 1045 1415 quos
1078 1345 1274 1414 inclyta
1301 1359 1461 1398 cursu

253 1446 379 1500 Fama
406 1442 582 1508 refert,
614 1450 895 1508 motusque
927 1452 1092 1491 novos
1120 1450 1371 1506 Stupuere
1400 1451 1705 1505 parumper,

252 1534 303 1591 Ut
325 1534 490 1590 credas
512 1532 750 1601 sapuisse
780 1532 989 1599 fugam,
1020 1530 1098 1584 sic
1128 1545 1281 1583 versa
1308 1540 1597 1585 retrorsum

252 1628 327 1682 Per
353 1640 501 1682 terras
528 1636 781 1695 spargunt
812 1625 1019 1679 sublata
1052 1625 1322 1678 volumine
1356 1633 1537 1690 ponto.

252 1720 499 1788 Insequitur
523 1728 697 1771 tamen
727 1716 991 1779 Oceanus,
1018 1716 1321 1783 refugisque
1351 1714 1564 1768 fluentis

252 1810 482 1872 Imminet,
506 1820 554 1862 et
579 1808 739 1860 salsis
769 1804 993 1874 impellit
1024 1804 1255 1857 molibus
1277 1818 1481 1857 amnes.

250 1905 365 1957 Tunc
391 1902 544 1970 major
568 1900 795 1967 strepitu
825 1908 969 1951 tanto
998 1896 1310 1950 mortalibus
1338 1895 1495 1963 aegris

250 1995 313 2047 Fit
337 1978 506 2058 me'tus,
530 1989 828 2045 ascendunt
856 1998 1047 2051 turres,
1074 1999 1124 2041 et
1158 1986 1300 2040 celsa
1332 1985 1613 2039 domorum

248 2083 475 2146 Culmina,
508 2090 933 2151 praesentemque
958 2078 1109 2147 juvat
1136 2078 1217 2131 vel
1244 2087 1481 2145 tempore
1512 2092 1672 2145 parvo

248 2176 315 2229 Sic
337 2174 523 2228 differre
552 2188 736 2226 necem
763 2189 776 2225 :
811 2170 1007 2223 multos
1033 2168 1157 2223 dum
1186 2168 1446 2223 scandere
1470 2177 1675 2221 tentant

248 2266 457 2319 CTCSL’CIH
484 2263 613 2316 unda
651 2263 851 2325 trahit,
881 2260 1137 2329 quosdam
1169 2269 1418 2313 montana
1447 2268 1686 2327 petentes

248 2353 571 2421 Consequitur,
599 2353 850 2421 Iethoque
883 2350 1056 2421 fugam
1086 2351 1367 2420 deprendit
1398 2354 1629 2407 inanem.

246 2446 322 2499 Ast
345 2446 418 2497 alii
446 2445 592 2513 longo
615 2444 886 2513 jactantes
906 2444 1143 2497 membra
1174 2451 1377 2509 natatu,

247 2535 409 2589 Defessi
435 2537 699 2603 exspirant
725 2534 954 2599 animas,
978 2540 1067 2586 aut
1094 2531 1327 2601 pondere
1358 2530 1520 2584 nimbi

246 2626 406 2679 Obruta
436 2627 707 2678 flumineas
727 2625 1014 2678 commixm
1045 2640 1138 2693 per
1173 2638 1389 2692 aequora
1425 2623 1668 2693 Iympoas

247 2716 287 2767 ln
311 2731 593 2785 quocunque
623 2716 815 2769 bibunt
844 2715 1118 2768 morientia
1146 2729 1368 2782 corpora
1394 2721 1593 2767 monte.
1654 2706 1657 2707 ν

246 2806 434 2862 Edibus
460 2808 700 2874 impulsis
724 2808 810 2859 alii
847 2807 1052 2875 periere
1084 2808 1268 2873 ruina,

245 2898 376 2967 inque
404 2900 558 2953 undas
586 2914 785 2954 venere
807 2897 964 2950 simul
988 2897 1296 2965 dominique
1324 2896 1639 2963 domusque.

245 2989 280 3041 lt
304 2990 455 3059 fragor
474 2991 524 3044 in
551 2992 747 3046 caelum
776 2990 950 3043 50nitu
980 2990 1236 3042 collectus
1259 2989 1327 3042 ab
1352 2988 1527 3053 omni,

244 3079 717 3151 Quadrupedumque
739 3094 928 3149 greges
951 3080 1177 3132 humana
1203 3080 1253 3131 itt
1279 3087 1449 3131 morte
1470 3079 1775 3146 cadentum,

244 3178 417 3240 litigent
440 3174 686 3226 confusos
713 3182 972 3240 permixta
1004 3184 1133 3227 voce
1158 3172 1434 3226 tumultus.

245 3264 344 3317 lla-e
362 3267 485 3319 inter
510 3266 691 3321 miseri
715 3264 977 3321 ferventia
1013 3267 1195 3321 funera
1227 3266 1431 3332 mundi,

245 3350 494 3426 Praegravis
521 3359 730 3414 insanis
759 3361 994 3429 pulsatur
1024 3360 1253 3414 motibus
1274 3374 1416 3425 arca,

244 3447 594 3520 Compagesque
625 3461 885 3514 tremunt,
916 3450 1149 3505 Stridens
1166 3451 1414 3519 junctura
1444 3450 1669 3506 laborat.

244 3537 334 3592 Non
359 3550 515 3596 tamen
552 3544 885 3596 obstructum
916 3549 1160 3612 penetrat
1191 3542 1272 3595 vis
1299 3541 1539 3611 improba
1565 3583 1578 3607 ,
1612 3554 1779 3609 quan-

1531 3632 1709 3703 {quam

245 3718 481 3787 Verberet,
513 3736 564 3780 et
589 3726 820 3780 solidam
847 3726 1008 3781 ﬂuctu
1038 3726 1262 3781 feriente
1288 3728 1490 3795 fatiget.

296 3818 393 3872 Non
417 3821 563 3875 aliter
590 3821 813 3877 crebras
842 3821 1080 3876 Ecdesia
1112 3837 1234 3874 vera
1269 3822 1531 3889 procellas

241 3906 459 3977 Sustinet,
482 3922 532 3965 et
555 3914 720 3967 saevis
746 3914 823 3967 sic
852 3928 991 3967 nunc
1017 3920 1239 3967 vexatur
1261 3913 1328 3966 ab
1358 3912 1532 3967 undis.

240 3998 349 4055 Hine
374 4007 573 4073 gentilis
602 4007 715 4075 agit
747 4005 976 4059 tumidos
1007 4006 1123 4059 sine
1151 4020 1301 4059 more
1327 4004 1557 4070 furores,

242 4089 351 4146 llinc
382 4094 547 4150 Juda'a
578 4097 786 4162 fremit,
814 4096 1104 4165 rabidoque
1126 4096 1345 4150 illiditur
1375 4110 1491 4161 ore,

243 4176 461 4239 PI'OVOCQI
490 4189 607 4243 inde
629 4190 816 4243 furens
848 4187 1109 4241 hmresum
1143 4202 1337 4241 vesana
1366 4185 1700 4257 Charybdis;

242 4270 433 4343 Turgida
460 4279 741 4333 Graiorum
773 4280 1028 4346 sapientia
1056 4280 1520 4347 philosOphorum,

242 4364 355 4421 Inter
382 4384 433 4423 se
460 4372 689 4425 tumidos
719 4370 917 4440 gaudet
945 4373 1278 4424 committere
1306 4372 1514 4425 fluctus.

243 4458 472 4528 Ubloquiis
502 4478 665 4517 vanos
692 4461 909 4517 sufﬂant
941 4463 1213 4516 mendacia
1248 4473 1452 4529 ventos,

241 4548 322 4603 Sed
348 4554 562 4607 elauSam
587 4569 757 4609 vacuo
784 4554 995 4622 pulsant
1022 4556 1238 4625 impune
1270 4556 1479 4609 latratu.

294 4643 391 4698 Jam
413 4648 639 4701 meJium
670 4663 921 4702 crescens
949 4652 1103 4702 Area:
1134 4659 1448 4704 contexerat
1471 4650 1630 4718 unda,

241 4736 601 4809 Commovitque
622 4754 809 4794 cavam
839 4741 1171 4811 suspendens
1193 4742 1425 4811 undique
1453 4746 1668 4799 molem.

241 4825 293 4878 Et
318 4832 488 4884 melius
513 4842 681 4886 tutam
713 4831 854 4886 facili
886 4842 1125 4900 portante
1153 4844 1357 4901 natatu,

239 4916 424 4987 Quoque
452 4932 640 4976 vocant
666 4924 853 4987 undae,
884 4925 1121 4992 sequitur
1143 4927 1254 4992 jam
1285 4925 1480 4980 mobile
1512 4926 1737 4994 pondus.

238 5007 467 5066 Q-damus
495 5016 720 5080 mundo,
751 5015 877 5069 dum
906 5015 1148 5070 ducimur
1172 5032 1185 5068 :
1211 5031 1369 5071 omne
1398 5019 1677 5083 resistens,

234 5099 282 5154 Si
300 5102 420 5157 ﬂecti
447 5109 637 5172 nescit,
673 5117 872 5161 metuat
896 5107 980 5161 vel
1011 5107 1247 5176 pondere
1276 5107 1472 5178 frangi.

236 5192 322 5247 Sed
352 5198 390 5250 si
418 5200 690 5262 cedamus,
720 5200 918 5253 fluxum
951 5215 1017 5253 ne
1043 5202 1242 5254 sentiat
1268 5201 1432 5266 intus,

236 5282 551 5345 Pcecatnmve
579 5292 755 5344 trahat
783 5305 933 5345 mens
963 5291 1381 5360 impenetrabilis
1406 5294 1596 5348 ullum.

235 5374 429 5446 Navigat
452 5379 655 5435 interea
677 5381 909 5435 claustro
938 5383 1255 5437 commissus
1283 5384 1432 5437 eunti

234 5465 355 5524 Fons
382 5473 519 5539 vitae,
545 5481 829 5543 servatque
852 5474 1033 5529 furens
1054 5489 1215 5543 super
1234 5477 1410 5531 omnia
1444 5487 1637 5545 pontus

233 5560 367 5613 Orbis
395 5564 719 5632 depositum,
748 5564 854 5620 fido
881 5566 1021 5635 quod
1054 5567 1283 5637 tegmine
1312 5580 1540 5638 promat,

231 5649 346 5707 Cum
374 5670 466 5721 pax
499 5666 762 5713 terrarum
787 5659 935 5714 reddi
958 5661 1056 5715 sibi
1086 5661 1266 5716 debita
1292 5677 1494 5733 poscet.

290 5746 419 5818 Ergo
441 5751 584 5805 ibant
616 5751 788 5811 undae.
823 5753 978 5809 tellus
1007 5752 1324 5811 subducitur
1350 5760 1523 5813 omnis

1898 523 2110 577 Delituit
2136 534 2306 578 tectus
2337 535 2500 595 ponto
2531 536 2638 580 tum
2668 527 2857 594 pinifer
2886 527 3087 591 Othris,

1894 613 2141 668 ParnaSsi
2178 626 2356 669 vertex
2388 626 2593 671 cautem
2626 634 2732 671 non
2764 618 2981 686 protulit
3011 620 3194 685 altam,

1902 703 2014 767 Ipsa
2040 705 2379 771 ruprcs~iferi
2409 706 2674 760 latuerunt
2704 724 2828 761 saxa
2862 709 3055 778 Lycaei,

1891 793 2177 849 Subducta:
2209 812 2387 865 rupes,
2414 808 2636 868 aequam
2664 798 2910 854 fluctibus
2933 800 3115 869 Alpes,

1889 884 2147 939 Omnibus
2173 888 2408 941 exclusis
2436 898 2576 943 totus
2605 890 2715 957 jam
2746 890 2977 960 denique
3009 893 3238 945 mundus

1890 974 2016 1028 Axis
2043 986 2094 1029 et
2127 978 2263 1030 undi
2296 977 2412 1032 fuit.
2441 978 2571 1032 Nam
2604 982 2811 1035 cunctis
2837 992 3009 1036 morte
3030 983 3264 1037 subactis

1887 1064 2197 1135 Regnabant
2231 1070 2397 1137 pelagi
2430 1070 2630 1125 silvoso
2661 1072 2712 1126 in
2742 1074 2949 1143 gurgite
2981 1084 3236 1127 monstra.

1888 1156 1951 1208 Et
1974 1157 2079 1223 jam
2113 1159 2345 1213 vicinum
2376 1161 2657 1228 pulsabant
2687 1163 2899 1217 humida
2933 1165 3149 1229 cmlum,

1885 1249 2109 1317 Jamque
2133 1261 2321 1318 quater
2350 1250 2504 1305 denis
2535 1251 2786 1305 manabat
2814 1256 3059 1310 noctibus
3092 1255 3282 1317 imber.

1884 1339 2297 1410 Compleratque
2324 1357 2533 1403 necem,
2560 1344 2785 1412 necjam
2811 1346 2950 1414 quod
2985 1347 3192 1401 tolleret
3227 1348 3363 1401 ultra

1884 1432 2029 1485 Mors
2057 1432 2259 1499 habuit,
2286 1438 2580 1504 pressitque
2603 1437 2834 1489 natantia
2861 1437 3044 1490 funera
3069 1449 3286 1507 pontus.

1887 1523 2191 1578 Frenantur
2216 1526 2431 1580 tandem
2464 1527 2679 1595 pluviar,
2714 1528 3046 1597 resplenduit
3075 1531 3267 1594 arther,

1884 1616 2147 1671 Redditur
2173 1627 2228 1673 et
2255 1621 2405 1674 ccelis
2428 1616 2629 1674 vultus.
2662 1620 2752 1674 Sol
2786 1620 2899 1688 ipse
2927 1620 3201 1684 reductus,

1883 1706 1987 1762 Sed
2021 1724 2124 1762 non
2158 1710 2390 1764 inventis
2420 1712 2572 1780 queis
2601 1711 2789 1766 reddat
2816 1712 3016 1765 lumina
3045 1714 3225 1775 terris,

1810 1796 1858 1856 B
1887 1800 2111 1854 Tantum
2145 1801 2277 1855 luxit
2305 1804 2454 1873 aquis
2488 1820 2502 1857 :
2538 1804 2702 1858 tristis
2725 1804 2869 1859 videt
2892 1818 3107 1873 aequora
3133 1804 3327 1873 fulgor,

1882 1890 2156 1960 Quamque
2188 1893 2377 1946 breves
2404 1892 2583 1946 radios
2606 1894 2849 1948 admotas
2881 1894 3074 1963 frangit
3096 1894 3149 1947 in
3174 1895 3365 1958 undas,

1884 1982 2010 2034 Tam
2037 1983 2416 2037 consumendis
2440 1983 2659 2038 fervens
2686 1999 2747 2038 ac
2782 1986 3056 2051 proximus
3088 1986 3269 2038 instat.

1882 2072 1990 2126 Nec
2020 2074 2196 2127 minus
2226 2084 2279 2127 et
2311 2076 2472 2144 patuli
2500 2081 2659 2128 terrze
2686 2076 3011 2129 clauduntur
3038 2075 3231 2139 hiatus,

1881 2166 2117 2234 Quzeque
2144 2168 2288 2233 prius
2314 2166 2520 2220 vomuit
2553 2166 2734 2221 lethali
2759 2183 2822 2221 ex
2856 2182 2951 2221 ore
2983 2167 3204 2235 ﬂuenta,

1882 2259 2134 2313 Obicibus
2164 2260 2392 2330 propriis
2419 2261 2714 2314 constricta
2736 2261 2981 2315 resorbet
3010 2262 3257 2331 abyssus.

1881 2347 1989 2403 Nec
2013 2362 2188 2403 tamen
2217 2352 2459 2419 utvenit,
2494 2352 2728 2407 breviter
2760 2353 2834 2406 sic
2868 2352 3006 2405 unda
3036 2352 3266 2414 recedit;

1880 2441 2098 2497 Siccant
2130 2459 2231 2497 non
2260 2446 2407 2509 pauci
2436 2447 2592 2514 longo
2620 2444 2715 2499 sed
2752 2453 2994 2512 tempore
3025 2459 3259 2508 menses,

1881 2534 2034 2603 Quod
2069 2536 2218 2603 pauci
2246 2534 2430 2589 fudere
2462 2535 2578 2589 dies
2606 2552 2619 2589 :
2648 2536 2757 2605 jam
2790 2535 2945 2589 ducta
2973 2547 3152 2588 natattt

1882 2627 2152 2681 Armeniae
2181 2614 2340 2679 celsis
2372 2626 2603 2679 instabat
2632 2626 2904 2680 montibus
2932 2640 3079 2689 arca,

1887 2718 1949 2772 Et
1975 2718 2210 2772 nondunt
2236 2719 2390 2771 nudis
2422 2718 2584 2771 fundo
2616 2720 2861 2772 consedit
2888 2719 2937 2771 in
2966 2719 3125 2771 arvis.

1958 2812 2023 2867 Ut
2053 2812 2300 2867 stabilem
2330 2811 2497 2865 sensit
2522 2812 2723 2876 senior,
2763 2823 3015 2880 motuque
3041 2820 3339 2879 carentem,

1884 2902 1992 2957 Nec
2022 2904 2229 2956 fluitare
2260 2914 2446 2955 natans
2474 2911 2693 2955 ventosa
2734 2918 2827 2971 per
2854 2918 3068 2971 aequora
3102 2904 3324 2972 lignum,

1877 2996 2119 3052 Ctedidit
2146 2994 2398 3048 abductis
2432 2993 2664 3046 nituisse
2695 2994 2999 3060 liquoribus
3039 2997 3258 3047 orbem:

1878 3089 2031 3142 Tunc
2062 3094 2267 3142 reserat
2301 3099 2569 3139 summam
2601 3084 2821 3139 sublimi
2857 3100 2885 3137 a
2920 3084 3100 3141 fronte
3136 3086 3449 3149 fenestram,

1806 3168 1853 3232 (δ
1885 3185 2089 3240 Emissa
2116 3184 2311 3239 refluos
2337 3183 2576 3253 exploret
2607 3194 2663 3237 ut
2690 3184 2816 3239 alite
2846 3185 3059 3243 fluctus.

1883 3277 1978 3331 llla
2004 3276 2190 3329 volans
2217 3276 2377 3345 longo
2401 3275 2708 3329 diverberat
2732 3290 2855 3329 aera
2885 3278 3092 3343 plausu,

1883 3369 2057 3436 Atque
2084 3368 2253 3436 quatit
2285 3382 2481 3421 vacuas
2507 3381 2804 3436 pennarum
2837 3368 3071 3420 motibus
3096 3383 3274 3433 auras,

1888 3460 2127 3527 Cumque
2156 3459 2247 3513 diu
2280 3460 2432 3513 fessis
2465 3460 2633 3513 undas
2663 3459 3045 3530 perstringeret
3073 3461 3195 3523 alis,

1893 3550 2003 3605 Nec
2032 3550 2183 3605 locus
2213 3559 2448 3619 optatam
2482 3551 2719 3619 requiem
2750 3551 3071 3605 concederet
3101 3552 3257 3616 ullus,

1882 3641 2205 3697 Consuetum
2237 3643 2429 3711 repetit
2458 3650 2738 3711 prospecto
2764 3658 2827 3696 ex
2852 3658 3067 3712 atquore
3092 3643 3406 3701 claustrum.

1886 3735 2180 3803 Exceptam
2210 3736 2392 3789 senior
2424 3735 2667 3788 manibus
2702 3744 2825 3788 tunc
2854 3735 3057 3803 colligit
3084 3736 3247 3801 intus,

1882 3825 2180 3881 Advertens
2209 3827 2380 3879 nullas
2414 3826 2647 3893 patuisse
2674 3840 2767 3893 per
2791 3828 3005 3878 humida
3031 3836 3221 3882 terras.

1954 3916 2158 3970 Interea
2190 3931 2374 3985 magna
2410 3925 2601 3984 pontus
2632 3929 2691 3968 se
2717 3914 2857 3967 mole
2886 3916 3151 3968 movendo

1884 4005 1937 4059 In
1971 4007 2135 4060 chaos
2165 4010 2437 4074 antiquum
2473 4008 2718 4075 linquens
2744 4007 3012 4059 mundana
3044 4007 3264 4060 redibat.

1885 4099 2092 4153 Excelsi
2124 4098 2335 4151 tandem
2368 4099 2607 4164 proferre
2637 4097 2911 4151 cacumina
2939 4099 3169 4165 primum

1883 4188 2162 4257 Incipiunt,
2191 4198 2307 4255 post
2338 4201 2471 4255 quos
2504 4197 2687 4241 tenues
2716 4186 3062 4240 crebrescere
3091 4202 3324 4243 tnouws.

1883 4284 1949 4333 At
1976 4294 2104 4333 vero
2133 4286 2189 4331 ut
2213 4279 2427 4347 pelagus
2454 4278 2732 4331 cinxerunt
2765 4276 2942 4329 littora
2977 4279 3230 4346 priscum,

1881 4371 2230 4440 Oceanusque
2254 4386 2421 4432 sacer,
2453 4380 2604 4423 notas
2635 4369 2892 4422 collectus
2916 4371 2965 4422 in
2995 4385 3141 4437 oras,

1879 4464 2173 4517 Contentus
2199 4463 2355 4515 solito
2380 4461 2609 4513 labentia
2642 4459 2860 4512 flumina
2889 4470 3063 4514 tractu

1802 4538 1857 4600 D
1884 4553 2120 4621 Sorbuit,
2155 4562 2207 4606 et
2236 4555 2441 4606 eunetis
2462 4552 2706 4605 distinxit
2736 4551 2880 4605 frena
2910 4552 3143 4617 fluentis,

1887 4646 2282 4714 Torrentesque
2312 4659 2423 4698 sum
2447 4645 2755 4698 clauserunt
2780 4645 3013 4714 undique
3043 4645 3222 4712 fossm,

1888 4736 2074 4792 Libera
2098 4737 2372 4791 Subductis
2397 4737 2669 4790 nituerunt
2690 4736 2836 4789 arida
2867 4739 3114 4807 lymphis.

1892 4831 2035 4887 I‘unc
2066 4834 2380 4901 interposito
2409 4832 2710 4901 producens
2741 4841 2981 4901 tempore
3008 4848 3248 4899 corvum,

1887 4924 2039 4979 Scire
2064 4926 2210 4992 cupit
2238 4924 2439 4989 senior,
2470 4939 2804 4991 vacuumque
2835 4924 3127 4992 interrogat
3151 4931 3356 4981 ortem.

1886 5016 2015 5071 Ales
2035 5025 2097 5068 nt
2127 5017 2362 5068 extensis
2391 5014 2616 5068 nitidum
2644 5014 2773 5082 petit
2794 5030 2917 5068 aera
2948 5016 3156 5083 pennis,

1887 5107 2170 5175 Aspiciens
2200 5107 2369 5175 plenis
2394 5106 2584 5174 stipata
2617 5108 2873 5159 cadavera
2898 5108 3074 5168 terris.

1885 5198 2146 5256 Cornibus
2175 5201 2505 5264 incumbens,
2531 5210 2584 5255 et
2614 5218 2737 5254 mox
2772 5202 2931 5255 oblita
2962 5203 3182 5267 reverti,

1888 5293 2170 5348 Rectorem
2199 5294 2463 5362 placidum
2489 5294 2759 5347 communi
2789 5308 2837 5345 in
2865 5293 2993 5346 sede
3017 5294 3248 5361 reliquit.

1888 5386 1977 5442 Sic
2003 5391 2200 5452 nescis,
2228 5386 2433 5452 Judaee,
2471 5387 2628 5441 fidem
2658 5401 2871 5440 servare
2903 5387 3177 5455 magistro,

1886 5477 1973 5533 Sic
1994 5493 2208 5532 carnem
2236 5478 2487 5532 dimissus
2516 5493 2685 5538 amas.
2714 5478 2791 5532 sic
2820 5481 2990 5548 gratia
3023 5492 3287 5548 nunquam

1887 5569 2103 5625 Custodi
2132 5571 2252 5623 vitae
2280 5568 2611 5638 Dominoque
2639 5574 2949 5640 rependitur
2980 5574 3106 5626 ulla.

1889 5663 2062 5717 Mente
2089 5677 2215 5732 vaga
2247 5663 2324 5717 sic
2354 5662 2502 5716 laxus
2524 5664 2660 5731 abis,
2690 5667 2768 5719 sie
2795 5665 2993 5720 hedera
3019 5664 3146 5731 legis

1890 5754 2116 5824 Rupisti,
2148 5762 2201 5812 et
2227 5754 2452 5826 primum
2475 5755 2709 5827 violasti,
2743 5755 2965 5825 perﬁde,
2999 5763 3238 5821 pactum.
