4016 6168
543 264 649 323 555
1169 223 1173 226 ’
1813 260 1871 315 s.
1914 258 2096 315 avm
2137 256 2537 315 VIENNENSIS
3687 260 3783 316 556

613 376 892 446 Temporis
920 384 975 430 ut
1003 375 1173 445 spatio
1200 375 1382 429 senior
1407 372 1618 444 cellegit
1645 373 1874 428 inertem

544 472 660 526 .lam
684 469 918 538 petuisse
937 467 1067 522 satis
1095 481 1312 521 corvum
1342 481 1402 520 se
1429 465 1652 520 reddere
1672 465 1945 527 claustris,

544 562 760 631 Ignarus
783 559 914 614 lardi
941 558 1164 621 reditus,
1198 571 1479 625 causteque
1509 554 1775 620 morandi,

542 652 620 706 Ne
647 651 754 706 fors
782 649 984 703 innexis
1007 647 1203 700 fessum
1228 646 1617 716 consumpserit
1642 644 1764 709 alis,

541 739 785 794 .lunxerit
815 747 867 791 et
891 736 1096 790 cunctis
1121 734 1463 803 pereuntibus
1491 734 1630 788 unda
1657 746 1983 788 recurrens:
2033 805 2036 808 _

545 830 796 884 Protinus
822 826 1086 880 albentem
1117 825 1278 878 mittit
1308 824 1373 879 de
1400 825 1524 878 sede
1547 824 1874 878 columbam.

543 921 631 974 Illa
654 917 1005 986 memorjussi
1037 917 1222 986 rapido
1251 916 1378 986 petit
1407 930 1531 970 arva
1559 916 1763 980 volatu,

543 1007 900 1078 Paciferteque
926 1007 1113 1061 videns
1141 1021 1344 1060 ramum
1371 1006 1651 1060 viridantis
1677 1006 1855 1070 oliva},

541 1100 808 1168 Decerpit,
837 1099 1057 1168 mitique
1091 1099 1254 1152 refert
1281 1100 1344 1151 ad
1375 1099 1585 1152 condita
1612 1113 1806 1153 rosuo.

540 1189 656 1243 'I'ali
685 1191 886 1260 legatus
914 1187 1140 1242 ﬁrmavit
1171 1187 1376 1243 fcedera
1399 1187 1623 1255 simplex
1839 1174 1846 1178 ’

542 1280 764 1347 Indicio,
801 1295 1095 1350 purumque
1128 1280 1246 1348 pius
1276 1280 1352 1333 sic
1372 1277 1634 1346 comperit
1660 1276 1867 1330 orbem.

614 1372 821 1440 Integer
849 1386 1120 1424 emensum
1152 1370 1393 1424 vertebat
1419 1368 1655 1422 circinus
1677 1381 1900 1430 annum,

539 1464 655 1536 Otto
685 1465 806 1516 felix
825 1464 1111 1516 claustrum
1139 1461 1390 1531 spirantia
1420 1469 1607 1515 cuncta
1645 1458 1898 1522 tenebat,

538 1561 670 1615 Tum
699 1565 847 1628 pater
866 1555 1054 1606 ablatis
1084 1554 1308 1608 obducta
1332 1553 1776 1622 repagula'serris

541 1651 747 1715 Pandit,
770 1658 824 1704 et
846 1649 1064 1705 inclusis
1087 1644 1359 1698 desuetum
1389 1644 1480 1696 rud
1506 1647 1610 1696 lere
1641 1644 1805 1696 solem

539 1742 746 1810 Incipit,
774 1741 932 1795 efl‘eto
965 1742 1182 1794 redeant
1211 1742 1263 1793 ul
1293 1735 1495 1790 semina
1531 1733 1750 1786 mundo.

537 1834 674 1888 Ante
699 1840 873 1887 tamen
903 1833 1084 1886 Justus
1110 1833 1292 1900 jubeat
1323 1847 1480 1900 quam
1514 1841 1695 1893 sparsa
1731 1824 1931 1892 vagari,

537 1927 750 1996 Singula
783 1927 848 1980 de
877 1935 1100 1994 septem,
1128 1940 1243 1993 qure
1269 1923 1464 1977 dudum
1497 1920 1746 1976 claudere
1777 1916 1968 1969 munda

535 2022 772 2085 Curavit,
801 2022 937 2075 natis
963 2019 1177 2088 pariter,
1209 2019 1535 2086 nuribu-‘que
1568 2020 1787 2080 vocatis,

533 2112 746 2179 Cespite
777 2120 1078 2165 constructa
1110 2109 1400 2176 divponens
1429 2110 1667 2160 immolat
1691 2122 1806 2170 ara,

537 2203 593 2254 A=
613 2200 849 2255 cendetts
870 2210 1085 2254 sanctus
1111 2199 1193 2252 his
1225 2198 1450 2266 primum
1483 2196 1739 2249 altaribus
1769 2197 1936 2264 ignes.

538 2291 768 2345 Plurima
793 2291 918 2344 dum
950 2288 1155 2358 magnis
1184 2288 1466 2342 adolentur
1487 2301 1711 2357 corpora
1742 2286 1969 2340 ﬁatnmis

461 2409 464 2411 ·
539 2384 604 2438 Ει
634 2399 917 2438 numerosa
950 2383 1088 2437 levat
1115 2383 1472 2451 praepinguem
1501 2382 1708 2435 victima
1739 2380 1972 2446 fumum;

535 2474 726 2530 Suavis
746 2475 880 2530 odor
907 2475 1094 2529 Itetum
1121 2474 1288 2543 tetigit
1316 2485 1460 2528 trans
1485 2474 1683 2528 aethera
1713 2475 1932 2539 cadum,

537 2567 818 2637 Primaque
846 2567 1053 2637 purgati
1076 2574 1321 2635 suscepta
1352 2575 1434 2620 est
1465 2566 1636 2620 hostia
1663 2567 1866 2622 mundi.

535 2657 685 2712 ’I‘unc
711 2657 816 2726 igni
847 2655 1108 2725 permixta
1138 2670 1290 2709 sacro
1318 2672 1419 2709 vox
1453 2658 1659 2710 intonat
1683 2658 1801 2712 ista.

537 2747 801 2801 Ilaetenus
824 2745 1053 2800 infectus
1076 2746 1319 2816 contagia
1352 2748 1574 2800 traxerit
1599 2749 1766 2813 orbis,

537 2837 779 2893 Sufﬁciat
807 2852 1060 2907 regnasse
1090 2839 1258 2904 nefas,
1289 2839 1540 2893 mundata
1565 2841 1792 2894 lavando

539 2928 800 2997 Perpetuo
829 2929 993 2982 niteat
1025 2927 1202 2992 tellus,
1236 2929 1518 2998 vultusque
1544 2930 1795 2986 reductus

538 3016 851 3073 Contineant
877 3017 1135 3072 elementi
1165 3034 1291 3074 suos
1317 3037 1329 3070 :
1365 3019 1501 3073 haud
1529 3022 1759 3090 amplius
1787 3021 1908 3077 ullis

540 3109 850 3164 Perturbata
878 3109 1029 3162 malis
1051 3109 1220 3163 moles
1243 3109 1508 3164 mundana
1529 3112 1756 3165 fatiscat.

541 3198 646 3254 Vos
674 3213 908 3270 quoque,
937 3214 1070 3270 quos
1099 3200 1229 3255 lethi
1255 3200 1477 3255 salvat/It
1515 3211 1752 3272 tempore
1780 3203 1905 3268 vita,

543 3291 875 3361 Intactosque
904 3300 1092 3346 tenens
1123 3306 1247 3346 casu
1273 3291 1509 3346 defendit
1537 3293 1604 3347 ab
1632 3293 1800 3360 omni,

543 3381 722 3438 Ducite
750 3397 994 3437 securum
1023 3384 1247 3437 servatis
1274 3384 1481 3453 legibus
1510 3401 1677 3438 arvum
1703 3401 1719 3438 :

543 3472 752 3540 Vosque
778 3483 935 3540 caput
955 3472 1166 3541 generis
1197 3473 1420 3528 fecundo
1450 3476 1654 3530 semine
1685 3477 1884 3545 prolem

541 3561 806 3631 Spargite,
835 3560 1082 3614 diﬁusum
1107 3561 1209 3616 late
1238 3578 1356 3632 qua:
1384 3565 1647 3632 compleat
1671 3566 1880 3630 orbem,

543 3651 784 3706 Deletutn
816 3651 1076 3704 instauret
1103 3667 1403 3718 numerum,
1435 3653 1735 3710 dominetur
1758 3667 1808 3710 et
1835 3656 1976 3712 orbi.

542 3739 742 3796 Fertile
767 3741 894 3810 quin
918 3741 1077 3795 etiam
1101 3742 1326 3796 reddent
1356 3744 1644 3799 animantia
1673 3761 1914 3815 germen,

541 3831 690 3898 Quod
713 3840 887 3886 tamen
918 3830 1165 3885 inﬁexttm
1198 3831 1540 3888 famulabitur
1569 3836 1756 3891 ordine
1782 3839 1957 3907 prisco
1987 3855 1998 3892 :

543 3923 764 3991 Insuper
784 3930 840 3976 et
863 3923 1018 3976 terris
1044 3937 1108 3976 ex
1134 3925 1235 3977 hoc
1259 3923 1368 3992 jam
1391 3939 1494 3978 non
1519 3926 1617 3980 erit
1641 3929 1774 3982 ultra

544 4011 804 4066 Diluvium
832 4027 1080 4080 regnans,
1111 4027 1326 4068 carnem
1368 4015 1508 4083 quod
1539 4025 1782 4072 conterat
1807 4033 2040 4076 omnem.

545 4102 718 4158 Unum
743 4103 884 4172 quod
916 4102 1098 4168 fuerit,
1127 4104 1280 4174 signo
1307 4109 1690 4162 monstrabitur
1715 4124 1840 4164 uno.

543 4193 649 4250 Nec
679 4195 905 4251 similem
937 4201 1158 4264 repetita
1187 4212 1371 4254 necem
1405 4208 1617 4268 precata
1648 4202 1936 4270 videbunt;

2147 371 2196 430 Α
2230 370 2295 423 Et
2321 371 2364 424 si
2386 371 2586 424 crimen
2618 367 2740 432 erit,
2775 374 2948 421 terror
2973 380 3080 420 non
3106 365 3312 422 deforet
3335 366 3487 422 alter.

2223 459 2310 514 Sic
2342 475 2502 513 unum
2531 460 2738 528 genitor
2751 460 2937 527 jnrans
2961 457 3222 525 baptisma
3252 457 3523 519 sacrabat,

2231 549 2298 606 Ut
2320 550 2486 605 semel
2513 550 2752 605 ablutum
2784 549 3013 619 lymphis
3036 548 3385 619 purgantibus
3411 549 3618 616 orbem,

2222 641 2313 698 Sic
2338 658 2558 713 sperare
2588 658 2710 699 reos
2739 645 3008 697 lavacrum
3041 657 3146 695 non
3187 656 3346 710 posse
3373 643 3664 697 secundum

2292 733 2388 786 Vix
2421 731 2588 786 tribus
2619 735 2821 787 exactis
2841 731 2959 786 (δεῖ)ιὶ
2985 732 3101 799 janr
3123 732 3362 798 pattibus
3392 732 3499 786 ibat

2225 821 2426 876 Pronus
2457 821 2508 876 in
2541 837 2786 876 occasum
2816 821 3017 885 radius,
3041 836 3161 875 eum
3197 821 3334 876 forte
3358 832 3614 876 remotam

2222 918 2336 969 Axe
2364 914 2463 969 sub
2490 929 2589 968 eoo
2608 916 2784 982 jussus
2813 913 3121 984 centingere
3143 914 3338 968 nubem
3357 953 3371 975 ,

2219 1002 2447 1058 Protulit
2468 1018 2754 1058 excussum
2787 1004 3086 1058 madefacto
3115 1020 3181 1058 ex
3213 1020 3338 1058 aere
3365 1005 3595 1074 signum,

2217 1097 2390 1150 Arcus
2415 1105 2471 1151 et
2491 1095 2730 1162 emicuit,
2760 1111 2878 1164 quae
2907 1111 3048 1150 nunc
3066 1095 3453 1149 Thaumantida
3475 1095 3639 1152 Graio

2217 1188 2342 1243 Irim
2371 1188 2630 1243 Romuleo
2661 1189 2894 1242 vocitant
2924 1203 3173 1242 sermone
3208 1198 3401 1257 poetae.

2218 1278 2486 1334 Pendttlus
2510 1278 2781 1348 obliquum
2810 1280 2978 1333 solem
3008 1294 3128 1333 cum
3153 1280 3384 1334 senserit
3413 1279 3625 1349 humor,

2219 1371 2492 1440 Ancipites
2513 1373 2662 1425 vario
2691 1373 2850 1426 mittit
2877 1372 3162 1440 splendore
3183 1372 3430 1426 colores:

2216 1462 2326 1516 Nec
2353 1478 2634 1517 numerare
2660 1478 2847 1532 queas,
2875 1465 2951 1518 sic
2980 1464 3172 1517 mixtos
3193 1464 3392 1518 lumine
3417 1463 3562 1519 visus

2218 1551 2449 1606 llluduut
2477 1552 2618 1606 dubii
2645 1553 2871 1608 diversis
2901 1553 3136 1608 vultibus
3165 1555 3345 1620 orbes,

2218 1643 2621 1712 Sappltitusque
2643 1646 2845 1711 virens,
2870 1646 3187 1711 maculosus,
3219 1649 3478 1714 caerulus,
3510 1647 3682 1712 albus,

2144 1719 2188 1778 Β
2217 1735 2548 1804 Purpureum
2571 1738 2636 1791 tle
2665 1738 2802 1790 nube
2833 1737 3012 1802 trahit,
3042 1738 3107 1793 de
3137 1739 3249 1794 sole
3274 1754 3555 1794 coruscum

2217 1826 2292 1881 De
2321 1826 2458 1881 malo
2480 1827 2725 1889 nitidum,
2752 1827 2818 1883 de
2847 1835 2988 1883 terra
3018 1829 3177 1882 sumit
3208 1839 3262 1883 et
3282 1838 3478 1896 atrum,

2215 1917 2280 1972 Et
2311 1927 2486 1972 tamen
2514 1917 2776 1988 abjunctis
2806 1934 2924 1989 quae
2953 1929 3194 1973 constant
3231 1919 3344 1974 haec
3366 1920 3661 1983 elementis,

2214 2011 2304 2065 Sic
2331 2010 2536 2065 diversa
2567 2021 2738 2079 putes,
2775 2021 2829 2065 ttt
2849 2011 3225 2066 concordantia
3251 2027 3441 2066 cernas
3469 2030 3483 2065 :

2217 2100 2361 2154 llanc
2393 2099 2615 2155 formam
2647 2102 2799 2169 signo
2830 2101 3048 2170 trepidis
3071 2103 3388 2156 mortalibus
3419 2117 3575 2157 arcus

2216 2190 2469 2246 Prtestitit
2496 2207 2617 2247 esse
2648 2192 2807 2256 Deus,
2830 2193 3148 2262 promittens
3171 2192 3312 2247 nube
3337 2207 3605 2257 serenum,

2208 2279 2469 2354 Nullaque
2493 2285 2603 2354 jam
2638 2286 2794 2339 terris
2814 2285 3012 2340 debere
3033 2286 3266 2354 pericula
3297 2286 3488 2340 malum

2283 2384 2439 2437 Nunc
2457 2381 2765 2450 quicunque
2791 2379 2938 2446 cupis
2967 2392 3146 2432 veram
3173 2392 3389 2432 servare
3414 2379 3663 2442 salutem,

2214 2476 2348 2531 Illud
2377 2477 2635 2546 suspicies
2662 2476 2893 2546 signum,
2918 2474 3060 2544 quod
3081 2472 3229 2545 signa
3262 2470 3511 2536 figurant.

2213 2568 2451 2637 Namque
2472 2567 2627 2622 dator
2655 2568 2776 2620 vitae
2804 2566 3059 2633 praemisit
3081 2567 3202 2618 talia
3229 2567 3488 2628 Christus,

2215 2659 2276 2714 Et
2306 2657 2570 2728 geminata
2603 2656 2748 2710 dedit
2771 2655 3064 2709 substantia
3090 2654 3428 2708 salvatorem.

2215 2749 2271 2802 In
2296 2749 2456 2802 terris
2482 2754 2709 2815 sumptae
2734 2745 2897 2799 nitida
2925 2745 2992 2798 de
3021 2745 3223 2814 virgine
3251 2743 3400 2800 carni

2213 2840 2480 2896 Naturalis
2510 2839 2650 2894 inest
2677 2836 2848 2906 patrio
2869 2837 2937 2891 de
2967 2838 3205 2906 genuine
3227 2835 3435 2906 fulgor:

2215 2933 2283 2987 Et
2309 2932 2516 2988 medius
2543 2930 2756 2998 quidam
2782 2928 3044 2984 mediator
3070 2929 3122 2983 iu
3146 2928 3345 2982 aethere
3373 2927 3520 2982 celso

2161 3085 2182 3106 Ἴ
2218 3027 2434 3081 Munere
2462 3024 2776 3080 multimodo
2807 3023 3009 3085 varius,
3037 3021 3129 3076 sed
3156 3020 3386 3090 fulgidus
3415 3018 3588 3084 omni,

2138 3089 2183 3146 θ
2216 3117 2441 3172 Vitalem
2470 3124 2731 3171 monstrat
2755 3116 2947 3171 sacrati
2972 3113 3207 3185 pignoris
3227 3127 3430 3166 arcum.

2215 3208 2376 3261 Istum
2399 3206 2560 3261 corde
2584 3207 2722 3270 vide,
2751 3205 2988 3276 quisquis
3020 3206 3336 3274 baptismate
3363 3203 3505 3256 lotus

2217 3296 2298 3350 Ad
2328 3295 2520 3350 caelum
2551 3295 2686 3349 liber
2712 3295 2882 3365 culpis
2909 3291 3252 3362 pereuntibus
3279 3289 3420 3345 exis.

2217 3386 2348 3440 Num
2381 3386 2511 3453 legis
2542 3385 2706 3440 forma
2739 3398 2854 3450 vos,
2889 3383 3054 3453 inquit
3087 3380 3390 3450 Apostolus,
3421 3378 3521 3433 ista

2219 3479 2454 3536 Salvabit
2479 3481 2768 3544 lavacrum,
2800 3479 2958 3546 prisci
2989 3491 3110 3531 cum
3142 3485 3381 3545 tempore
3406 3474 3518 3529 Noe

2219 3569 2507 3624 Conclusas
2530 3568 2686 3638 lignis
2708 3568 2912 3622 animas
2938 3565 3270 3621 describeret
3291 3574 3432 3619 octo.

2217 3657 2504 3728 Comparat
2529 3657 2616 3711 ille
2646 3657 2847 3721 datum,
2873 3667 2926 3710 tu
2956 3670 3178 3711 servans
3208 3655 3366 3723 dilige
3393 3654 3619 3721 donum,

2219 3750 2331 3804 IIoc
2360 3751 2494 3804 vctis
2525 3749 2879 3816 precibusque
2902 3761 3116 3816 gerens,
3151 3747 3251 3800 hoc
3271 3745 3481 3800 fletibus
3505 3755 3718 3814 optans,

2218 3842 2294 3898 Ne
2314 3841 2534 3896 redeant
2555 3850 2767 3909 peccata
2799 3841 2914 3903 tibi,
2938 3854 3004 3891 ne
3032 3853 3203 3892 mersa
3233 3839 3486 3902 leventur,

2218 3933 2422 3988 Mortua
2450 3945 2516 3986 ne
2537 3939 2772 3996 surgant,
2792 3944 2859 3984 ne
2886 3929 3148 3983 debellata
3171 3927 3457 3995 rebellent,

2218 4023 2295 4078 Ne
2318 4031 2437 4092 post
2462 4022 2696 4076 ablutum
2721 4019 2935 4074 valeant
2959 4019 3267 4073 discrimina
3295 4019 3519 4080 crimen,

2219 4115 2288 4170 Et
2313 4114 2578 4169 ﬂammam
2611 4113 2817 4180 timeas,
2846 4111 2969 4181 quia
2989 4111 3097 4179 jam
3131 4124 3233 4163 non
3264 4111 3497 4179 suppetit
3519 4109 3683 4163 ttnda.

552 4337 3779 4368 WM

1494 4453 1964 4560 LIBER
2048 4388 2813 4583 QUINTUS.

1703 4615 1792 4669 DE
1831 4615 2170 4673 TRANSI'I‘U
2207 4615 2419 4671 MARIS
2455 4614 2686 4670 RUBRI.

616 4751 882 4807 llactenus
911 4750 963 4804 in
997 4749 1156 4806 terris
1180 4750 1346 4805 undas
1377 4751 1610 4821 patuisse
1638 4753 1849 4806 canenti

549 4841 767 4895 Terram
795 4839 934 4894 inter
959 4840 1148 4894 ﬂuctus
1175 4839 1348 4909 aperit
1378 4855 1518 4892 nunc
1539 4841 1790 4895 carminis
1817 4839 1970 4896 ordo.

552 4931 662 4985 Illic
689 4930 942 4984 diluvium
969 4945 1103 5000 quos
1134 4930 1382 5000 perderet
1410 4939 1532 4983 ante
1560 4930 1764 4999 petivit,

545 5020 696 5075 Nunc
716 5020 780 5074 ad
810 5019 1065 5073 diluvium
1086 5019 1244 5089 pleno
1270 5033 1524 5074 succensa
1549 5019 1730 5074 furore

544 5111 749 5181 Sponte
775 5125 868 5164 sua
891 5119 1108 5164 current
1129 5109 1376 5177 periturae
1407 5108 1572 5162 millia
1600 5109 1791 5178 gentis.

546 5204 603 5259 Si
634 5218 740 5257 non
764 5211 820 5256 ut
842 5202 1057 5272 dignum
1084 5203 1217 5256 tanti
1242 5202 1503 5269 prmconia
1529 5201 1650 5256 lacti

544 5293 827 5364 Eloquium
854 5303 1090 5363 captent,
1114 5293 1292 5347 divina
1325 5292 1376 5346 in
1407 5293 1559 5348 laude
1585 5294 1831 5349 voluntas

542 5385 771 5448 Sufﬁcit,
803 5395 856 5439 et
886 5385 1081 5439 famqu
1111 5385 1393 5438 monstrari
1427 5399 1648 5441 munere
1672 5396 1871 5441 vntum.

543 5477 694 5544 Quod
715 5477 761 5531 si
788 5478 906 5547 quis
931 5487 1157 5547 nequeat
1174 5477 1348 5532 verbis
1370 5478 1674 5548 persolvere
1701 5487 1898 5547 grates,

543 5568 658 5624 Non
689 5569 963 5622 tninimum
991 5567 1198 5622 virtutis
1228 5567 1386 5622 habet
1409 5567 1490 5622 vel
1521 5569 1743 5624 credere
1762 5571 1950 5639 gestis,

541 5660 698 5726 Signa
719 5675 816 5726 per
836 5661 1034 5715 electos
1061 5673 1178 5726 qua:
1209 5673 1488 5728 perrexere
1508 5661 1734 5729 priores.

2146 4756 2201 4817 D
2227 4751 2282 4804 ln
2311 4749 2500 4818 quibus
2531 4747 2743 4802 excellit
2771 4746 2926 4816 longe
2951 4747 3286 4815 prtestantius
3308 4747 3457 4811 illud,

2221 4839 2371 4908 Quod
2404 4840 2590 4908 pelago
2617 4849 2824 4907 geStum
2855 4837 3034 4892 Rubro
3062 4837 3410 4892 celeberrima
3441 4836 3647 4905 perfert

2221 4931 2549 4999 Scriptorum
2581 4931 2769 4993 series,
2802 4928 2854 4982 in
2883 4932 3032 4996 cujus
3060 4929 3295 4996 pondere
3322 4942 3477 4981 sacro

2220 5022 2512 5076 Causarum
2540 5035 2693 5089 mage
2719 5019 2908 5089 pignus
2939 5028 3072 5083 erat,
3097 5019 3478 5087 pulchramque
3505 5018 3682 5073 relatu

2224 5111 2502 5167 Pulchrior
2520 5119 2806 5179 exsuperat
2827 5111 3116 5179 praemissa:
3144 5110 3308 5163 forma
3334 5109 3544 5174 salutis,

2221 5204 2470 5259 Historiis
2497 5218 2614 5272 qua:
2645 5217 2831 5272 magna
2857 5207 3008 5269 satis,
3038 5203 3315 5270 majorque
3344 5201 3550 5270 ﬁguris,

2219 5293 2543 5360 Conceptam
2570 5293 2790 5363 gravido
2817 5292 3022 5361 peperit
3049 5292 3118 5346 de
3144 5292 3371 5360 tegmine
3394 5292 3584 5347 vitam.

2287 5384 2550 5439 Sustinuit
2576 5383 2740 5439 duros
2769 5393 2990 5438 externa
3019 5385 3070 5437 in
3099 5383 3227 5437 sede
3258 5383 3485 5448 labores,

2217 5474 2353 5528 Dum
2384 5473 2668 5530 Pelusiacae
2695 5475 2920 5528 serviret
2947 5474 3155 5528 subdita
3181 5472 3348 5543 genti,

2217 5568 2373 5623 Plebs
2401 5581 2653 5638 oppressa
2680 5567 2769 5620 diu
2795 5584 2807 5619 :
2833 5566 2983 5621 densi
3013 5581 3170 5636 quam
3200 5567 3436 5634 pondere
3463 5570 3637 5635 omni,

2217 5660 2282 5715 Et
2311 5660 2532 5716 laterum
2562 5660 2819 5723 numeris.
2841 5659 3019 5723 operis
3053 5673 3303 5714 mensura
3331 5658 3506 5715 diurni
