4024 6172
240 301 339 356 35')

245 412 501 468 Amictam
533 412 658 463 srvi
692 410 915 465 vexabat
946 409 1132 467 fraude
1161 412 1395 484 tyranni.

243 507 462 561 lnvisam
496 504 712 558 sibimet
740 501 995 558 frendens
1016 505 1106 572 qui
1134 519 1379 561 crescere
1409 506 1643 574 turbam,

244 594 437 665 Augeri
462 594 635 649 doluit
667 595 907 650 famulos.
941 595 1071 649 Nam
1092 596 1346 665 jusserat,
1376 607 1431 650 ut
1462 598 1549 652 lux

243 690 473 744 Vitlisset
499 704 848 758 quoscunque
874 704 1073 758 mares,
1106 705 1226 745 mox
1251 691 1406 747 docta
1441 704 1658 749 necaret

239 779 428 835 Omnis
457 794 614 843 anus,
647 789 935 850 natumque
967 790 1174 849 premat
1201 782 1418 837 solertia
1450 798 1664 839 sexum.

239 871 343 929 Sed
368 881 550 926 tamen
579 886 781 925 aversae
812 870 1059 940 fugerunt
1087 872 1210 925 talia
1241 884 1463 934 matres.

238 969 416 1033 Atque
442 964 755 1018 interdictas
779 963 1078 1019 detrectant
1108 966 1332 1034 perdere
1355 967 1509 1031 fcttts,

240 1056 573 1111 Persistente
602 1057 710 1109 Deo
743 1055 949 1124 plebem
973 1055 1274 1112 diffundere
1301 1068 1537 1112 sanctam
1566 1077 1577 1111 :

238 1148 466 1219 Quoque
497 1154 665 1216 mags
686 1162 833 1199 mens
862 1162 1001 1202 cmca
1032 1148 1193 1203 trahit
1214 1150 1448 1204 crudelia
1483 1160 1622 1215 tota,

240 1239 347 1294 lloc
374 1240 840 1316 plus‘acerescunt
871 1248 1069 1293 tenera:
1102 1240 1391 1307 primordia
1412 1241 1609 1309 gentis.

306 1331 537 1385 Viderat
567 1332 767 1385 interea
793 1329 1021 1386 Genitor
1041 1331 1108 1386 de
1134 1333 1261 1387 sede
1287 1348 1538 1401 superna,

240 1421 619 1491 Afﬂictamque
641 1437 856 1475 manum
886 1422 1096 1491 placido
1122 1435 1465 1493 prespexerat
1494 1439 1605 1478 ere.

238 1513 350 1569 Jam
381 1528 542 1567 sacer
566 1513 821 1566 innocuas
847 1512 1070 1567 dederat
1100 1513 1167 1569 de
1194 1513 1374 1569 fomite
1403 1515 1666 1579 flammas,

242 1606 304 1659 Et
331 1605 507 1659 rubus
536 1606 586 1657 in
618 1605 785 1660 rubeo
811 1605 994 1660 viridis
1023 1621 1387 1675 permanserat
1416 1618 1583 1671 aestu;

240 1697 352 1763 Quo
374 1697 536 1766 signo
563 1697 746 1766 spinas
775 1709 968 1752 nostra:
1000 1698 1297 1756 fervescere
1327 1702 1537 1763 mentis,

241 1787 304 1840 Et
333 1788 525 1843 lucere
556 1790 643 1857 pio
669 1790 757 1858 qui
790 1805 893 1843 non
926 1804 1262 1845 consumeret
1298 1793 1438 1861 igne,

240 1879 481 1936 Devotus
513 1892 693 1936 nosset
720 1885 917 1937 sanctis
947 1886 997 1939 in
1024 1885 1270 1939 cordibus
1298 1885 1477 1939 ardor.

241 1972 385 2028 Ilicet
419 1973 577 2027 electi
609 1984 754 2028 vates
785 1976 1027 2028 mandata
1061 1976 1317 2041 ferebam,

245 2068 522 2138 Deprnmit
556 2068 665 2136 regi
695 2083 811 2121 cum
845 2070 1049 2136 primus
1083 2068 1199 2121 taha
1233 2070 1406 2122 Muses
1438 2084 1449 2120 :

239 2160 458 2214 Servilii
493 2163 649 2229 longo
677 2160 925 2213 lassatam
962 2160 1191 2228 pondere
1225 2162 1455 2229 plebem,

240 2254 543 2321 Oppressos
570 2250 810 2320 capbinis
844 2250 1113 2310 humeros.
1144 2253 1426 2322 attritaque
1455 2254 1615 2321 Colla,

237 2345 497 2413 Quasque
528 2360 661 2411 opus
690 2342 964 2396 assiduum
1002 2342 1118 2397 fecit
1152 2342 1437 2398 durescere
1466 2346 1689 2415 palmas.

240 2433 482 2490 Laxandi
504 2434 617 2503 jam
645 2444 853 2501 tempus
884 2433 1034 2486 adest
1063 2449 1077 2484 :
1109 2432 1318 2488 dimitte
1348 2445 1625 2504 piecantes

239 2526 484 2580 Tandem
519 2524 724 2580 ctrlesti
751 2525 973 2579 Domino
996 2527 1304 2593 persolvere
1336 2536 1479 2590 vota,

240 2620 303 2675 Et
330 2619 617 2689 complere
645 2619 799 2672 datos
836 2619 1010 2686 patiio
1039 2617 1406 2672 moderamine
1436 2618 1587 2671 ritus.

309 2715 405 2769 llle
435 2714 678 2769 fremens
709 2712 875 2779 inquit
901 2730 913 2765 :
946 2713 1075 2781 Quae
1106 2713 1234 2766 tanti
1262 2728 1422 2767 causa
1456 2713 1727 2773 tumultus,

240 2812 439 2879 Quisve
472 2823 643 2863 novus
674 2811 921 2877 populum
955 2808 1093 2861 Deus
1122 2807 1286 2877 exigit
1314 2808 1492 2861 omine
1522 2806 1730 2861 misso?

240 2904 459 2959 Scilicet
494 2902 578 2955 lue
601 2914 783 2954 vacua:
813 2909 1032 2968 tangunt
1060 2901 1297 2953 cmlestia
1325 2917 1486 2961 (πυτ-ιιι,

243 2995 308 3050 Ut
341 2994 610 3047 Dnminus
635 2990 865 3043 dominis
897 2990 1121 3043 lamnlos
1152 3004 1290 3044 nunc
1324 2989 1513 3043 tollere
1541 2990 1746 3058 priscos

243 3087 450 3151 Vellet,
484 3097 537 3139 et
571 3085 635 3136 ad
671 3084 901 3136 tumidos
929 3082 1103 3136 mittat
1131 3080 1376 3136 mandata
1407 3081 1657 3135 rebelles.

242 3178 371 3244 Quis
404 3178 556 3231 Deus
587 3176 686 3229 iste
713 3174 868 3237 foret,
896 3174 978 3225 cui
1008 3188 1093 3228 me
1124 3188 1313 3239 patere
1341 3186 1561 3227 necesse
1588 3173 1713 3227 est?

242 3275 344 3326 Aut
373 3270 613 3338 sceptris
638 3268 782 3320 celso
807 3265 932 3334 quid
964 3265 1297 3319 formidabile
1326 3265 1477 3334 regi?

242 3362 343 3417 Sed
375 3368 591 3416 vestras
622 3357 842 3412 nimium
873 3356 1133 3411 seducunt
1161 3362 1267 3412 ot'a
1299 3369 1506 3411 mentes
1535 3374 1550 3422 ;

242 3455 305 3509 Et
332 3456 435 3511 nisi
468 3454 678 3508 laxatos
701 3452 910 3521 requies
934 3466 1185 3507 concessa
1216 3452 1439 3517 foveret,

242 3546 391 3601 Nulla
423 3544 779 3614 supervacuis
816 3553 1118 3599 tererentur
1146 3552 1388 3610 tempora
1421 3541 1615 3596 veibis.

240 3640 371 3706 Quae
395 3639 444 3693 si
478 3639 749 3707 castigans
776 3637 1057 3705 restringet
1087 3637 1293 3689 sarcina
1324 3634 1514 3703 major,

244 3731 466 3786 Illic-itus
505 3730 726 3783 vetitum
768 3730 949 3782 conari
980 3728 1191 3783 desinet
1229 3742 1409 3781 ausus.

242 3826 311 3880 At
339 3838 436 3879 vos
474 3820 737 3891 signifero
761 3821 849 3891 qui
883 3820 1006 3874 talia
1036 3830 1154 3872 vota
1180 3822 1373 3874 ducatu

240 3915 537 3975 lnstruitis,
569 3928 706 3967 vano
729 3921 784 3967 et
810 3912 1021 3982 plebem
1050 3912 1355 3966 suhveititis
1386 3926 1480 3965 ore
1499 3954 1515 3979 ,

241 4008 580 4076 Conspectus
613 4006 771 4057 vitate
801 4018 972 4068 meos,
1001 4003 1312 4069 vultumque
1342 4009 1549 4056 cavete.

243 4098 284 4151 D
307 4111 412 4151 tein
442 4111 677 4164 namque
708 4094 939 4157 Pharon,
972 4094 1054 4148 vel
1095 4094 1477 4162 pollentissime
1507 4106 1695 4149 cursus

244 4188 462 4252 Testor,
500 4187 646 4244 Nile.
684 4194 830 4250 tuos,
862 4195 915 4239 et
940 4185 1073 4239 divre
1104 4186 1246 4239 vocis
1275 4184 1516 4239 Anubem

244 4279 371 4331 Cum
400 4276 627 4332 rabidus
658 4276 835 4338 latrat,
865 4277 969 4344 iam
1004 4292 1108 4329 non
1140 4275 1356 4344 impune
1386 4276 1643 4341 futurum,

245 4368 298 4424 Si
328 4384 399 4419 ιο
433 4379 578 4421 trum
611 4382 793 4420 rursus
824 4376 1067 4435 repetant
1101 4369 1213 4420 haec
1243 4367 1383 4420 dicta
1419 4366 1670 4423 tribunal.

314 4460 536 4528 V'irgam
561 4460 701 4512 forte
730 4472 888 4512 manu
913 4459 1154 4528 gestabat
1182 4459 1369 4527 legifer
1399 4459 1578 4521 heros,

248 4553 358 4621 Quo
388 4554 584 4607 baculo
611 4555 784 4607 nitens
814 4566 1055 4622 gressum
1084 4552 1209 4604 dum
1238 4557 1422 4607 dextra
1452 4554 1685 4624 regebat,

248 4643 468 4698 Excutit
494 4644 628 4697 hanc
660 4642 834 4697 valido
864 4644 1152 4712 [reiectam
1183 4645 1425 4698 cominus
1455 4646 1579 4697 ictu.

248 4734 378 4789 Tum
410 4735 607 4788 mirmn
640 4735 815 4797 dictu.
842 4742 1167 4788 commntum
1196 4750 1411 4804 serpere
1436 4737 1654 4805 lignum,

247 4826 359 4879 Nan
393 4824 740 4879 insensibiles
765 4839 861 4878 ceu
894 4824 1085 4892 promit
1112 4826 1330 4894 palmite
1360 4839 1535 4879 ramos

250 4916 362 4968 \‘itt
399 4929 625 4969 movens
657 4922 861 4967 tantum
892 4929 1026 4983 quos
1054 4924 1273 4983 prmstat
1310 4929 1551 4969 crescere
1587 4914 1787 4970 fructus
1816 4930 1833 4969 :

247 5006 348 5062 Sed
382 5006 525 5061 ﬂexu
549 5016 798 5073 reptans,
828 5006 1015 5058 mutati
1048 5016 1096 5059 et
1128 5006 1370 5073 corporis
1397 5022 1495 5059 usu

246 5096 482 5151 Sensum
517 5096 859 5163 animamque
886 5109 1111 5164 gerens,
1148 5098 1310 5164 ('(Bpit
1353 5096 1643 5152 decurrere
1671 5096 1835 5167 virga,

247 5187 366 5241 llox
411 5200 643 5256 anguem
681 5185 907 5240 formata
936 5185 1117 5241 refert.
1150 5185 1483 5243 Cnnterritus
1524 5189 1694 5253 btesit,

247 5277 644 5349 Eternutnque
676 5278 827 5348 niger
856 5286 964 5331 tum
996 5278 1185 5347 palluit
1209 5294 1301 5333 ore
1336 5291 1613 5352 tyrannus.

246 5373 353 5425 Sed
390 5385 465 5424 ne
489 5370 766 5425 confusum
800 5370 888 5422 tali
921 5370 1269 5426 succumbere
1298 5372 1451 5440 signo

247 5463 515 5517 Cerneret
542 5463 801 5515 assistens
826 5462 973 5515 vultu
1005 5470 1223 5514 nutante
1250 5462 1436 5515 satelle
1456 5484 1484 5528 -,

248 5554 567 5609 Dissimulat
595 5568 807 5608 summo
836 5569 947 5608 rem
978 5564 1181 5623 gestam
1213 5555 1435 5610 credere
1461 5555 1634 5625 jussu,

246 5644 358 5699 Nec
385 5644 569 5699 divina
598 5647 804 5709 volens,
829 5644 1103 5700 hominum
1134 5646 1226 5701 sed
1260 5646 1395 5701 facta
1426 5649 1619 5716 putari,

246 5735 391 5790 Tum
424 5737 639 5791 mandat
664 5750 1009 5806 quoscunque
1035 5752 1237 5807 magos,
1265 5738 1343 5793 vel
1371 5740 1603 5794 curmina
1633 5739 1839 5812 ductos,

1519 298 1900 357 POEMATUM
1941 302 2141 359 LIBER
2184 305 2245 359 V.

1857 425 1901 481 Α
1933 418 2173 472 lllicitam
2204 419 2335 474 diris
2374 427 2640 475 tentantes
2670 420 2945 477 fraudibus
2975 433 3143 479 artem

1930 512 2171 584 Egypti,
2201 514 2486 583 longinqua
2518 515 2703 569 darent
2735 515 2967 582 hastilia,
2999 534 3198 588 cogens

1928 604 2198 661 Murmure
2224 607 2446 661 funereo
2474 608 2632 661 faciat
2664 618 2957 663 monstrata
2990 613 3255 667 minister.

1931 695 2177 766 Undique
2209 707 2333 752 tunc
2356 698 2488 767 jussi
2524 709 2871 764 concurrunt,
2899 715 2948 755 et
2983 702 3274 758 medicatis

1933 792 2157 844 Attuant
2186 792 2379 861 quique
2408 806 2531 845 suae
2564 800 2690 845 noto
2718 793 3072 849 medicamine
3109 795 3305 866 virgas,

1932 880 2067 933 Dant
2095 891 2251 947 tactu!
2279 897 2442 934 vanas
2477 883 2705 950 species,
2737 897 3044 953 anguesque
3075 888 3243 955 putati

1931 968 2122 1023 lllusus
2153 980 2358 1024 terrent
2398 972 2585 1025 oculos
2616 972 2839 1029 fallente
2869 975 3057 1044 figura.

1931 1061 2039 1115 Nec
2072 1061 2287 1130 longum
2315 1070 2561 1117 tumuere
2593 1067 2760 1131 magi;
2791 1070 3124 1122 coiisuiuitnr
3149 1083 3308 1124 omne

1931 1152 2081 1219 Quod
2113 1152 2304 1206 fecisse
2334 1154 2466 1219 rati;
2503 1153 2653 1209 fictos
2686 1171 2914 1225 namque
2944 1169 3057 1213 arte
3086 1159 3349 1214 dracones

1934 1242 2143 1295 Primus
2174 1242 2347 1296 adhuc
2374 1248 2595 1297 mordax
2626 1245 2903 1301 absorbuit
2924 1261 3019 1302 ore
3042 1258 3268 1303 cerasta.

1935 1333 2223 1404 Postquam
2257 1335 2471 1389 virtutis
2503 1336 2688 1390 clausit
2721 1345 3021 1406 spectacula
3064 1341 3235 1395 Muses
3257 1383 3270 1405 ,

1940 1426 2272 1495 Victorisque
2307 1435 2494 1482 tenens
2525 1429 2748 1483 caudam
2780 1431 2972 1486 tellure
3004 1433 3219 1498 levavit,

1938 1516 2159 1573 Decedit
2180 1533 2403 1588 serpens
2435 1520 2596 1590 ligno,
2632 1521 2917 1591 vultusque
2946 1526 3169 1589 rect-dit,

1936 1608 2210 1679 Diriguere
2242 1610 2356 1679 vagi
2386 1610 2580 1665 durato
2612 1626 2840 1681 corpore
2868 1613 3057 1668 flexus.

1935 1700 2071 1767 Quid
2103 1702 2317 1756 multis?
2351 1703 2407 1756 fit
2430 1704 2571 1772 virga
2602 1706 2765 1773 prior,
2792 1721 2893 1774 qua
2926 1706 3120 1762 deinde
3149 1710 3402 1763 sacerdos

1864 1785 1907 1843 Β
1939 1793 2167 1846 Plurima
2194 1792 2448 1847 succiduo
2480 1796 2797 1849 monstravit
2827 1806 3068 1865 tempore
3100 1799 3274 1866 si,n.i.

2013 1884 2145 1937 llinc
2180 1884 2352 1937 dirqu
2387 1885 2635 1939 frendens
2679 1885 2970 1942 Pharaonis
3000 1892 3247 1943 conscius
3271 1897 3449 1955 ardnr,

1944 1974 2149 2027 Divinas
2176 1974 2435 2042 incipiens
2468 1989 2561 2043 per
2591 1986 2783 2030 cuncta
2816 1978 3064 2032 resistere
3092 1980 3294 2033 dextra:
3314 2022 3327 2043 ,

1943 2066 2010 2119 Et
2037 2081 2157 2133 qua:
2184 2081 2534 2135 COSIIOSCt‘nS,
2564 2067 2758 2121 uolens
2780 2077 2954 2122 tamen
2990 2073 3098 2139 ipse
3128 2073 3274 2125 [αισι-ἱ
3295 2114 3309 2137 ,

1942 2157 2190 2211 Protinus
2219 2158 2469 2225 expulsos
2494 2157 2651 2225 jUSsil
2682 2159 2958 2214 discedere
2988 2172 3150 2215 vates.

1940 2248 2019 2303 llli
2043 2249 2251 2303 divinas
2279 2249 2487 2317 pulsant
2517 2265 2637 2303 cum
2672 2249 2881 2304 fletibus
2912 2268 3097 2318 aures,

1944 2338 2012 2394 Ut
2042 2339 2285 2393 fremitus
2310 2345 2481 2410 gentis
2510 2340 2719 2395 tandem
2752 2345 2988 2397 freuetur
3016 2346 3208 2414 iniqnzt-
3232 2389 3247 2412 ,

1940 2434 2109 2501 Quam
2136 2435 2349 2504 gravius
2379 2450 2575 2488 stevam
2607 2436 2839 2489 monitus
2871 2434 3047 2490 fecere
3076 2454 3156 2505 sui
3177 2438 3312 2503 erni,

1942 2527 2075 2597 Ipsis
2105 2528 2234 2597 quin
2257 2529 2418 2584 etiam
2447 2528 2758 2584 cmlestibas
2785 2545 2931 2583 arma
2963 2531 3273 2584 minantem.

1941 2620 2075 2674 Tum
2098 2631 2265 2689 pater,
2278 2622 2546 2691 accipiens
2560 2622 2789 2691 gemitus
2808 2622 3171 2693 Iacrymasquc
3194 2633 3500 2692 premntmu

1941 2709 2143 2765 Taliter
2174 2710 2385 2764 hortatu
2414 2710 2608 2765 blando
2638 2713 2841 2765 solatur
2865 2727 3111 2768 amaros:

1942 2803 2019 2858 Ne
2047 2812 2248 2858 tantum
2276 2820 2443 2858 vacuo
2470 2806 2763 2859 submittite
2793 2808 2954 2859 corda
2994 2805 3170 2860 timori
3195 2848 3209 2871 ,

1945 2896 2100 2950 Plebs
2133 2912 2269 2963 mea,
2304 2911 2462 2965 quam
2493 2905 2606 2950 toto
2634 2896 2818 2951 mundi
2849 2896 2916 2951 de
2938 2912 3162 2967 corpore
3189 2912 3456 2968 sumptam

1944 2987 2112 3057 E'egi,
2138 2997 2191 3041 et
2221 2988 2431 3056 prepria
2459 2988 2626 3042 solam
2658 2986 2784 3041 mihi
2810 2998 2953 3043 sorte
2981 2988 3170 3042 dicavi.

1944 3078 2061 3133 Jatn
2087 3096 2224 3131 uttnc
2255 3079 2486 3133 cernetis
2518 3088 2715 3147 quanto
2746 3079 3030 3148 primordia
3067 3091 3239 3134 vestra

1864 3155 1909 3214 (Σ
1948 3172 2245 3239 Prusequar
2272 3170 2493 3235 auxilio,
2525 3185 2699 3225 saevos
2724 3185 2785 3226 ac
2814 3186 3105 3241 persequar
3135 3170 3337 3227 hostes.

1943 3265 2139 3319 Ducam
2167 3265 2446 3318 sublimem
2481 3273 2722 3333 portenta
2756 3279 2849 3332 per
2877 3264 3053 3318 omnia
3086 3264 3346 3324 dextram,

1942 3352 2048 3411 Nec
2073 3356 2213 3409 volet
2245 3355 2296 3409 in
2328 3355 2509 3425 paucis
2543 3356 2765 3411 Pharius
2796 3372 2886 3410 rex
2917 3356 3110 3410 cedere
3140 3356 3323 3423 signis,

1942 3447 2171 3515 Longius
2202 3458 2258 3500 ut
2281 3448 2467 3501 duram
2500 3448 2714 3500 vincant
2739 3445 2991 3500 miracula
3024 3458 3275 3500 mentem.

1942 3538 2066 3591 Post
2099 3538 2211 3591 hare
2243 3540 2448 3592 laxatos
2475 3539 2601 3608 quin
2630 3551 2676 3593 e:
2711 3538 2988 3593 discedere
3019 3549 3204 3608 ccget,

1940 3629 2289 3700 Expelletque
2314 3631 2430 3685 solo
2457 3649 2471 3685 :
2506 3633 2644 3698 quod
2679 3645 2818 3685 tunc
2846 3639 3023 3700 negat,
3058 3629 3263 3699 ingeret
3292 3630 3451 3685 ultro.

1940 3724 2085 3780 Ibitis
2115 3726 2179 3779 ad
2209 3740 2426 3793 magnas
2457 3733 2573 3793 pust
2604 3724 2757 3779 fortia
2788 3726 2965 3792 praelia
2994 3724 3170 3788 sedes,

1940 3819 2057 3886 Quo
2083 3828 2237 3874 vocat
2271 3830 2588 3887 exspectans
2630 3818 2932 3886 prtelcrtilis
2961 3817 3122 3871 ubere
3152 3827 3312 3885 terra,

1942 3913 2006 3966 Et
2037 3913 2208 3967 claras
2236 3912 2387 3966 victis
2412 3910 2655 3965 candelis
2684 3912 2930 3979 genzibus
2956 3914 3034 3963 ur!
3057 3926 3134 3965 es.

1944 4004 2048 4057 Vos
2091 4005 2248 4056 modo
2280 4003 2556 4070 prornESsis
2586 4012 2788 4054 tantum
2821 4002 3072 4055 conﬁdite
3100 4001 3275 4065 donis,

1944 4096 2009 4148 Et
2035 4109 2167 4160 quos
2190 4095 2480 4160 depos'ccut
2510 4095 2630 4159 inge
2673 4092 2741 4145 tia
2772 4093 2905 4144 facta
2936 4091 3146 4145 labores

1941 4187 2081 4240 Lille
2117 4186 2250 4239 ferat
2278 4183 2475 4248 virtus,
2509 4197 2733 4249 St'SCfllle
2761 4182 2823 4234 ad
2858 4196 3109 4250 plOSpt'l‘ﬂ
3140 4193 3335 4237 servet.

1939 4279 2155 4333 Talibus
2179 4275 2393 4342 auditis,
2426 4273 2613 4327 melior
2638 4288 2761 4339 spes
2788 4273 2979 4341 accipit
3006 4272 3146 4326 illos.

1939 4369 2202 4424 Attullunt
2232 4368 2457 4427 animos.
2494 4365 2803 4434 palmasque
2839 4364 2903 4418 ad
2940 4364 3114 4419 sidera
3145 4365 3387 4427 tendunt.

1938 4460 2363 4529 Concipiuntque
2396 4458 2553 4512 fidem
2586 4458 2757 4521 votis,
2790 4468 3070 4526 gratesque
3098 4459 3413 4527 rependunt.

1864 4515 1913 4573 Β
2014 4553 2231 4608 Postera
2266 4554 2353 4607 lux
2384 4552 2575 4605 dubios
2606 4551 2832 4620 primum
2865 4552 3187 4620 prmmiserat
3221 4566 3392 4612 ortus.

1944 4644 2006 4698 Et
2033 4657 2401 4697 successorem
2432 4640 2655 4709 depulsa
2686 4651 2842 4696 nocte
2873 4641 3079 4695 ferebat

1945 4733 2199 4788 lnsistens
2228 4748 2420 4787 aurora
2451 4733 2591 4787 diem
2626 4750 2638 4785 :
2674 4740 2781 4785 tum
2810 4731 3025 4786 flumina
3059 4734 3275 4802 sanguis

1944 4824 2157 4887 lmbuit,
2185 4834 2237 4878 et
2260 4823 2436 4877 subito
2462 4823 2782 4878 maduerunt
2808 4840 2930 4877 arva
2962 4840 3172 4879 cruore.

1944 4918 2048 4973 Sed
2082 4934 2186 4972 non
2226 4918 2326 4972 hoc
2353 4918 2586 4971 minimis
2627 4925 2929 4985 portentum
2957 4918 3177 4986 tentigit
3207 4919 3387 4985 undis,

1945 5011 2250 5067 Fluviorutn
2282 5026 2373 5065 rex
2407 5016 2518 5080 Ipse
2548 5009 2742 5069 rubet.
2784 5024 2883 5063 nec
2913 5009 3110 5065 lumine
3140 5010 3315 5079 prisco

1944 5106 2093 5161 Nilus
2118 5106 2224 5175 agit
2253 5106 2524 5175 proprium
2555 5119 2714 5174 quem
2742 5103 2969 5170 sumpsit
2998 5103 3141 5157 f-inte
3170 5104 3421 5158 nitorem.

1945 5197 2084 5264 Quin
2113 5197 2299 5267 magis,
2325 5211 2514 5250 averso
2543 5211 2609 5251 ne
2635 5206 2811 5263 tangat
2841 5193 3065 5261 pristina
3098 5193 3247 5258 limo,

1946 5288 2174 5359 Sanguis
2204 5287 2254 5341 in
2285 5297 2567 5342 externum
2596 5293 2807 5340 certans
2836 5300 3054 5338 manare
3083 5284 3348 5349 canalem,

1946 5380 2215 5435 Carnnsus
2244 5394 2347 5431 non
2378 5378 2552 5431 carnis
2579 5386 2716 5438 erat,
2752 5390 2849 5429 nec
2878 5391 3105 5444 corpore
3140 5375 3305 5440 fusus,

1949 5472 2057 5524 Aut
2086 5481 2290 5537 strages
2314 5484 2431 5533 qu:e
2464 5467 2626 5519 multa
2656 5467 2811 5519 simul
2834 5507 2849 5529 ,
2883 5483 2989 5535 quo
3017 5467 3233 5520 valuere
3262 5462 3421 5533 possit

1949 5559 2309 5630 Lympharum
2340 5556 2591 5609 damnum
2624 5556 2839 5625 prOprio
2880 5558 3129 5626 supplere
3158 5569 3369 5608 cruore.

1948 5649 2173 5704 Naribus
2200 5646 2487 5702 obstructis
2514 5648 2680 5715 pressi
2704 5688 2719 5713 ,
2747 5647 2996 5720 victoque
3026 5655 3239 5711 natatu,

1950 5740 2206 5797 lutericre
2235 5738 2393 5797 simul
2428 5740 2693 5811 peregrini
2732 5743 2781 5797 in
2810 5744 3017 5811 gurgite
3043 5753 3253 5801 cra..so.
