4016 6168
478 219 581 275 559
1369 260 1373 263 .
1774 215 1831 272 s.
1875 212 2060 269 AVITI
2103 210 2509 270 VIENNENSIS
3659 219 3758 276 53,,

479 340 864 403 Auxeruntquc
893 347 989 388 suo
1015 331 1218 388 saniem
1246 332 1313 387 de
1343 331 1527 386 funere
1564 351 1573 398 ι
1598 331 1753 385 isces.

482 428 550 481 Et
583 426 808 480 fortasse
839 440 959 479 rear
987 423 1152 478 cladis
1198 424 1494 493 mortisque
1525 421 1714 476 lutum

479 518 766 588 Sanguinis
792 517 986 572 indicio
1007 516 1117 585 jam
1146 516 1483 584 ργωορεεὶεειε
1518 513 1747 576 ruinam,

481 613 594 666 Iloc
624 613 794 679 ipsum
828 610 879 662 ni
907 623 1062 677 poena
1090 608 1250 663 foret.
1281 609 1411 662 Nam
1438 609 1644 662 scilicet
1670 621 1832 660 omne

480 703 692 772 Aigypti
721 704 982 769 spatium,
1013 699 1095 754 vel
1125 714 1231 768 quo
1259 709 1404 767 patet
1432 701 1606 768 ampla
1636 699 1904 766 Canopus,

482 794 600 846 Mox
634 794 771 846 inter
813 793 1036 861 pingues
1065 790 1253 847 sitiens
1289 791 1558 846 defecerat
1589 791 1780 857 undas,

479 884 535 938 Si
563 898 667 937 non
693 884 1042 951 Omnipotens
1067 884 1300 938 celerem
1328 898 1490 952 super
1515 897 1640 935 arva
1674 881 1936 936 medelam

479 977 785 1045 Spargeret,
811 984 865 1029 et
895 975 1091 1029 nitidos
1123 984 1403 1030 revocaret
1431 973 1657 1027 vallibus
1686 986 1890 1024 amnes.

555 1067 689 1120 Tum
717 1082 845 1122 vero
879 1075 933 1120 ut
969 1067 1208 1136 requiem
1240 1066 1406 1136 pestis
1435 1065 1695 1120 subducta
1725 1063 1958 1125 reduxit,

483 1159 716 1212 Effertur
743 1174 927 1212 rursus
952 1157 1115 1214 dilata
1147 1167 1321 1213 morte
1354 1169 1646 1229 tyrannus,

481 1252 550 1303 ιιι
573 1252 655 1302 vix
687 1265 903 1304 cvasum
933 1257 1284 1304 contemnens
1311 1262 1489 1304 mente
1517 1248 1805 1316 flagellum,

482 1342 768 1394 Innocnam
811 1339 990 1409 ﬂagris
1023 1340 1260 1409 persistit
1287 1339 1521 1393 subdere
1552 1348 1790 1407 gentem.

481 1435 550 1484 At
576 1430 700 1499 quid
732 1445 825 1497 per
851 1436 1098 1483 cunctam
1128 1429 1298 1498 Stylns
1326 1437 1520 1493 aestuetl
1544 1429 1622 1482 ire
1649 1426 1864 1495 su;.-crbi

482 1522 768 1576 Pettidiam
788 1563 802 1587 ,
833 1522 953 1575 (tesi
987 1533 1275 1576 numerans
1306 1521 1536 1589 perjuria
1567 1518 1758 1588 regni?

482 1615 587 1669 Sed
621 1623 800 1668 tamen
837 1623 1158 1682 extorquent
1193 1614 1396 1667 varium
1431 1613 1706 1666 mendacia
1752 1619 2074 1676 monstrum,

484 1708 744 1777 Undaqne
775 1707 946 1761 vicino
976 1707 1190 1760 vixdum
1226 1717 1446 1776 purgata
1478 1721 1697 1770 cruore,

482 1799 756 1854 Rauarum
789 1799 944 1852 foedis
977 1802 1112 1852 texit
1139 1799 1442 1852 caritatibus
1472 1797 1651 1851 urbes.

483 1895 830 1962 Complentur
861 1893 1028 1957 cellaa,
1062 1892 1214 1946 strati
1248 1892 1567 1960 penetralia,
1604 1905 1826 1954 mensae,

483 1985 726 2041 Sustinet
755 1987 1064 2039 innumeros
1094 1985 1290 2052 regalis
1319 2000 1556 2053 purpura
1585 1984 1777 2047 saltus,

482 2084 657 2147 Atque
683 2093 930 2148 premens
960 2078 1203 2131 homines
1225 2077 1431 2133 frendet
1457 2079 1808 2132 succumbere
1834 2076 2002 2143 ranis,

483 2171 716 2238 Quarum
749 2186 869 2224 mox
909 2171 1134 2225 cumulis
1161 2171 1376 2224 llannna
1410 2173 1716 2239 tonitruque
1746 2169 1981 2223 subactis

483 2263 888 2331 Congestisque.
919 2276 1117 2316 sonans
1149 2274 1458 2315 muscarum
1491 2261 1647 2314 nubis
1674 2261 1740 2315 ad
1773 2274 1934 2314 auras

484 2354 650 2420 Exiit,
685 2354 935 2408 iul‘ecrutn
966 2369 1315 2420 corrumpens
1341 2367 1466 2407 aera
1496 2351 1644 2406 llatu.

484 2445 601 2501 Illic
627 2463 759 2515 quas
788 2445 1006 2501 scinifes
1033 2446 1300 2511 vocitant,
1335 2455 1668 2514 quantosque
1693 2446 1899 2498 volatus

488 2537 726 2591 Pendula
759 2538 1102 2592 crmmittunt
1139 2537 1343 2592 levibus
1369 2539 1684 2608 corpuscula
1714 2536 1906 2600 ventis,

484 2627 896 2698 Pennarumque
924 2630 1071 2684 vicos
1098 2639 1358 2699 peragunt
1387 2628 1735 2683 stridentibus
1761 2628 1896 2680 alis?

485 2717 737 2772 Fundunt
770 2734 824 2773 se
857 2721 1073 2788 pariter,
1109 2720 1426 2790 turbataque
1449 2719 1646 2774 inmitia
1674 2719 1963 2787 complent.

485 2810 552 2864 Et
581 2811 703 2865 licet
731 2811 996 2866 immersis
1026 2811 1260 2882 deligant
1285 2812 1500 2866 vulnera
1532 2811 1721 2867 rostris
1741 2849 1760 2878 ,

487 2900 614 2954 Plus
642 2901 833 2955 horror
857 2918 1014 2971 quam
1048 2918 1201 2972 pinna
1237 2913 1448 2967 movet;
1481 2901 1575 2956 sed
1604 2902 1738 2956 tollit
1765 2911 1819 2955 et
1848 2900 2002 2955 istam

487 2993 691 3049 Ventus
720 3009 906 3063 agens,
938 3005 1108 3048 cessat
1139 2994 1315 3047 laxata
1342 2993 1582 3047 molestia
1615 2993 1812 3062 paulun

487 3085 776 3140 Confestim
806 3095 1049 3140 cessante
1080 3098 1247 3151 metu,
1278 3099 1376 3140 nec
1407 3085 1616 3155 loiigius
1642 3086 1718 3139 ira

487 3181 724 3236 Sentitur
756 3197 910 3250 quam
945 3180 1095 3249 plaga
1126 3181 1284 3234 calet.
1316 3180 1419 3236 Sed
1449 3189 1596 3247 peste
1626 3187 1829 3234 remota

488 3275 793 3328 Succedunt
824 3274 940 3326 alia:
971 3274 1183 3342 gravius
1215 3289 1227 3324 :
1261 3274 1592 3326 consumitur
1619 3285 1778 3324 (mine

488 3365 812 3429 Iumentum,
848 3377 1171 3432 CUItClOsqlle
1202 3377 1388 3431 greges
1419 3378 1522 3415 nox
1550 3362 1770 3415 abstulit
1808 3375 1929 3426 una,

489 3455 596 3510 Nec
627 3465 829 3508 tantum
858 3456 1113 3506 damnosi
1143 3467 1266 3506 reos
1301 3461 1543 3520 portenta
1569 3453 1788 3520 fatigant
1820 3467 1832 3504 :

489 3547 731 3598 Vertitur
755 3543 822 3596 ad
852 3558 1067 3596 carnem
1099 3557 1215 3610 qum.
1242 3543 1465 3595 susci'at
1493 3542 1569 3596 ita
1599 3542 1832 3596 dolores.

490 3637 731 3692 Insidunt
762 3635 968 3701 penitus
997 3632 1262 3702 turgentia
1295 3632 1512 3686 vulnera
1543 3631 1796 3686 membris
1819 3672 1833 3696 ,

491 3728 561 3783 Et
589 3743 740 3781 sacer
766 3727 997 3780 IllCllblIIl
1033 3725 1298 3794 percussis
1322 3723 1540 3778 artubus
1568 3723 1728 3793 ignis.

489 3822 740 3877 Creditur
773 3821 857 3874 bic
881 3820 1038 3874 etiam
1071 3835 1195 3872 casu
1225 3819 1535 3885 contingere
1566 3818 1788 3885 languor
1823 3834 1834 3869 :

487 3913 598 3968 Sed
628 3911 845 3966 mnibus
873 3921 1063 3964 mentis
1089 3907 1396 3963 discrimina
1427 3908 1668 3977 corporis
1701 3917 1870 3977 urget.

495 4006 738 4060 Prmterit
772 4004 857 4056 ille
887 4004 1036 4066 dies;
1071 4010 1180 4054 tum
1209 4002 1422 4054 demum
1454 4001 1572 4055 luce
1599 4010 1776 4054 secuta

487 4098 805 4153 Concutitur
832 4095 1025 4150 cwlum
1059 4095 1280 4160 tonitru,
1302 4093 1576 4162 nubesque
1602 4101 1803 4146 coactae

496 4191 740 4245 Terribili
772 4189 1055 4258 splendore
1082 4187 1307 4250 micant;
1343 4186 1462 4239 ferit
1487 4183 1664 4238 omnia
1692 4182 1866 4251 fulgur

495 4283 737 4338 Fulmina
767 4297 957 4350 agens;
987 4289 1123 4333 totas
1150 4294 1254 4331 uno
1279 4279 1379 4332 sub
1403 4285 1642 4341 tempore
1669 4285 1870 4329 mortes

496 4371 724 4428 [Etlierc
756 4373 962 4425 turbato
1001 4369 1157 4422 terris
1190 4368 1456 4422 elementa
1490 4365 1778 4419 minantur.

498 4467 712 4534 Ignibus
739 4465 994 4519 inseritur
1025 4459 1351 4529 praegrandis
1378 4473 1603 4526 corpore
1633 4456 1870 4527 grando,

498 4558 615 4611 Non
649 4565 706 4608 ut
750 4555 889 4608 nube
924 4551 1060 4606 solet
1092 4550 1246 4604 terris
1287 4549 1525 4602 nimbosa
1558 4547 1738 4602 venire
1772 4562 1784 4599 :

497 4647 603 4701 Sel
634 4658 950 4715 quocunque
977 4642 1175 4696 cadens
1207 4650 1262 4694 ut
1292 4641 1586 4708 deprimat,
1616 4648 1775 4708 atque
1803 4639 2012 4692 ruinam

499 4737 744 4792 Pandere
772 4736 854 4788 vel
879 4734 993 4787 solo
1018 4731 1211 4794 faciat;
1237 4732 1578 4801 coniungitur
1599 4745 1728 4800 ergo

473 4828 866 4882 vGraudineum
907 4826 1135 4880 flammis
1177 4825 1503 4880 ferventibus
1531 4838 1656 4878 aere
1685 4823 1868 4893 frigus,

501 4921 568 4972 Et
597 4929 786 4971 natura
820 4918 935 4970 neci
965 4932 1186 4970 servans
1215 4917 1446 4985 assignat
1475 4925 1780 4983 utrumque.

501 5013 599 5067 llic
632 5012 833 5082 primus
860 5021 1093 5079 stragem
1123 5010 1324 5080 sparsis
1351 5009 1442 5062 dat
1470 5007 1731 5062 mortibus
1763 5007 1961 5072 imber;

501 5107 640 5160 Exin
672 5113 961 5158 restantem
989 5104 1160 5171 surgit
1182 5114 1497 5155 consumere
1525 5098 1753 5153 fructum

502 5197 746 5254 Bruclms
771 5237 785 5262 ,
817 5207 871 5251 et
897 5211 1122 5252 excusso
1152 5191 1429 5248 conlidens
1463 5205 1621 5246 crure
1650 5192 1872 5246 locusta.

501 5292 616 5346 Iloc
647 5291 738 5345 sed
771 5289 925 5344 docta
957 5288 1129 5355 malis,
1156 5295 1210 5342 et
1233 5285 1341 5355 jam
1371 5285 1681 5340 discrimine
1709 5284 1900 5340 crebro

502 5385 780 5454 Tanquam
810 5382 928 5436 lene
954 5381 1082 5434 Satis
1108 5379 1301 5434 callosa
1330 5377 1581 5448 superbia
1611 5375 1781 5430 duxit.

504 5475 808 5543 Insequitur
841 5472 992 5525 velox
1023 5473 1234 5540 gravius
1263 5485 1380 5539 quae
1406 5469 1639 5524 vindicet
1668 5469 1764 5522 ira.

505 5565 685 5618 Cmcas
716 5578 872 5617 mane
905 5577 1042 5617 novo
1071 5575 1295 5630 surgens
1324 5561 1404 5615 sol
1435 5572 1704 5630 sparserat
1736 5560 1975 5627 umbras,

506 5654 574 5710 Et
605 5655 754 5710 Ianus
771 5655 976 5725 jubaris
1002 5652 1312 5726 splendebat
1339 5651 1510 5711 fronte
1533 5652 1730 5720 sereni,

2094 332 2146 390 Α
2174 328 2304 382 Cum
2337 344 2562 399 surgens
2592 330 2820 386 mediam
2854 330 3024 387 nubes
3053 348 3111 387 se
3144 333 3364 404 porrigit
3392 343 3506 392 atra
3527 377 3541 401 ,

2175 413 2604 492 Nascenteiiiqne
2633 422 2775 478 diem
2805 424 3032 489 depulso
3064 425 3264 479 lumine
3294 427 3510 484 claudit.

2176 513 2232 566 In
2259 514 2456 569 molem
2487 530 2593 568 nox
2621 514 2786 570 densa
2817 515 2947 581 coit,
2977 518 3114 585 perit
3143 517 3367 571 obrutus
3396 533 3509 582 aer,

2177 606 2566 676 Palpantesque
2603 621 2794 662 manus
2821 610 3014 662 densas
3036 625 3256 664 sensere
3283 611 3547 675 tenebras,

2175 697 2350 767 Atque
2380 713 2729 769 repercussus
2765 709 2988 754 vexatur
3013 701 3279 756 anhelitus
3305 718 3478 774 aeger;

2177 791 2308 846 Etsi
2336 794 2540 862 sopitos
2568 791 2745 845 ﬂando
2770 792 2890 861 quis
2919 794 3146 847 suscitet
3173 793 3345 862 ignes,

2175 882 2281 936 Aut
2307 881 2548 936 ﬂammas
2576 883 2756 936 excire
2787 884 2934 944 velit,
2966 899 3272 946 compressa
3301 894 3557 939 necantur

2177 973 2423 1038 Lumina,
2455 987 2553 1027 ncc
2584 973 2793 1028 vibrant
2819 974 3050 1028 restricti
3084 973 3318 1043 pondere
3346 985 3559 1029 motus:

2177 1065 2294 1132 Quo
2324 1079 2694 1134 quemcunque
2727 1064 2845 1119 loco
2873 1065 3188 1119 tenebrosus
3217 1067 3446 1133 repperit
3481 1070 3692 1134 borror,

2177 1157 2472 1219 Continuit,
2501 1157 2629 1210 vidit
2652 1157 2882 1220 nullum,
2918 1171 3016 1210 nec
3046 1157 3190 1210 visus
3220 1157 3288 1210 ab
3318 1159 3423 1210 ullo
3449 1167 3552 1211 est.

2181 1246 2505 1316 Squalentes
2537 1247 2735 1315 pariter
2769 1245 3001 1300 viventia
3027 1247 3190 1301 millia
3219 1247 3407 1301 credas

2181 1337 2423 1392 Infernas
2453 1338 2682 1392 intrasse
2710 1337 2926 1402 domos,
2953 1346 3045 1392 aut
3078 1337 3213 1391 forte
3243 1338 3449 1391 revulsa

2180 1430 2345 1485 Obice
2375 1440 2638 1484 terrarum
2669 1432 2894 1499 patriam
2928 1429 3193 1485 sordentis
3214 1431 3395 1499 abyssi

2182 1521 2438 1590 Migrasse
2470 1522 2520 1574 in
2552 1536 2801 1590 superos,
2836 1536 2898 1576 ac
2927 1521 3182 1575 mundum
3215 1523 3333 1577 luce
3364 1521 3537 1591 fugata

2185 1611 2295 1666 Sub
2327 1613 2469 1681 leges
2500 1612 2710 1667 misisse
2739 1627 2886 1667 suas.
2918 1612 3051 1668 Tres
3080 1612 3310 1681 perdidit
3340 1615 3434 1666 ista

2109 1706 2152 1764 Β
2183 1704 2346 1759 Nocte
2373 1704 2508 1770 dies,
2540 1704 2697 1770 digne
2727 1704 2964 1772 pendens
2995 1703 3224 1774 perjuria
3258 1704 3414 1759 tellus

2181 1797 2370 1852 Istlizec
2398 1796 2591 1850 damna
2620 1795 2768 1861 tulit;
2799 1811 2920 1848 nam
2950 1805 3146 1850 castera
3177 1795 3404 1864 fulgidns
3433 1794 3576 1849 orbis

2182 1889 2465 1955 (Inminet,
2499 1897 2554 1943 et
2580 1889 2766 1943 solitos
2791 1887 3124 1958 distinguunt
3151 1895 3389 1955 tetnpora
3419 1901 3627 1941 cursus.

2254 1984 2429 2037 Moses
2459 1984 2660 2037 interea
2699 1981 2987 2052 lacrymas.
3011 1981 3238 2050 jejunis,
3271 1991 3392 2034 vota

2180 2076 2487 2141 Continuat,
2519 2075 2872 2146 precibusque
2897 2074 3151 2144 frequens
3181 2088 3244 2128 ac
3273 2073 3497 2143 pervigil
3534 2073 3711 2140 instat,

2183 2170 2399 2238 Iiajoris
2427 2181 2551 2223 natu
2584 2169 2745 2222 fultus
2776 2167 3038 2222 solamine
3071 2165 3270 2219 fratris.

2181 2264 2406 2318 Instruit
2436 2262 2535 2316 bos
2562 2261 2729 2315 sacris
2759 2261 2938 2321 simul.
2975 2260 3330 2328 inlormatque
3357 2257 3579 2313 Creatnr

2179 2355 2398 2425 Mystica
2440 2353 2740 2408 solemnem
2770 2367 2874 2421 qua
2908 2352 3106 2421 pandat
3135 2350 3345 2406 victima
3376 2351 3584 2405 ritum..

2179 2447 2412 2503 Ceruitis
2440 2455 2501 2501 ut
2528 2446 2694 2500 multa
2735 2444 3006 2500 desudans
3037 2443 3191 2498 clade
3211 2452 3418 2499 reatum

2181 2539 2446 2611 IEgyptus
2471 2539 2700 2594 contrita
2729 2547 2909 2606 gemat
2940 2537 3074 2590 satis
3101 2535 3332 2602 undique
3361 2543 3523 2595 tacta,

2179 2632 2287 2687 Sed
2318 2643 2491 2687 tamen
2521 2631 2738 2685 immota
2767 2638 3008 2698 perstans
3033 2630 3246 2684 cervice
3271 2628 3521 2684 rebellis?

2180 2725 2288 2780 Nec
2322 2724 2576 2792 portanda
2609 2724 2700 2778 diu
2730 2721 3038 2791 praecedunt
3065 2721 3163 2778 ista
3188 2722 3415 2775 ruinam.

2185 2817 2430 2886 Egrotat
2460 2815 2813 2884 quodcunque
2843 2823 3033 2878 tumet,
3065 2828 3163 2868 nec
3192 2827 3318 2868 sana
3347 2810 3576 2880 superbo

2179 2910 2348 2962 Causa
2371 2909 2577 2972 subest,
2596 2907 2838 2974 junctum
2863 2913 3124 2959 monstrat
3146 2920 3296 2959 mens
3314 2903 3521 2972 turgida
3543 2902 3749 2957 letlium.

2180 2999 2328 3055 Unus
2352 2997 2531 3051 adhuc
2566 3005 2734 3052 restat
2759 2997 2847 3065 qui
2875 2995 3107 3050 vindicet
3132 2996 3308 3048 omnia
3338 2994 3529 3057 lucius,

2101 3067 2150 3130 ο
2186 3089 2419 3159 Postque
2449 3104 2641 3144 novem
2670 3088 2875 3144 decima
2909 3087 3160 3156 percellat
3201 3087 3346 3141 czede
3376 3095 3659 3140 merentes.

2190 3181 2297 3234 Vos
2324 3180 2483 3234 modo
2510 3189 2798 3250 perpetuos
2823 3192 3095 3233 sacrorum
3123 3177 3314 3232 discite
3341 3190 3539 3239 mores,

2187 3269 2431 3325 Cultibus
2460 3279 2513 3325 et
2543 3270 2772 3340 propriis
2799 3283 3046 3323 man~ura
3075 3268 3191 3339 lege
3222 3277 3414 3324 tenete.

2189 3363 2461 3418 Mensibus
2487 3362 2538 3416 in
2569 3363 2802 3424 cunctis,
2833 3361 2978 3416 orbis
3004 3376 3140 3431 quos
3171 3361 3389 3416 circinat
3413 3359 3560 3424 anni,

2191 3455 2295 3510 Iste
2323 3464 2483 3525 caput
2513 3456 2868 3524 princepsque
2897 3453 3055 3520 foret,
3079 3469 3238 3524 quem
3273 3455 3484 3509 nomine
3511 3453 3632 3508 belli

2191 3547 2432 3604 Gentiles
2462 3551 2717 3612 vocitant,
2748 3564 2844 3603 vos
2876 3558 3078 3602 tantum
3105 3547 3264 3602 dicite
3296 3548 3520 3615 primum
3549 3563 3561 3598 :

2191 3639 2444 3706 Lunaque
2472 3638 2552 3693 bis
2578 3649 2783 3708 septem
2818 3652 2937 3694 cum
2972 3637 3158 3693 fecerit
3187 3637 3363 3691 addita
3391 3647 3596 3700 noctes,

2195 3732 2427 3801 Vespere
2456 3742 2565 3786 tum
2597 3747 2719 3788 sero
2749 3731 2946 3786 dabitis
2975 3730 3262 3800 primordia
3293 3730 3480 3784 sacris.

2188 3824 2393 3879 Sumite
2422 3834 2757 3879 mansuetum
2797 3823 3018 3892 perfecti
3061 3823 3314 3891 temporis
3347 3837 3561 3892 agnum,

2191 3915 2290 3982 Qui
2324 3925 2504 3968 careat
2529 3915 2766 3978 macula,
2799 3923 2852 3968 et
2883 3929 3069 3982 purum
3099 3912 3192 3968 det
3219 3927 3444 3981 corpore
3475 3911 3663 3966 vellus.

2194 4007 2306 4060 lloc
2331 4007 2526 4060 animal
2557 4005 2704 4060 festis
2732 4005 3067 4070 mactabilis;
3103 4004 3256 4072 hujus
3287 4013 3564 4072 utrumque

2192 4095 2435 4168 Signabit
2468 4100 2686 4168 sanguis
2715 4097 2883 4152 nitido
2911 4098 2977 4152 de
3017 4113 3243 4166 Corpore
3270 4106 3493 4166 postem.

2196 4189 2306 4242 lloc
2332 4189 2474 4242 dabit
2505 4189 2758 4243 indicium
2790 4189 3070 4242 servandae
3097 4203 3223 4242 cura
3256 4189 3458 4242 salutis.

2193 4279 2325 4334 Cum
2356 4294 2643 4349 percussor
2669 4290 2784 4349 aget
2819 4280 3031 4333 tacitam
3059 4279 3174 4334 sine
3205 4278 3421 4333 vulnere
3446 4277 3665 4340 cxdem,

2199 4371 2495 4440 Pcrspiciet
2517 4385 2670 4426 sacro
2699 4372 2860 4426 limen
2892 4370 3160 4425 maduisse
3187 4384 3398 4434 cruore,

2113 4438 2168 4499 Ῑ)
2196 4461 2307 4516 I-Ioc
2337 4438 2539 4516 tantum
2572 4463 2800 4516 transire
2831 4461 3300 4529 volens.distantia
3330 4459 3450 4514 talis

2192 4551 2435 4608 Custodit
2459 4562 2665 4607 vestras
2693 4553 2896 4620 Sparsis
2929 4568 2957 4606 a
2991 4552 3252 4606 mortibus
3279 4550 3442 4605 aedes.

2193 4642 2284 4698 Sic
2307 4659 2425 4708 nos,
2457 4642 2690 4705 Christe.
2725 4655 2872 4697 tuum
2904 4643 3076 4698 saIVet
3104 4656 3264 4710 super
3291 4640 3469 4694 omnia
3501 4640 3696 4707 signum

2192 4736 2480 4792 Frontibus
2503 4737 2806 4805 impositum
2837 4753 2850 4789 :
2876 4735 2954 4790 sic
2977 4735 3192 4803 sanguis
3218 4735 3448 4802 denique
3469 4742 3697 4797 sanctus,

2193 4829 2340 4885 Tunc
2371 4828 2760 4898 przemonstrati
2791 4827 2988 4882 dudum
3022 4829 3110 4896 qui
3144 4824 3383 4881 funditur
3409 4826 3552 4893 agni,

2191 4921 2384 4975 Oribus
2415 4919 2617 4972 infusus
2644 4927 2821 4987 postes
2852 4919 3109 4974 lustrasse
3141 4925 3351 4971 tuorum

2191 5012 2334 5067 Inter
2363 5011 2592 5067 labentis
2621 5010 2881 5066 ferventia
2915 5010 3099 5064 funera
3131 5008 3314 5064 mundi

2191 5105 2472 5169 Credatur,
2503 5118 2738 5172 casuque
2769 5113 2889 5157 tuos
2915 5101 3186 5155 discernat
3211 5101 3280 5156 ab
3309 5099 3479 5153 omni.

2193 5196 2328 5250 Dum
2361 5211 2464 5250 non
2493 5196 2727 5264 signatos
2757 5192 3020 5261 percurrit
3045 5191 3230 5246 funere
3253 5205 3458 5252 mucro.

2193 5288 2272 5344 Tu
2301 5304 2566 5359 cognosce
2597 5300 2736 5342 tuam
2765 5286 3020 5342 sali-anda
3053 5287 3103 5339 in
3136 5285 3289 5354 plebe
3321 5284 3563 5353 ﬁguram.

2196 5382 2262 5438 Ut
2285 5395 2602 5451 quocunque
2629 5381 2746 5434 loco
2770 5393 2986 5433 sanctus
3015 5376 3331 5432 mactabitur
3358 5388 3547 5444 agnus,

2195 5476 2368 5542 Atque
2396 5473 2520 5528 cibo
2543 5480 2785 5526 sanctum
2815 5471 3116 5541 porrexerit
3139 5469 3311 5522 bostia
3339 5480 3536 5533 corpus

2195 5562 2316 5616 Rite
2350 5576 2559 5617 sacrum
2580 5605 2594 5628 ,
2632 5561 2874 5617 celebret
2904 5559 3024 5613 vitae
3056 5557 3315 5627 promissa
3345 5553 3614 5622 sequentis

2197 5656 2481 5715 Fermento
2511 5669 2742 5724 nequam
2768 5652 2968 5722 duplici
3007 5651 3074 5708 de
3104 5650 3265 5707 corde
3296 5646 3532 5712 revulso,
3579 5718 3587 5724 _
