  <div class='ocr_page' id='page_1' title='image "/cluster/home/n/w/nwhite01/storage/ocr_20150623/59/hvd.32044073505117/186.png"; bbox 0 0 4024 6172; ppageno 0'>
   <div class='ocr_carea' id='block_1_1' title="bbox 225 347 1761 413">
    <p class='ocr_par' dir='ltr' id='par_1_1' title="bbox 225 350 1761 413">
     <span class='ocr_line' id='line_1_1' title="bbox 225 350 1761 413; baseline -0.006 0"><span class='ocrx_word' id='word_1_1' title='bbox 225 358 313 413; x_wconf 74' lang='grc'><strong>561</strong></span> <span class='ocrx_word' id='word_1_2' title='bbox 1514 350 1761 406; x_wconf 66' lang='grc' dir='ltr'><strong>ΡΟΕΜΑἼ</strong></span> 
     </span>
    </p>
   </div>
   <div class='ocr_carea' id='block_1_2' title="bbox 1892 347 3494 413">
    <p class='ocr_par' dir='ltr' id='par_1_2' title="bbox 1931 348 3494 412">
     <span class='ocr_line' id='line_1_2' title="bbox 1931 348 3494 412; baseline 0.006 -9"><span class='ocrx_word' id='word_1_3' title='bbox 1931 348 2131 403; x_wconf 79' lang='lat' dir='ltr'>LIBER</span> <span class='ocrx_word' id='word_1_4' title='bbox 2175 348 2233 402; x_wconf 64' lang='grc' dir='ltr'><strong>Υ.</strong></span> <span class='ocrx_word' id='word_1_5' title='bbox 3388 358 3494 412; x_wconf 53' lang='grc' dir='ltr'><strong>ὅθ</strong></span> 
     </span>
    </p>
   </div>
   <div class='ocr_carea' id='block_1_3' title="bbox 221 467 1553 536">
    <p class='ocr_par' dir='ltr' id='par_1_3' title="bbox 221 467 1553 536">
     <span class='ocr_line' id='line_1_3' title="bbox 221 467 1553 536; baseline -0.01 -7"><span class='ocrx_word' id='word_1_6' title='bbox 221 474 499 529; x_wconf 86' lang='lat' dir='ltr'><strong>Sincerum</strong></span> <span class='ocrx_word' id='word_1_7' title='bbox 527 467 710 523; x_wconf 67' lang='lat' dir='ltr'><strong>nitidae</strong></span> <span class='ocrx_word' id='word_1_8' title='bbox 737 474 1089 536; x_wconf 79' lang='lat' dir='ltr'><strong>conspergant</strong></span> <span class='ocrx_word' id='word_1_9' title='bbox 1120 478 1303 534; x_wconf 79' lang='lat' dir='ltr'><strong>azyma</strong></span> <span class='ocrx_word' id='word_1_10' title='bbox 1331 479 1553 518; x_wconf 61' lang='lat' dir='ltr'><strong>meum.</strong></span> 
     </span>
    </p>
   </div>
   <div class='ocr_carea' id='block_1_4' title="bbox 292 558 1347 628">
    <p class='ocr_par' dir='ltr' id='par_1_4' title="bbox 292 558 1347 628">
     <span class='ocr_line' id='line_1_4' title="bbox 292 558 1347 628; baseline -0.01 -9"><span class='ocrx_word' id='word_1_11' title='bbox 292 563 529 618; x_wconf 86' lang='lat' dir='ltr'><strong>Finierat</strong></span> <span class='ocrx_word' id='word_1_12' title='bbox 556 570 732 616; x_wconf 86' lang='lat' dir='ltr'><strong>rector</strong></span> <span class='ocrx_word' id='word_1_13' title='bbox 757 560 899 628; x_wconf 81' lang='lat' dir='ltr'><strong>leges</strong></span> <span class='ocrx_word' id='word_1_14' title='bbox 925 568 978 613; x_wconf 90' lang='lat' dir='ltr'><strong>et</strong></span> <span class='ocrx_word' id='word_1_15' title='bbox 1004 558 1201 613; x_wconf 68' lang='lat' dir='ltr'><strong>foedera</strong></span> <span class='ocrx_word' id='word_1_16' title='bbox 1231 558 1347 609; x_wconf 87' lang='lat' dir='ltr'><strong>festi</strong></span> 
     </span>
    </p>
   </div>
   <div class='ocr_carea' id='block_1_5' title="bbox 225 652 1599 720">
    <p class='ocr_par' dir='ltr' id='par_1_5' title="bbox 225 652 1599 720">
     <span class='ocr_line' id='line_1_5' title="bbox 225 652 1599 720; baseline -0.006 -10"><span class='ocrx_word' id='word_1_17' title='bbox 225 656 496 711; x_wconf 91' lang='lat' dir='ltr'><strong>Paschalis</strong></span> <span class='ocrx_word' id='word_1_18' title='bbox 525 652 779 708; x_wconf 87' lang='lat' dir='ltr'><strong>mandare</strong></span> <span class='ocrx_word' id='word_1_19' title='bbox 805 652 954 718; x_wconf 82' lang='lat' dir='ltr'><strong>viris,</strong></span> <span class='ocrx_word' id='word_1_20' title='bbox 981 652 1118 720; x_wconf 84' lang='lat' dir='ltr'><strong>quod</strong></span> <span class='ocrx_word' id='word_1_21' title='bbox 1153 652 1392 720; x_wconf 92' lang='lat' dir='ltr'><strong>protinus</strong></span> <span class='ocrx_word' id='word_1_22' title='bbox 1414 666 1599 704; x_wconf 69' lang='lat' dir='ltr'><strong>omnes</strong></span> 
     </span>
    </p>
   </div>
   <div class='ocr_carea' id='block_1_6' title="bbox 223 744 1449 817">
    <p class='ocr_par' dir='ltr' id='par_1_6' title="bbox 223 744 1449 817">
     <span class='ocr_line' id='line_1_6' title="bbox 223 744 1449 817; baseline -0.007 -13"><span class='ocrx_word' id='word_1_23' title='bbox 223 748 513 817; x_wconf 87' lang='lat' dir='ltr'><strong>Arripuere</strong></span> <span class='ocrx_word' id='word_1_24' title='bbox 539 745 728 810; x_wconf 85' lang='lat' dir='ltr'><strong>simul;</strong></span> <span class='ocrx_word' id='word_1_25' title='bbox 765 752 1025 814; x_wconf 90' lang='lat' dir='ltr'><strong>peragunt</strong></span> <span class='ocrx_word' id='word_1_26' title='bbox 1046 744 1292 797; x_wconf 79' lang='lat' dir='ltr'><strong>convivia</strong></span> <span class='ocrx_word' id='word_1_27' title='bbox 1321 744 1449 806; x_wconf 70' lang='lat' dir='ltr'><strong>lani,</strong></span> 
     </span>
    </p>
   </div>
   <div class='ocr_carea' id='block_1_7' title="bbox 225 835 1457 907">
    <p class='ocr_par' dir='ltr' id='par_1_7' title="bbox 225 835 1457 907">
     <span class='ocr_line' id='line_1_7' title="bbox 225 835 1457 907; baseline -0.007 -12"><span class='ocrx_word' id='word_1_28' title='bbox 225 840 598 907; x_wconf 89' lang='lat' dir='ltr'><strong>Solemuisque</strong></span> <span class='ocrx_word' id='word_1_29' title='bbox 630 852 768 891; x_wconf 91' lang='lat' dir='ltr'><strong>novo</strong></span> <span class='ocrx_word' id='word_1_30' title='bbox 795 836 939 890; x_wconf 90' lang='lat' dir='ltr'><strong>cultu</strong></span> <span class='ocrx_word' id='word_1_31' title='bbox 973 835 1273 902; x_wconf 76' lang='lat' dir='ltr'><strong>disponitur</strong></span> <span class='ocrx_word' id='word_1_32' title='bbox 1301 848 1457 894; x_wconf 84' lang='lat' dir='ltr'><strong>esus.</strong></span> 
     </span>
    </p>
   </div>
   <div class='ocr_carea' id='block_1_8' title="bbox 225 926 1630 997">
    <p class='ocr_par' dir='ltr' id='par_1_8' title="bbox 225 926 1630 997">
     <span class='ocr_line' id='line_1_8' title="bbox 225 926 1630 997; baseline -0.006 -11"><span class='ocrx_word' id='word_1_33' title='bbox 225 932 487 986; x_wconf 88' lang='lat' dir='ltr'><strong>Transeat</strong></span> <span class='ocrx_word' id='word_1_34' title='bbox 511 930 576 984; x_wconf 85' lang='lat' dir='ltr'><strong>ad</strong></span> <span class='ocrx_word' id='word_1_35' title='bbox 604 944 756 984; x_wconf 89' lang='lat' dir='ltr'><strong>seros</strong></span> <span class='ocrx_word' id='word_1_36' title='bbox 784 944 903 997; x_wconf 72' lang='lat' dir='ltr'><strong>qua:</strong></span> <span class='ocrx_word' id='word_1_37' title='bbox 933 928 1144 983; x_wconf 87' lang='lat' dir='ltr'><strong>condita</strong></span> <span class='ocrx_word' id='word_1_38' title='bbox 1183 926 1353 980; x_wconf 90' lang='lat' dir='ltr'><strong>forma</strong></span> <span class='ocrx_word' id='word_1_39' title='bbox 1384 935 1630 995; x_wconf 90' lang='lat' dir='ltr'><strong>nepotes.</strong></span> 
     </span>
    </p>
   </div>
   <div class='ocr_carea' id='block_1_9' title="bbox 226 1018 1668 1088">
    <p class='ocr_par' dir='ltr' id='par_1_9' title="bbox 226 1018 1668 1088">
     <span class='ocr_line' id='line_1_9' title="bbox 226 1018 1668 1088; baseline -0.01 -9"><span class='ocrx_word' id='word_1_40' title='bbox 226 1024 332 1079; x_wconf 82' lang='lat' dir='ltr'><strong>Nox</strong></span> <span class='ocrx_word' id='word_1_41' title='bbox 364 1033 502 1087; x_wconf 87' lang='lat' dir='ltr'><strong>erat,</strong></span> <span class='ocrx_word' id='word_1_42' title='bbox 534 1033 588 1075; x_wconf 87' lang='lat' dir='ltr'><strong>et</strong></span> <span class='ocrx_word' id='word_1_43' title='bbox 615 1020 844 1075; x_wconf 86' lang='lat' dir='ltr'><strong>mediam</strong></span> <span class='ocrx_word' id='word_1_44' title='bbox 871 1021 1161 1088; x_wconf 86' lang='lat' dir='ltr'><strong>carpebant</strong></span> <span class='ocrx_word' id='word_1_45' title='bbox 1188 1028 1379 1072; x_wconf 89' lang='lat' dir='ltr'><strong>cuneta</strong></span> <span class='ocrx_word' id='word_1_46' title='bbox 1410 1018 1668 1085; x_wconf 89' lang='lat' dir='ltr'><strong>quietem,</strong></span> 
     </span>
    </p>
   </div>
   <div class='ocr_carea' id='block_1_10' title="bbox 228 1110 1574 1182">
    <p class='ocr_par' dir='ltr' id='par_1_10' title="bbox 228 1110 1574 1182">
     <span class='ocr_line' id='line_1_10' title="bbox 228 1110 1574 1182; baseline -0.007 -13"><span class='ocrx_word' id='word_1_47' title='bbox 228 1116 532 1182; x_wconf 85' lang='lat' dir='ltr'><strong>Utnbraque</strong></span> <span class='ocrx_word' id='word_1_48' title='bbox 564 1112 782 1166; x_wconf 81' lang='lat' dir='ltr'><strong>libratos</strong></span> <span class='ocrx_word' id='word_1_49' title='bbox 807 1112 917 1181; x_wconf 86' lang='lat' dir='ltr'><strong>jam</strong></span> <span class='ocrx_word' id='word_1_50' title='bbox 946 1111 1056 1180; x_wconf 86' lang='lat' dir='ltr'><strong>jatn</strong></span> <span class='ocrx_word' id='word_1_51' title='bbox 1088 1112 1340 1164; x_wconf 82' lang='lat' dir='ltr'><strong>diviserat</strong></span> <span class='ocrx_word' id='word_1_52' title='bbox 1372 1110 1531 1163; x_wconf 89' lang='lat' dir='ltr'><strong>horas</strong></span> <span class='ocrx_word' id='word_1_53' title='bbox 1562 1126 1574 1159; x_wconf 86' lang='lat'>:</span> 
     </span>
    </p>
   </div>
   <div class='ocr_carea' id='block_1_11' title="bbox 231 1205 1408 1273">
    <p class='ocr_par' dir='ltr' id='par_1_11' title="bbox 231 1205 1408 1273">
     <span class='ocr_line' id='line_1_11' title="bbox 231 1205 1408 1273; baseline -0.005 -12"><span class='ocrx_word' id='word_1_54' title='bbox 231 1207 363 1261; x_wconf 85' lang='lat' dir='ltr'><strong>Ecce</strong></span> <span class='ocrx_word' id='word_1_55' title='bbox 392 1207 537 1261; x_wconf 72' lang='lat' dir='ltr'><strong>venit</strong></span> <span class='ocrx_word' id='word_1_56' title='bbox 569 1206 732 1260; x_wconf 85' lang='lat' dir='ltr'><strong>tacito</strong></span> <span class='ocrx_word' id='word_1_57' title='bbox 763 1221 855 1273; x_wconf 87' lang='lat' dir='ltr'><strong>per</strong></span> <span class='ocrx_word' id='word_1_58' title='bbox 884 1205 998 1258; x_wconf 79' lang='lat' dir='ltr'><strong>(lira</strong></span> <span class='ocrx_word' id='word_1_59' title='bbox 1028 1205 1233 1259; x_wconf 89' lang='lat' dir='ltr'><strong>silentia</strong></span> <span class='ocrx_word' id='word_1_60' title='bbox 1262 1214 1408 1257; x_wconf 90' lang='lat' dir='ltr'><strong>motu</strong></span> 
     </span>
    </p>
   </div>
   <div class='ocr_carea' id='block_1_12' title="bbox 226 1297 1455 1369">
    <p class='ocr_par' dir='ltr' id='par_1_12' title="bbox 226 1297 1455 1369">
     <span class='ocr_line' id='line_1_12' title="bbox 226 1297 1455 1369; baseline -0.007 -13"><span class='ocrx_word' id='word_1_61' title='bbox 226 1302 462 1369; x_wconf 76' lang='lat' dir='ltr'><strong>Angelus</strong></span> <span class='ocrx_word' id='word_1_62' title='bbox 488 1308 704 1353; x_wconf 85' lang='lat' dir='ltr'><strong>exserto</strong></span> <span class='ocrx_word' id='word_1_63' title='bbox 734 1301 929 1352; x_wconf 89' lang='lat' dir='ltr'><strong>missus</strong></span> <span class='ocrx_word' id='word_1_64' title='bbox 955 1299 1042 1367; x_wconf 92' lang='lat' dir='ltr'><strong>qui</strong></span> <span class='ocrx_word' id='word_1_65' title='bbox 1072 1297 1258 1350; x_wconf 72' lang='lat' dir='ltr'><strong>smviat</strong></span> <span class='ocrx_word' id='word_1_66' title='bbox 1284 1310 1414 1350; x_wconf 85' lang='lat' dir='ltr'><strong>ense</strong></span> <span class='ocrx_word' id='word_1_67' title='bbox 1440 1311 1455 1348; x_wconf 88' lang='lat'><strong>:</strong></span> 
     </span>
    </p>
   </div>
   <div class='ocr_carea' id='block_1_13' title="bbox 226 1388 1423 1447">
    <p class='ocr_par' dir='ltr' id='par_1_13' title="bbox 226 1388 1423 1447">
     <span class='ocr_line' id='line_1_13' title="bbox 226 1388 1423 1447; baseline -0.007 0"><span class='ocrx_word' id='word_1_68' title='bbox 226 1394 329 1447; x_wconf 76' lang='lat' dir='ltr'><strong>Nec</strong></span> <span class='ocrx_word' id='word_1_69' title='bbox 359 1393 583 1447; x_wconf 84' lang='lat' dir='ltr'><strong>confusa</strong></span> <span class='ocrx_word' id='word_1_70' title='bbox 612 1392 771 1446; x_wconf 90' lang='lat' dir='ltr'><strong>datur</strong></span> <span class='ocrx_word' id='word_1_71' title='bbox 796 1391 956 1444; x_wconf 84' lang='lat' dir='ltr'><strong>subiti</strong></span> <span class='ocrx_word' id='word_1_72' title='bbox 982 1391 1247 1444; x_wconf 65' lang='lat' dir='ltr'><strong>sententia</strong></span> <span class='ocrx_word' id='word_1_73' title='bbox 1274 1388 1423 1447; x_wconf 86' lang='lat' dir='ltr'><strong>lethi,</strong></span> 
     </span>
    </p>
   </div>
   <div class='ocr_carea' id='block_1_14' title="bbox 224 1477 1668 1549">
    <p class='ocr_par' dir='ltr' id='par_1_14' title="bbox 224 1477 1668 1549">
     <span class='ocr_line' id='line_1_14' title="bbox 224 1477 1668 1549; baseline -0.007 -14"><span class='ocrx_word' id='word_1_74' title='bbox 224 1484 394 1537; x_wconf 87' lang='lat' dir='ltr'><strong>Omne</strong></span> <span class='ocrx_word' id='word_1_75' title='bbox 426 1481 622 1535; x_wconf 89' lang='lat' dir='ltr'><strong>malum</strong></span> <span class='ocrx_word' id='word_1_76' title='bbox 653 1483 745 1535; x_wconf 87' lang='lat' dir='ltr'><strong>sed</strong></span> <span class='ocrx_word' id='word_1_77' title='bbox 774 1491 919 1535; x_wconf 89' lang='lat' dir='ltr'><strong>sorte</strong></span> <span class='ocrx_word' id='word_1_78' title='bbox 945 1480 1119 1545; x_wconf 84' lang='lat' dir='ltr'><strong>cadit,</strong></span> <span class='ocrx_word' id='word_1_79' title='bbox 1154 1479 1415 1549; x_wconf 74' lang='lat' dir='ltr'><strong>longeque</strong></span> <span class='ocrx_word' id='word_1_80' title='bbox 1442 1477 1668 1537; x_wconf 79' lang='lat' dir='ltr'><strong>videtur,</strong></span> 
     </span>
    </p>
   </div>
   <div class='ocr_carea' id='block_1_15' title="bbox 224 1566 1587 1641">
    <p class='ocr_par' dir='ltr' id='par_1_15' title="bbox 224 1566 1587 1641">
     <span class='ocr_line' id='line_1_15' title="bbox 224 1566 1587 1641; baseline -0.005 -14"><span class='ocrx_word' id='word_1_81' title='bbox 224 1574 390 1638; x_wconf 84' lang='lat' dir='ltr'><strong>Quem</strong></span> <span class='ocrx_word' id='word_1_82' title='bbox 424 1580 573 1641; x_wconf 83' lang='lat' dir='ltr'><strong>petat</strong></span> <span class='ocrx_word' id='word_1_83' title='bbox 602 1570 655 1625; x_wconf 92' lang='lat' dir='ltr'><strong>in</strong></span> <span class='ocrx_word' id='word_1_84' title='bbox 690 1570 922 1626; x_wconf 85' lang='lat' dir='ltr'><strong>tenebris</strong></span> <span class='ocrx_word' id='word_1_85' title='bbox 954 1570 1155 1638; x_wconf 70' lang='lat' dir='ltr'><strong>prazfixi</strong></span> <span class='ocrx_word' id='word_1_86' title='bbox 1186 1568 1387 1623; x_wconf 88' lang='lat' dir='ltr'><strong>funeris</strong></span> <span class='ocrx_word' id='word_1_87' title='bbox 1410 1566 1544 1621; x_wconf 88' lang='lat' dir='ltr'><strong>ordo</strong></span> <span class='ocrx_word' id='word_1_88' title='bbox 1574 1581 1587 1620; x_wconf 91' lang='lat'><strong>:</strong></span> 
     </span>
    </p>
   </div>
   <div class='ocr_carea' id='block_1_16' title="bbox 227 1659 1391 1731">
    <p class='ocr_par' dir='ltr' id='par_1_16' title="bbox 227 1659 1391 1731">
     <span class='ocr_line' id='line_1_16' title="bbox 227 1659 1391 1731; baseline -0.004 -14"><span class='ocrx_word' id='word_1_89' title='bbox 227 1664 451 1731; x_wconf 70' lang='lat' dir='ltr'><strong>Maiores</strong></span> <span class='ocrx_word' id='word_1_90' title='bbox 474 1671 601 1716; x_wconf 88' lang='lat' dir='ltr'><strong>natu</strong></span> <span class='ocrx_word' id='word_1_91' title='bbox 629 1670 877 1731; x_wconf 90' lang='lat' dir='ltr'><strong>pereunt,</strong></span> <span class='ocrx_word' id='word_1_92' title='bbox 903 1659 1111 1730; x_wconf 92' lang='lat' dir='ltr'><strong>solique</strong></span> <span class='ocrx_word' id='word_1_93' title='bbox 1142 1661 1391 1728; x_wconf 88' lang='lat' dir='ltr'><strong>leguntur</strong></span> 
     </span>
    </p>
   </div>
   <div class='ocr_carea' id='block_1_17' title="bbox 227 1750 1477 1821">
    <p class='ocr_par' dir='ltr' id='par_1_17' title="bbox 227 1750 1477 1821">
     <span class='ocr_line' id='line_1_17' title="bbox 227 1750 1477 1821; baseline -0.004 -14"><span class='ocrx_word' id='word_1_94' title='bbox 227 1756 302 1807; x_wconf 81' lang='lat' dir='ltr'><strong>Ad</strong></span> <span class='ocrx_word' id='word_1_95' title='bbox 335 1765 565 1807; x_wconf 90' lang='lat' dir='ltr'><strong>mortem</strong></span> <span class='ocrx_word' id='word_1_96' title='bbox 591 1752 793 1821; x_wconf 86' lang='lat' dir='ltr'><strong>primos</strong></span> <span class='ocrx_word' id='word_1_97' title='bbox 828 1750 932 1805; x_wconf 85' lang='lat' dir='ltr'><strong>luci</strong></span> <span class='ocrx_word' id='word_1_98' title='bbox 956 1765 1090 1820; x_wconf 91' lang='lat' dir='ltr'><strong>quos</strong></span> <span class='ocrx_word' id='word_1_99' title='bbox 1119 1750 1285 1806; x_wconf 85' lang='lat' dir='ltr'><strong>edidit</strong></span> <span class='ocrx_word' id='word_1_100' title='bbox 1312 1760 1477 1803; x_wconf 92' lang='lat' dir='ltr'><strong>ortus.</strong></span> 
     </span>
    </p>
   </div>
   <div class='ocr_carea' id='block_1_18' title="bbox 225 1844 1669 1913">
    <p class='ocr_par' dir='ltr' id='par_1_18' title="bbox 225 1844 1669 1913">
     <span class='ocr_line' id='line_1_18' title="bbox 225 1844 1669 1913; baseline -0.005 -13"><span class='ocrx_word' id='word_1_101' title='bbox 225 1849 356 1901; x_wconf 85' lang='lat' dir='ltr'><strong>Cum</strong></span> <span class='ocrx_word' id='word_1_102' title='bbox 384 1847 618 1899; x_wconf 77' lang='lat' dir='ltr'><strong>dominis</strong></span> <span class='ocrx_word' id='word_1_103' title='bbox 651 1845 831 1899; x_wconf 78' lang='lat' dir='ltr'><strong>famuli</strong></span> <span class='ocrx_word' id='word_1_104' title='bbox 866 1854 1119 1913; x_wconf 88' lang='lat' dir='ltr'><strong>pereunt,</strong></span> <span class='ocrx_word' id='word_1_105' title='bbox 1153 1844 1368 1913; x_wconf 87' lang='lat' dir='ltr'><strong>natique</strong></span> <span class='ocrx_word' id='word_1_106' title='bbox 1397 1849 1669 1908; x_wconf 84' lang='lat' dir='ltr'><strong>potentum</strong></span> 
     </span>
    </p>
   </div>
   <div class='ocr_carea' id='block_1_19' title="bbox 225 1933 1592 2005">
    <p class='ocr_par' dir='ltr' id='par_1_19' title="bbox 225 1933 1592 2005">
     <span class='ocr_line' id='line_1_19' title="bbox 225 1933 1592 2005; baseline -0.004 -14"><span class='ocrx_word' id='word_1_107' title='bbox 225 1936 497 1992; x_wconf 74' lang='lat' dir='ltr'><strong>Permixta</strong></span> <span class='ocrx_word' id='word_1_108' title='bbox 527 1953 646 1989; x_wconf 91' lang='lat' dir='ltr'><strong>cum</strong></span> <span class='ocrx_word' id='word_1_109' title='bbox 678 1937 833 2005; x_wconf 85' lang='lat' dir='ltr'><strong>plebe</strong></span> <span class='ocrx_word' id='word_1_110' title='bbox 862 1936 1062 1990; x_wconf 91' lang='lat' dir='ltr'><strong>cadunt</strong></span> <span class='ocrx_word' id='word_1_111' title='bbox 1093 1953 1103 1987; x_wconf 93' lang='lat'><strong>:</strong></span> <span class='ocrx_word' id='word_1_112' title='bbox 1137 1934 1218 1989; x_wconf 89' lang='lat' dir='ltr'><strong>sic</strong></span> <span class='ocrx_word' id='word_1_113' title='bbox 1248 1934 1385 1998; x_wconf 90' lang='lat' dir='ltr'><strong>vilis,</strong></span> <span class='ocrx_word' id='word_1_114' title='bbox 1418 1942 1472 1986; x_wconf 92' lang='lat' dir='ltr'><strong>ut</strong></span> <span class='ocrx_word' id='word_1_115' title='bbox 1504 1933 1592 1986; x_wconf 92' lang='lat' dir='ltr'><strong>ille</strong></span> 
     </span>
    </p>
   </div>
   <div class='ocr_carea' id='block_1_20' title="bbox 229 2024 1580 2097">
    <p class='ocr_par' dir='ltr' id='par_1_20' title="bbox 229 2024 1580 2097">
     <span class='ocr_line' id='line_1_20' title="bbox 229 2024 1580 2097; baseline -0.004 -13"><span class='ocrx_word' id='word_1_116' title='bbox 229 2032 398 2097; x_wconf 83' lang='lat' dir='ltr'><strong>Quem</strong></span> <span class='ocrx_word' id='word_1_117' title='bbox 431 2030 562 2084; x_wconf 84' lang='lat' dir='ltr'><strong>celsi</strong></span> <span class='ocrx_word' id='word_1_118' title='bbox 595 2031 763 2084; x_wconf 90' lang='lat' dir='ltr'><strong>tenuit</strong></span> <span class='ocrx_word' id='word_1_119' title='bbox 792 2031 1107 2083; x_wconf 89' lang='lat' dir='ltr'><strong>morientem</strong></span> <span class='ocrx_word' id='word_1_120' title='bbox 1140 2042 1372 2096; x_wconf 86' lang='lat' dir='ltr'><strong>purpura</strong></span> <span class='ocrx_word' id='word_1_121' title='bbox 1404 2024 1580 2079; x_wconf 83' lang='lat' dir='ltr'><strong>fulcri.</strong></span> 
     </span>
    </p>
   </div>
   <div class='ocr_carea' id='block_1_21' title="bbox 226 2119 1561 2192">
    <p class='ocr_par' dir='ltr' id='par_1_21' title="bbox 226 2119 1561 2192">
     <span class='ocr_line' id='line_1_21' title="bbox 226 2119 1561 2192; baseline -0.007 -12"><span class='ocrx_word' id='word_1_122' title='bbox 226 2125 351 2180; x_wconf 79' lang='lat' dir='ltr'><strong>Haec</strong></span> <span class='ocrx_word' id='word_1_123' title='bbox 384 2124 525 2177; x_wconf 85' lang='lat' dir='ltr'><strong>nuda</strong></span> <span class='ocrx_word' id='word_1_124' title='bbox 565 2124 754 2177; x_wconf 88' lang='lat' dir='ltr'><strong>tellure</strong></span> <span class='ocrx_word' id='word_1_125' title='bbox 776 2122 979 2192; x_wconf 87' lang='lat' dir='ltr'><strong>jacent,</strong></span> <span class='ocrx_word' id='word_1_126' title='bbox 1014 2123 1127 2175; x_wconf 80' lang='lat' dir='ltr'><strong>haec</strong></span> <span class='ocrx_word' id='word_1_127' title='bbox 1154 2120 1326 2175; x_wconf 89' lang='lat' dir='ltr'><strong>serica</strong></span> <span class='ocrx_word' id='word_1_128' title='bbox 1359 2119 1561 2180; x_wconf 89' lang='lat' dir='ltr'><strong>velant,</strong></span> 
     </span>
    </p>
   </div>
   <div class='ocr_carea' id='block_1_22' title="bbox 229 2209 1554 2285">
    <p class='ocr_par' dir='ltr' id='par_1_22' title="bbox 229 2209 1554 2285">
     <span class='ocr_line' id='line_1_22' title="bbox 229 2209 1554 2285; baseline -0.007 -15"><span class='ocrx_word' id='word_1_129' title='bbox 229 2216 545 2285; x_wconf 86' lang='lat' dir='ltr'><strong>Disparibus</strong></span> <span class='ocrx_word' id='word_1_130' title='bbox 574 2216 756 2269; x_wconf 85' lang='lat' dir='ltr'><strong>stratis</strong></span> <span class='ocrx_word' id='word_1_131' title='bbox 787 2223 1099 2268; x_wconf 86' lang='lat' dir='ltr'><strong>sternuntur</strong></span> <span class='ocrx_word' id='word_1_132' title='bbox 1131 2226 1357 2280; x_wconf 89' lang='lat' dir='ltr'><strong>corpora</strong></span> <span class='ocrx_word' id='word_1_133' title='bbox 1390 2209 1554 2263; x_wconf 84' lang='lat' dir='ltr'><strong>letho.</strong></span> 
     </span>
    </p>
   </div>
   <div class='ocr_carea' id='block_1_23' title="bbox 227 2297 1780 2376">
    <p class='ocr_par' dir='ltr' id='par_1_23' title="bbox 227 2297 1780 2376">
     <span class='ocr_line' id='line_1_23' title="bbox 227 2297 1780 2376; baseline -0.009 -15"><span class='ocrx_word' id='word_1_134' title='bbox 227 2306 342 2361; x_wconf 84' lang='lat' dir='ltr'><strong>Non</strong></span> <span class='ocrx_word' id='word_1_135' title='bbox 364 2320 689 2376; x_wconf 86' lang='lat' dir='ltr'><strong>quemquam</strong></span> <span class='ocrx_word' id='word_1_136' title='bbox 718 2318 863 2358; x_wconf 89' lang='lat' dir='ltr'><strong>mors</strong></span> <span class='ocrx_word' id='word_1_137' title='bbox 892 2318 1041 2371; x_wconf 77' lang='lat' dir='ltr'><strong>aequa</strong></span> <span class='ocrx_word' id='word_1_138' title='bbox 1074 2303 1246 2366; x_wconf 88' lang='lat' dir='ltr'><strong>timet,</strong></span> <span class='ocrx_word' id='word_1_139' title='bbox 1278 2315 1384 2355; x_wconf 91' lang='lat' dir='ltr'><strong>non</strong></span> <span class='ocrx_word' id='word_1_140' title='bbox 1415 2298 1611 2368; x_wconf 76' lang='lat' dir='ltr'><strong>excipit</strong></span> <span class='ocrx_word' id='word_1_141' title='bbox 1643 2297 1780 2350; x_wconf 90' lang='lat' dir='ltr'><strong>ullos</strong></span> 
     </span>
    </p>
   </div>
   <div class='ocr_carea' id='block_1_24' title="bbox 231 2392 1507 2465">
    <p class='ocr_par' dir='ltr' id='par_1_24' title="bbox 231 2392 1507 2465">
     <span class='ocr_line' id='line_1_24' title="bbox 231 2392 1507 2465; baseline -0.007 -14"><span class='ocrx_word' id='word_1_142' title='bbox 231 2399 286 2451; x_wconf 90' lang='lat' dir='ltr'><strong>In</strong></span> <span class='ocrx_word' id='word_1_143' title='bbox 318 2398 456 2451; x_wconf 72' lang='lat' dir='ltr'><strong>vitis</strong></span> <span class='ocrx_word' id='word_1_144' title='bbox 488 2406 693 2450; x_wconf 90' lang='lat' dir='ltr'><strong>tantum</strong></span> <span class='ocrx_word' id='word_1_145' title='bbox 723 2395 817 2465; x_wconf 90' lang='lat' dir='ltr'><strong>qui</strong></span> <span class='ocrx_word' id='word_1_146' title='bbox 847 2394 1225 2449; x_wconf 79' lang='lat' dir='ltr'><strong>discernuntur</strong></span> <span class='ocrx_word' id='word_1_147' title='bbox 1253 2392 1507 2445; x_wconf 86' lang='lat' dir='ltr'><strong>honores.</strong></span> 
     </span>
    </p>
   </div>
   <div class='ocr_carea' id='block_1_25' title="bbox 228 2486 1491 2557">
    <p class='ocr_par' dir='ltr' id='par_1_25' title="bbox 228 2486 1491 2557">
     <span class='ocr_line' id='line_1_25' title="bbox 228 2486 1491 2557; baseline -0.006 -14"><span class='ocrx_word' id='word_1_148' title='bbox 228 2489 490 2557; x_wconf 79' lang='lat' dir='ltr'><strong>Pauperis</strong></span> <span class='ocrx_word' id='word_1_149' title='bbox 518 2487 585 2541; x_wconf 90' lang='lat' dir='ltr'><strong>ad</strong></span> <span class='ocrx_word' id='word_1_150' title='bbox 615 2487 793 2541; x_wconf 86' lang='lat' dir='ltr'><strong>fletum</strong></span> <span class='ocrx_word' id='word_1_151' title='bbox 824 2486 966 2541; x_wconf 73' lang='lat' dir='ltr'><strong>nul’a</strong></span> <span class='ocrx_word' id='word_1_152' title='bbox 998 2487 1195 2554; x_wconf 88' lang='lat' dir='ltr'><strong>pietate</strong></span> <span class='ocrx_word' id='word_1_153' title='bbox 1227 2494 1491 2548; x_wconf 89' lang='lat' dir='ltr'><strong>movetur,</strong></span> 
     </span>
    </p>
   </div>
   <div class='ocr_carea' id='block_1_26' title="bbox 230 2574 1521 2647">
    <p class='ocr_par' dir='ltr' id='par_1_26' title="bbox 230 2574 1521 2647">
     <span class='ocr_line' id='line_1_26' title="bbox 230 2574 1521 2647; baseline -0.005 -14"><span class='ocrx_word' id='word_1_154' title='bbox 230 2579 445 2633; x_wconf 76' lang='lat' dir='ltr'><strong>IMibus</strong></span> <span class='ocrx_word' id='word_1_155' title='bbox 483 2588 541 2632; x_wconf 89' lang='lat' dir='ltr'><strong>ut</strong></span> <span class='ocrx_word' id='word_1_156' title='bbox 571 2588 754 2647; x_wconf 88' lang='lat' dir='ltr'><strong>parcat</strong></span> <span class='ocrx_word' id='word_1_157' title='bbox 792 2578 937 2631; x_wconf 89' lang='lat' dir='ltr'><strong>nullo</strong></span> <span class='ocrx_word' id='word_1_158' title='bbox 975 2574 1336 2644; x_wconf 89' lang='lat' dir='ltr'><strong>corrumpitur</strong></span> <span class='ocrx_word' id='word_1_159' title='bbox 1368 2587 1521 2628; x_wconf 91' lang='lat' dir='ltr'><strong>auro.</strong></span> 
     </span>
    </p>
   </div>
   <div class='ocr_carea' id='block_1_27' title="bbox 228 2666 1430 2738">
    <p class='ocr_par' dir='ltr' id='par_1_27' title="bbox 228 2666 1430 2738">
     <span class='ocr_line' id='line_1_27' title="bbox 228 2666 1430 2738; baseline -0.005 -13"><span class='ocrx_word' id='word_1_160' title='bbox 228 2668 517 2738; x_wconf 68' lang='lat' dir='ltr'><strong>Egrotum</strong></span> <span class='ocrx_word' id='word_1_161' title='bbox 549 2683 737 2733; x_wconf 90' lang='lat' dir='ltr'><strong>sanus,</strong></span> <span class='ocrx_word' id='word_1_162' title='bbox 770 2668 1066 2736; x_wconf 67' lang='lat' dir='ltr'><strong>longaevum</strong></span> <span class='ocrx_word' id='word_1_163' title='bbox 1094 2666 1277 2735; x_wconf 89' lang='lat' dir='ltr'><strong>junior</strong></span> <span class='ocrx_word' id='word_1_164' title='bbox 1305 2675 1430 2720; x_wconf 80' lang='lat' dir='ltr'><strong>ante</strong></span> 
     </span>
    </p>
   </div>
   <div class='ocr_carea' id='block_1_28' title="bbox 228 2756 1422 2828">
    <p class='ocr_par' dir='ltr' id='par_1_28' title="bbox 228 2756 1422 2828">
     <span class='ocr_line' id='line_1_28' title="bbox 228 2756 1422 2828; baseline -0.003 -15"><span class='ocrx_word' id='word_1_165' title='bbox 228 2758 453 2828; x_wconf 70' lang='lat' dir='ltr'><strong>Migrat:</strong></span> <span class='ocrx_word' id='word_1_166' title='bbox 478 2758 601 2812; x_wconf 87' lang='lat' dir='ltr'><strong>huic</strong></span> <span class='ocrx_word' id='word_1_167' title='bbox 628 2756 725 2811; x_wconf 88' lang='lat' dir='ltr'><strong>soli</strong></span> <span class='ocrx_word' id='word_1_168' title='bbox 755 2756 916 2811; x_wconf 88' lang='lat' dir='ltr'><strong>debet</strong></span> <span class='ocrx_word' id='word_1_169' title='bbox 942 2756 1217 2811; x_wconf 86' lang='lat' dir='ltr'><strong>conlidere</strong></span> <span class='ocrx_word' id='word_1_170' title='bbox 1245 2770 1422 2810; x_wconf 91' lang='lat' dir='ltr'><strong>nemo.</strong></span> 
     </span>
    </p>
   </div>
   <div class='ocr_carea' id='block_1_29' title="bbox 230 2845 1779 2917">
    <p class='ocr_par' dir='ltr' id='par_1_29' title="bbox 230 2845 1779 2917">
     <span class='ocr_line' id='line_1_29' title="bbox 230 2845 1779 2917; baseline -0.006 -11"><span class='ocrx_word' id='word_1_171' title='bbox 230 2852 346 2906; x_wconf 84' lang='lat' dir='ltr'><strong>Hoc</strong></span> <span class='ocrx_word' id='word_1_172' title='bbox 374 2861 582 2905; x_wconf 84' lang='lat' dir='ltr'><strong>tantum</strong></span> <span class='ocrx_word' id='word_1_173' title='bbox 620 2860 796 2904; x_wconf 90' lang='lat' dir='ltr'><strong>tamen</strong></span> <span class='ocrx_word' id='word_1_174' title='bbox 825 2857 909 2904; x_wconf 87' lang='lat' dir='ltr'><strong>est</strong></span> <span class='ocrx_word' id='word_1_175' title='bbox 941 2848 1157 2903; x_wconf 90' lang='lat' dir='ltr'><strong>sibimet</strong></span> <span class='ocrx_word' id='word_1_176' title='bbox 1185 2863 1291 2917; x_wconf 91' lang='lat' dir='ltr'><strong>quo</strong></span> <span class='ocrx_word' id='word_1_177' title='bbox 1322 2853 1529 2902; x_wconf 91' lang='lat' dir='ltr'><strong>mortua</strong></span> <span class='ocrx_word' id='word_1_178' title='bbox 1558 2845 1779 2911; x_wconf 91' lang='lat' dir='ltr'><strong>distent,</strong></span> 
     </span>
    </p>
   </div>
   <div class='ocr_carea' id='block_1_30' title="bbox 235 2939 1639 3009">
    <p class='ocr_par' dir='ltr' id='par_1_30' title="bbox 235 2939 1639 3009">
     <span class='ocr_line' id='line_1_30' title="bbox 235 2939 1639 3009; baseline -0.002 -16"><span class='ocrx_word' id='word_1_179' title='bbox 235 2940 427 2995; x_wconf 76' lang='lat' dir='ltr'><strong>Vivant</strong></span> <span class='ocrx_word' id='word_1_180' title='bbox 453 2952 510 2995; x_wconf 94' lang='lat' dir='ltr'><strong>ut</strong></span> <span class='ocrx_word' id='word_1_181' title='bbox 541 2939 748 2995; x_wconf 83' lang='lat' dir='ltr'><strong>meritis</strong></span> <span class='ocrx_word' id='word_1_182' title='bbox 777 2940 867 3009; x_wconf 86' lang='lat' dir='ltr'><strong>qui</strong></span> <span class='ocrx_word' id='word_1_183' title='bbox 902 2940 1173 3008; x_wconf 90' lang='lat' dir='ltr'><strong>complent</strong></span> <span class='ocrx_word' id='word_1_184' title='bbox 1202 2947 1443 3007; x_wconf 88' lang='lat' dir='ltr'><strong>tempora</strong></span> <span class='ocrx_word' id='word_1_185' title='bbox 1472 2947 1639 2991; x_wconf 89' lang='lat' dir='ltr'><strong>sorte.</strong></span> 
     </span>
    </p>
   </div>
   <div class='ocr_carea' id='block_1_31' title="bbox 232 3028 1660 3101">
    <p class='ocr_par' dir='ltr' id='par_1_31' title="bbox 232 3028 1660 3101">
     <span class='ocr_line' id='line_1_31' title="bbox 232 3028 1660 3101; baseline -0.003 -16"><span class='ocrx_word' id='word_1_186' title='bbox 232 3032 359 3087; x_wconf 74' lang='lat' dir='ltr'><strong>llzec</strong></span> <span class='ocrx_word' id='word_1_187' title='bbox 385 3046 663 3101; x_wconf 85' lang='lat' dir='ltr'><strong>nunquam</strong></span> <span class='ocrx_word' id='word_1_188' title='bbox 688 3031 903 3101; x_wconf 88' lang='lat' dir='ltr'><strong>penitus</strong></span> <span class='ocrx_word' id='word_1_189' title='bbox 928 3031 1087 3085; x_wconf 88' lang='lat' dir='ltr'><strong>morti</strong></span> <span class='ocrx_word' id='word_1_190' title='bbox 1118 3030 1245 3085; x_wconf 76' lang='lat' dir='ltr'><strong>licet</strong></span> <span class='ocrx_word' id='word_1_191' title='bbox 1271 3029 1498 3097; x_wconf 79' lang='lat' dir='ltr'><strong>auferat,</strong></span> <span class='ocrx_word' id='word_1_192' title='bbox 1531 3036 1587 3084; x_wconf 91' lang='lat' dir='ltr'><strong>et</strong></span> <span class='ocrx_word' id='word_1_193' title='bbox 1614 3028 1660 3082; x_wconf 90' lang='lat' dir='ltr'><strong>si</strong></span> 
     </span>
    </p>
   </div>
   <div class='ocr_carea' id='block_1_32' title="bbox 229 3122 1411 3192">
    <p class='ocr_par' dir='ltr' id='par_1_32' title="bbox 229 3122 1411 3192">
     <span class='ocr_line' id='line_1_32' title="bbox 229 3122 1411 3192; baseline -0.001 -17"><span class='ocrx_word' id='word_1_194' title='bbox 229 3122 358 3178; x_wconf 70' lang='lat' dir='ltr'><strong>iure</strong></span> <span class='ocrx_word' id='word_1_195' title='bbox 386 3123 672 3192; x_wconf 71' lang='lat' dir='ltr'><strong>potestatis</strong></span> <span class='ocrx_word' id='word_1_196' title='bbox 698 3122 838 3176; x_wconf 90' lang='lat' dir='ltr'><strong>lutea</strong></span> <span class='ocrx_word' id='word_1_197' title='bbox 864 3135 1119 3191; x_wconf 78' lang='lat' dir='ltr'><strong>compage</strong></span> <span class='ocrx_word' id='word_1_198' title='bbox 1148 3130 1411 3188; x_wconf 89' lang='lat' dir='ltr'><strong>creatum,</strong></span> 
     </span>
    </p>
   </div>
   <div class='ocr_carea' id='block_1_33' title="bbox 232 3210 1599 3281">
    <p class='ocr_par' dir='ltr' id='par_1_33' title="bbox 232 3210 1599 3281">
     <span class='ocr_line' id='line_1_33' title="bbox 232 3210 1599 3281; baseline -0.004 -13"><span class='ocrx_word' id='word_1_199' title='bbox 232 3213 454 3268; x_wconf 88' lang='lat' dir='ltr'><strong>Semine</strong></span> <span class='ocrx_word' id='word_1_200' title='bbox 484 3213 698 3267; x_wconf 79' lang='lat' dir='ltr'><strong>mortali</strong></span> <span class='ocrx_word' id='word_1_201' title='bbox 726 3213 983 3281; x_wconf 89' lang='lat' dir='ltr'><strong>genitum,</strong></span> <span class='ocrx_word' id='word_1_202' title='bbox 1008 3220 1273 3280; x_wconf 88' lang='lat' dir='ltr'><strong>terraeque</strong></span> <span class='ocrx_word' id='word_1_203' title='bbox 1300 3210 1599 3277; x_wconf 87' lang='lat' dir='ltr'><strong>reductum,</strong></span> 
     </span>
    </p>
   </div>
   <div class='ocr_carea' id='block_1_34' title="bbox 230 3301 1469 3359">
    <p class='ocr_par' dir='ltr' id='par_1_34' title="bbox 230 3301 1469 3359">
     <span class='ocr_line' id='line_1_34' title="bbox 230 3301 1469 3359; baseline -0.002 -2"><span class='ocrx_word' id='word_1_204' title='bbox 230 3305 510 3359; x_wconf 81' lang='lat' dir='ltr'><strong>Justorum</strong></span> <span class='ocrx_word' id='word_1_205' title='bbox 543 3305 598 3357; x_wconf 89' lang='lat' dir='ltr'><strong>in</strong></span> <span class='ocrx_word' id='word_1_206' title='bbox 630 3302 779 3358; x_wconf 83' lang='lat' dir='ltr'><strong>factis</strong></span> <span class='ocrx_word' id='word_1_207' title='bbox 810 3304 956 3359; x_wconf 85' lang='lat' dir='ltr'><strong>letho</strong></span> <span class='ocrx_word' id='word_1_208' title='bbox 983 3302 1059 3356; x_wconf 92' lang='lat' dir='ltr'><strong>nil</strong></span> <span class='ocrx_word' id='word_1_209' title='bbox 1086 3301 1321 3357; x_wconf 82' lang='lat' dir='ltr'><strong>creditur</strong></span> <span class='ocrx_word' id='word_1_210' title='bbox 1351 3301 1469 3356; x_wconf 87' lang='lat' dir='ltr'><strong>ulli.</strong></span> 
     </span>
    </p>
   </div>
   <div class='ocr_carea' id='block_1_35' title="bbox 306 3393 1613 3464">
    <p class='ocr_par' dir='ltr' id='par_1_35' title="bbox 306 3393 1613 3464">
     <span class='ocr_line' id='line_1_35' title="bbox 306 3393 1613 3464; baseline -0.002 -15"><span class='ocrx_word' id='word_1_211' title='bbox 306 3395 450 3464; x_wconf 84' lang='lat' dir='ltr'><strong>Ergo</strong></span> <span class='ocrx_word' id='word_1_212' title='bbox 490 3404 549 3448; x_wconf 94' lang='lat' dir='ltr'><strong>ut</strong></span> <span class='ocrx_word' id='word_1_213' title='bbox 579 3408 863 3464; x_wconf 88' lang='lat' dir='ltr'><strong>percussas</strong></span> <span class='ocrx_word' id='word_1_214' title='bbox 894 3394 1109 3449; x_wconf 84' lang='lat' dir='ltr'><strong>soboles</strong></span> <span class='ocrx_word' id='word_1_215' title='bbox 1139 3393 1359 3448; x_wconf 89' lang='lat' dir='ltr'><strong>confusa</strong></span> <span class='ocrx_word' id='word_1_216' title='bbox 1391 3400 1613 3461; x_wconf 78' lang='lat' dir='ltr'><strong>repente</strong></span> 
     </span>
    </p>
   </div>
   <div class='ocr_carea' id='block_1_36' title="bbox 230 3486 1601 3552">
    <p class='ocr_par' dir='ltr' id='par_1_36' title="bbox 230 3486 1601 3552">
     <span class='ocr_line' id='line_1_36' title="bbox 230 3486 1601 3552; baseline 0.001 -11"><span class='ocrx_word' id='word_1_217' title='bbox 230 3487 371 3542; x_wconf 82' lang='lat' dir='ltr'><strong>Aula</strong></span> <span class='ocrx_word' id='word_1_218' title='bbox 398 3486 569 3551; x_wconf 84' lang='lat' dir='ltr'><strong>videt,</strong></span> <span class='ocrx_word' id='word_1_219' title='bbox 597 3495 823 3541; x_wconf 89' lang='lat' dir='ltr'><strong>currunt</strong></span> <span class='ocrx_word' id='word_1_220' title='bbox 854 3486 1046 3542; x_wconf 81' lang='lat' dir='ltr'><strong>ﬂentes</strong></span> <span class='ocrx_word' id='word_1_221' title='bbox 1072 3486 1139 3541; x_wconf 89' lang='lat' dir='ltr'><strong>ad</strong></span> <span class='ocrx_word' id='word_1_222' title='bbox 1169 3486 1354 3541; x_wconf 88' lang='lat' dir='ltr'><strong>funera</strong></span> <span class='ocrx_word' id='word_1_223' title='bbox 1384 3497 1601 3552; x_wconf 86' lang='lat' dir='ltr'><strong>matres,</strong></span> 
     </span>
    </p>
   </div>
   <div class='ocr_carea' id='block_1_37' title="bbox 230 3577 1679 3647">
    <p class='ocr_par' dir='ltr' id='par_1_37' title="bbox 230 3577 1679 3647">
     <span class='ocr_line' id='line_1_37' title="bbox 230 3577 1679 3647; baseline -0.001 -16"><span class='ocrx_word' id='word_1_224' title='bbox 230 3577 459 3633; x_wconf 83' lang='lat' dir='ltr'><strong>Pectora</strong></span> <span class='ocrx_word' id='word_1_225' title='bbox 489 3577 830 3632; x_wconf 88' lang='lat' dir='ltr'><strong>contundunt</strong></span> <span class='ocrx_word' id='word_1_226' title='bbox 856 3581 1069 3647; x_wconf 81' lang='lat' dir='ltr'><strong>pugnis,</strong></span> <span class='ocrx_word' id='word_1_227' title='bbox 1101 3578 1385 3647; x_wconf 87' lang='lat' dir='ltr'><strong>crinesque</strong></span> <span class='ocrx_word' id='word_1_228' title='bbox 1413 3579 1679 3634; x_wconf 84' lang='lat' dir='ltr'><strong>revellunt</strong></span> 
     </span>
    </p>
   </div>
   <div class='ocr_carea' id='block_1_38' title="bbox 232 3670 1592 3740">
    <p class='ocr_par' dir='ltr' id='par_1_38' title="bbox 232 3670 1592 3740">
     <span class='ocr_line' id='line_1_38' title="bbox 232 3670 1592 3740; baseline -0.002 -15"><span class='ocrx_word' id='word_1_229' title='bbox 232 3670 537 3740; x_wconf 78' lang='lat' dir='ltr'><strong>Unguibus,</strong></span> <span class='ocrx_word' id='word_1_230' title='bbox 566 3678 620 3724; x_wconf 90' lang='lat' dir='ltr'><strong>et</strong></span> <span class='ocrx_word' id='word_1_231' title='bbox 647 3671 824 3738; x_wconf 87' lang='lat' dir='ltr'><strong>nigras</strong></span> <span class='ocrx_word' id='word_1_232' title='bbox 849 3671 1103 3724; x_wconf 89' lang='lat' dir='ltr'><strong>festinant</strong></span> <span class='ocrx_word' id='word_1_233' title='bbox 1130 3670 1374 3723; x_wconf 88' lang='lat' dir='ltr'><strong>scindere</strong></span> <span class='ocrx_word' id='word_1_234' title='bbox 1402 3670 1592 3723; x_wconf 90' lang='lat' dir='ltr'><strong>malas.</strong></span> 
     </span>
    </p>
   </div>
   <div class='ocr_carea' id='block_1_39' title="bbox 226 3760 1682 3830">
    <p class='ocr_par' dir='ltr' id='par_1_39' title="bbox 226 3760 1682 3830">
     <span class='ocr_line' id='line_1_39' title="bbox 226 3760 1682 3830; baseline 0 -14"><span class='ocrx_word' id='word_1_235' title='bbox 226 3760 344 3817; x_wconf 75' lang='lat' dir='ltr'><strong>Nec</strong></span> <span class='ocrx_word' id='word_1_236' title='bbox 373 3762 627 3816; x_wconf 87' lang='lat' dir='ltr'><strong>dominos</strong></span> <span class='ocrx_word' id='word_1_237' title='bbox 658 3761 915 3830; x_wconf 81' lang='lat' dir='ltr'><strong>planxere</strong></span> <span class='ocrx_word' id='word_1_238' title='bbox 945 3761 1057 3826; x_wconf 92' lang='lat' dir='ltr'><strong>diu,</strong></span> <span class='ocrx_word' id='word_1_239' title='bbox 1090 3776 1215 3815; x_wconf 87' lang='lat' dir='ltr'><strong>mox</strong></span> <span class='ocrx_word' id='word_1_240' title='bbox 1245 3771 1469 3830; x_wconf 87' lang='lat' dir='ltr'><strong>occupat</strong></span> <span class='ocrx_word' id='word_1_241' title='bbox 1494 3776 1682 3816; x_wconf 91' lang='lat' dir='ltr'><strong>omnes</strong></span> 
     </span>
    </p>
   </div>
   <div class='ocr_carea' id='block_1_40' title="bbox 224 3850 1799 3922">
    <p class='ocr_par' dir='ltr' id='par_1_40' title="bbox 224 3850 1799 3922">
     <span class='ocr_line' id='line_1_40' title="bbox 224 3850 1799 3922; baseline 0.002 -16"><span class='ocrx_word' id='word_1_242' title='bbox 224 3850 439 3908; x_wconf 84' lang='lat' dir='ltr'><strong>Luctus</strong></span> <span class='ocrx_word' id='word_1_243' title='bbox 464 3867 738 3922; x_wconf 89' lang='lat' dir='ltr'><strong>quemque</strong></span> <span class='ocrx_word' id='word_1_244' title='bbox 760 3866 912 3917; x_wconf 88' lang='lat' dir='ltr'><strong>suus,</strong></span> <span class='ocrx_word' id='word_1_245' title='bbox 936 3864 1090 3907; x_wconf 90' lang='lat' dir='ltr'><strong>sonat</strong></span> <span class='ocrx_word' id='word_1_246' title='bbox 1127 3869 1261 3907; x_wconf 85' lang='lat' dir='ltr'><strong>unus</strong></span> <span class='ocrx_word' id='word_1_247' title='bbox 1289 3855 1340 3906; x_wconf 91' lang='lat' dir='ltr'><strong>in</strong></span> <span class='ocrx_word' id='word_1_248' title='bbox 1366 3855 1566 3909; x_wconf 78' lang='lat' dir='ltr'><strong>:rthere</strong></span> <span class='ocrx_word' id='word_1_249' title='bbox 1594 3854 1799 3909; x_wconf 86' lang='lat' dir='ltr'><strong>clamor</strong></span> 
     </span>
    </p>
   </div>
   <div class='ocr_carea' id='block_1_41' title="bbox 224 3942 1549 4005">
    <p class='ocr_par' dir='ltr' id='par_1_41' title="bbox 224 3942 1549 4005">
     <span class='ocr_line' id='line_1_41' title="bbox 224 3942 1549 4005; baseline 0 -8"><span class='ocrx_word' id='word_1_250' title='bbox 224 3942 352 3997; x_wconf 79' lang='lat' dir='ltr'><strong>Non</strong></span> <span class='ocrx_word' id='word_1_251' title='bbox 380 3957 493 3997; x_wconf 88' lang='lat' dir='ltr'><strong>uno</strong></span> <span class='ocrx_word' id='word_1_252' title='bbox 522 3957 597 3996; x_wconf 88' lang='lat' dir='ltr'><strong>ex-</strong></span> <span class='ocrx_word' id='word_1_253' title='bbox 618 3942 766 4005; x_wconf 84' lang='lat' dir='ltr'><strong>fletu,</strong></span> <span class='ocrx_word' id='word_1_254' title='bbox 799 3942 1078 3997; x_wconf 84' lang='lat' dir='ltr'><strong>confundit</strong></span> <span class='ocrx_word' id='word_1_255' title='bbox 1106 3957 1239 3997; x_wconf 91' lang='lat' dir='ltr'><strong>voce</strong></span> <span class='ocrx_word' id='word_1_256' title='bbox 1265 3942 1549 3997; x_wconf 88' lang='lat' dir='ltr'><strong>tumultum</strong></span> 
     </span>
    </p>
   </div>
   <div class='ocr_carea' id='block_1_42' title="bbox 221 4033 1687 4097">
    <p class='ocr_par' dir='ltr' id='par_1_42' title="bbox 221 4033 1687 4097">
     <span class='ocr_line' id='line_1_42' title="bbox 221 4033 1687 4097; baseline 0 -8"><span class='ocrx_word' id='word_1_257' title='bbox 221 4033 389 4089; x_wconf 80' lang='lat' dir='ltr'><strong>Nulla</strong></span> <span class='ocrx_word' id='word_1_258' title='bbox 422 4047 621 4088; x_wconf 77' lang='lat' dir='ltr'><strong>vacans</strong></span> <span class='ocrx_word' id='word_1_259' title='bbox 649 4048 678 4088; x_wconf 86' lang='lat' dir='ltr'><strong>a</strong></span> <span class='ocrx_word' id='word_1_260' title='bbox 703 4042 877 4088; x_wconf 87' lang='lat' dir='ltr'><strong>morte</strong></span> <span class='ocrx_word' id='word_1_261' title='bbox 902 4034 1121 4097; x_wconf 88' lang='lat' dir='ltr'><strong>domus;</strong></span> <span class='ocrx_word' id='word_1_262' title='bbox 1151 4042 1260 4088; x_wconf 92' lang='lat' dir='ltr'><strong>tum</strong></span> <span class='ocrx_word' id='word_1_263' title='bbox 1293 4035 1491 4091; x_wconf 88' lang='lat' dir='ltr'><strong>lumine</strong></span> <span class='ocrx_word' id='word_1_264' title='bbox 1518 4035 1687 4090; x_wconf 89' lang='lat' dir='ltr'><strong>multo</strong></span> 
     </span>
    </p>
   </div>
   <div class='ocr_carea' id='block_1_43' title="bbox 220 4124 1447 4193">
    <p class='ocr_par' dir='ltr' id='par_1_43' title="bbox 220 4124 1447 4193">
     <span class='ocr_line' id='line_1_43' title="bbox 220 4124 1447 4193; baseline 0 -14"><span class='ocrx_word' id='word_1_265' title='bbox 220 4125 393 4179; x_wconf 89' lang='lat' dir='ltr'><strong>Omni</strong></span> <span class='ocrx_word' id='word_1_266' title='bbox 424 4132 647 4179; x_wconf 86' lang='lat' dir='ltr'><strong>curatur</strong></span> <span class='ocrx_word' id='word_1_267' title='bbox 677 4124 991 4193; x_wconf 90' lang='lat' dir='ltr'><strong>populorum</strong></span> <span class='ocrx_word' id='word_1_268' title='bbox 1025 4124 1182 4179; x_wconf 89' lang='lat' dir='ltr'><strong>funus</strong></span> <span class='ocrx_word' id='word_1_269' title='bbox 1213 4125 1261 4177; x_wconf 91' lang='lat' dir='ltr'><strong>in</strong></span> <span class='ocrx_word' id='word_1_270' title='bbox 1296 4125 1447 4179; x_wconf 90' lang='lat' dir='ltr'><strong>urbe.</strong></span> 
     </span>
    </p>
   </div>
   <div class='ocr_carea' id='block_1_44' title="bbox 220 4215 1503 4284">
    <p class='ocr_par' dir='ltr' id='par_1_44' title="bbox 220 4215 1503 4284">
     <span class='ocr_line' id='line_1_44' title="bbox 220 4215 1503 4284; baseline 0.001 -13"><span class='ocrx_word' id='word_1_271' title='bbox 220 4215 508 4271; x_wconf 67' lang='lat' dir='ltr'><strong>Iudicium</strong></span> <span class='ocrx_word' id='word_1_272' title='bbox 544 4216 745 4284; x_wconf 90' lang='lat' dir='ltr'><strong>justum</strong></span> <span class='ocrx_word' id='word_1_273' title='bbox 780 4216 924 4284; x_wconf 91' lang='lat' dir='ltr'><strong>cogit</strong></span> <span class='ocrx_word' id='word_1_274' title='bbox 952 4231 1182 4271; x_wconf 70' lang='lat' dir='ltr'><strong>moerere</strong></span> <span class='ocrx_word' id='word_1_275' title='bbox 1212 4225 1503 4272; x_wconf 88' lang='lat' dir='ltr'><strong>merentes.</strong></span> 
     </span>
    </p>
   </div>
   <div class='ocr_carea' id='block_1_45' title="bbox 219 4306 1540 4375">
    <p class='ocr_par' dir='ltr' id='par_1_45' title="bbox 219 4306 1540 4375">
     <span class='ocr_line' id='line_1_45' title="bbox 219 4306 1540 4375; baseline 0.002 -16"><span class='ocrx_word' id='word_1_276' title='bbox 219 4306 289 4360; x_wconf 78' lang='lat' dir='ltr'><strong>Et</strong></span> <span class='ocrx_word' id='word_1_277' title='bbox 312 4306 456 4359; x_wconf 91' lang='lat' dir='ltr'><strong>dum</strong></span> <span class='ocrx_word' id='word_1_278' title='bbox 486 4307 608 4375; x_wconf 90' lang='lat' dir='ltr'><strong>quis</strong></span> <span class='ocrx_word' id='word_1_279' title='bbox 640 4309 853 4375; x_wconf 89' lang='lat' dir='ltr'><strong>proprio</strong></span> <span class='ocrx_word' id='word_1_280' title='bbox 882 4315 1062 4361; x_wconf 83' lang='lat' dir='ltr'><strong>servat</strong></span> <span class='ocrx_word' id='word_1_281' title='bbox 1089 4307 1321 4362; x_wconf 87' lang='lat' dir='ltr'><strong>lamenta</strong></span> <span class='ocrx_word' id='word_1_282' title='bbox 1348 4307 1540 4373; x_wconf 91' lang='lat' dir='ltr'><strong>dolori,</strong></span> 
     </span>
    </p>
   </div>
   <div class='ocr_carea' id='block_1_46' title="bbox 219 4397 1603 4470">
    <p class='ocr_par' dir='ltr' id='par_1_46' title="bbox 219 4397 1603 4470">
     <span class='ocr_line' id='line_1_46' title="bbox 219 4397 1603 4470; baseline -0.001 -18"><span class='ocrx_word' id='word_1_283' title='bbox 219 4397 547 4467; x_wconf 79' lang='lat' dir='ltr'><strong>Exsequias</strong></span> <span class='ocrx_word' id='word_1_284' title='bbox 575 4399 786 4452; x_wconf 75' lang='lat' dir='ltr'><strong>tardant</strong></span> <span class='ocrx_word' id='word_1_285' title='bbox 815 4399 1007 4466; x_wconf 89' lang='lat' dir='ltr'><strong>luctus,</strong></span> <span class='ocrx_word' id='word_1_286' title='bbox 1044 4399 1423 4470; x_wconf 89' lang='lat' dir='ltr'><strong>inhumataque</strong></span> <span class='ocrx_word' id='word_1_287' title='bbox 1453 4402 1603 4457; x_wconf 84' lang='lat' dir='ltr'><strong>turba</strong></span> 
     </span>
    </p>
   </div>
   <div class='ocr_carea' id='block_1_47' title="bbox 219 4489 1366 4558">
    <p class='ocr_par' dir='ltr' id='par_1_47' title="bbox 219 4489 1366 4558">
     <span class='ocr_line' id='line_1_47' title="bbox 219 4489 1366 4558; baseline 0.002 -16"><span class='ocrx_word' id='word_1_288' title='bbox 219 4489 413 4544; x_wconf 85' lang='lat' dir='ltr'><strong>Dilata</strong></span> <span class='ocrx_word' id='word_1_289' title='bbox 442 4489 612 4558; x_wconf 86' lang='lat' dir='ltr'><strong>jacuit</strong></span> <span class='ocrx_word' id='word_1_290' title='bbox 643 4490 902 4558; x_wconf 89' lang='lat' dir='ltr'><strong>tantisper</strong></span> <span class='ocrx_word' id='word_1_291' title='bbox 929 4498 1077 4544; x_wconf 85' lang='lat' dir='ltr'><strong>sorte</strong></span> <span class='ocrx_word' id='word_1_292' title='bbox 1107 4491 1366 4558; x_wconf 85' lang='lat' dir='ltr'><strong>sepulcri;</strong></span> 
     </span>
    </p>
   </div>
   <div class='ocr_carea' id='block_1_48' title="bbox 217 4584 1633 4652">
    <p class='ocr_par' dir='ltr' id='par_1_48' title="bbox 217 4584 1633 4652">
     <span class='ocr_line' id='line_1_48' title="bbox 217 4584 1633 4652; baseline 0.001 -12"><span class='ocrx_word' id='word_1_293' title='bbox 217 4584 287 4641; x_wconf 82' lang='lat' dir='ltr'><strong>Et</strong></span> <span class='ocrx_word' id='word_1_294' title='bbox 317 4585 437 4639; x_wconf 88' lang='lat' dir='ltr'><strong>nisi</strong></span> <span class='ocrx_word' id='word_1_295' title='bbox 472 4584 577 4652; x_wconf 80' lang='lat' dir='ltr'><strong>iam</strong></span> <span class='ocrx_word' id='word_1_296' title='bbox 605 4585 818 4639; x_wconf 88' lang='lat' dir='ltr'><strong>tandem</strong></span> <span class='ocrx_word' id='word_1_297' title='bbox 848 4600 1048 4640; x_wconf 82' lang='lat' dir='ltr'><strong>vacuos</strong></span> <span class='ocrx_word' id='word_1_298' title='bbox 1075 4593 1129 4640; x_wconf 88' lang='lat' dir='ltr'><strong>et</strong></span> <span class='ocrx_word' id='word_1_299' title='bbox 1156 4587 1357 4641; x_wconf 88' lang='lat' dir='ltr'><strong>honore</strong></span> <span class='ocrx_word' id='word_1_300' title='bbox 1387 4597 1633 4642; x_wconf 86' lang='lat' dir='ltr'><strong>carentes</strong></span> 
     </span>
    </p>
   </div>
   <div class='ocr_carea' id='block_1_49' title="bbox 218 4675 1527 4747">
    <p class='ocr_par' dir='ltr' id='par_1_49' title="bbox 218 4675 1527 4747">
     <span class='ocr_line' id='line_1_49' title="bbox 218 4675 1527 4747; baseline -0.002 -15"><span class='ocrx_word' id='word_1_301' title='bbox 218 4678 318 4732; x_wconf 75' lang='lat' dir='ltr'><strong>Vel</strong></span> <span class='ocrx_word' id='word_1_302' title='bbox 356 4676 513 4730; x_wconf 87' lang='lat' dir='ltr'><strong>nuda</strong></span> <span class='ocrx_word' id='word_1_303' title='bbox 544 4677 734 4731; x_wconf 89' lang='lat' dir='ltr'><strong>tellure</strong></span> <span class='ocrx_word' id='word_1_304' title='bbox 765 4676 923 4739; x_wconf 84' lang='lat' dir='ltr'><strong>locet,</strong></span> <span class='ocrx_word' id='word_1_305' title='bbox 955 4675 1038 4731; x_wconf 88' lang='lat' dir='ltr'><strong>vel</strong></span> <span class='ocrx_word' id='word_1_306' title='bbox 1068 4686 1373 4731; x_wconf 90' lang='lat' dir='ltr'><strong>concremet</strong></span> <span class='ocrx_word' id='word_1_307' title='bbox 1404 4678 1527 4747; x_wconf 92' lang='lat' dir='ltr'><strong>igni,</strong></span> 
     </span>
    </p>
   </div>
   <div class='ocr_carea' id='block_1_50' title="bbox 217 4768 1659 4837">
    <p class='ocr_par' dir='ltr' id='par_1_50' title="bbox 217 4768 1659 4837">
     <span class='ocr_line' id='line_1_50' title="bbox 217 4768 1659 4837; baseline -0.001 -14"><span class='ocrx_word' id='word_1_308' title='bbox 217 4768 325 4823; x_wconf 72' lang='lat' dir='ltr'><strong>Vix</strong></span> <span class='ocrx_word' id='word_1_309' title='bbox 360 4768 600 4823; x_wconf 85' lang='lat' dir='ltr'><strong>collecta</strong></span> <span class='ocrx_word' id='word_1_310' title='bbox 632 4781 825 4821; x_wconf 87' lang='lat' dir='ltr'><strong>manus</strong></span> <span class='ocrx_word' id='word_1_311' title='bbox 855 4783 971 4837; x_wconf 66' lang='lat' dir='ltr'><strong>qum</strong></span> <span class='ocrx_word' id='word_1_312' title='bbox 1005 4778 1180 4822; x_wconf 58' lang='lat' dir='ltr'><strong>tax-tos</strong></span> <span class='ocrx_word' id='word_1_313' title='bbox 1210 4769 1481 4825; x_wconf 88' lang='lat' dir='ltr'><strong>clauderet</strong></span> <span class='ocrx_word' id='word_1_314' title='bbox 1510 4786 1659 4825; x_wconf 90' lang='lat' dir='ltr'><strong>urna.</strong></span> 
     </span>
    </p>
   </div>
   <div class='ocr_carea' id='block_1_51' title="bbox 287 4859 1653 4927">
    <p class='ocr_par' dir='ltr' id='par_1_51' title="bbox 287 4859 1653 4927">
     <span class='ocr_line' id='line_1_51' title="bbox 287 4859 1653 4927; baseline 0.002 -15"><span class='ocrx_word' id='word_1_315' title='bbox 287 4860 450 4912; x_wconf 87' lang='lat' dir='ltr'><strong>Tum</strong></span> <span class='ocrx_word' id='word_1_316' title='bbox 485 4873 665 4927; x_wconf 81' lang='lat' dir='ltr'><strong>regem</strong></span> <span class='ocrx_word' id='word_1_317' title='bbox 692 4859 891 4911; x_wconf 88' lang='lat' dir='ltr'><strong>circum</strong></span> <span class='ocrx_word' id='word_1_318' title='bbox 919 4872 1189 4912; x_wconf 81' lang='lat' dir='ltr'><strong>commOto</strong></span> <span class='ocrx_word' id='word_1_319' title='bbox 1220 4875 1488 4913; x_wconf 88' lang='lat' dir='ltr'><strong>murmure</strong></span> <span class='ocrx_word' id='word_1_320' title='bbox 1514 4861 1653 4915; x_wconf 80' lang='lat' dir='ltr'><strong>sist&#39;t</strong></span> 
     </span>
    </p>
   </div>
   <div class='ocr_carea' id='block_1_52' title="bbox 212 4948 1724 5020">
    <p class='ocr_par' dir='ltr' id='par_1_52' title="bbox 212 4948 1724 5020">
     <span class='ocr_line' id='line_1_52' title="bbox 212 4948 1724 5020; baseline 0 -15"><span class='ocrx_word' id='word_1_321' title='bbox 212 4950 426 5005; x_wconf 70' lang='lat' dir='ltr'><strong>Maa~ta</strong></span> <span class='ocrx_word' id='word_1_322' title='bbox 460 4949 682 5015; x_wconf 82' lang='lat' dir='ltr'><strong>cohors,</strong></span> <span class='ocrx_word' id='word_1_323' title='bbox 719 4948 863 5001; x_wconf 88' lang='lat' dir='ltr'><strong>humi</strong></span> <span class='ocrx_word' id='word_1_324' title='bbox 887 4963 918 5003; x_wconf 92' lang='lat' dir='ltr'><strong>e</strong></span> <span class='ocrx_word' id='word_1_325' title='bbox 946 4948 1268 5017; x_wconf 90' lang='lat' dir='ltr'><strong>depromens</strong></span> <span class='ocrx_word' id='word_1_326' title='bbox 1298 4966 1428 5005; x_wconf 89' lang='lat' dir='ltr'><strong>voce</strong></span> <span class='ocrx_word' id='word_1_327' title='bbox 1458 4953 1724 5020; x_wconf 70' lang='lat' dir='ltr'><strong>querelas.</strong></span> 
     </span>
    </p>
   </div>
   <div class='ocr_carea' id='block_1_53' title="bbox 210 5040 1617 5108">
    <p class='ocr_par' dir='ltr' id='par_1_53' title="bbox 210 5040 1617 5108">
     <span class='ocr_line' id='line_1_53' title="bbox 210 5040 1617 5108; baseline -0.001 -12"><span class='ocrx_word' id='word_1_328' title='bbox 210 5041 414 5096; x_wconf 78' lang='lat' dir='ltr'><strong>Heus!</strong></span> <span class='ocrx_word' id='word_1_329' title='bbox 459 5041 684 5093; x_wconf 90' lang='lat' dir='ltr'><strong>nimium</strong></span> <span class='ocrx_word' id='word_1_330' title='bbox 718 5040 915 5093; x_wconf 87' lang='lat' dir='ltr'><strong>nostris</strong></span> <span class='ocrx_word' id='word_1_331' title='bbox 946 5040 1166 5093; x_wconf 87' lang='lat' dir='ltr'><strong>adversa</strong></span> <span class='ocrx_word' id='word_1_332' title='bbox 1196 5041 1427 5108; x_wconf 89' lang='lat' dir='ltr'><strong>potentia</strong></span> <span class='ocrx_word' id='word_1_333' title='bbox 1459 5044 1617 5096; x_wconf 83' lang='lat' dir='ltr'><strong>rebus</strong></span> 
     </span>
    </p>
   </div>
   <div class='ocr_carea' id='block_1_54' title="bbox 208 5131 1441 5200">
    <p class='ocr_par' dir='ltr' id='par_1_54' title="bbox 208 5131 1441 5200">
     <span class='ocr_line' id='line_1_54' title="bbox 208 5131 1441 5200; baseline -0.002 -11"><span class='ocrx_word' id='word_1_334' title='bbox 208 5132 455 5189; x_wconf 61' lang='lat' dir='ltr'><strong>Hebra&#39;i</strong></span> <span class='ocrx_word' id='word_1_335' title='bbox 487 5132 686 5200; x_wconf 89' lang='lat' dir='ltr'><strong>populi,</strong></span> <span class='ocrx_word' id='word_1_336' title='bbox 719 5131 875 5184; x_wconf 91' lang='lat' dir='ltr'><strong>toties</strong></span> <span class='ocrx_word' id='word_1_337' title='bbox 904 5132 987 5185; x_wconf 91' lang='lat' dir='ltr'><strong>cui</strong></span> <span class='ocrx_word' id='word_1_338' title='bbox 1018 5131 1225 5185; x_wconf 87' lang='lat' dir='ltr'><strong>vindice</strong></span> <span class='ocrx_word' id='word_1_339' title='bbox 1255 5133 1441 5186; x_wconf 83' lang='lat' dir='ltr'><strong>dextra</strong></span> 
     </span>
    </p>
   </div>
   <div class='ocr_carea' id='block_1_55' title="bbox 206 5221 1673 5293">
    <p class='ocr_par' dir='ltr' id='par_1_55' title="bbox 206 5221 1673 5293">
     <span class='ocr_line' id='line_1_55' title="bbox 206 5221 1673 5293; baseline 0.001 -15"><span class='ocrx_word' id='word_1_340' title='bbox 206 5223 425 5279; x_wconf 60' lang='lat' dir='ltr'><strong>militat</strong></span> <span class='ocrx_word' id='word_1_341' title='bbox 458 5234 623 5275; x_wconf 89' lang='lat' dir='ltr'><strong>omne</strong></span> <span class='ocrx_word' id='word_1_342' title='bbox 653 5221 872 5285; x_wconf 87' lang='lat' dir='ltr'><strong>malum,</strong></span> <span class='ocrx_word' id='word_1_343' title='bbox 904 5230 1044 5275; x_wconf 91' lang='lat' dir='ltr'><strong>totus</strong></span> <span class='ocrx_word' id='word_1_344' title='bbox 1070 5221 1156 5275; x_wconf 91' lang='lat' dir='ltr'><strong>cui</strong></span> <span class='ocrx_word' id='word_1_345' title='bbox 1183 5223 1413 5293; x_wconf 88' lang='lat' dir='ltr'><strong>denique</strong></span> <span class='ocrx_word' id='word_1_346' title='bbox 1444 5223 1673 5279; x_wconf 89' lang='lat' dir='ltr'><strong>mundus</strong></span> 
     </span>
    </p>
   </div>
   <div class='ocr_carea' id='block_1_56' title="bbox 208 5314 1521 5389">
    <p class='ocr_par' dir='ltr' id='par_1_56' title="bbox 208 5314 1521 5389">
     <span class='ocr_line' id='line_1_56' title="bbox 208 5314 1521 5389; baseline -0.002 -16"><span class='ocrx_word' id='word_1_347' title='bbox 208 5318 476 5389; x_wconf 81' lang='lat' dir='ltr'><strong>Pugnat,</strong></span> <span class='ocrx_word' id='word_1_348' title='bbox 508 5324 562 5369; x_wconf 91' lang='lat' dir='ltr'><strong>et</strong></span> <span class='ocrx_word' id='word_1_349' title='bbox 590 5315 729 5369; x_wconf 89' lang='lat' dir='ltr'><strong>irato</strong></span> <span class='ocrx_word' id='word_1_350' title='bbox 758 5314 1050 5370; x_wconf 90' lang='lat' dir='ltr'><strong>succedunt</strong></span> <span class='ocrx_word' id='word_1_351' title='bbox 1082 5331 1332 5385; x_wconf 90' lang='lat' dir='ltr'><strong>prospera</strong></span> <span class='ocrx_word' id='word_1_352' title='bbox 1365 5317 1521 5372; x_wconf 80' lang='lat' dir='ltr'><strong>ccelo.</strong></span> 
     </span>
    </p>
   </div>
   <div class='ocr_carea' id='block_1_57' title="bbox 206 5406 1568 5480">
    <p class='ocr_par' dir='ltr' id='par_1_57' title="bbox 206 5406 1568 5480">
     <span class='ocr_line' id='line_1_57' title="bbox 206 5406 1568 5480; baseline -0.002 -16"><span class='ocrx_word' id='word_1_353' title='bbox 206 5413 317 5466; x_wconf 70' lang='lat' dir='ltr'><strong>Vix</strong></span> <span class='ocrx_word' id='word_1_354' title='bbox 350 5406 623 5480; x_wconf 65' lang='lat' dir='ltr'><strong>quaedam</strong></span> <span class='ocrx_word' id='word_1_355' title='bbox 652 5416 860 5463; x_wconf 88' lang='lat' dir='ltr'><strong>secreta</strong></span> <span class='ocrx_word' id='word_1_356' title='bbox 890 5407 1006 5474; x_wconf 88' lang='lat' dir='ltr'><strong>Dei,</strong></span> <span class='ocrx_word' id='word_1_357' title='bbox 1031 5408 1307 5477; x_wconf 87' lang='lat' dir='ltr'><strong>majorque</strong></span> <span class='ocrx_word' id='word_1_358' title='bbox 1332 5418 1568 5477; x_wconf 84' lang='lat' dir='ltr'><strong>potestas</strong></span> 
     </span>
    </p>
   </div>
   <div class='ocr_carea' id='block_1_58' title="bbox 203 5498 1725 5571">
    <p class='ocr_par' dir='ltr' id='par_1_58' title="bbox 203 5498 1725 5571">
     <span class='ocr_line' id='line_1_58' title="bbox 203 5498 1725 5571; baseline -0.002 -11"><span class='ocrx_word' id='word_1_359' title='bbox 203 5501 349 5560; x_wconf 77' lang='lat' dir='ltr'><strong>Haec</strong></span> <span class='ocrx_word' id='word_1_360' title='bbox 384 5501 452 5554; x_wconf 89' lang='lat' dir='ltr'><strong>in</strong></span> <span class='ocrx_word' id='word_1_361' title='bbox 488 5505 701 5566; x_wconf 89' lang='lat' dir='ltr'><strong>sceptra</strong></span> <span class='ocrx_word' id='word_1_362' title='bbox 735 5498 882 5565; x_wconf 88' lang='lat' dir='ltr'><strong>furit,</strong></span> <span class='ocrx_word' id='word_1_363' title='bbox 913 5506 1228 5568; x_wconf 80' lang='lat' dir='ltr'><strong>gentemque</strong></span> <span class='ocrx_word' id='word_1_364' title='bbox 1254 5501 1528 5556; x_wconf 89' lang='lat' dir='ltr'><strong>ulciscitur</strong></span> <span class='ocrx_word' id='word_1_365' title='bbox 1558 5501 1725 5571; x_wconf 87' lang='lat' dir='ltr'><strong>ipsam</strong></span> 
     </span>
    </p>
   </div>
   <div class='ocr_carea' id='block_1_59' title="bbox 204 5591 1399 5661">
    <p class='ocr_par' dir='ltr' id='par_1_59' title="bbox 204 5591 1399 5661">
     <span class='ocr_line' id='line_1_59' title="bbox 204 5591 1399 5661; baseline -0.007 -7"><span class='ocrx_word' id='word_1_366' title='bbox 204 5596 392 5654; x_wconf 85' lang='lat' dir='ltr'><strong>Urbis</strong></span> <span class='ocrx_word' id='word_1_367' title='bbox 420 5592 677 5661; x_wconf 84' lang='lat' dir='ltr'><strong>jactura;</strong></span> <span class='ocrx_word' id='word_1_368' title='bbox 712 5591 856 5645; x_wconf 91' lang='lat' dir='ltr'><strong>solos</strong></span> <span class='ocrx_word' id='word_1_369' title='bbox 884 5592 1161 5659; x_wconf 86' lang='lat' dir='ltr'><strong>pereuntia</strong></span> <span class='ocrx_word' id='word_1_370' title='bbox 1191 5591 1399 5646; x_wconf 88' lang='lat' dir='ltr'><strong>salvant</strong></span> 
     </span>
    </p>
   </div>
   <div class='ocr_carea' id='block_1_60' title="bbox 202 5684 1660 5756">
    <p class='ocr_par' dir='ltr' id='par_1_60' title="bbox 202 5684 1660 5756">
     <span class='ocr_line' id='line_1_60' title="bbox 202 5684 1660 5756; baseline -0.005 -8"><span class='ocrx_word' id='word_1_371' title='bbox 202 5691 501 5748; x_wconf 75' lang='lat' dir='ltr'><strong>Victores</strong></span> <span class='ocrx_word' id='word_1_372' title='bbox 532 5684 800 5738; x_wconf 86' lang='lat' dir='ltr'><strong>elementa</strong></span> <span class='ocrx_word' id='word_1_373' title='bbox 829 5699 975 5749; x_wconf 90' lang='lat' dir='ltr'><strong>suos,</strong></span> <span class='ocrx_word' id='word_1_374' title='bbox 1002 5686 1371 5756; x_wconf 83' lang='lat' dir='ltr'><strong>redimuntque</strong></span> <span class='ocrx_word' id='word_1_375' title='bbox 1400 5686 1660 5741; x_wconf 85' lang='lat' dir='ltr'><strong>cadendo.</strong></span> 
     </span>
    </p>
   </div>
   <div class='ocr_carea' id='block_1_61' title="bbox 206 5775 1616 5855">
    <p class='ocr_par' dir='ltr' id='par_1_61' title="bbox 206 5775 1616 5855">
     <span class='ocr_line' id='line_1_61' title="bbox 206 5775 1616 5855; baseline 0 -20"><span class='ocrx_word' id='word_1_376' title='bbox 206 5787 298 5841; x_wconf 82' lang='lat' dir='ltr'><strong>En</strong></span> <span class='ocrx_word' id='word_1_377' title='bbox 327 5784 511 5855; x_wconf 85' lang='lat' dir='ltr'><strong>jacet</strong></span> <span class='ocrx_word' id='word_1_378' title='bbox 540 5775 816 5845; x_wconf 68' lang='lat' dir='ltr'><strong>Aigyptus,</strong></span> <span class='ocrx_word' id='word_1_379' title='bbox 851 5792 948 5830; x_wconf 83' lang='lat' dir='ltr'><strong>nec</strong></span> <span class='ocrx_word' id='word_1_380' title='bbox 973 5777 1082 5848; x_wconf 86' lang='lat' dir='ltr'><strong>jam</strong></span> <span class='ocrx_word' id='word_1_381' title='bbox 1113 5780 1424 5850; x_wconf 85' lang='lat' dir='ltr'><strong>reparabilis</strong></span> <span class='ocrx_word' id='word_1_382' title='bbox 1458 5778 1616 5835; x_wconf 89' lang='lat' dir='ltr'><strong>ultra.</strong></span> 
     </span>
    </p>
   </div>
   <div class='ocr_carea' id='block_1_62' title="bbox 503 5868 989 5931">
    <p class='ocr_par' dir='ltr' id='par_1_62' title="bbox 503 5868 989 5931">
     <span class='ocr_line' id='line_1_62' title="bbox 503 5868 989 5931; baseline -0.004 0"><span class='ocrx_word' id='word_1_383' title='bbox 503 5868 779 5931; x_wconf 54' lang='lat' dir='ltr'><strong>Pauor“</strong></span> <span class='ocrx_word' id='word_1_384' title='bbox 823 5868 989 5931; x_wconf 79' lang='lat' dir='ltr'><strong>LlX.</strong></span> 
     </span>
    </p>
   </div>
   <div class='ocr_carea' id='block_1_63' title="bbox 1839 462 3383 535">
    <p class='ocr_par' dir='ltr' id='par_1_63' title="bbox 1839 462 3383 535">
     <span class='ocr_line' id='line_1_63' title="bbox 1839 462 3383 535; baseline 0.004 -19"><span class='ocrx_word' id='word_1_385' title='bbox 1839 466 1889 523; x_wconf 80' lang='grc' dir='ltr'><strong>Δ</strong></span> <span class='ocrx_word' id='word_1_386' title='bbox 1918 462 2092 531; x_wconf 89' lang='lat' dir='ltr'><strong>Atque</strong></span> <span class='ocrx_word' id='word_1_387' title='bbox 2123 463 2321 517; x_wconf 87' lang='lat' dir='ltr'><strong>utinam</strong></span> <span class='ocrx_word' id='word_1_388' title='bbox 2350 476 2537 531; x_wconf 68' lang='lat' dir='ltr'><strong>ptenas</strong></span> <span class='ocrx_word' id='word_1_389' title='bbox 2570 463 2723 528; x_wconf 86' lang='lat' dir='ltr'><strong>vivis,</strong></span> <span class='ocrx_word' id='word_1_390' title='bbox 2749 464 3108 535; x_wconf 63' lang='lat' dir='ltr'><strong>damnumque</strong></span> <span class='ocrx_word' id='word_1_391' title='bbox 3138 480 3230 535; x_wconf 89' lang='lat' dir='ltr'><strong>per</strong></span> <span class='ocrx_word' id='word_1_392' title='bbox 3256 482 3383 522; x_wconf 87' lang='lat' dir='ltr'><strong>arva</strong></span> 
     </span>
    </p>
   </div>
   <div class='ocr_carea' id='block_1_64' title="bbox 1919 553 3277 622">
    <p class='ocr_par' dir='ltr' id='par_1_64' title="bbox 1919 553 3277 622">
     <span class='ocr_line' id='line_1_64' title="bbox 1919 553 3277 622; baseline 0.002 -15"><span class='ocrx_word' id='word_1_393' title='bbox 1919 553 2105 608; x_wconf 84' lang='lat' dir='ltr'><strong>Ferret</strong></span> <span class='ocrx_word' id='word_1_394' title='bbox 2132 554 2307 609; x_wconf 85' lang='lat' dir='ltr'><strong>adhuc</strong></span> <span class='ocrx_word' id='word_1_395' title='bbox 2332 553 2510 609; x_wconf 78' lang='lat' dir='ltr'><strong>divina</strong></span> <span class='ocrx_word' id='word_1_396' title='bbox 2542 570 2753 622; x_wconf 85' lang='lat' dir='ltr'><strong>manus,</strong></span> <span class='ocrx_word' id='word_1_397' title='bbox 2788 570 2886 610; x_wconf 87' lang='lat' dir='ltr'><strong>nec</strong></span> <span class='ocrx_word' id='word_1_398' title='bbox 2914 556 3100 612; x_wconf 85' lang='lat' dir='ltr'><strong>funere</strong></span> <span class='ocrx_word' id='word_1_399' title='bbox 3130 567 3277 612; x_wconf 86' lang='lat' dir='ltr'><strong>tanto</strong></span> 
     </span>
    </p>
   </div>
   <div class='ocr_carea' id='block_1_65' title="bbox 1916 644 3239 716">
    <p class='ocr_par' dir='ltr' id='par_1_65' title="bbox 1916 644 3239 716">
     <span class='ocr_line' id='line_1_65' title="bbox 1916 644 3239 716; baseline 0.002 -20"><span class='ocrx_word' id='word_1_400' title='bbox 1916 644 2206 713; x_wconf 81' lang='lat' dir='ltr'><strong>Deceptam</strong></span> <span class='ocrx_word' id='word_1_401' title='bbox 2234 644 2408 699; x_wconf 90' lang='lat' dir='ltr'><strong>subita</strong></span> <span class='ocrx_word' id='word_1_402' title='bbox 2439 655 2718 700; x_wconf 77' lang='lat' dir='ltr'><strong>vaCuassct</strong></span> <span class='ocrx_word' id='word_1_403' title='bbox 2747 646 2895 701; x_wconf 65' lang='lat' dir='ltr'><strong>caede</strong></span> <span class='ocrx_word' id='word_1_404' title='bbox 2918 647 3193 716; x_wconf 78' lang='lat' dir='ltr'><strong>CanOpum</strong></span> <span class='ocrx_word' id='word_1_405' title='bbox 3229 651 3239 699; x_wconf 80' lang='lat' dir='ltr'><strong>t</strong></span> 
     </span>
    </p>
   </div>
   <div class='ocr_carea' id='block_1_66' title="bbox 1915 735 3279 809">
    <p class='ocr_par' dir='ltr' id='par_1_66' title="bbox 1915 735 3279 809">
     <span class='ocr_line' id='line_1_66' title="bbox 1915 735 3279 809; baseline 0.006 -21"><span class='ocrx_word' id='word_1_406' title='bbox 1915 735 2155 790; x_wconf 86' lang='lat' dir='ltr'><strong>Tandem</strong></span> <span class='ocrx_word' id='word_1_407' title='bbox 2186 753 2345 806; x_wconf 86' lang='lat' dir='ltr'><strong>parce</strong></span> <span class='ocrx_word' id='word_1_408' title='bbox 2371 737 2510 803; x_wconf 86' lang='lat' dir='ltr'><strong>solo,</strong></span> <span class='ocrx_word' id='word_1_409' title='bbox 2536 753 2829 809; x_wconf 89' lang='lat' dir='ltr'><strong>causasque</strong></span> <span class='ocrx_word' id='word_1_410' title='bbox 2855 740 3066 809; x_wconf 78' lang='lat' dir='ltr'><strong>expelle</strong></span> <span class='ocrx_word' id='word_1_411' title='bbox 3092 740 3279 807; x_wconf 79' lang='lat' dir='ltr'><strong>ruinae,</strong></span> 
     </span>
    </p>
   </div>
   <div class='ocr_carea' id='block_1_67' title="bbox 1852 824 3426 902">
    <p class='ocr_par' dir='ltr' id='par_1_67' title="bbox 1852 824 3426 902">
     <span class='ocr_line' id='line_1_67' title="bbox 1852 824 3426 902; baseline 0.006 -21"><span class='ocrx_word' id='word_1_412' title='bbox 1852 824 1859 833; x_wconf 85' lang='grc'><em>’</em></span> <span class='ocrx_word' id='word_1_413' title='bbox 1915 828 2051 883; x_wconf 89' lang='lat' dir='ltr'><strong>Dum</strong></span> <span class='ocrx_word' id='word_1_414' title='bbox 2087 829 2259 885; x_wconf 88' lang='lat' dir='ltr'><strong>levior</strong></span> <span class='ocrx_word' id='word_1_415' title='bbox 2294 841 2531 901; x_wconf 86' lang='lat' dir='ltr'><strong>strages;</strong></span> <span class='ocrx_word' id='word_1_416' title='bbox 2572 833 2697 886; x_wconf 93' lang='lat' dir='ltr'><strong>dum</strong></span> <span class='ocrx_word' id='word_1_417' title='bbox 2728 834 3007 902; x_wconf 88' lang='lat' dir='ltr'><strong>quisquam</strong></span> <span class='ocrx_word' id='word_1_418' title='bbox 3046 834 3163 889; x_wconf 91' lang='lat' dir='ltr'><strong>luce</strong></span> <span class='ocrx_word' id='word_1_419' title='bbox 3193 844 3426 901; x_wconf 86' lang='lat' dir='ltr'><strong>tenetur,</strong></span> 
     </span>
    </p>
   </div>
   <div class='ocr_carea' id='block_1_68' title="bbox 1917 918 3425 995">
    <p class='ocr_par' dir='ltr' id='par_1_68' title="bbox 1917 918 3425 995">
     <span class='ocr_line' id='line_1_68' title="bbox 1917 918 3425 995; baseline 0.006 -23"><span class='ocrx_word' id='word_1_420' title='bbox 1917 918 2051 973; x_wconf 89' lang='lat' dir='ltr'><strong>Dum</strong></span> <span class='ocrx_word' id='word_1_421' title='bbox 2083 934 2328 991; x_wconf 88' lang='lat' dir='ltr'><strong>superest</strong></span> <span class='ocrx_word' id='word_1_422' title='bbox 2353 924 2442 991; x_wconf 91' lang='lat' dir='ltr'><strong>qui</strong></span> <span class='ocrx_word' id='word_1_423' title='bbox 2474 933 2617 993; x_wconf 88' lang='lat' dir='ltr'><strong>terga</strong></span> <span class='ocrx_word' id='word_1_424' title='bbox 2649 934 2878 993; x_wconf 83' lang='lat' dir='ltr'><strong>premat,</strong></span> <span class='ocrx_word' id='word_1_425' title='bbox 2906 927 2996 995; x_wconf 91' lang='lat' dir='ltr'><strong>qui</strong></span> <span class='ocrx_word' id='word_1_426' title='bbox 3026 927 3194 983; x_wconf 91' lang='lat' dir='ltr'><strong>limite</strong></span> <span class='ocrx_word' id='word_1_427' title='bbox 3227 930 3425 993; x_wconf 82' lang='lat' dir='ltr'><strong>trudat,</strong></span> 
     </span>
    </p>
   </div>
   <div class='ocr_carea' id='block_1_69' title="bbox 1917 1011 3258 1086">
    <p class='ocr_par' dir='ltr' id='par_1_69' title="bbox 1917 1011 3258 1086">
     <span class='ocr_line' id='line_1_69' title="bbox 1917 1011 3258 1086; baseline 0.004 -21"><span class='ocrx_word' id='word_1_428' title='bbox 1917 1011 1986 1065; x_wconf 88' lang='lat' dir='ltr'><strong>Et</strong></span> <span class='ocrx_word' id='word_1_429' title='bbox 2011 1027 2079 1066; x_wconf 91' lang='lat' dir='ltr'><strong>ne</strong></span> <span class='ocrx_word' id='word_1_430' title='bbox 2102 1027 2283 1081; x_wconf 88' lang='lat' dir='ltr'><strong>quem,</strong></span> <span class='ocrx_word' id='word_1_431' title='bbox 2314 1013 2358 1067; x_wconf 93' lang='lat' dir='ltr'><strong>si</strong></span> <span class='ocrx_word' id='word_1_432' title='bbox 2387 1013 2525 1068; x_wconf 88' lang='lat' dir='ltr'><strong>forte</strong></span> <span class='ocrx_word' id='word_1_433' title='bbox 2560 1015 2725 1069; x_wconf 89' lang='lat' dir='ltr'><strong>velint</strong></span> <span class='ocrx_word' id='word_1_434' title='bbox 2750 1030 2816 1070; x_wconf 85' lang='lat' dir='ltr'><strong>ex</strong></span> <span class='ocrx_word' id='word_1_435' title='bbox 2847 1017 3010 1072; x_wconf 88' lang='lat' dir='ltr'><strong>corde</strong></span> <span class='ocrx_word' id='word_1_436' title='bbox 3035 1020 3258 1086; x_wconf 89' lang='lat' dir='ltr'><strong>morari,</strong></span> 
     </span>
    </p>
   </div>
   <div class='ocr_carea' id='block_1_70' title="bbox 1916 1101 3203 1176">
    <p class='ocr_par' dir='ltr' id='par_1_70' title="bbox 1916 1101 3203 1176">
     <span class='ocr_line' id='line_1_70' title="bbox 1916 1101 3203 1176; baseline 0.005 -19"><span class='ocrx_word' id='word_1_437' title='bbox 1916 1101 2031 1157; x_wconf 85' lang='lat' dir='ltr'><strong>Non</strong></span> <span class='ocrx_word' id='word_1_438' title='bbox 2061 1104 2203 1157; x_wconf 89' lang='lat' dir='ltr'><strong>sinat</strong></span> <span class='ocrx_word' id='word_1_439' title='bbox 2230 1103 2405 1173; x_wconf 86' lang='lat' dir='ltr'><strong>ejecto</strong></span> <span class='ocrx_word' id='word_1_440' title='bbox 2436 1105 2712 1174; x_wconf 88' lang='lat' dir='ltr'><strong>depellens</strong></span> <span class='ocrx_word' id='word_1_441' title='bbox 2743 1106 2951 1176; x_wconf 73' lang='lat' dir='ltr'><strong>hospite</strong></span> <span class='ocrx_word' id='word_1_442' title='bbox 2974 1110 3203 1174; x_wconf 88' lang='lat' dir='ltr'><strong>cladem,</strong></span> 
     </span>
    </p>
   </div>
   <div class='ocr_carea' id='block_1_71' title="bbox 1918 1195 3155 1266">
    <p class='ocr_par' dir='ltr' id='par_1_71' title="bbox 1918 1195 3155 1266">
     <span class='ocr_line' id='line_1_71' title="bbox 1918 1195 3155 1266; baseline 0.006 -17"><span class='ocrx_word' id='word_1_443' title='bbox 1918 1195 2233 1250; x_wconf 85' lang='lat' dir='ltr'><strong>Permoveat</strong></span> <span class='ocrx_word' id='word_1_444' title='bbox 2264 1206 2444 1251; x_wconf 86' lang='lat' dir='ltr'><strong>noster</strong></span> <span class='ocrx_word' id='word_1_445' title='bbox 2475 1206 2719 1252; x_wconf 90' lang='lat' dir='ltr'><strong>natorum</strong></span> <span class='ocrx_word' id='word_1_446' title='bbox 2751 1200 2937 1255; x_wconf 86' lang='lat' dir='ltr'><strong>funere</strong></span> <span class='ocrx_word' id='word_1_447' title='bbox 2963 1200 3155 1266; x_wconf 88' lang='lat' dir='ltr'><strong>luctus,</strong></span> 
     </span>
    </p>
   </div>
   <div class='ocr_carea' id='block_1_72' title="bbox 1917 1286 3328 1364">
    <p class='ocr_par' dir='ltr' id='par_1_72' title="bbox 1917 1286 3328 1364">
     <span class='ocr_line' id='line_1_72' title="bbox 1917 1286 3328 1364; baseline 0.007 -23"><span class='ocrx_word' id='word_1_448' title='bbox 1917 1286 2233 1343; x_wconf 70' lang='lat' dir='ltr'><strong>Pertnoveut</strong></span> <span class='ocrx_word' id='word_1_449' title='bbox 2264 1297 2314 1342; x_wconf 90' lang='lat' dir='ltr'><strong>te</strong></span> <span class='ocrx_word' id='word_1_450' title='bbox 2346 1287 2482 1344; x_wconf 88' lang='lat' dir='ltr'><strong>forte</strong></span> <span class='ocrx_word' id='word_1_451' title='bbox 2513 1298 2663 1356; x_wconf 90' lang='lat' dir='ltr'><strong>tuus;</strong></span> <span class='ocrx_word' id='word_1_452' title='bbox 2711 1292 2794 1347; x_wconf 87' lang='lat' dir='ltr'><strong>vel</strong></span> <span class='ocrx_word' id='word_1_453' title='bbox 2826 1309 2986 1359; x_wconf 88' lang='lat' dir='ltr'><strong>pauca</strong></span> <span class='ocrx_word' id='word_1_454' title='bbox 3018 1306 3328 1364; x_wconf 87' lang='lat' dir='ltr'><strong>superstent</strong></span> 
     </span>
    </p>
   </div>
   <div class='ocr_carea' id='block_1_73' title="bbox 1917 1379 3249 1452">
    <p class='ocr_par' dir='ltr' id='par_1_73' title="bbox 1917 1379 3249 1452">
     <span class='ocr_line' id='line_1_73' title="bbox 1917 1379 3249 1452; baseline 0.005 -17"><span class='ocrx_word' id='word_1_455' title='bbox 1917 1379 2167 1448; x_wconf 81' lang='lat' dir='ltr'><strong>Pignora,</strong></span> <span class='ocrx_word' id='word_1_456' title='bbox 2195 1396 2314 1450; x_wconf 69' lang='lat' dir='ltr'><strong>qum</strong></span> <span class='ocrx_word' id='word_1_457' title='bbox 2344 1390 2518 1436; x_wconf 87' lang='lat' dir='ltr'><strong>tantos</strong></span> <span class='ocrx_word' id='word_1_458' title='bbox 2547 1390 2756 1452; x_wconf 80' lang='lat' dir='ltr'><strong>tergunt</strong></span> <span class='ocrx_word' id='word_1_459' title='bbox 2784 1395 2992 1438; x_wconf 84' lang='lat' dir='ltr'><strong>servata</strong></span> <span class='ocrx_word' id='word_1_460' title='bbox 3015 1385 3249 1451; x_wconf 89' lang='lat' dir='ltr'><strong>dolores,</strong></span> 
     </span>
    </p>
   </div>
   <div class='ocr_carea' id='block_1_74' title="bbox 1918 1467 3138 1543">
    <p class='ocr_par' dir='ltr' id='par_1_74' title="bbox 1918 1467 3138 1543">
     <span class='ocr_line' id='line_1_74' title="bbox 1918 1467 3138 1543; baseline 0.006 -20"><span class='ocrx_word' id='word_1_461' title='bbox 1918 1467 1985 1523; x_wconf 84' lang='lat' dir='ltr'><strong>Et</strong></span> <span class='ocrx_word' id='word_1_462' title='bbox 2012 1469 2340 1525; x_wconf 61' lang='lat' dir='ltr'><strong>detruncata:</strong></span> <span class='ocrx_word' id='word_1_463' title='bbox 2365 1481 2616 1539; x_wconf 88' lang='lat' dir='ltr'><strong>reparent</strong></span> <span class='ocrx_word' id='word_1_464' title='bbox 2640 1472 2916 1541; x_wconf 89' lang='lat' dir='ltr'><strong>dispendia</strong></span> <span class='ocrx_word' id='word_1_465' title='bbox 2947 1475 3138 1543; x_wconf 86' lang='lat' dir='ltr'><strong>gentis.</strong></span> 
     </span>
    </p>
   </div>
   <div class='ocr_carea' id='block_1_75' title="bbox 1920 1558 3391 1636">
    <p class='ocr_par' dir='ltr' id='par_1_75' title="bbox 1920 1558 3391 1636">
     <span class='ocr_line' id='line_1_75' title="bbox 1920 1558 3391 1636; baseline 0.006 -24"><span class='ocrx_word' id='word_1_466' title='bbox 1920 1558 2013 1614; x_wconf 85' lang='lat' dir='ltr'><strong>His</strong></span> <span class='ocrx_word' id='word_1_467' title='bbox 2040 1559 2196 1615; x_wconf 92' lang='lat' dir='ltr'><strong>dictis</strong></span> <span class='ocrx_word' id='word_1_468' title='bbox 2226 1561 2491 1632; x_wconf 86' lang='lat' dir='ltr'><strong>lacrymas</strong></span> <span class='ocrx_word' id='word_1_469' title='bbox 2520 1563 2749 1631; x_wconf 73' lang='lat' dir='ltr'><strong>pepulus</strong></span> <span class='ocrx_word' id='word_1_470' title='bbox 2773 1563 2953 1629; x_wconf 88' lang='lat' dir='ltr'><strong>dedit;</strong></span> <span class='ocrx_word' id='word_1_471' title='bbox 2987 1566 3103 1635; x_wconf 92' lang='lat' dir='ltr'><strong>ipse</strong></span> <span class='ocrx_word' id='word_1_472' title='bbox 3132 1567 3391 1636; x_wconf 87' lang='lat' dir='ltr'><strong>superbus</strong></span> 
     </span>
    </p>
   </div>
   <div class='ocr_carea' id='block_1_76' title="bbox 1920 1649 3393 1727">
    <p class='ocr_par' dir='ltr' id='par_1_76' title="bbox 1920 1649 3393 1727">
     <span class='ocr_line' id='line_1_76' title="bbox 1920 1649 3393 1727; baseline 0.007 -24"><span class='ocrx_word' id='word_1_473' title='bbox 1920 1649 2203 1719; x_wconf 79' lang='lat' dir='ltr'><strong>Frangitur</strong></span> <span class='ocrx_word' id='word_1_474' title='bbox 2230 1652 2297 1705; x_wconf 89' lang='lat' dir='ltr'><strong>ad</strong></span> <span class='ocrx_word' id='word_1_475' title='bbox 2324 1654 2505 1707; x_wconf 86' lang='lat' dir='ltr'><strong>fletum</strong></span> <span class='ocrx_word' id='word_1_476' title='bbox 2537 1655 2808 1725; x_wconf 90' lang='lat' dir='ltr'><strong>princeps,</strong></span> <span class='ocrx_word' id='word_1_477' title='bbox 2843 1655 3147 1727; x_wconf 81' lang='lat' dir='ltr'><strong>victumque</strong></span> <span class='ocrx_word' id='word_1_478' title='bbox 3176 1658 3393 1714; x_wconf 77' lang='lat' dir='ltr'><strong>fatetur.</strong></span> 
     </span>
    </p>
   </div>
   <div class='ocr_carea' id='block_1_77' title="bbox 1993 1741 3316 1815">
    <p class='ocr_par' dir='ltr' id='par_1_77' title="bbox 1993 1741 3316 1815">
     <span class='ocr_line' id='line_1_77' title="bbox 1993 1741 3316 1815; baseline 0.005 -21"><span class='ocrx_word' id='word_1_479' title='bbox 1993 1741 2119 1795; x_wconf 61' lang='lat' dir='ltr'><strong>lla&#39;c</strong></span> <span class='ocrx_word' id='word_1_480' title='bbox 2144 1742 2453 1809; x_wconf 89' lang='lat' dir='ltr'><strong>perturbata</strong></span> <span class='ocrx_word' id='word_1_481' title='bbox 2483 1745 2580 1799; x_wconf 90' lang='lat' dir='ltr'><strong>sed</strong></span> <span class='ocrx_word' id='word_1_482' title='bbox 2610 1744 2735 1799; x_wconf 89' lang='lat' dir='ltr'><strong>dum</strong></span> <span class='ocrx_word' id='word_1_483' title='bbox 2771 1752 3061 1801; x_wconf 82' lang='lat' dir='ltr'><strong>tractantur</strong></span> <span class='ocrx_word' id='word_1_484' title='bbox 3093 1747 3145 1801; x_wconf 90' lang='lat' dir='ltr'><strong>in</strong></span> <span class='ocrx_word' id='word_1_485' title='bbox 3176 1748 3316 1815; x_wconf 90' lang='lat' dir='ltr'><strong>aula,</strong></span> 
     </span>
    </p>
   </div>
   <div class='ocr_carea' id='block_1_78' title="bbox 1848 1825 3193 1909">
    <p class='ocr_par' dir='ltr' id='par_1_78' title="bbox 1848 1825 3193 1909">
     <span class='ocr_line' id='line_1_78' title="bbox 1848 1825 3193 1909; baseline 0.008 -25"><span class='ocrx_word' id='word_1_486' title='bbox 1848 1825 1891 1883; x_wconf 78' lang='grc' dir='ltr'><strong>Β</strong></span> <span class='ocrx_word' id='word_1_487' title='bbox 1919 1831 2129 1886; x_wconf 60' lang='lat' dir='ltr'><strong>Hebraei</strong></span> <span class='ocrx_word' id='word_1_488' title='bbox 2160 1843 2338 1887; x_wconf 89' lang='lat' dir='ltr'><strong>vatum</strong></span> <span class='ocrx_word' id='word_1_489' title='bbox 2367 1834 2563 1898; x_wconf 88' lang='lat' dir='ltr'><strong>studio.</strong></span> <span class='ocrx_word' id='word_1_490' title='bbox 2598 1838 2918 1908; x_wconf 87' lang='lat' dir='ltr'><strong>monitisque</strong></span> <span class='ocrx_word' id='word_1_491' title='bbox 2946 1844 3193 1909; x_wconf 89' lang='lat' dir='ltr'><strong>supernis</strong></span> 
     </span>
    </p>
   </div>
   <div class='ocr_carea' id='block_1_79' title="bbox 1918 1922 3471 2002">
    <p class='ocr_par' dir='ltr' id='par_1_79' title="bbox 1918 1922 3471 2002">
     <span class='ocr_line' id='line_1_79' title="bbox 1918 1922 3471 2002; baseline 0.009 -28"><span class='ocrx_word' id='word_1_492' title='bbox 1918 1922 2128 1991; x_wconf 80' lang='lat' dir='ltr'><strong>Optima</strong></span> <span class='ocrx_word' id='word_1_493' title='bbox 2162 1938 2387 1993; x_wconf 69' lang='lat' dir='ltr'><strong>quinque</strong></span> <span class='ocrx_word' id='word_1_494' title='bbox 2416 1926 2585 1980; x_wconf 87' lang='lat' dir='ltr'><strong>sacris</strong></span> <span class='ocrx_word' id='word_1_495' title='bbox 2615 1926 2835 1996; x_wconf 82' lang='lat' dir='ltr'><strong>fingunt,</strong></span> <span class='ocrx_word' id='word_1_496' title='bbox 2865 1929 3142 1999; x_wconf 89' lang='lat' dir='ltr'><strong>epulisque</strong></span> <span class='ocrx_word' id='word_1_497' title='bbox 3170 1934 3471 2002; x_wconf 88' lang='lat' dir='ltr'><strong>requirunt,</strong></span> 
     </span>
    </p>
   </div>
   <div class='ocr_carea' id='block_1_80' title="bbox 1920 2013 3334 2090">
    <p class='ocr_par' dir='ltr' id='par_1_80' title="bbox 1920 2013 3334 2090">
     <span class='ocr_line' id='line_1_80' title="bbox 1920 2013 3334 2090; baseline 0.008 -24"><span class='ocrx_word' id='word_1_498' title='bbox 1920 2013 2165 2083; x_wconf 87' lang='lat' dir='ltr'><strong>Vasaque</strong></span> <span class='ocrx_word' id='word_1_499' title='bbox 2194 2015 2461 2071; x_wconf 89' lang='lat' dir='ltr'><strong>solemnes</strong></span> <span class='ocrx_word' id='word_1_500' title='bbox 2485 2033 2603 2086; x_wconf 69' lang='lat' dir='ltr'><strong>qua:</strong></span> <span class='ocrx_word' id='word_1_501' title='bbox 2635 2029 2859 2087; x_wconf 84' lang='lat' dir='ltr'><strong>poscunt</strong></span> <span class='ocrx_word' id='word_1_502' title='bbox 2887 2021 3113 2090; x_wconf 86' lang='lat' dir='ltr'><strong>plurima</strong></span> <span class='ocrx_word' id='word_1_503' title='bbox 3140 2026 3334 2079; x_wconf 92' lang='lat' dir='ltr'><strong>cultus.</strong></span> 
     </span>
    </p>
   </div>
   <div class='ocr_carea' id='block_1_81' title="bbox 1919 2104 3353 2185">
    <p class='ocr_par' dir='ltr' id='par_1_81' title="bbox 1919 2104 3353 2185">
     <span class='ocr_line' id='line_1_81' title="bbox 1919 2104 3353 2185; baseline 0.009 -27"><span class='ocrx_word' id='word_1_504' title='bbox 1919 2104 2241 2161; x_wconf 88' lang='lat' dir='ltr'><strong>Ornamenta</strong></span> <span class='ocrx_word' id='word_1_505' title='bbox 2272 2109 2455 2173; x_wconf 89' lang='lat' dir='ltr'><strong>etiam,</strong></span> <span class='ocrx_word' id='word_1_506' title='bbox 2489 2119 2793 2181; x_wconf 71' lang='lat' dir='ltr'><strong>vestesque,</strong></span> <span class='ocrx_word' id='word_1_507' title='bbox 2825 2114 3061 2180; x_wconf 90' lang='lat' dir='ltr'><strong>monilia,</strong></span> <span class='ocrx_word' id='word_1_508' title='bbox 3093 2130 3353 2185; x_wconf 87' lang='lat' dir='ltr'><strong>gemmas,</strong></span> 
     </span>
    </p>
   </div>
   <div class='ocr_carea' id='block_1_82' title="bbox 1923 2195 3463 2278">
    <p class='ocr_par' dir='ltr' id='par_1_82' title="bbox 1923 2195 3463 2278">
     <span class='ocr_line' id='line_1_82' title="bbox 1923 2195 3463 2278; baseline 0.006 -28"><span class='ocrx_word' id='word_1_509' title='bbox 1923 2195 1991 2250; x_wconf 90' lang='lat' dir='ltr'><strong>Ut</strong></span> <span class='ocrx_word' id='word_1_510' title='bbox 2018 2197 2287 2251; x_wconf 89' lang='lat' dir='ltr'><strong>reddenda</strong></span> <span class='ocrx_word' id='word_1_511' title='bbox 2319 2208 2543 2267; x_wconf 88' lang='lat' dir='ltr'><strong>petunt:</strong></span> <span class='ocrx_word' id='word_1_512' title='bbox 2577 2217 2677 2257; x_wconf 90' lang='lat' dir='ltr'><strong>nec</strong></span> <span class='ocrx_word' id='word_1_513' title='bbox 2703 2203 2884 2258; x_wconf 86' lang='lat' dir='ltr'><strong>tardus</strong></span> <span class='ocrx_word' id='word_1_514' title='bbox 2910 2207 3216 2263; x_wconf 89' lang='lat' dir='ltr'><strong>commodat</strong></span> <span class='ocrx_word' id='word_1_515' title='bbox 3244 2208 3463 2278; x_wconf 76' lang='lat' dir='ltr'><strong>hospes,</strong></span> 
     </span>
    </p>
   </div>
   <div class='ocr_carea' id='block_1_83' title="bbox 1922 2288 3391 2369">
    <p class='ocr_par' dir='ltr' id='par_1_83' title="bbox 1922 2288 3391 2369">
     <span class='ocr_line' id='line_1_83' title="bbox 1922 2288 3391 2369; baseline 0.007 -28"><span class='ocrx_word' id='word_1_516' title='bbox 1922 2288 2065 2342; x_wconf 89' lang='lat' dir='ltr'><strong>Ditat</strong></span> <span class='ocrx_word' id='word_1_517' title='bbox 2090 2298 2143 2343; x_wconf 91' lang='lat' dir='ltr'><strong>et</strong></span> <span class='ocrx_word' id='word_1_518' title='bbox 2171 2290 2424 2357; x_wconf 88' lang='lat' dir='ltr'><strong>ignorans</strong></span> <span class='ocrx_word' id='word_1_519' title='bbox 2450 2292 2711 2362; x_wconf 87' lang='lat' dir='ltr'><strong>trepidam</strong></span> <span class='ocrx_word' id='word_1_520' title='bbox 2736 2310 2922 2349; x_wconf 88' lang='lat' dir='ltr'><strong>manus</strong></span> <span class='ocrx_word' id='word_1_521' title='bbox 2944 2298 3133 2352; x_wconf 66' lang='lat' dir='ltr'><strong>aemula</strong></span> <span class='ocrx_word' id='word_1_522' title='bbox 3162 2300 3391 2369; x_wconf 89' lang='lat' dir='ltr'><strong>plebem.</strong></span> 
     </span>
    </p>
   </div>
   <div class='ocr_carea' id='block_1_84' title="bbox 1922 2380 3249 2460">
    <p class='ocr_par' dir='ltr' id='par_1_84' title="bbox 1922 2380 3249 2460">
     <span class='ocr_line' id='line_1_84' title="bbox 1922 2380 3249 2460; baseline 0.01 -26"><span class='ocrx_word' id='word_1_523' title='bbox 1922 2380 2054 2446; x_wconf 63' lang='lat' dir='ltr'><strong>Quae</strong></span> <span class='ocrx_word' id='word_1_524' title='bbox 2073 2381 2185 2451; x_wconf 87' lang='lat' dir='ltr'><strong>jam</strong></span> <span class='ocrx_word' id='word_1_525' title='bbox 2216 2382 2373 2453; x_wconf 88' lang='lat' dir='ltr'><strong>digna</strong></span> <span class='ocrx_word' id='word_1_526' title='bbox 2404 2384 2507 2440; x_wconf 90' lang='lat' dir='ltr'><strong>tuis</strong></span> <span class='ocrx_word' id='word_1_527' title='bbox 2539 2386 2839 2454; x_wconf 87' lang='lat' dir='ltr'><strong>pandantur</strong></span> <span class='ocrx_word' id='word_1_528' title='bbox 2866 2388 3114 2445; x_wconf 88' lang='lat' dir='ltr'><strong>laudibus</strong></span> <span class='ocrx_word' id='word_1_529' title='bbox 3133 2407 3249 2460; x_wconf 87' lang='lat' dir='ltr'><strong>ora,</strong></span> 
     </span>
    </p>
   </div>
   <div class='ocr_carea' id='block_1_85' title="bbox 1922 2472 3294 2547">
    <p class='ocr_par' dir='ltr' id='par_1_85' title="bbox 1922 2472 3294 2547">
     <span class='ocr_line' id='line_1_85' title="bbox 1922 2472 3294 2547; baseline 0.007 -17"><span class='ocrx_word' id='word_1_530' title='bbox 1922 2472 2147 2530; x_wconf 89' lang='lat' dir='ltr'><strong>Summe</strong></span> <span class='ocrx_word' id='word_1_531' title='bbox 2173 2486 2345 2543; x_wconf 90' lang='lat' dir='ltr'><strong>pater,</strong></span> <span class='ocrx_word' id='word_1_532' title='bbox 2375 2479 2463 2547; x_wconf 91' lang='lat' dir='ltr'><strong>qui</strong></span> <span class='ocrx_word' id='word_1_533' title='bbox 2497 2486 2603 2533; x_wconf 91' lang='lat' dir='ltr'><strong>tam</strong></span> <span class='ocrx_word' id='word_1_534' title='bbox 2635 2495 2779 2535; x_wconf 73' lang='lat' dir='ltr'><strong>smvo</strong></span> <span class='ocrx_word' id='word_1_535' title='bbox 2807 2483 2883 2536; x_wconf 92' lang='lat' dir='ltr'><strong>sic</strong></span> <span class='ocrx_word' id='word_1_536' title='bbox 2911 2484 3078 2538; x_wconf 91' lang='lat' dir='ltr'><strong>uteris</strong></span> <span class='ocrx_word' id='word_1_537' title='bbox 3106 2484 3294 2542; x_wconf 72' lang='lat' dir='ltr'><strong>hoste?</strong></span> 
     </span>
    </p>
   </div>
   <div class='ocr_carea' id='block_1_86' title="bbox 1924 2568 3165 2645">
    <p class='ocr_par' dir='ltr' id='par_1_86' title="bbox 1924 2568 3165 2645">
     <span class='ocr_line' id='line_1_86' title="bbox 1924 2568 3165 2645; baseline 0.009 -24"><span class='ocrx_word' id='word_1_538' title='bbox 1924 2568 2127 2623; x_wconf 85' lang='lat' dir='ltr'><strong>Annuit</strong></span> <span class='ocrx_word' id='word_1_539' title='bbox 2150 2568 2425 2637; x_wconf 88' lang='lat' dir='ltr'><strong>adversus,</strong></span> <span class='ocrx_word' id='word_1_540' title='bbox 2457 2570 2678 2642; x_wconf 88' lang='lat' dir='ltr'><strong>largitur</strong></span> <span class='ocrx_word' id='word_1_541' title='bbox 2708 2587 2928 2629; x_wconf 84' lang='lat' dir='ltr'><strong>munera</strong></span> <span class='ocrx_word' id='word_1_542' title='bbox 2958 2576 3165 2645; x_wconf 90' lang='lat' dir='ltr'><strong>nolens,</strong></span> 
     </span>
    </p>
   </div>
   <div class='ocr_carea' id='block_1_87' title="bbox 1924 2658 3361 2729">
    <p class='ocr_par' dir='ltr' id='par_1_87' title="bbox 1924 2658 3361 2729">
     <span class='ocr_line' id='line_1_87' title="bbox 1924 2658 3361 2729; baseline 0.006 -16"><span class='ocrx_word' id='word_1_543' title='bbox 1924 2658 2053 2725; x_wconf 83' lang='lat' dir='ltr'><strong>Quae</strong></span> <span class='ocrx_word' id='word_1_544' title='bbox 2080 2674 2263 2715; x_wconf 84' lang='lat' dir='ltr'><strong>secum</strong></span> <span class='ocrx_word' id='word_1_545' title='bbox 2294 2662 2513 2716; x_wconf 90' lang='lat' dir='ltr'><strong>dimissa</strong></span> <span class='ocrx_word' id='word_1_546' title='bbox 2547 2664 2748 2729; x_wconf 82' lang='lat' dir='ltr'><strong>ferant;</strong></span> <span class='ocrx_word' id='word_1_547' title='bbox 2791 2679 2889 2720; x_wconf 89' lang='lat' dir='ltr'><strong>nec</strong></span> <span class='ocrx_word' id='word_1_548' title='bbox 2918 2668 3133 2724; x_wconf 86' lang='lat' dir='ltr'><strong>solvere</strong></span> <span class='ocrx_word' id='word_1_549' title='bbox 3160 2678 3361 2724; x_wconf 88' lang='lat' dir='ltr'><strong>tantum</strong></span> 
     </span>
    </p>
   </div>
   <div class='ocr_carea' id='block_1_88' title="bbox 1926 2750 3198 2824">
    <p class='ocr_par' dir='ltr' id='par_1_88' title="bbox 1926 2750 3198 2824">
     <span class='ocr_line' id='line_1_88' title="bbox 1926 2750 3198 2824; baseline 0.006 -18"><span class='ocrx_word' id='word_1_550' title='bbox 1926 2750 2138 2807; x_wconf 81' lang='lat' dir='ltr'><strong>Sufﬁcit</strong></span> <span class='ocrx_word' id='word_1_551' title='bbox 2164 2767 2471 2823; x_wconf 89' lang='lat' dir='ltr'><strong>oppressos,</strong></span> <span class='ocrx_word' id='word_1_552' title='bbox 2505 2755 2697 2823; x_wconf 80' lang='lat' dir='ltr'><strong>apibus</strong></span> <span class='ocrx_word' id='word_1_553' title='bbox 2726 2758 2961 2814; x_wconf 90' lang='lat' dir='ltr'><strong>ditantur</strong></span> <span class='ocrx_word' id='word_1_554' title='bbox 2985 2770 3198 2824; x_wconf 89' lang='lat' dir='ltr'><strong>euntes,</strong></span> 
     </span>
    </p>
   </div>
   <div class='ocr_carea' id='block_1_89' title="bbox 1926 2842 3233 2915">
    <p class='ocr_par' dir='ltr' id='par_1_89' title="bbox 1926 2842 3233 2915">
     <span class='ocr_line' id='line_1_89' title="bbox 1926 2842 3233 2915; baseline 0.008 -18"><span class='ocrx_word' id='word_1_555' title='bbox 1926 2842 2338 2915; x_wconf 86' lang='lat' dir='ltr'><strong>Thesaurosque</strong></span> <span class='ocrx_word' id='word_1_556' title='bbox 2366 2861 2534 2900; x_wconf 87' lang='lat' dir='ltr'><strong>novos</strong></span> <span class='ocrx_word' id='word_1_557' title='bbox 2564 2847 2783 2905; x_wconf 88' lang='lat' dir='ltr'><strong>libertas</strong></span> <span class='ocrx_word' id='word_1_558' title='bbox 2816 2850 3019 2906; x_wconf 90' lang='lat' dir='ltr'><strong>reddita</strong></span> <span class='ocrx_word' id='word_1_559' title='bbox 3049 2855 3233 2907; x_wconf 90' lang='lat' dir='ltr'><strong>sumit.</strong></span> 
     </span>
    </p>
   </div>
   <div class='ocr_carea' id='block_1_90' title="bbox 1926 2934 3081 2997">
    <p class='ocr_par' dir='ltr' id='par_1_90' title="bbox 1926 2934 3081 2997">
     <span class='ocr_line' id='line_1_90' title="bbox 1926 2934 3081 2997; baseline 0.006 -8"><span class='ocrx_word' id='word_1_560' title='bbox 1926 2934 2070 2990; x_wconf 80' lang='lat' dir='ltr'><strong>Inter</strong></span> <span class='ocrx_word' id='word_1_561' title='bbox 2097 2935 2364 2992; x_wconf 89' lang='lat' dir='ltr'><strong>ferventes</strong></span> <span class='ocrx_word' id='word_1_562' title='bbox 2392 2937 2603 2992; x_wconf 86' lang='lat' dir='ltr'><strong>inimica</strong></span> <span class='ocrx_word' id='word_1_563' title='bbox 2633 2939 2688 2993; x_wconf 93' lang='lat' dir='ltr'><strong>in</strong></span> <span class='ocrx_word' id='word_1_564' title='bbox 2718 2941 2846 2995; x_wconf 90' lang='lat' dir='ltr'><strong>sede</strong></span> <span class='ocrx_word' id='word_1_565' title='bbox 2875 2943 3081 2997; x_wconf 74' lang='lat' dir='ltr'><strong>furores</strong></span> 
     </span>
    </p>
   </div>
   <div class='ocr_carea' id='block_1_91' title="bbox 1927 3024 3367 3103">
    <p class='ocr_par' dir='ltr' id='par_1_91' title="bbox 1927 3024 3367 3103">
     <span class='ocr_line' id='line_1_91' title="bbox 1927 3024 3367 3103; baseline 0.007 -24"><span class='ocrx_word' id='word_1_566' title='bbox 1927 3024 2203 3081; x_wconf 67' lang='lat' dir='ltr'><strong>Praedatur</strong></span> <span class='ocrx_word' id='word_1_567' title='bbox 2232 3026 2506 3083; x_wconf 89' lang='lat' dir='ltr'><strong>dominum</strong></span> <span class='ocrx_word' id='word_1_568' title='bbox 2539 3030 2766 3098; x_wconf 83' lang='lat' dir='ltr'><strong>fugiens,</strong></span> <span class='ocrx_word' id='word_1_569' title='bbox 2795 3033 3034 3103; x_wconf 86' lang='lat' dir='ltr'><strong>fallitque</strong></span> <span class='ocrx_word' id='word_1_570' title='bbox 3069 3035 3367 3103; x_wconf 86' lang='lat' dir='ltr'><strong>videntem,</strong></span> 
     </span>
    </p>
   </div>
   <div class='ocr_carea' id='block_1_92' title="bbox 1928 3117 3240 3195">
    <p class='ocr_par' dir='ltr' id='par_1_92' title="bbox 1928 3117 3240 3195">
     <span class='ocr_line' id='line_1_92' title="bbox 1928 3117 3240 3195; baseline 0.008 -24"><span class='ocrx_word' id='word_1_571' title='bbox 1928 3117 2256 3173; x_wconf 60' lang='lat' dir='ltr'><strong>Prassentem</strong></span> <span class='ocrx_word' id='word_1_572' title='bbox 2288 3128 2497 3186; x_wconf 83' lang='lat' dir='ltr'><strong>vacuat,</strong></span> <span class='ocrx_word' id='word_1_573' title='bbox 2527 3136 2594 3176; x_wconf 90' lang='lat' dir='ltr'><strong>ne</strong></span> <span class='ocrx_word' id='word_1_574' title='bbox 2621 3130 2726 3176; x_wconf 88' lang='lat' dir='ltr'><strong>tam</strong></span> <span class='ocrx_word' id='word_1_575' title='bbox 2759 3123 3034 3180; x_wconf 86' lang='lat' dir='ltr'><strong>discedere</strong></span> <span class='ocrx_word' id='word_1_576' title='bbox 3061 3127 3240 3195; x_wconf 86' lang='lat' dir='ltr'><strong>pulsos</strong></span> 
     </span>
    </p>
   </div>
   <div class='ocr_carea' id='block_1_93' title="bbox 1851 3189 3258 3283">
    <p class='ocr_par' dir='ltr' id='par_1_93' title="bbox 1851 3189 3258 3283">
     <span class='ocr_line' id='line_1_93' title="bbox 1851 3189 3258 3283; baseline 0.008 -22"><span class='ocrx_word' id='word_1_577' title='bbox 1851 3189 1898 3253; x_wconf 84' lang='lat' dir='ltr'><strong><em>C</em></strong></span> <span class='ocrx_word' id='word_1_578' title='bbox 1926 3208 2096 3274; x_wconf 87' lang='lat' dir='ltr'><strong>Quam</strong></span> <span class='ocrx_word' id='word_1_579' title='bbox 2126 3209 2279 3265; x_wconf 64' lang='lat' dir='ltr'><strong>laetos</strong></span> <span class='ocrx_word' id='word_1_580' title='bbox 2306 3211 2566 3280; x_wconf 88' lang='lat' dir='ltr'><strong>migrasse</strong></span> <span class='ocrx_word' id='word_1_581' title='bbox 2594 3223 2780 3281; x_wconf 89' lang='lat' dir='ltr'><strong>putes;</strong></span> <span class='ocrx_word' id='word_1_582' title='bbox 2813 3189 3094 3283; x_wconf 72' lang='lat' dir='ltr'><strong>portantur</strong></span> <span class='ocrx_word' id='word_1_583' title='bbox 3114 3219 3258 3272; x_wconf 86' lang='lat' dir='ltr'><strong>avari</strong></span> 
     </span>
    </p>
   </div>
   <div class='ocr_carea' id='block_1_94' title="bbox 1928 3300 3331 3373">
    <p class='ocr_par' dir='ltr' id='par_1_94' title="bbox 1928 3300 3331 3373">
     <span class='ocr_line' id='line_1_94' title="bbox 1928 3300 3331 3373; baseline 0.004 -17"><span class='ocrx_word' id='word_1_584' title='bbox 1928 3300 2018 3357; x_wconf 91' lang='lat' dir='ltr'><strong>Sic</strong></span> <span class='ocrx_word' id='word_1_585' title='bbox 2042 3300 2339 3357; x_wconf 87' lang='lat' dir='ltr'><strong>Pharaonis</strong></span> <span class='ocrx_word' id='word_1_586' title='bbox 2370 3317 2522 3373; x_wconf 89' lang='lat' dir='ltr'><strong>opes,</strong></span> <span class='ocrx_word' id='word_1_587' title='bbox 2546 3318 2703 3372; x_wconf 79' lang='lat' dir='ltr'><strong>quem</strong></span> <span class='ocrx_word' id='word_1_588' title='bbox 2736 3314 2859 3360; x_wconf 90' lang='lat' dir='ltr'><strong>tunc</strong></span> <span class='ocrx_word' id='word_1_589' title='bbox 2889 3307 3135 3363; x_wconf 87' lang='lat' dir='ltr'><strong>mercede</strong></span> <span class='ocrx_word' id='word_1_590' title='bbox 3158 3310 3331 3365; x_wconf 74' lang='lat' dir='ltr'><strong>soluta</strong></span> 
     </span>
    </p>
   </div>
   <div class='ocr_carea' id='block_1_95' title="bbox 1928 3389 3150 3461">
    <p class='ocr_par' dir='ltr' id='par_1_95' title="bbox 1928 3389 3150 3461">
     <span class='ocr_line' id='line_1_95' title="bbox 1928 3389 3150 3461; baseline 0.007 -16"><span class='ocrx_word' id='word_1_591' title='bbox 1928 3389 2146 3445; x_wconf 84' lang='lat' dir='ltr'><strong>Servitii</strong></span> <span class='ocrx_word' id='word_1_592' title='bbox 2188 3390 2401 3461; x_wconf 89' lang='lat' dir='ltr'><strong>longum</strong></span> <span class='ocrx_word' id='word_1_593' title='bbox 2431 3393 2621 3447; x_wconf 89' lang='lat' dir='ltr'><strong>credas</strong></span> <span class='ocrx_word' id='word_1_594' title='bbox 2656 3404 2866 3450; x_wconf 86' lang='lat' dir='ltr'><strong>taxasse</strong></span> <span class='ocrx_word' id='word_1_595' title='bbox 2894 3397 3150 3454; x_wconf 89' lang='lat' dir='ltr'><strong>laborem.</strong></span> 
     </span>
    </p>
   </div>
   <div class='ocr_carea' id='block_1_96' title="bbox 1929 3480 3331 3561">
    <p class='ocr_par' dir='ltr' id='par_1_96' title="bbox 1929 3480 3331 3561">
     <span class='ocr_line' id='line_1_96' title="bbox 1929 3480 3331 3561; baseline 0.007 -26"><span class='ocrx_word' id='word_1_596' title='bbox 1929 3480 2325 3552; x_wconf 86' lang='lat' dir='ltr'><strong>Nonnunquam</strong></span> <span class='ocrx_word' id='word_1_597' title='bbox 2358 3483 2521 3539; x_wconf 87' lang='lat' dir='ltr'><strong>rectis</strong></span> <span class='ocrx_word' id='word_1_598' title='bbox 2547 3496 2602 3540; x_wconf 91' lang='lat' dir='ltr'><strong>et</strong></span> <span class='ocrx_word' id='word_1_599' title='bbox 2628 3501 2747 3556; x_wconf 59' lang='lat' dir='ltr'><strong>quae</strong></span> <span class='ocrx_word' id='word_1_600' title='bbox 2783 3490 3050 3545; x_wconf 88' lang='lat' dir='ltr'><strong>contraria</strong></span> <span class='ocrx_word' id='word_1_601' title='bbox 3083 3505 3331 3561; x_wconf 68' lang='lat' dir='ltr'><strong>prosunt,</strong></span> 
     </span>
    </p>
   </div>
   <div class='ocr_carea' id='block_1_97' title="bbox 1929 3574 3275 3647">
    <p class='ocr_par' dir='ltr' id='par_1_97' title="bbox 1929 3574 3275 3647">
     <span class='ocr_line' id='line_1_97' title="bbox 1929 3574 3275 3647; baseline 0.007 -18"><span class='ocrx_word' id='word_1_602' title='bbox 1929 3574 2001 3629; x_wconf 87' lang='lat' dir='ltr'><strong>Et</strong></span> <span class='ocrx_word' id='word_1_603' title='bbox 2029 3590 2149 3645; x_wconf 74' lang='lat' dir='ltr'><strong>qua:</strong></span> <span class='ocrx_word' id='word_1_604' title='bbox 2176 3576 2309 3630; x_wconf 66' lang='lat' dir='ltr'><strong>laeva</strong></span> <span class='ocrx_word' id='word_1_605' title='bbox 2333 3578 2505 3631; x_wconf 89' lang='lat' dir='ltr'><strong>malus</strong></span> <span class='ocrx_word' id='word_1_606' title='bbox 2529 3578 2717 3644; x_wconf 84' lang='lat' dir='ltr'><strong>voluit,</strong></span> <span class='ocrx_word' id='word_1_607' title='bbox 2750 3589 2945 3635; x_wconf 81' lang='lat' dir='ltr'><strong>mutata</strong></span> <span class='ocrx_word' id='word_1_608' title='bbox 2974 3595 3275 3647; x_wconf 87' lang='lat' dir='ltr'><strong>recurrunt.</strong></span> 
     </span>
    </p>
   </div>
   <div class='ocr_carea' id='block_1_98' title="bbox 1927 3663 3249 3741">
    <p class='ocr_par' dir='ltr' id='par_1_98' title="bbox 1927 3663 3249 3741">
     <span class='ocr_line' id='line_1_98' title="bbox 1927 3663 3249 3741; baseline 0.011 -25"><span class='ocrx_word' id='word_1_609' title='bbox 1927 3663 1986 3717; x_wconf 83' lang='lat' dir='ltr'><strong>In</strong></span> <span class='ocrx_word' id='word_1_610' title='bbox 2010 3663 2524 3722; x_wconf 74' lang='lat' dir='ltr'><strong>dextram&#39;vertente</strong></span> <span class='ocrx_word' id='word_1_611' title='bbox 2555 3668 2686 3733; x_wconf 90' lang='lat' dir='ltr'><strong>Deo,</strong></span> <span class='ocrx_word' id='word_1_612' title='bbox 2717 3669 2965 3741; x_wconf 89' lang='lat' dir='ltr'><strong>solosque</strong></span> <span class='ocrx_word' id='word_1_613' title='bbox 2992 3681 3249 3731; x_wconf 73' lang='lat' dir='ltr'><strong>uecentes</strong></span> 
     </span>
    </p>
   </div>
   <div class='ocr_carea' id='block_1_99' title="bbox 1934 3753 3276 3833">
    <p class='ocr_par' dir='ltr' id='par_1_99' title="bbox 1934 3753 3276 3833">
     <span class='ocr_line' id='line_1_99' title="bbox 1934 3753 3276 3833; baseline 0.009 -24"><span class='ocrx_word' id='word_1_614' title='bbox 1934 3753 2025 3810; x_wconf 85' lang='lat' dir='ltr'><strong>Vis</strong></span> <span class='ocrx_word' id='word_1_615' title='bbox 2051 3755 2161 3811; x_wconf 91' lang='lat' dir='ltr'><strong>odii</strong></span> <span class='ocrx_word' id='word_1_616' title='bbox 2196 3758 2466 3827; x_wconf 85' lang='lat' dir='ltr'><strong>perimens</strong></span> <span class='ocrx_word' id='word_1_617' title='bbox 2494 3760 2746 3816; x_wconf 88' lang='lat' dir='ltr'><strong>meditata</strong></span> <span class='ocrx_word' id='word_1_618' title='bbox 2775 3764 2830 3816; x_wconf 91' lang='lat' dir='ltr'><strong>in</strong></span> <span class='ocrx_word' id='word_1_619' title='bbox 2857 3764 3077 3820; x_wconf 77' lang='lat' dir='ltr'><strong>vulnera</strong></span> <span class='ocrx_word' id='word_1_620' title='bbox 3106 3766 3276 3833; x_wconf 87' lang='lat' dir='ltr'><strong>ducit,</strong></span> 
     </span>
    </p>
   </div>
   <div class='ocr_carea' id='block_1_100' title="bbox 1931 3845 3132 3927">
    <p class='ocr_par' dir='ltr' id='par_1_100' title="bbox 1931 3845 3132 3927">
     <span class='ocr_line' id='line_1_100' title="bbox 1931 3845 3132 3927; baseline 0.01 -27"><span class='ocrx_word' id='word_1_621' title='bbox 1931 3845 1997 3901; x_wconf 88' lang='lat' dir='ltr'><strong>Et</strong></span> <span class='ocrx_word' id='word_1_622' title='bbox 2024 3858 2206 3915; x_wconf 89' lang='lat' dir='ltr'><strong>partos</strong></span> <span class='ocrx_word' id='word_1_623' title='bbox 2242 3848 2393 3904; x_wconf 90' lang='lat' dir='ltr'><strong>fratri</strong></span> <span class='ocrx_word' id='word_1_624' title='bbox 2420 3850 2639 3921; x_wconf 88' lang='lat' dir='ltr'><strong>laqueos</strong></span> <span class='ocrx_word' id='word_1_625' title='bbox 2668 3854 2944 3911; x_wconf 89' lang='lat' dir='ltr'><strong>incurrere</strong></span> <span class='ocrx_word' id='word_1_626' title='bbox 2970 3858 3132 3927; x_wconf 86' lang='lat' dir='ltr'><strong>cogit.</strong></span> 
     </span>
    </p>
   </div>
   <div class='ocr_carea' id='block_1_101' title="bbox 2002 3940 3189 4016">
    <p class='ocr_par' dir='ltr' id='par_1_101' title="bbox 2002 3940 3189 4016">
     <span class='ocr_line' id='line_1_101' title="bbox 2002 3940 3189 4016; baseline 0.007 -21"><span class='ocrx_word' id='word_1_627' title='bbox 2002 3940 2214 4007; x_wconf 78' lang='lat' dir='ltr'><strong>Egressi</strong></span> <span class='ocrx_word' id='word_1_628' title='bbox 2243 3942 2447 3997; x_wconf 78' lang='lat' dir='ltr'><strong>interea</strong></span> <span class='ocrx_word' id='word_1_629' title='bbox 2480 3944 2687 4014; x_wconf 89' lang='lat' dir='ltr'><strong>trepido</strong></span> <span class='ocrx_word' id='word_1_630' title='bbox 2713 3945 2783 4000; x_wconf 90' lang='lat' dir='ltr'><strong>de</strong></span> <span class='ocrx_word' id='word_1_631' title='bbox 2811 3962 2935 4016; x_wconf 88' lang='lat' dir='ltr'><strong>rege</strong></span> <span class='ocrx_word' id='word_1_632' title='bbox 2960 3949 3189 4004; x_wconf 86' lang='lat' dir='ltr'><strong>ministri</strong></span> 
     </span>
    </p>
   </div>
   <div class='ocr_carea' id='block_1_102' title="bbox 1928 4036 3314 4114">
    <p class='ocr_par' dir='ltr' id='par_1_102' title="bbox 1928 4036 3314 4114">
     <span class='ocr_line' id='line_1_102' title="bbox 1928 4036 3314 4114; baseline 0.006 -22"><span class='ocrx_word' id='word_1_633' title='bbox 1928 4036 2267 4108; x_wconf 89' lang='lat' dir='ltr'><strong>Compellunt</strong></span> <span class='ocrx_word' id='word_1_634' title='bbox 2292 4039 2470 4094; x_wconf 89' lang='lat' dir='ltr'><strong>celare</strong></span> <span class='ocrx_word' id='word_1_635' title='bbox 2498 4040 2697 4109; x_wconf 84' lang='lat' dir='ltr'><strong>fugam,</strong></span> <span class='ocrx_word' id='word_1_636' title='bbox 2723 4050 3025 4111; x_wconf 85' lang='lat' dir='ltr'><strong>coguntque</strong></span> <span class='ocrx_word' id='word_1_637' title='bbox 3048 4044 3314 4114; x_wconf 84' lang='lat' dir='ltr'><strong>volentes,</strong></span> 
     </span>
    </p>
   </div>
   <div class='ocr_carea' id='block_1_103' title="bbox 1930 4128 3264 4202">
    <p class='ocr_par' dir='ltr' id='par_1_103' title="bbox 1930 4128 3264 4202">
     <span class='ocr_line' id='line_1_103' title="bbox 1930 4128 3264 4202; baseline 0.006 -20"><span class='ocrx_word' id='word_1_638' title='bbox 1930 4128 2271 4198; x_wconf 67' lang='lat' dir='ltr'><strong>Praecipitant</strong></span> <span class='ocrx_word' id='word_1_639' title='bbox 2299 4129 2527 4197; x_wconf 88' lang='lat' dir='ltr'><strong>alacres,</strong></span> <span class='ocrx_word' id='word_1_640' title='bbox 2558 4139 2613 4184; x_wconf 89' lang='lat' dir='ltr'><strong>et</strong></span> <span class='ocrx_word' id='word_1_641' title='bbox 2634 4129 3007 4186; x_wconf 87' lang='lat' dir='ltr'><strong>festinantibus</strong></span> <span class='ocrx_word' id='word_1_642' title='bbox 3035 4134 3264 4202; x_wconf 87' lang='lat' dir='ltr'><strong>instant,</strong></span> 
     </span>
    </p>
   </div>
   <div class='ocr_carea' id='block_1_104' title="bbox 1929 4224 3260 4295">
    <p class='ocr_par' dir='ltr' id='par_1_104' title="bbox 1929 4224 3260 4295">
     <span class='ocr_line' id='line_1_104' title="bbox 1929 4224 3260 4295; baseline 0.003 -16"><span class='ocrx_word' id='word_1_643' title='bbox 1929 4224 2313 4295; x_wconf 90' lang='lat' dir='ltr'><strong>Pellendasque</strong></span> <span class='ocrx_word' id='word_1_644' title='bbox 2336 4232 2524 4293; x_wconf 88' lang='lat' dir='ltr'><strong>putant</strong></span> <span class='ocrx_word' id='word_1_645' title='bbox 2553 4225 2701 4293; x_wconf 91' lang='lat' dir='ltr'><strong>pulsa</strong></span> <span class='ocrx_word' id='word_1_646' title='bbox 2732 4240 2850 4279; x_wconf 88' lang='lat' dir='ltr'><strong>cum</strong></span> <span class='ocrx_word' id='word_1_647' title='bbox 2875 4235 3035 4295; x_wconf 69' lang='lat' dir='ltr'><strong>gente</strong></span> <span class='ocrx_word' id='word_1_648' title='bbox 3059 4228 3260 4285; x_wconf 90' lang='lat' dir='ltr'><strong>ruinas.</strong></span> 
     </span>
    </p>
   </div>
   <div class='ocr_carea' id='block_1_105' title="bbox 1930 4314 3439 4385">
    <p class='ocr_par' dir='ltr' id='par_1_105' title="bbox 1930 4314 3439 4385">
     <span class='ocr_line' id='line_1_105' title="bbox 1930 4314 3439 4385; baseline 0.006 -16"><span class='ocrx_word' id='word_1_649' title='bbox 1930 4314 2047 4369; x_wconf 85' lang='lat' dir='ltr'><strong>Jam</strong></span> <span class='ocrx_word' id='word_1_650' title='bbox 2076 4330 2242 4385; x_wconf 91' lang='lat' dir='ltr'><strong>prope</strong></span> <span class='ocrx_word' id='word_1_651' title='bbox 2270 4325 2555 4370; x_wconf 84' lang='lat' dir='ltr'><strong>centenum</strong></span> <span class='ocrx_word' id='word_1_652' title='bbox 2587 4317 2951 4385; x_wconf 88' lang='lat' dir='ltr'><strong>compleverat</strong></span> <span class='ocrx_word' id='word_1_653' title='bbox 2978 4319 3181 4374; x_wconf 90' lang='lat' dir='ltr'><strong>advena</strong></span> <span class='ocrx_word' id='word_1_654' title='bbox 3212 4321 3439 4378; x_wconf 86' lang='lat' dir='ltr'><strong>lustrum</strong></span> 
     </span>
    </p>
   </div>
   <div class='ocr_carea' id='block_1_106' title="bbox 1933 4406 3318 4480">
    <p class='ocr_par' dir='ltr' id='par_1_106' title="bbox 1933 4406 3318 4480">
     <span class='ocr_line' id='line_1_106' title="bbox 1933 4406 3318 4480; baseline 0.005 -20"><span class='ocrx_word' id='word_1_655' title='bbox 1933 4406 1986 4460; x_wconf 87' lang='lat' dir='ltr'><strong>In</strong></span> <span class='ocrx_word' id='word_1_656' title='bbox 2018 4408 2219 4475; x_wconf 81' lang='lat' dir='ltr'><strong>regnis,</strong></span> <span class='ocrx_word' id='word_1_657' title='bbox 2246 4406 2500 4477; x_wconf 67' lang='lat' dir='ltr'><strong>Egypte,</strong></span> <span class='ocrx_word' id='word_1_658' title='bbox 2534 4407 2651 4471; x_wconf 91' lang='lat' dir='ltr'><strong>tuis,</strong></span> <span class='ocrx_word' id='word_1_659' title='bbox 2681 4422 2752 4462; x_wconf 90' lang='lat' dir='ltr'><strong>ex</strong></span> <span class='ocrx_word' id='word_1_660' title='bbox 2786 4416 3025 4477; x_wconf 87' lang='lat' dir='ltr'><strong>tempore</strong></span> <span class='ocrx_word' id='word_1_661' title='bbox 3053 4412 3318 4480; x_wconf 90' lang='lat' dir='ltr'><strong>quondam</strong></span> 
     </span>
    </p>
   </div>
   <div class='ocr_carea' id='block_1_107' title="bbox 1931 4498 3312 4568">
    <p class='ocr_par' dir='ltr' id='par_1_107' title="bbox 1931 4498 3312 4568">
     <span class='ocr_line' id='line_1_107' title="bbox 1931 4498 3312 4568; baseline 0.005 -16"><span class='ocrx_word' id='word_1_662' title='bbox 1931 4498 2048 4565; x_wconf 85' lang='lat' dir='ltr'><strong>Quo</strong></span> <span class='ocrx_word' id='word_1_663' title='bbox 2075 4500 2281 4567; x_wconf 88' lang='lat' dir='ltr'><strong>priscus</strong></span> <span class='ocrx_word' id='word_1_664' title='bbox 2313 4498 2610 4567; x_wconf 81' lang='lat' dir='ltr'><strong>patriarcha</strong></span> <span class='ocrx_word' id='word_1_665' title='bbox 2641 4498 2807 4554; x_wconf 84' lang='lat' dir='ltr'><strong>Jacob</strong></span> <span class='ocrx_word' id='word_1_666' title='bbox 2838 4500 3160 4568; x_wconf 80' lang='lat' dir='ltr'><strong>perduxerat</strong></span> <span class='ocrx_word' id='word_1_667' title='bbox 3185 4503 3312 4559; x_wconf 87' lang='lat' dir='ltr'><strong>illuc</strong></span> 
     </span>
    </p>
   </div>
   <div class='ocr_carea' id='block_1_108' title="bbox 1859 4557 3342 4663">
    <p class='ocr_par' dir='ltr' id='par_1_108' title="bbox 1859 4557 3342 4663">
     <span class='ocr_line' id='line_1_108' title="bbox 1859 4557 3342 4663; baseline 0.002 -18"><span class='ocrx_word' id='word_1_668' title='bbox 1859 4557 1911 4617; x_wconf 68' lang='grc' dir='ltr'>θ</span> <span class='ocrx_word' id='word_1_669' title='bbox 1938 4592 2026 4645; x_wconf 88' lang='lat' dir='ltr'><strong>Bis</strong></span> <span class='ocrx_word' id='word_1_670' title='bbox 2053 4606 2180 4645; x_wconf 82' lang='lat' dir='ltr'><strong>seua</strong></span> <span class='ocrx_word' id='word_1_671' title='bbox 2214 4606 2333 4644; x_wconf 92' lang='lat' dir='ltr'><strong>eum</strong></span> <span class='ocrx_word' id='word_1_672' title='bbox 2363 4592 2513 4659; x_wconf 89' lang='lat' dir='ltr'><strong>prole</strong></span> <span class='ocrx_word' id='word_1_673' title='bbox 2537 4591 2778 4658; x_wconf 90' lang='lat' dir='ltr'><strong>domum,</strong></span> <span class='ocrx_word' id='word_1_674' title='bbox 2807 4606 3065 4662; x_wconf 89' lang='lat' dir='ltr'><strong>carosque</strong></span> <span class='ocrx_word' id='word_1_675' title='bbox 3096 4602 3342 4663; x_wconf 90' lang='lat' dir='ltr'><strong>nepotes,</strong></span> 
     </span>
    </p>
   </div>
   <div class='ocr_carea' id='block_1_109' title="bbox 1937 4680 3257 4753">
    <p class='ocr_par' dir='ltr' id='par_1_109' title="bbox 1937 4680 3257 4753">
     <span class='ocr_line' id='line_1_109' title="bbox 1937 4680 3257 4753; baseline 0.003 -18"><span class='ocrx_word' id='word_1_676' title='bbox 1937 4682 2053 4749; x_wconf 85' lang='lat' dir='ltr'><strong>Quo</strong></span> <span class='ocrx_word' id='word_1_677' title='bbox 2082 4698 2175 4751; x_wconf 82' lang='lat' dir='ltr'><strong>per</strong></span> <span class='ocrx_word' id='word_1_678' title='bbox 2208 4680 2491 4736; x_wconf 85' lang='lat' dir='ltr'><strong>fecundum</strong></span> <span class='ocrx_word' id='word_1_679' title='bbox 2521 4690 2803 4736; x_wconf 90' lang='lat' dir='ltr'><strong>creverunt</strong></span> <span class='ocrx_word' id='word_1_680' title='bbox 2833 4683 2997 4736; x_wconf 90' lang='lat' dir='ltr'><strong>millia</strong></span> <span class='ocrx_word' id='word_1_681' title='bbox 3033 4693 3257 4753; x_wconf 89' lang='lat' dir='ltr'><strong>patrem.</strong></span> 
     </span>
    </p>
   </div>
   <div class='ocr_carea' id='block_1_110' title="bbox 1939 4771 3414 4847">
    <p class='ocr_par' dir='ltr' id='par_1_110' title="bbox 1939 4771 3414 4847">
     <span class='ocr_line' id='line_1_110' title="bbox 1939 4771 3414 4847; baseline 0.005 -21"><span class='ocrx_word' id='word_1_682' title='bbox 1939 4771 2179 4827; x_wconf 81' lang='lat' dir='ltr'><strong>Procedit</strong></span> <span class='ocrx_word' id='word_1_683' title='bbox 2213 4772 2424 4826; x_wconf 84' lang='lat' dir='ltr'><strong>tandem</strong></span> <span class='ocrx_word' id='word_1_684' title='bbox 2453 4774 2702 4841; x_wconf 88' lang='lat' dir='ltr'><strong>p0pulus,</strong></span> <span class='ocrx_word' id='word_1_685' title='bbox 2736 4788 2965 4843; x_wconf 86' lang='lat' dir='ltr'><strong>moxque</strong></span> <span class='ocrx_word' id='word_1_686' title='bbox 2991 4777 3203 4845; x_wconf 86' lang='lat' dir='ltr'><strong>agmine</strong></span> <span class='ocrx_word' id='word_1_687' title='bbox 3223 4779 3414 4847; x_wconf 87' lang='lat' dir='ltr'><strong>juncto</strong></span> 
     </span>
    </p>
   </div>
   <div class='ocr_carea' id='block_1_111' title="bbox 1941 4864 3441 4933">
    <p class='ocr_par' dir='ltr' id='par_1_111' title="bbox 1941 4864 3441 4933">
     <span class='ocr_line' id='line_1_111' title="bbox 1941 4864 3441 4933; baseline 0.008 -17"><span class='ocrx_word' id='word_1_688' title='bbox 1941 4864 2115 4917; x_wconf 73' lang='lat' dir='ltr'><strong>Diram</strong></span> <span class='ocrx_word' id='word_1_689' title='bbox 2147 4864 2336 4933; x_wconf 84' lang='lat' dir='ltr'><strong>linquit</strong></span> <span class='ocrx_word' id='word_1_690' title='bbox 2365 4864 2581 4919; x_wconf 88' lang='lat' dir='ltr'><strong>humum</strong></span> <span class='ocrx_word' id='word_1_691' title='bbox 2615 4866 2850 4921; x_wconf 88' lang='lat' dir='ltr'><strong>tenebris</strong></span> <span class='ocrx_word' id='word_1_692' title='bbox 2878 4881 2940 4921; x_wconf 93' lang='lat' dir='ltr'><strong>ac</strong></span> <span class='ocrx_word' id='word_1_693' title='bbox 2969 4868 3196 4924; x_wconf 89' lang='lat' dir='ltr'><strong>luctibus</strong></span> <span class='ocrx_word' id='word_1_694' title='bbox 3235 4872 3441 4929; x_wconf 84' lang='lat' dir='ltr'><strong>orbam.</strong></span> 
     </span>
    </p>
   </div>
   <div class='ocr_carea' id='block_1_112' title="bbox 1940 4956 3244 5029">
    <p class='ocr_par' dir='ltr' id='par_1_112' title="bbox 1940 4956 3244 5029">
     <span class='ocr_line' id='line_1_112' title="bbox 1940 4956 3244 5029; baseline 0.005 -20"><span class='ocrx_word' id='word_1_695' title='bbox 1940 4956 2069 5010; x_wconf 84' lang='lat' dir='ltr'><strong>Nam</strong></span> <span class='ocrx_word' id='word_1_696' title='bbox 2101 4957 2271 5011; x_wconf 91' lang='lat' dir='ltr'><strong>vicina</strong></span> <span class='ocrx_word' id='word_1_697' title='bbox 2297 4958 2408 5013; x_wconf 83' lang='lat' dir='ltr'><strong>dies</strong></span> <span class='ocrx_word' id='word_1_698' title='bbox 2439 4958 2674 5013; x_wconf 86' lang='lat' dir='ltr'><strong>nondum</strong></span> <span class='ocrx_word' id='word_1_699' title='bbox 2704 4959 3032 5029; x_wconf 78' lang='lat' dir='ltr'><strong>produxerat</strong></span> <span class='ocrx_word' id='word_1_700' title='bbox 3061 4976 3244 5017; x_wconf 90' lang='lat' dir='ltr'><strong>ortus:</strong></span> 
     </span>
    </p>
   </div>
   <div class='ocr_carea' id='block_1_113' title="bbox 1940 5049 3267 5112">
    <p class='ocr_par' dir='ltr' id='par_1_113' title="bbox 1940 5049 3267 5112">
     <span class='ocr_line' id='line_1_113' title="bbox 1940 5049 3267 5112; baseline 0.008 -10"><span class='ocrx_word' id='word_1_701' title='bbox 1940 5049 2063 5103; x_wconf 65' lang='lat' dir='ltr'><strong>llatc</strong></span> <span class='ocrx_word' id='word_1_702' title='bbox 2091 5065 2195 5105; x_wconf 87' lang='lat' dir='ltr'><strong>nox</strong></span> <span class='ocrx_word' id='word_1_703' title='bbox 2225 5049 2355 5105; x_wconf 88' lang='lat' dir='ltr'><strong>festa</strong></span> <span class='ocrx_word' id='word_1_704' title='bbox 2386 5051 2496 5105; x_wconf 90' lang='lat' dir='ltr'><strong>Deo</strong></span> <span class='ocrx_word' id='word_1_705' title='bbox 2522 5052 2869 5108; x_wconf 90' lang='lat' dir='ltr'><strong>redeuntibus</strong></span> <span class='ocrx_word' id='word_1_706' title='bbox 2895 5069 3067 5109; x_wconf 88' lang='lat' dir='ltr'><strong>annua</strong></span> <span class='ocrx_word' id='word_1_707' title='bbox 3099 5057 3267 5112; x_wconf 88' lang='lat' dir='ltr'><strong>sacris</strong></span> 
     </span>
    </p>
   </div>
   <div class='ocr_carea' id='block_1_114' title="bbox 1942 5141 3301 5211">
    <p class='ocr_par' dir='ltr' id='par_1_114' title="bbox 1942 5141 3301 5211">
     <span class='ocr_line' id='line_1_114' title="bbox 1942 5141 3301 5211; baseline 0.007 -18"><span class='ocrx_word' id='word_1_708' title='bbox 1942 5141 2065 5195; x_wconf 65' lang='lat' dir='ltr'><strong>llaec</strong></span> <span class='ocrx_word' id='word_1_709' title='bbox 2093 5143 2265 5210; x_wconf 90' lang='lat' dir='ltr'><strong>gentis</strong></span> <span class='ocrx_word' id='word_1_710' title='bbox 2296 5142 2551 5197; x_wconf 85' lang='lat' dir='ltr'><strong>solemnis</strong></span> <span class='ocrx_word' id='word_1_711' title='bbox 2582 5144 2705 5208; x_wconf 90' lang='lat' dir='ltr'><strong>erit,</strong></span> <span class='ocrx_word' id='word_1_712' title='bbox 2731 5160 2849 5211; x_wconf 73' lang='lat' dir='ltr'><strong>qua:</strong></span> <span class='ocrx_word' id='word_1_713' title='bbox 2878 5146 3103 5200; x_wconf 89' lang='lat' dir='ltr'><strong>solvitur</strong></span> <span class='ocrx_word' id='word_1_714' title='bbox 3128 5149 3301 5204; x_wconf 89' lang='lat' dir='ltr'><strong>hoste.</strong></span> 
     </span>
    </p>
   </div>
   <div class='ocr_carea' id='block_1_115' title="bbox 2012 5230 3306 5304">
    <p class='ocr_par' dir='ltr' id='par_1_115' title="bbox 2012 5230 3306 5304">
     <span class='ocr_line' id='line_1_115' title="bbox 2012 5230 3306 5304; baseline 0.007 -21"><span class='ocrx_word' id='word_1_715' title='bbox 2012 5230 2190 5285; x_wconf 75' lang='lat' dir='ltr'><strong>Primo</strong></span> <span class='ocrx_word' id='word_1_716' title='bbox 2216 5233 2534 5301; x_wconf 87' lang='lat' dir='ltr'><strong>conspicuus</strong></span> <span class='ocrx_word' id='word_1_717' title='bbox 2561 5233 2797 5304; x_wconf 84' lang='lat' dir='ltr'><strong>fulgebat</strong></span> <span class='ocrx_word' id='word_1_718' title='bbox 2826 5236 2878 5289; x_wconf 93' lang='lat' dir='ltr'><strong>in</strong></span> <span class='ocrx_word' id='word_1_719' title='bbox 2908 5237 3094 5291; x_wconf 89' lang='lat' dir='ltr'><strong>ordine</strong></span> <span class='ocrx_word' id='word_1_720' title='bbox 3118 5238 3306 5294; x_wconf 83' lang='lat' dir='ltr'><strong>ductor</strong></span> 
     </span>
    </p>
   </div>
   <div class='ocr_carea' id='block_1_116' title="bbox 1943 5324 3231 5395">
    <p class='ocr_par' dir='ltr' id='par_1_116' title="bbox 1943 5324 3231 5395">
     <span class='ocr_line' id='line_1_116' title="bbox 1943 5324 3231 5395; baseline 0.007 -18"><span class='ocrx_word' id='word_1_721' title='bbox 1943 5324 2171 5393; x_wconf 83' lang='lat' dir='ltr'><strong>Legifer,</strong></span> <span class='ocrx_word' id='word_1_722' title='bbox 2197 5324 2450 5392; x_wconf 85' lang='lat' dir='ltr'><strong>adjuncto</strong></span> <span class='ocrx_word' id='word_1_723' title='bbox 2479 5326 2787 5393; x_wconf 67' lang='lat' dir='ltr'><strong>prmcedens</strong></span> <span class='ocrx_word' id='word_1_724' title='bbox 2814 5328 3023 5395; x_wconf 88' lang='lat' dir='ltr'><strong>agmina</strong></span> <span class='ocrx_word' id='word_1_725' title='bbox 3049 5328 3231 5387; x_wconf 88' lang='lat' dir='ltr'><strong>fratre.</strong></span> 
     </span>
    </p>
   </div>
   <div class='ocr_carea' id='block_1_117' title="bbox 1944 5416 3307 5487">
    <p class='ocr_par' dir='ltr' id='par_1_117' title="bbox 1944 5416 3307 5487">
     <span class='ocr_line' id='line_1_117' title="bbox 1944 5416 3307 5487; baseline 0.003 -17"><span class='ocrx_word' id='word_1_726' title='bbox 1944 5416 2074 5472; x_wconf 90' lang='lat' dir='ltr'><strong>Post</strong></span> <span class='ocrx_word' id='word_1_727' title='bbox 2092 5432 2225 5487; x_wconf 90' lang='lat' dir='ltr'><strong>quos</strong></span> <span class='ocrx_word' id='word_1_728' title='bbox 2253 5417 2518 5485; x_wconf 65' lang='lat' dir='ltr'><strong>belligera:</strong></span> <span class='ocrx_word' id='word_1_729' title='bbox 2543 5417 2831 5485; x_wconf 90' lang='lat' dir='ltr'><strong>disponunt</strong></span> <span class='ocrx_word' id='word_1_730' title='bbox 2859 5433 3005 5473; x_wconf 73' lang='lat' dir='ltr'><strong>atma</strong></span> <span class='ocrx_word' id='word_1_731' title='bbox 3036 5419 3307 5485; x_wconf 77' lang='lat' dir='ltr'><strong>cohortes,</strong></span> 
     </span>
    </p>
   </div>
   <div class='ocr_carea' id='block_1_118' title="bbox 1945 5508 3214 5566">
    <p class='ocr_par' dir='ltr' id='par_1_118' title="bbox 1945 5508 3214 5566">
     <span class='ocr_line' id='line_1_118' title="bbox 1945 5508 3214 5566; baseline 0.002 -3"><span class='ocrx_word' id='word_1_732' title='bbox 1945 5509 2154 5564; x_wconf 89' lang='lat' dir='ltr'><strong>Ducunt</strong></span> <span class='ocrx_word' id='word_1_733' title='bbox 2180 5517 2234 5563; x_wconf 90' lang='lat' dir='ltr'><strong>et</strong></span> <span class='ocrx_word' id='word_1_734' title='bbox 2257 5508 2460 5563; x_wconf 89' lang='lat' dir='ltr'><strong>validas</strong></span> <span class='ocrx_word' id='word_1_735' title='bbox 2483 5510 2741 5563; x_wconf 88' lang='lat' dir='ltr'><strong>instructo</strong></span> <span class='ocrx_word' id='word_1_736' title='bbox 2769 5511 2961 5566; x_wconf 91' lang='lat' dir='ltr'><strong>robore</strong></span> <span class='ocrx_word' id='word_1_737' title='bbox 2993 5521 3214 5566; x_wconf 88' lang='lat' dir='ltr'><strong>turmas.</strong></span> 
     </span>
    </p>
   </div>
   <div class='ocr_carea' id='block_1_119' title="bbox 1944 5598 3306 5671">
    <p class='ocr_par' dir='ltr' id='par_1_119' title="bbox 1944 5598 3306 5671">
     <span class='ocr_line' id='line_1_119' title="bbox 1944 5598 3306 5671; baseline 0 -16"><span class='ocrx_word' id='word_1_738' title='bbox 1944 5602 2104 5655; x_wconf 89' lang='lat' dir='ltr'><strong>Arma</strong></span> <span class='ocrx_word' id='word_1_739' title='bbox 2137 5599 2311 5653; x_wconf 87' lang='lat' dir='ltr'><strong>ferunt</strong></span> <span class='ocrx_word' id='word_1_740' title='bbox 2347 5598 2603 5662; x_wconf 89' lang='lat' dir='ltr'><strong>humeris,</strong></span> <span class='ocrx_word' id='word_1_741' title='bbox 2635 5614 2793 5655; x_wconf 87' lang='lat' dir='ltr'><strong>enses</strong></span> <span class='ocrx_word' id='word_1_742' title='bbox 2820 5616 2912 5671; x_wconf 89' lang='lat' dir='ltr'><strong>per</strong></span> <span class='ocrx_word' id='word_1_743' title='bbox 2939 5603 3143 5671; x_wconf 88' lang='lat' dir='ltr'><strong>singula</strong></span> <span class='ocrx_word' id='word_1_744' title='bbox 3169 5603 3306 5655; x_wconf 66' lang='lat' dir='ltr'><strong>laevo</strong></span> 
     </span>
    </p>
   </div>
   <div class='ocr_carea' id='block_1_120' title="bbox 1949 5688 3237 5760">
    <p class='ocr_par' dir='ltr' id='par_1_120' title="bbox 1949 5688 3237 5760">
     <span class='ocr_line' id='line_1_120' title="bbox 1949 5688 3237 5760; baseline 0.001 -16"><span class='ocrx_word' id='word_1_745' title='bbox 1949 5688 2257 5760; x_wconf 83' lang='lat' dir='ltr'><strong>Dependent</strong></span> <span class='ocrx_word' id='word_1_746' title='bbox 2284 5688 2456 5754; x_wconf 86' lang='lat' dir='ltr'><strong>lateri,</strong></span> <span class='ocrx_word' id='word_1_747' title='bbox 2489 5703 2673 5757; x_wconf 87' lang='lat' dir='ltr'><strong>presso</strong></span> <span class='ocrx_word' id='word_1_748' title='bbox 2704 5700 2811 5747; x_wconf 91' lang='lat' dir='ltr'><strong>tum</strong></span> <span class='ocrx_word' id='word_1_749' title='bbox 2846 5694 3042 5747; x_wconf 86' lang='lat' dir='ltr'><strong>vertice</strong></span> <span class='ocrx_word' id='word_1_750' title='bbox 3072 5692 3237 5747; x_wconf 87' lang='lat' dir='ltr'><strong>cassis</strong></span> 
     </span>
    </p>
   </div>
   <div class='ocr_carea' id='block_1_121' title="bbox 1948 5779 3162 5851">
    <p class='ocr_par' dir='ltr' id='par_1_121' title="bbox 1948 5779 3162 5851">
     <span class='ocr_line' id='line_1_121' title="bbox 1948 5779 3162 5851; baseline 0.002 -16"><span class='ocrx_word' id='word_1_751' title='bbox 1948 5780 2155 5851; x_wconf 77' lang='lat' dir='ltr'><strong>Fulget,</strong></span> <span class='ocrx_word' id='word_1_752' title='bbox 2186 5788 2239 5835; x_wconf 88' lang='lat' dir='ltr'><strong>et</strong></span> <span class='ocrx_word' id='word_1_753' title='bbox 2268 5779 2463 5836; x_wconf 87' lang='lat' dir='ltr'><strong>albenti</strong></span> <span class='ocrx_word' id='word_1_754' title='bbox 2490 5791 2656 5837; x_wconf 84' lang='lat' dir='ltr'><strong>certat</strong></span> <span class='ocrx_word' id='word_1_755' title='bbox 2685 5782 2775 5837; x_wconf 82' lang='lat' dir='ltr'><strong>lux</strong></span> <span class='ocrx_word' id='word_1_756' title='bbox 2804 5783 2971 5838; x_wconf 53' lang='lat' dir='ltr'><strong>fe&#39;rea</strong></span> <span class='ocrx_word' id='word_1_757' title='bbox 3003 5783 3162 5837; x_wconf 66' lang='lat' dir='ltr'><strong>lunae.</strong></span> 
     </span>
    </p>
   </div>
   <div class='ocr_carea' id='block_1_122' title="bbox 3032 5869 3109 5931">
    <p class='ocr_par' dir='ltr' id='par_1_122' title="bbox 3032 5869 3109 5931">
     <span class='ocr_line' id='line_1_122' title="bbox 3032 5869 3109 5931; baseline 0.039 -3"><span class='ocrx_word' id='word_1_758' title='bbox 3032 5869 3109 5931; x_wconf 68' lang='grc'><strong>12</strong></span> 
     </span>
    </p>
   </div>
  </div>
