4024 6176
541 335 645 390 563
1828 333 1881 386 S.
1925 330 2105 387 AVITI
2151 329 2546 387 VIENNENSIS
3665 337 3747 393 ibi

545 451 789 503 lVitunlur
817 445 1002 515 iaculis
1035 445 1141 508 alii,
1174 445 1491 513 clipeosque
1522 445 1756 499 sinistris

547 539 794 601 \'olvunt,
820 546 873 588 et
902 537 1085 603 rapido
1113 520 1432 589 meditantur
1463 536 1596 589 bella
1624 546 1817 590 rotatu.

543 632 745 684 Gaudet
776 644 896 697 pars
924 631 1080 682 etiam
1109 629 1389 697 pharetris,
1426 629 1777 697 volucreSque
1804 630 2019 694 sagittas

545 723 723 776 llostis
752 722 801 773 iu
825 734 1102 773 occursum
1132 718 1404 772 mittendis
1434 719 1695 772 mortibus
1719 729 1881 785 aptat.

544 814 647 867 Aut
669 813 711 864 si
746 812 877 864 forte
903 810 1070 863 virum
1097 808 1349 875 fugientia
1379 817 1525 875 terga
1558 820 1829 875 sequatur,

548 906 611 959 Ut
639 913 859 972 pennata
894 902 1036 955 leves
1077 901 1439 954 transmittant
1466 900 1667 967 Spicula
1697 908 1902 951 ventos.

624 995 827 1049 Incedit
858 992 1101 1062 pavidum
1132 1002 1397 1060 postrema
1425 1006 1519 1060 per
1546 991 1754 1057 agmina
1788 989 1991 1052 vulgus,

544 1090 656 1143 Non
690 1090 857 1154 impar
895 1099 1138 1150 numero,
1165 1083 1359 1137 caelum
1390 1097 1509 1136 cum
1536 1081 1768 1150 pingitur
1795 1084 1974 1141 astris,

543 1181 754 1235 Aﬂstuat
782 1186 870 1230 aut
902 1184 1077 1229 motus
1110 1174 1278 1242 pelagi
1309 1172 1664 1239 crisiiantibus
1693 1169 1871 1231 undis,

545 1272 747 1325 Littore
776 1268 859 1322 vel
888 1274 1109 1335 quantas
1135 1265 1399 1318 convertit
1426 1263 1617 1316 ﬂuctus
1644 1274 1855 1324 arenas,

548 1360 639 1414 Vel
672 1357 883 1427 quantis
917 1355 1119 1409 stillant
1145 1353 1413 1407 humentia
1444 1351 1621 1405 nubila
1650 1350 1833 1419 guttis.

544 1452 798 1505 Mirantur
825 1447 1000 1501 Pharii
1031 1455 1276 1513 satrapa},
1309 1459 1408 1497 nec
1434 1442 1653 1497 credere
1682 1449 1884 1494 tantum

548 1544 619 1597 Se
646 1540 881 1610 potuisse
909 1537 1088 1590 vident
1118 1551 1133 1590 :
1170 1537 1341 1604 placet
1364 1533 1590 1602 eiecisse
1618 1541 1695 1585 tot
1721 1530 1920 1585 hostes.

547 1634 651 1688 Sed
683 1646 786 1685 non
814 1632 911 1683 bac
942 1629 1055 1682 acie
1078 1627 1192 1681 duri
1222 1626 1499 1679 salvabere
1526 1623 1674 1678 ferri.

543 1722 849 1791 Quamlibet
877 1718 1169 1774 innumeris
1198 1717 1428 1787 peditum
1460 1720 1659 1781 st'pere
1687 1712 1933 1773 catervis,

546 1816 693 1869 Unus
720 1810 970 1881 pugnabit
999 1809 1201 1862 cunctis
1230 1822 1324 1873 pro
1347 1806 1577 1859 millibus
1606 1813 1810 1857 auctor.

547 1912 614 1960 At
644 1904 867 1974 populus
895 1903 1036 1956 lento
1060 1898 1363 1954 moderatus
1398 1898 1607 1951 tramite
1631 1910 1871 1965 gressum

547 2001 828 2063 Arreptum
858 1994 1105 2062 carpebat
1138 1994 1255 2056 iter,
1292 1991 1592 2059 pra-cedere
1623 1998 1823 2042 tantum

546 2086 824 2158 Aggressis
850 2084 1093 2146 ducibus,
1123 2090 1377 2151 quantum
1410 2081 1494 2143 vel
1526 2081 1675 2135 tarda
1705 2088 1954 2135 senectus

550 2179 643 2231 Vel
670 2176 889 2231 rudibus
918 2184 1134 2243 reptans
1166 2172 1380 2225 infantia
1408 2172 1635 2227 sustinet
1665 2171 1836 2235 annis,

546 2271 623 2323 Ne
654 2265 987 2336 pra-maturis
1012 2263 1249 2332 fragilem
1279 2263 1560 2317 contristet
1587 2263 1761 2316 eundo

556 2361 789 2413 Aitatem
819 2372 1109 2424 scxumque
1139 2355 1305 2410 labor.
1335 2353 1423 2407 Sic
1451 2364 1638 2409 cuncta
1660 2368 1923 2423 supernus

559 2453 842 2518 Di-pensat
882 2460 1059 2508 nutus,
1092 2446 1337 2517 plebique
1367 2445 1567 2499 assistit
1605 2447 1803 2498 ovanti.

626 2546 761 2609 Ergo
793 2541 876 2595 ubi
910 2538 1129 2606 signatis
1158 2535 1410 2591 sederunt
1441 2536 1600 2588 millia
1630 2536 1837 2598 castris,

550 2635 902 2698 Armatusque
933 2628 1094 2697 pedes
1127 2629 1314 2696 vulgus
1341 2628 1554 2681 vallavit
1586 2628 1810 2690 inerme,

550 2727 780 2794 Vespere
807 2708 915 2777 tum
949 2723 1120 2791 primo
1148 2721 1305 2775 stanti
1328 2719 1633 2775 assimulata
1664 2721 1855 2774 colunu
1879 2735 1907 2773 a

547 2817 800 2869 lnsistens
832 2829 963 2882 puro
996 2812 1318 2881 resplenduit
1355 2810 1554 2864 aethere
1580 2809 1791 2863 flamma
1825 2828 1835 2861 :

548 2906 659 2958 Non
690 2913 863 2957 tamen
897 2914 953 2956 ut
985 2912 1111 2955 noto
1140 2901 1311 2954 dirum
1344 2901 1502 2953 micat
1533 2901 1665 2969 ignis
1697 2901 1746 2952 in
1779 2915 1897 2961 axe,

548 2995 758 3050 l’rodita
792 3009 911 3049 cum
944 2994 1099 3047 terris
1127 2992 1248 3047 εωιί
1280 3000 1521 3061 portenta
1553 2994 1844 3053 minantur,

546 3087 649 3141 Seu
692 3084 890 3139 morbis
921 3084 1147 3146 tristem,
1178 3082 1436 3153 bellisque
1466 3096 1555 3135 aut
1586 3083 1822 3136 cladibus
1852 3098 2076 3145 annum;

545 3177 644 3232 Sed
669 3175 829 3231 radiis
854 3174 1078 3241 fulgens,
1108 3182 1161 3227 et
1183 3173 1382 3227 lumine
1404 3172 1625 3226 candida
1656 3172 1798 3236 iacto,

546 3266 787 3322 USIeudit
819 3264 1040 3318 nitidum
1072 3264 1259 3317 Castris
1295 3263 1609 3316 mirantibus
1640 3262 1833 3331 ignem.

549 3360 835 3429 Diffugiunt
865 3356 1116 3422 tenebrm,
1152 3356 1424 3424 vicinaque
1451 3355 1625 3408 sidera
1654 3355 1871 3407 cedunt.

548 3450 881 3516 Obstupuere
911 3447 1005 3499 viri
1035 3449 1282 3513 primum,
1319 3443 1603 3511 perterruit
1631 3458 1837 3507 omnes,

549 3538 877 3607 lncussitque
907 3547 1103 3591 metum
1136 3535 1368 3597 novitas,
1402 3542 1512 3586 tum
1542 3532 1757 3586 luminis
1783 3548 1910 3586 usus

550 3628 807 3682 Paulatim
846 3626 1066 3680 coelestc
1102 3622 1259 3692 iubar
1284 3620 1623 3675 commendat
1649 3623 1837 3673 amori.

618 3718 841 3773 Maxima
869 3728 1151 3769 nocturnas
1176 3714 1283 3781 iam
1315 3727 1436 3781 pars
1463 3723 1711 3781 exegerat
1743 3714 1922 3775 horas,

550 3813 615 3865 Et
642 3808 898 3864 volvenda
927 3808 1041 3862 dies
1073 3806 1303 3859 instabat
1329 3816 1472 3859 sorte
1500 3804 1821 3873 propinqua;

549 3910 867 3958 Cunctorum
908 3912 1031 3953 ante
1060 3898 1244 3952 oculo<
1275 3912 1367 3966 per
1392 3896 1585 3951 coelum
1611 3896 1722 3951 visa
1752 3899 1972 3961 moveri,

550 3990 892 4060 Arripuitque
924 3991 1061 4043 viam
1095 3986 1290 4057 populo
1333 3995 1613 4055 Spectaute
1641 3988 1904 4041 columna.

552 4084 799 4138 Protinus
826 4081 962 4135 hanc
993 4090 1172 4151 patres
1203 4079 1371 4132 sancti
1403 4093 1621 4132 sensere
1646 4078 1995 4146 sequendam,

550 4175 678 4228 Esse
706 4174 998 4241 ducemque
1024 4173 1245 4236 ducum;
1291 4170 1399 4224 laeti
1426 4184 1546 4223 mox
1578 4170 1804 4238 praesule
1834 4178 1975 4224 tanta

552 4267 824 4333 Abrnpere
851 4278 1048 4327 inuras,
1079 4262 1270 4315 castris
1298 4261 1560 4315 excedere
1592 4269 1817 4316 certant.

550 4355 695 4408 'l‘uuc
724 4362 779 4407 ut
801 4366 1023 4421 quaeque
1049 4352 1214 4403 tribus
1246 4353 1471 4418 primum
1502 4351 1687 4404 sortita
1713 4351 1952 4404 laborem

554 4446 746 4499 Ordine
776 4444 945 4510 carpit
976 4444 1097 4506 iter,
1126 4441 1365 4507 sequitur
1394 4450 1503 4493 tum
1532 4449 1723 4494 caetera
1756 4442 1939 4508 pubes.

623 4537 745 4587 llzcc
772 4535 907 4586 inter
938 4532 1139 4584 clarum
1167 4532 1375 4585 rediens
1405 4532 1493 4584 lux
1525 4533 1704 4599 pandit
1733 4533 2020 4601 olympum,

554 4626 753 4677 Flamm
791 4637 819 4674 a
850 4621 1089 4689 pallescit
1117 4630 1404 4689 conspecto
1433 4622 1546 4675 sole
1574 4622 1839 4676 columna.

558 4713 784 4765 Vertitur
814 4712 863 4762 in
894 4710 1084 4762 nubem
1116 4718 1253 4763 totus
1279 4711 1364 4777 qui
1397 4710 1615 4764 fulserat
1644 4710 1799 4779 ignis,

558 4802 659 4855 Sed
689 4800 867 4867 specie
888 4808 1093 4867 perstat
1125 4812 1285 4852 tensae
1316 4814 1476 4866 super
1503 4798 1699 4852 :ethera
1733 4801 1932 4852 formzc.

559 4895 731 4947 Tertia
762 4902 1047 4943 nocturnos
1073 4892 1366 4944 deterserat
1395 4891 1519 4941 hora
1551 4889 1804 4956 liquores,

560 4986 623 5036 Et
650 4982 933 5034 matutinas
961 4980 1223 5031 scandens
1252 4978 1330 5029 sol
1365 4978 1559 5030 viCerat
1590 4978 1802 5031 umbras
1828 4994 1841 5028 :

560 5075 693 5127 Ecce
725 5083 914 5123 novam
946 5068 1086 5120 dictu
1106 5106 1121 5131 ,
1156 5067 1291 5119 coelo
1320 5077 1522 5119 servata
1554 5081 1745 5119 sereno

562 5160 773 5229 Frigida
809 5158 1033 5211 ferventi
1060 5158 1207 5223 ittssa
1239 5166 1319 5207 est
1342 5170 1611 5220 opponere
1642 5155 1806 5208 nubes

561 5254 630 5307 Se
656 5249 822 5311 radio,
853 5247 1179 5314 densumque
1213 5254 1362 5313 parat
1389 5244 1699 5297 tenuissima
1731 5254 1958 5313 tegmen.

561 5343 650 5394 Sic
676 5337 1046 5404 «ircumjcctis,
1082 5337 1235 5390 tellus
1260 5338 1408 5404 queis
1437 5336 1587 5390 ardet
1613 5350 1729 5401 eoa,

562 5430 801 5487 Aistibus
830 5428 1034 5495 ignorat
1060 5427 1343 5493 genuinum
1374 5431 1521 5479 turba
1558 5426 1814 5490 calorem,

566 5521 813 5591 \‘esperis
842 5526 899 5571 ut
926 5514 1115 5570 credas
1147 5516 1247 5569 leui
1278 5531 1585 5584 respergere
1615 5517 1760 5582 flatu,

564 5611 761 5666 Blanda
792 5607 872 5661 vel
908 5606 1183 5657 humentes
1212 5603 1501 5656 diﬂundere
1535 5604 1727 5671 frigora
1757 5614 1961 5658 ventos.

565 5701 671 5755 Nec
701 5711 872 5752 tamen
904 5693 1035 5750 hanc
1064 5691 1252 5747 nubem
1287 5701 1421 5745 tetro
1449 5690 1642 5744 suffusa
1668 5693 1843 5747 calore

2140 446 2191 503 Α
2223 444 2409 498 Forma
2436 445 2617 508 dabat,
2653 457 2748 497 nec
2772 454 3025 497 coacrcto
3052 445 3129 498 sie
3158 444 3370 498 horrida
3400 447 3553 511 vultu,

2225 536 2289 589 Ut
2322 544 2519 589 terrent
2551 536 2753 589 validos
2784 551 2901 589 cum
2935 546 3180 605 promunt
3218 536 3396 589 nubifa
3426 539 3644 603 nimbos;

2219 626 2323 680 Sed
2352 627 2522 693 qualis
2547 626 2785 679 madidus
2814 627 2982 679 solem
3012 642 3133 679 cum
3161 626 3352 680 viderit
3381 643 3548 693 arcus,

2220 717 2384 770 Tanta
2423 717 2517 770 fuit
2550 718 2784 785 pulchra:
2815 718 3021 785 species
3047 710 3266 772 extenta
3296 720 3572 775 columuzr.

2222 804 2471 861 Noctibus
2500 809 2636 877 ignis
2658 819 2794 873 erat,
2830 809 3115 876 lumenque
3146 822 3370 862 accensa
3402 809 3619 876 ferebat;

2218 896 2347 951 Cum
2376 899 2452 952 sol
2483 907 2731 965 torreret,
2763 898 2921 967 gelidi
2957 898 3114 953 dabat
3146 898 3362 953 humida
3392 900 3544 954 roris.

2220 989 2327 1043 Has
2352 991 2703 1042 alternantem
2735 989 2937 1042 ducens
2972 1002 3093 1042 cum
3127 996 3363 1057 tempore
3386 1000 3579 1044 sortem

2221 1082 2438 1136 Mutavit
2469 1091 2655 1135 natura
2686 1082 2851 1147 vices,
2879 1081 3172 1135 substantia
3203 1081 3409 1135 discors

2220 1172 2527 1225 Muneribus
2558 1172 2784 1239 pr0priis
2814 1173 3137 1226 concordem
3165 1172 3397 1226 reddidit
3422 1187 3592 1228 usum.

2218 1262 2271 1318 Si
2300 1279 2450 1317 mans
2475 1273 2515 1323 t,
2549 1278 2792 1317 mansere
2821 1263 2948 1327 viri;
2980 1263 3024 1317 si
3056 1270 3219 1324 mota,
3248 1263 3435 1317 secuti.

2221 1354 2275 1405 Si
2304 1353 2480 1406 multis
2510 1354 2669 1406 etiam
2700 1356 2809 1407 visa
2841 1362 2923 1407 est
2955 1355 3188 1421 pendere
3214 1354 3423 1407 diebus.

2220 1446 2440 1498 Sulnlita
2471 1447 2644 1498 defixo
2670 1447 2947 1499 tardabant
2971 1448 3176 1513 agmina
3203 1447 3359 1499 vallo.

2292 1535 2391 1587 Ista
2423 1534 2763 1599 quaterdenis
2790 1536 2958 1601 pietas
2986 1552 3091 1604 peri
3115 1537 3288 1589 rebuit
3308 1536 3479 1600 annis,

2221 1628 2354 1680 Dum
2386 1637 2560 1680 vastos
2588 1629 2753 1681 eremi
2786 1631 2975 1693 curris,
3005 1628 3208 1690 Judma,
3245 1642 3511 1693 recessus,

2225 1723 2404 1776 Vincla
2440 1722 2626 1787 pedum
2661 1723 2905 1775 lirmante
2932 1722 3038 1786 via,
3069 1722 3197 1773 dum
3224 1730 3463 1786 tempore
3495 1727 3634 1772 tanto

2153 1796 2194 1853 Β
2224 1813 2335 1867 Non
2370 1815 2545 1865 attrita
2576 1827 2729 1865 suum
2754 1821 3029 1867 servarent
3056 1813 3286 1880 tegmina
3321 1810 3546 1879 pondus,

2222 1906 2543 1971 Mollitiequc
2576 1919 2707 1957 nova
2736 1904 2893 1973 prisci
2920 1903 3178 1957 durantur
3206 1902 3453 1956 amictus.

2221 1994 2310 2051 Sic
2344 1997 2576 2063 longtcva
2611 1994 2747 2049 faret
2770 2039 2783 2062 ,
2816 1994 2954 2063 quod
2984 2009 3089 2047 non
3117 1994 3371 2047 damnosa
3400 2002 3649 2047 vetustas.

2223 2090 2355 2141 Dum
2380 2103 2588 2141 sacrum
2620 2088 2815 2156 populo
2848 2089 3045 2141 victum
3078 2086 3355 2141 candentia
3386 2101 3577 2140 manna

2222 2180 2466 2240 Ferrent,
2492 2188 2544 2232 et
2565 2179 2684 2233 εαξη
2712 2178 2912 2247 frugem
2939 2189 3146 2232 terrena
3174 2178 3439 2231 viderent.

2222 2269 2322 2322 Per
2348 2283 2503 2337 quam
2528 2268 2767 2321 sublimis
2794 2268 3106 2334 prtediceret
3131 2278 3253 2320 ante
3282 2268 3445 2336 ﬁgura

2223 2358 2499 2413 Edendum
2532 2373 2594 2411 ex
2628 2367 2778 2411 utero
2810 2374 2996 2426 purum
3033 2358 3147 2413 sine
3176 2358 3380 2411 semine
3408 2370 3615 2424 corpus.

2220 2450 2335 2516 Quo
2367 2459 2579 2518 caperet
2612 2450 2873 2516 pascenda
2902 2450 3047 2503 salus
3073 2451 3140 2503 de
3164 2448 3291 2503 sede
3330 2459 3554 2517 superna

2221 2540 2472 2595 lllabente
2503 2540 2610 2594 Deo
2637 2539 2834 2593 sanctis
2860 2540 3117 2595 altaribus
3140 2555 3314 2594 escas.

2222 2629 2332 2684 Hoc
2359 2632 2509 2699 signo
2536 2644 2775 2684 summus
2804 2644 3049 2699 percussa
3082 2646 3214 2699 rupe
3243 2631 3491 2686 sacerdos

2222 2721 2447 2775 Protulit
2476 2724 2701 2789 irriguos
2728 2722 2935 2790 populis
2962 2722 3264 2777 sitientibus
3291 2722 3524 2775 haustus.

2127 2845 2138 2859 .
2220 2812 2488 2866 Christum
2528 2826 2755 2882 namque
2786 2812 2932 2867 vides
2961 2813 3202 2867 stabilem
3240 2813 3533 2867 consistere
3560 2820 3761 2880 petram,

2222 2904 2511 2957 Percussus
2538 2903 2717 2971 iaculo
2747 2903 2922 2971 largas
2947 2903 3034 2970 qui
3067 2903 3290 2971 pra-linit
3321 2902 3509 2962 undas,

2140 3024 2161 3041 .
2222 2991 2568 3060 Parrexitque
2593 2992 2703 3045 suis
2733 3006 2888 3045 sacro
2915 2991 2980 3045 de
3006 2993 3228 3044 vulnere
3260 3001 3461 3058 potum.

2292 3082 2501 3135 llcbrrei
2534 3082 2733 3136 interea
2763 3080 2871 3135 lani
2903 3082 3132 3135 ducente
3157 3080 3407 3134 columna

2145 3142 2188 3203 Ο
2223 3172 2323 3226 Per
2352 3182 2519 3226 terras
2542 3186 2749 3241 gressu,
2778 3186 2871 3239 per
2896 3172 3088 3225 coelum
3123 3172 3319 3224 visibus
3346 3170 3513 3224 ibant.

2224 3263 2361 3317 Ecce
2390 3262 2579 3317 iterum
2608 3263 2811 3317 Phariis
2841 3264 3035 3317 insedit
3060 3262 3327 3317 mentibus
3358 3262 3457 3325 ira,

2223 3356 2285 3409 Et
2315 3356 2539 3423 papulus
2564 3357 2680 3409 sine
2709 3370 2856 3410 more
2889 3356 3035 3410 ferox
3068 3357 3150 3408 bis
3184 3354 3407 3409 vocibus
3436 3362 3620 3417 armat,

2221 3445 2454 3499 Tandem
2481 3455 2775 3513 postremos
2801 3447 2971 3499 vicina
3000 3456 3169 3500 mone
3199 3440 3440 3499 furores:

2222 3537 2265 3589 Ο
2293 3536 2509 3590 nimium
2537 3552 2563 3589 s
2592 3538 2713 3589 ultis
2743 3538 2756 3590 i
2783 3539 2969 3591 ludens
2999 3538 3264 3590 mentibus
3291 3550 3463 3601 error,

2224 3630 2615 3699 Praestigiaeque
2645 3630 2775 3684 satis
2802 3631 3054 3685 nebulosa
3086 3630 3139 3683 in
3173 3629 3358 3683 fraude
3388 3639 3630 3697 ρει-λειω.

2220 3718 2407 3772 Nonne
2436 3720 2597 3787 pudet
2629 3720 2873 3773 famulam
2908 3719 3054 3773 nullo
3081 3720 3373 3773 certamine
3404 3726 3614 3787 gentem

2224 3807 2312 3863 Sic
2339 3808 2552 3876 impune
2582 3808 2715 3877 rapi,
2739 3809 2878 3877 quod
2913 3808 3124 3861 nemine
3151 3808 3380 3872 praesule
3408 3816 3583 3861 tantus

2224 3896 2465 3951 Deseruit
2493 3912 2687 3951 vacuas
2716 3897 2999 3952 discedens
3028 3898 3208 3950 accola
3245 3906 3419 3951 terras
3434 3896 3470 3961 ἲ,

2223 3986 2362 4041 Rura
2393 3998 2600 4055 vacant,
2627 3991 2816 4056 emptis
2842 3987 3110 4041 desistunt
3136 3986 3329 4055 oppida
3359 3985 3540 4039 muris.

2221 4079 2333 4133 Non
2366 4079 2577 4131 solitum
2605 4080 2879 4145 consurgit
2908 4093 3060 4147 Opus,
3086 4092 3184 4130 nec
3208 4076 3382 4130 cultor
3410 4075 3462 4129 in
3485 4073 3618 4142 agris

2224 4170 2452 4223 Exercet
2483 4170 2682 4223 validos
2712 4170 2892 4222 attrito
2918 4170 3079 4223 dente
3110 4169 3335 4238 ligones.

2222 4260 2485 4313 Turbidus
2511 4269 2675 4313 exact:
2701 4276 2727 4313 r
2753 4276 2779 4314 s
2803 4260 2915 4322 luit,
2949 4260 3199 4326 nulloque
3231 4259 3457 4311 tumultu

2224 4350 2447 4404 Fervida
2474 4359 2755 4404 consuetos
2786 4361 3031 4417 repetunt
3065 4350 3353 4418 suSpendia
3379 4360 3586 4403 census.

2221 4442 2357 4507 Quin
2386 4441 2560 4511 potius
2585 4444 2806 4508 sumptis
2836 4444 3102 4497 exercitus
3132 4442 3303 4495 irruat
3330 4441 3511 4505 armis,

2146 4501 2198 4560 Β
2224 4501 2603 4600 linbeliemque
2631 4501 2863 4597 manum,
2892 4531 3251 4601 profugosque
3279 4501 3509 4586 reducat
3527 4529 3759 4582 alumnos.

2224 4621 2367 4684 Quos
2396 4621 2438 4673 si
2466 4621 2677 4674 servilis
2707 4629 2906 4674 tantum
2936 4621 3273 4674 succenderit
3303 4634 3490 4684 ausus,

2226 4710 2292 4763 Ut
2323 4710 2438 4763 telis
2468 4719 2673 4764 certare
2700 4711 2884 4773 velint,
2919 4726 3044 4763 mox
3075 4711 3288 4763 occidat
3314 4709 3491 4763 omnis

2224 4800 2447 4852 Confusa
2470 4814 2586 4853 cum
2623 4800 2775 4868 plebe
2804 4814 2991 4853 manus
3021 4819 3032 4852 :
3062 4800 3393 4855 ferventibus
3418 4798 3575 4854 armis

2226 4890 2503 4943 Permixtac
2534 4901 2751 4959 pereant
2779 4892 3028 4946 confesso
3057 4904 3273 4961 pectore
3304 4903 3523 4956 matres,
3602 4884 3609 4887 ⁷

2228 4979 2485 5033 Uberibus
2510 4982 2723 5048 iunctos
2750 4980 3015 5050 conligant
3046 4983 3249 5049 spicula
3280 4992 3455 5038 natos.

2228 5067 2435 5121 Prolem
2460 5071 2681 5138 quisque
2709 5085 2857 5124 suam
2890 5085 3114 5124 cernens
3144 5080 3270 5125 ante
3298 5086 3393 5125 ora
3424 5069 3701 5125 cadentem.

2225 5157 2427 5210 Ublatis
2457 5168 2601 5227 Optet
2621 5159 2813 5228 iugulis
2843 5174 3157 5214 succurrere
3188 5170 3442 5215 mortem.

2226 5246 2477 5301 Orbatum
2507 5260 2715 5303 nostros
2740 5249 2899 5303 faciat
2925 5250 3092 5305 libare
3119 5250 3339 5306 dolores

2230 5338 2421 5392 Ultima
2448 5355 2564 5394 sors
2589 5342 2836 5407 populum
2863 5356 2877 5396 τ
2908 5344 2987 5398 sic
3023 5344 3208 5398 vivens
3237 5344 3419 5398 omnia
3451 5340 3645 5412 perdat.

2225 5429 2357 5482 Tum
2393 5441 2604 5497 pereat;
2637 5435 2798 5486 densa
2824 5435 2999 5502 campi
3025 5434 3124 5488 sub
3148 5442 3329 5504 strage
3351 5435 3588 5502 iacentes

2226 5517 2385 5569 Tristi
2415 5520 2747 5573 committant
2778 5522 3048 5576 inhumata
3080 5523 3343 5577 cadavera
3374 5523 3530 5577 cado.

2227 5605 2351 5657 Inde
2376 5607 2460 5659 ubi
2485 5607 2591 5675 iam
2620 5620 2757 5664 totos
2784 5615 3060 5666 satimerit
3090 5628 3219 5667 ense
3243 5613 3478 5675 furores,

2228 5694 2306 5747 Th
2343 5709 2527 5753 sauros
2554 5712 2765 5755 revocet
2805 5702 3066 5764 fugientes
3096 5705 3323 5760 dextera
3346 5706 3556 5760 victrix.
