4024 6172
255 344 344 400 ’56Γὲ
1527 328 1844 388 coeunt)

1945 330 2145 385 LIBER
2190 331 2249 383 ν.
3406 340 3510 393 566

313 459 531 512 Talibus
552 457 757 512 excitas
780 456 1041 511 acuebant
1064 453 1273 509 ﬂatibus
1306 452 1434 517 iras,

256 553 504 607 Irridente
536 551 667 615 Deo,
703 549 849 602 solus
875 548 962 616 qui
1000 546 1225 616 despicit
1254 559 1466 598 Omnem

256 645 506 699 COnalttnt
544 642 713 712 rigido
745 639 1088 693 meditantem
1118 652 1249 690 vana
1280 637 1489 697 timore,

255 736 647 803 Consiliumque
679 733 869 786 ducum
901 739 1111 784 cassato
1139 728 1359 796 dissipat
1388 735 1532 779 actu.

256 827 387 895 Ergo
415 826 552 880 bella
586 832 794 893 rogant,
831 822 1047 875 fervens
1080 820 1216 887 rapit
1245 834 1392 873 arma
1420 818 1690 887 juventus,

255 923 575 991 spumantes
604 917 867 969 ducuntur
896 913 1040 982 equi,
1079 911 1416 979 phalerisque
1449 917 1690 978 potentes

256 1009 596 1078 Suspendunt
621 1006 827 1060 alacres
856 1003 1193 1073 splendentia
1221 1002 1369 1055 frena
1395 1000 1618 1070 jugales.

256 1103 469 1167 Pugna:
506 1111 695 1166 pompa
723 1096 873 1159 nitet,
908 1094 1179 1161 subjectos
1205 1090 1450 1145 curribus
1475 1105 1601 1145 axes

262 1200 458 1245 Aurato
493 1199 706 1244 temone
735 1186 985 1249 trahunt;
1020 1196 1129 1237 tum
1160 1194 1350 1237 castera
1391 1184 1557 1250 pubes

258 1282 498 1340 Induitur
519 1281 728 1349 calybe,
754 1287 844 1331 aut
864 1276 1007 1330 fulvo
1033 1276 1397 1331 circumdatur
1421 1290 1548 1330 tere.

258 1375 310 1425 lli
344 1376 638 1425 loricarum
670 1378 818 1423 vasto
850 1368 948 1422 sub
976 1366 1205 1436 tegmine
1234 1368 1486 1436 gaudent,

259 1463 448 1517 lntexit
472 1461 665 1515 creber
691 1460 908 1515 sibimet
936 1473 1067 1527 quas
1095 1458 1329 1512 circulus
1360 1458 1589 1518 haerens,

262 1558 436 1621 Atque
475 1551 713 1605 catenosi
742 1549 1005 1617 crepitant
1032 1563 1124 1617 per
1150 1562 1375 1615 corpora
1409 1547 1589 1617 panni.

261 1647 349 1697 Ast
378 1643 504 1696 aliis
533 1643 676 1696 tenui
700 1655 1027 1695 concurrens
1062 1638 1264 1691 lumina
1287 1638 1452 1702 ferro,

259 1736 361 1801 Qua
394 1750 457 1788 se
490 1732 774 1788 succiduas
797 1730 1021 1801 junctim
1051 1730 1343 1784 scandente
1375 1744 1468 1796 per
1494 1742 1615 1782 oras

262 1827 545 1891 Flectitur,
576 1825 745 1879 assuti
773 1834 947 1879 crates
976 1833 1249 1890 compacta
1280 1820 1480 1874 metalli

260 1920 559 1974 llorrentes
586 1916 799 1970 habitus
826 1915 1037 1969 diversa
1072 1915 1263 1968 fecerat
1294 1922 1425 1967 arte.

264 2013 326 2067 Et
353 2023 541 2067 tamen
566 2010 849 2064 ardentum
878 2015 1067 2061 cuncta
1102 2006 1241 2059 inter
1268 2004 1370 2058 tela
1400 2006 1638 2058 virorum

260 2102 547 2157 Terribilis
579 2101 695 2169 plus
726 2099 889 2153 forma
924 2097 1018 2150 fuit
1046 2113 1059 2149 :
1091 2097 1209 2164 quis
1238 2109 1471 2163 namque
1501 2094 1733 2148 furentes

262 2199 509 2265 Spectet,
542 2209 676 2262 quos
710 2193 860 2245 laetos
891 2190 981 2243 vix
1011 2189 1175 2257 possit
1212 2203 1434 2241 cernere
1462 2187 1672 2241 vultus?

261 2288 489 2343 Inclusa:
516 2284 683 2355 galeis
708 2284 891 2346 facies,
917 2291 972 2335 et
995 2281 1167 2334 ferrea
1192 2282 1358 2332 vestis

262 2378 523 2432 Ciaxerat
546 2377 710 2429 iratas
736 2386 1008 2427 armorum
1043 2372 1159 2425 luce
1189 2368 1459 2423 tenebras.

268 2468 623 2537 Progreditur
646 2464 868 2519 collecta
906 2475 1125 2525 manus;
1158 2477 1249 2515 rex
1283 2462 1396 2528 ipse
1426 2460 1711 2513 frementes

262 2560 436 2614 Curru
468 2557 616 2627 cogit
654 2570 851 2624 equos;
897 2553 1018 2607 telis
1049 2563 1226 2605 tamen
1267 2550 1498 2620 undique
1526 2562 1707 2620 septus

264 2650 515 2714 Delituit,
545 2645 1030 2701 densamreddunt
1061 2641 1272 2696 hastilia
1301 2641 1515 2696 silvam.

264 2742 588 2795 Concutitur
618 2736 825 2805 pulsata
860 2734 992 2788 rotis
1021 2741 1076 2788 et
1108 2732 1341 2801 pondere
1373 2732 1551 2795 tellus,

266 2832 600 2901 Angustavit
628 2828 844 2881 humum
871 2827 1031 2881 latam
1061 2827 1254 2895 stipata
1276 2828 1547 2895 juventus,

268 2920 665 2988 Coactusitque
692 2918 835 2984 vias;
862 2918 1123 2987 quidquid
1154 2916 1367 2972 virtutis
1391 2917 1589 2973 habere

268 3014 548 3083 Egypttts
581 3010 770 3080 potuit,
806 3019 972 3064 totum
1006 3025 1152 3063 mors
1184 3009 1421 3077 proxima
1452 3008 1617 3062 ducit.

338 3105 613 3159 Iunxerat
646 3104 867 3166 interea,
906 3109 1067 3169 ponto
1097 3115 1196 3169 qua
1229 3101 1504 3169 Magdalus
1534 3101 1712 3164 instat,

269 3198 541 3252 llebrazus
565 3197 791 3264 pupulus
822 3196 1060 3247 rubranti
1082 3202 1255 3247 castra
1286 3192 1569 3263 profundo,

270 3289 485 3342 Evasos
520 3287 749 3341 credens
771 3285 972 3339 securis
1004 3284 1270 3339 mentibus
1299 3285 1500 3337 hostes.

270 3378 407 3430 Dum
441 3376 703 3438 resident,
738 3375 948 3443 fixaque
976 3383 1163 3444 parant
1188 3375 1528 3444 requiescere
1556 3374 1713 3439 vallo,

266 3467 520 3520 Cernunt
548 3464 828 3533 pulvereas
852 3464 904 3517 in
932 3465 1123 3519 caelum
1152 3479 1373 3532 surgere
1402 3465 1594 3518 nubes.

268 3561 560 3615 Cunctatis
586 3560 813 3625 primum
842 3573 965 3613 mox
988 3559 1194 3627 agmina
1224 3574 1360 3612 saeva
1386 3568 1682 3627 patescunt,

268 3653 388 3705 Non
418 3662 604 3705 tamen
638 3650 873 3705 infensas
900 3651 1096 3719 patitur
1124 3650 1458 3706 committere
1489 3665 1663 3717 partes

270 3744 404 3797 Sole
435 3744 544 3798 sub
567 3742 791 3797 occiduo
815 3741 1018 3796 vicinus
1044 3742 1219 3811 prmlia
1252 3758 1461 3810 vesper.

271 3834 499 3887 Distulit
536 3835 586 3886 in
613 3833 782 3887 lucem
811 3834 1033 3887 vallatus
1068 3834 1205 3888 bella
1238 3843 1512 3903 tyrannus.

272 3926 339 3978 Et
369 3927 491 3980 fors
530 3924 779 3979 ardentes
813 3926 1046 3978 nondum
1079 3936 1445 3993 compesceret
1477 3925 1603 3989 iras,

266 4014 387 4069 Nec
412 4028 640 4068 servare
666 4014 811 4068 furor
842 4016 1100 4081 potuisset
1132 4014 1329 4069 foedera
1361 4016 1526 4079 nocti,

268 4107 664 4174 Auroramque
686 4106 815 4160 velit
834 4107 991 4160 motis
1023 4106 1327 4176 praecedere
1354 4106 1538 4176 signis,

272 4198 572 4252 Flammea
600 4200 649 4250 ni
679 4205 822 4251 retro
848 4198 1145 4252 subsistens
1178 4198 1312 4252 forte
1336 4198 1582 4251 columna

269 4287 513 4355 Objectu
549 4285 727 4340 medio
750 4297 932 4353 gentes
954 4285 1281 4341 discerneret
1300 4288 1506 4341 ambas.

267 4376 674 4444 Contemplans
698 4392 788 4429 rex
812 4377 924 4445 ipse
948 4386 1122 4431 tamen
1156 4378 1397 4433 mirabile
1427 4380 1625 4447 lumen,

270 4466 363 4522 Sic
392 4468 581 4536 ignem
606 4467 815 4530 metuit,
848 4465 989 4535 quod
1018 4480 1174 4520 sensu
1209 4466 1443 4521 fervidus
1469 4469 1636 4522 ardet.

268 4557 661 4627 Paulatimque
688 4559 820 4611 muri
847 4573 949 4611 non
981 4558 1212 4624 profuit:
1244 4558 1348 4611 itur
1376 4558 1440 4611 ad
1469 4574 1627 4612 unam

267 4649 411 4715 Quae
445 4647 667 4703 claudat
696 4656 917 4701 cunctos
946 4647 1130 4716 pelago
1156 4648 1423 4716 pandente
1458 4649 1684 4703 ruinam.

344 4740 526 4794 Plebs
560 4740 788 4808 trepidat
815 4738 1063 4793 conclusa
1088 4739 1229 4807 loco,
1259 4740 1522 4808 ﬁnemque
1552 4750 1792 4809 sequenti

267 4830 584 4897 EXSPCClai
615 4830 891 4898 pavefacta
920 4829 1028 4894 die,
1057 4844 1167 4884 ηοιι
1199 4831 1321 4891 tela,
1359 4846 1459 4885 nec
1484 4833 1617 4886 ullas

264 4920 567 4975 Bellorum
599 4920 781 4972 molita
811 4920 972 4983 vices,
1006 4920 1099 4974 sed
1129 4934 1258 4976 voce
1282 4921 1453 4975 levata

266 5011 522 5063 Vatibus
554 5011 810 5063 insistens
841 5025 854 5062 :
884 5011 1135 5080 Uterque
1156 5020 1448 5080 quaterque
1474 5012 1612 5066 beati
1638 5052 1654 5076 ,

259 5100 559 5171 Egyptus
583 5115 718 5168 quos
742 5109 911 5153 morte
938 5101 1077 5164 tulit,
1113 5101 1300 5155 tellure
1332 5101 1415 5154 vel
1438 5102 1610 5170 ampla

263 5192 501 5246 Urnam
532 5190 796 5244 defunctis
827 5205 1070 5258 suprema
1097 5202 1240 5244 sorte
1273 5192 1513 5259 paravit!

262 5282 445 5350 Digni
483 5281 573 5349 qui
608 5289 781 5333 tantos
806 5290 1072 5349 nequeant
1101 5282 1301 5334 sentire
1328 5281 1561 5343 dolores,

258 5377 385 5429 Nec
420 5382 666 5440 stragem
697 5372 882 5440 prolis,
916 5372 997 5425 vel
1028 5372 1244 5440 pignora
1273 5382 1422 5441 capta
1444 5371 1645 5426 videre.

255 5464 527 5521 Alitibus
563 5478 660 5517 nos
691 5478 809 5518 esca
839 5463 967 5527 dati,
994 5478 1092 5517 nec
1116 5463 1242 5518 sede
1268 5466 1494 5534 sepulcri

254 5556 526 5610 Condita
556 5553 770 5607 deserto
794 5554 1069 5608 solventur
1094 5569 1317 5623 corpora
1346 5566 1517 5611 vasto.

250 5648 429 5701 Talia
468 5658 605 5698 voce
628 5644 759 5708 viri;
797 5643 1067 5713 respondit
1096 5644 1327 5700 luctibus
1354 5660 1515 5701 omne

251 5739 525 5805 Vulgus,
546 5743 595 5787 et
620 5748 842 5789 accenso
864 5734 1120 5803 persultat
1151 5735 1302 5791 turba
1327 5736 1571 5791 tumultu.

1858 450 1905 503 Α
2007 445 2137 499 Tum
2162 446 2330 499 sancti
2361 459 2574 515 erepere
2597 445 2761 501 duces
2794 448 3049 516 promissa
3078 448 3298 513 referre,

1939 537 2220 604 Solarique
2249 546 2473 599 metum,
2507 536 2767 605 ﬂetusque
2791 540 3095 609 abstergere
3122 541 3295 595 dictis.

1938 626 2259 693 Quaesumus
2291 628 2523 696 ingratos
2552 627 2801 695 deponite
2833 642 3010 683 mente
3043 631 3284 696 timores,

1940 717 2160 786 Experti
2191 719 2417 770 multum
2442 732 2541 772 nec
2569 718 2901 787 desperanda
2930 722 3125 789 putetis

1938 810 2066 877 Quae
2108 811 2269 864 tantis
2296 810 2563 878 spondent
2590 812 2828 866 cmlestia
2858 829 3077 868 munera
3105 815 3289 883 signis.

1942 903 2191 959 Infidisne
2220 912 2392 973 potest
2418 904 2554 958 elabi
2583 905 2835 960 cordibus
2860 922 3091 977 unquam

1940 993 2197 1064 A‘Sgyptus
2222 1003 2298 1049 tot
2325 1008 2462 1050 caesa
2491 996 2668 1059 malis,
2700 996 2943 1067 interque
2964 999 3171 1068 ﬂagella

1940 1088 2306 1143 Succumbens
2324 1105 2442 1158 qua:
2468 1090 2636 1145 sensit
2659 1090 2875 1159 humus,
2896 1107 3012 1159 vos,
3031 1105 3325 1164 cunei-que
3348 1108 3517 1155 vestra

1943 1181 2159 1235 Afﬂicto
2190 1197 2355 1251 regno
2384 1183 2558 1237 salvos
2586 1184 2788 1239 vixisse
2816 1186 2917 1238 snb
2950 1185 3141 1241 hoste?

1943 1271 2080 1337 Quid
2110 1272 2177 1325 de
2201 1272 2481 1326 transactis
2507 1273 2753 1327 dicatur?
2782 1274 2981 1343 Nempe
3005 1276 3200 1331 videtis

1948 1362 2014 1416 Ut
2046 1363 2373 1417 mediatricis
2397 1372 2547 1417 curet
2576 1364 2735 1417 tutela
2768 1367 3054 1430 columnae,

1946 1453 2023 1507 Ne
2047 1453 2169 1520 quid
2199 1454 2264 1507 ab
2287 1454 2511 1509 adversa
2536 1454 2695 1508 liceat
2716 1469 2813 1509 nos
2847 1455 3028 1509 fraude
3053 1458 3243 1510 vereri.

1948 1543 2087 1609 Quin
2118 1544 2288 1613 magis
2319 1553 2527 1599 erectas
2552 1544 2703 1598 ﬂrtna
2734 1560 2828 1614 spe
2861 1546 3027 1609 tollite
3054 1556 3281 1601 mentes.

1950 1634 2144 1689 Ultima
2171 1649 2402 1703 namque
2424 1635 2537 1688 dies
2564 1636 2739 1690 defixa
2771 1645 2854 1690 est
2884 1637 3117 1691 crastina
3146 1638 3310 1708 genti,

1951 1726 2080 1793 Quze
2109 1741 2251 1780 nunc
2276 1726 2411 1781 bella
2437 1742 2666 1797 crepans
2698 1729 2928 1795 sumptis
2957 1730 3178 1783 conlidit
3208 1730 3259 1783 in
3289 1728 3479 1794 armis,

1882 1808 1926 1867 Β
1955 1820 2066 1873 Non
2090 1820 2167 1874 sic
2196 1835 2369 1889 pugna
2395 1818 2550 1885 feret,
2578 1834 2674 1874 nec
2698 1821 2821 1875 telis
2850 1823 2951 1875 tela
2989 1820 3177 1876 feretis

1952 1910 2140 1977 Obvia,
2170 1926 2269 1965 nec
2302 1922 2475 1965 vestro
2502 1911 2652 1966 vobis
2682 1914 2878 1966 sudore
2914 1912 3217 1982 triumphus

1954 2003 2064 2057 Hac
2094 2004 2210 2057 vice
2235 2004 2551 2072 proveniet;
2584 2003 2708 2058 cceli
2736 2004 3053 2073 pugnabitur
3075 2004 3176 2068 ira,

1952 2098 2065 2163 Qua
2097 2097 2247 2151 vobis
2271 2096 2478 2166 placido
2509 2106 2830 2166 peragentur
2853 2099 3033 2166 prmlia
3066 2107 3220 2152 nutu.

2026 2189 2243 2243 Talibus
2272 2189 2460 2242 intenti
2490 2198 2641 2242 vates
2672 2188 2881 2257 dejecta
2912 2189 3161 2244 levabant

1959 2280 2131 2335 Corda
2161 2280 2351 2348 virum,
2378 2287 2567 2335 sancta
2597 2281 2845 2336 sedantes
2870 2297 2999 2336 voce
3029 2283 3296 2337 timorem.

1957 2374 2026 2428 At
2051 2381 2266 2440 pontum
2299 2372 2509 2426 validus
2538 2372 2767 2427 ferventi
2797 2373 3011 2427 ﬂamine
3038 2384 3223 2428 ve.:tus

1957 2460 2179 2528 Urebat,
2207 2470 2314 2515 tota
2342 2476 2665 2517 consumens
2694 2472 2852 2517 nocte
2882 2464 3230 2534 profundum,

1956 2550 2153 2606 Contra
2180 2562 2427 2607 naturam
2457 2553 2681 2608 Genitor
2705 2553 2829 2608 dum
2857 2555 3099 2609 fulminat
3131 2557 3324 2623 undas,

1959 2643 2126 2698 Ardet
2165 2653 2219 2698 et
2250 2642 2463 2698 afﬂatus
2495 2659 2751 2712 percusso
2783 2645 2832 2698 in
2858 2647 3067 2714 gurgite
3097 2646 3311 2701 ﬂuctus.

1960 2733 2073 2788 Jant
2104 2737 2417 2789 matutinum
2448 2748 2767 2804 pervenerat
2799 2737 3014 2791 horrida
3047 2751 3255 2808 tempus

1963 2825 2058 2877 Vix
2091 2827 2250 2888 acies,
2280 2826 2587 2894 primosque
2619 2828 2796 2881 nitens
2825 2843 3017 2882 aurora
3050 2832 3275 2884 rubores

1961 2915 2253 2984 Spargebat
2289 2917 2509 2983 mundo,
2537 2918 2687 2970 tetris
2716 2918 2840 2971 dum
2868 2921 3110 2987 protinus
3142 2937 3331 2976 omines

1962 3008 2258 3076 Erumpunt
2291 3008 2510 3073 castris,
2561 3009 2738 3063 fremit
2766 3010 2999 3080 undique
3026 3021 3167 3065 mota
3196 3013 3470 3081 juventus.

1963 3101 2031 3154 At
2062 3099 2261 3168 pavida:
2294 3101 2458 3169 plebis
2487 3110 2760 3169 postquam
2792 3104 3032 3171 pervenit
3053 3105 3119 3158 ad
3147 3121 3328 3170 aures.

1886 3170 1931 3230 δ
1964 3189 2376 3258 Clangentisque
2399 3190 2539 3244 tuba:
2570 3170 2828 3259 percussit
2858 3200 3071 3260 pectora
3104 3203 3294 3258 terror,

1964 3280 2241 3349 Arripiunt
2262 3291 2595 3351 carpuntque
2618 3283 2779 3350 viam,
2809 3299 2910 3354 qua
2940 3285 3182 3352 proxima
3216 3292 3361 3356 ponti

1963 3371 2167 3426 Littora
2190 3372 2473 3426 sollicitant
2499 3375 2661 3427 rubro
2689 3373 2938 3444 insignita
2962 3375 3187 3445 liquore.

2035 3462 2102 3518 Ut
2132 3477 2370 3517 summas
2401 3464 2571 3533 pelagi
2598 3465 2825 3533 populus
2855 3466 3103 3535 pervenit
3124 3466 3189 3521 ad
3219 3480 3369 3532 Oras,

1965 3554 2142 3608 Cessit
2166 3555 2447 3609 confestim
2472 3555 2614 3610 ducti
2646 3558 2947 3611 reverentia
2976 3557 3187 3625 ﬂuctus,

1966 3644 2333 3715 Expanditque
2360 3648 2517 3711 viam,
2550 3647 2633 3700 cui
2669 3657 2866 3702 terram
2899 3649 3167 3705 clauserat
3209 3652 3400 3709 hostis.

1966 3736 2233 3804 Machina,
2277 3737 2532 3806 pendenti
2560 3740 2755 3793 struxit
2782 3754 2941 3809 quam
2967 3755 3126 3796 scena
3160 3742 3403 3812 liquoris,

1967 3828 2225 3884 Frenatas
2252 3830 2397 3884 celso
2430 3831 2787 3897 suspenderat
2817 3846 2941 3886 aere
2970 3832 3234 3901 lymphas.

1969 3921 2289 3988 Aggreditur
2312 3921 2543 3975 medium
2569 3921 2795 3990 fugiens,
2834 3925 3158 3991 vincensque
3190 3938 3478 3992 sequentes

1970 4011 2111 4067 Gens
2134 4013 2306 4066 electa
2331 4013 2444 4078 Dei,
2481 4015 2648 4081 figens
2678 4014 2897 4082 vestigia
2928 4016 3088 4069 terris

1968 4104 2024 4158 In
2049 4105 2264 4173 regione
2293 4106 2475 4166 maris,
2504 4106 2779 4157 calcantur
2802 4120 2926 4158 saxa
2958 4107 3229 4174 profundi,

1967 4194 2204 4249 Conterit
2234 4202 2288 4247 et
2310 4194 2505 4247 nudum
2536 4208 2854 4263 percurrens
2877 4196 3049 4249 orbita
3077 4197 3282 4252 limum.

1967 4287 2227 4343 Toiridus
2250 4294 2523 4354 aspectum
2556 4286 2739 4339 scissis
2765 4285 2844 4339 Sol
2878 4286 3068 4340 inserit
3093 4289 3266 4352 undis,

1969 4378 2312 4446 lgnotamque
2335 4390 2472 4430 novo
2498 4377 2718 4445 contigit
2747 4376 2945 4430 lumine
2971 4386 3192 4441 terram;

1971 4468 2199 4535 Longior
2227 4477 2279 4521 et
2304 4466 2481 4520 radius
2511 4467 2738 4533 spatium
2769 4466 3093 4521 descendere
3125 4477 3330 4523 tantum

1896 4531 1947 4590 ο
1970 4559 2227 4619 Cet-tavit,
2259 4558 2563 4626 fessumque
2585 4557 2737 4623 jubar
2763 4557 2849 4610 vix
2880 4557 3059 4612 intulit
3087 4558 3227 4613 imis.

2042 4647 2287 4702 Credidit
2314 4648 2559 4701 exclusos
2592 4648 2844 4715 prinum,
2876 4646 3148 4717 ﬂuctuque
3174 4650 3421 4719 repulsos

1974 4742 2137 4809 Inque
2168 4741 2343 4811 fugam
2374 4755 2563 4795 versos
2591 4740 2814 4794 Pharius
2844 4741 2974 4795 dare
3006 4750 3149 4812 terga
3183 4751 3467 4813 tyrannus.

1974 4831 2315 4900 Praecipitare
2346 4845 2523 4885 moras
2552 4831 2639 4884 tali
2658 4830 2809 4898 jubet
2837 4831 3046 4898 agmina
3068 4832 3233 4887 verbo
3260 4850 3275 4888 :

1978 4924 2114 4977 Ecce
2138 4925 2326 4977 iterum
2366 4921 2587 4990 fugitiva
2614 4922 2810 4976 cohors
2844 4923 3126 4990 pendentia
3156 4922 3295 4977 bella

1976 5014 2206 5079 Deserit,
2254 5014 2554 5079 auxilioque
2593 5011 2781 5079 pedum
2810 5012 3008 5066 conlisa
3038 5014 3266 5077 recedit;

1979 5102 2104 5171 Vos,
2131 5103 2297 5156 armis
2326 5104 2572 5171 premite,
2596 5110 2650 5156 et
2669 5102 2865 5156 clausis
2898 5101 3124 5156 insistite
3155 5111 3390 5167 tantum;

1975 5192 2183 5249 Caetera
2216 5202 2405 5262 poatus
2435 5202 2574 5262 aget.
2610 5192 2704 5245 Vix
2732 5192 2845 5245 lucc
2871 5190 3193 5260 perdiscrat.
3229 5192 3302 5246 illi

1980 5284 2291 5348 Prosiliunt,
2324 5298 2593 5351 cursuque
2616 5291 2776 5335 ruunt
2807 5284 3063 5351 attingere
3096 5282 3265 5338 littus.

1981 5374 2049 5431 Ut
2080 5388 2296 5438 venere,
2328 5374 2508 5427 vident
2538 5372 2737 5425 arentis
2772 5386 2916 5423 vas:a
2946 5373 3199 5439 profundi

1976 5464 2250 5521 lusolitam
2276 5463 2515 5532 prtebere
2549 5462 2711 5525 viam,
2740 5474 3012 5530 pansoque
3034 5477 3250 5518 rece~su

1972 5556 2085 5611 Ceu
2110 5554 2344 5624 trepidas
2370 5553 2567 5621 fugisse
2593 5553 2694 5621 piis
2724 5553 3050 5609 calcantibus
3073 5556 3263 5608 undas.

1975 5647 2085 5702 llos
2107 5659 2314 5715 quoque
2338 5658 2433 5714 per
2458 5643 2655 5697 siccum
2689 5652 2831 5699 tutos
2858 5644 3189 5699 descendere
3217 5643 3407 5698 callem

1972 5738 2203 5795 Securos
2228 5733 2417 5802 pelagi,
2448 5741 2606 5801 atque
2630 5733 2710 5789 sui
2736 5750 2752 5798 ;
2785 5748 2891 5789 non
2921 5746 3087 5795 arma,
3133 5748 3229 5789 nec
3264 5734 3445 5795 ipsum
