4024 6176
508 376 607 426 567

513 488 822 545 Ii‘ormidare
846 484 974 537 satis
1005 482 1290 551 patientem
1316 475 1528 530 vincula
1561 482 1803 542 pontum.

510 578 767 637 Substitit
788 577 853 629 ad
885 574 1152 628 modicum
1178 567 1442 624 restrictis
1471 564 1705 618 motibus
1730 577 1941 631 agmen,

517 670 794 736 Frenaque
825 677 1113 733 suspensos
1141 666 1428 714 tenuerant
1449 657 1603 708 ducta
1626 653 1855 721 iugales.

515 766 687 831 Atqtte
708 757 917 826 aliquis,
955 753 1040 807 cui
1065 751 1145 803 Vt'l
1174 759 1386 803 tenuem
1421 754 1618 799 mutata
1646 742 1877 795 calorem

513 854 665 907 Tunc
694 847 924 903 scintilla
952 845 1111 899 dabat
1139 840 1312 903 cordi,
1352 840 1431 893 s‘c
1461 837 1597 890 [orte
1628 836 1877 888 locutus:

513 944 641 1011 Quis
671 942 810 995 Deus
842 951 871 990 a
907 939 1082 1005 prisco
1113 932 1396 998 detorquet
1426 928 1644 981 cardine
1673 924 1926 978 mundum

514 1038 655 1105 Lege
679 1046 838 1096 nova,
869 1036 1144 1093 mutatque
1175 1024 1340 1087 vices,
1372 1030 1426 1074 ct
1456 1018 1667 1073 condita
1701 1015 1917 1070 turbat?

518 1126 649 1180 Nam
676 1123 720 1177 si
753 1130 999 1175 servatur
1037 1116 1197 1169 rebus
1227 1121 1413 1165 natura
1442 1108 1662 1172 creatis,

517 1215 869 1271 Monstriferte
898 1226 1015 1277 quae
1044 1220 1203 1262 causa
1229 1203 1366 1258 vite?
1394 1200 1520 1271 quid
1544 1199 1773 1267 denique
1803 1203 1986 1256 restat,

514 1309 568 1361 Si
595 1320 741 1359 mare
769 1301 1026 1357 transitur
1046 1311 1257 1368 greSsu,
1285 1293 1384 1347 nisi
1416 1290 1639 1345 navibus
1658 1302 1786 1342 arva

518 1398 828 1456 Sulcentur,
878 1390 1181 1456 cteluntque
1214 1400 1272 1438 se
1297 1386 1544 1437 decurrat
1569 1381 1637 1434 ab
1660 1395 1780 1441 axe,

518 1491 574 1543 In
604 1500 824 1554 superos
852 1481 1058 1535 inferna
1093 1480 1290 1540 levent,
1325 1476 1475 1543 plaga
1506 1470 1709 1526 fervida
1740 1470 1860 1525 ete'i

517 1582 724 1647 Algeat,
755 1576 988 1629 afﬂatatu
1017 1569 1308 1625 succendat
1336 1564 1578 1634 scorpius
1605 1577 1782 1616 ursam
1806 1562 1828 1610 ?

518 1672 643 1726 IIazc
676 1669 776 1721 nisi
807 1664 935 1720 conf
954 1678 1061 1717 xsus
1093 1674 1272 1716 rerum
1305 1656 1629 1712 subverterit
1656 1654 1813 1714 ordo,

516 1764 635 1818 Non
668 1761 801 1814 duce
833 1772 917 1811 me
948 1758 1227 1824 quisquam
1269 1762 1470 1803 saevum
1509 1741 1849 1798 descenderit
1891 1752 2094 1808 :Bquul',

519 1854 601 1908 Sit
627 1857 871 1917 suspecta
896 1845 1022 1898 mihi
1050 1856 1153 1911 qua
1176 1839 1368 1895 semita
1394 1835 1574 1903 dirigit
1605 1834 1832 1886 hostem.

517 1949 646 2003 Nam
677 1948 718 1999 si
748 1944 885 1999 bella
916 1939 1041 1994 velit
1072 1938 1273 1991 librans
1300 1931 1523 2001 a'qualia
1554 1942 1774 1990 numen,

515 2042 680 2096 Obice
721 2048 930 2092 ενι-γωδ
964 2031 1239 2101 [ιιεὶιςγιιιιι
1266 2026 1531 2079 clauserat
1560 2034 1772 2090 agmen.

517 2133 663 2187 Nunc
681 2130 894 2193 abeant,
914 2132 1225 2189 tantumque
1241 2130 1400 2185 vagos
1418 2127 1513 2168 sua
1528 2125 1669 2165 mon:
1686 2118 1763 2163 tra
1786 2114 2095 2175 sequantur.

517 2225 624 2277 Nec
651 2222 781 2274 satis
806 2216 1122 2285 amplector,
1152 2212 1350 2264 siccum
1376 2200 1727 2258 circumvenit
1752 2198 1859 2252 alte

518 2312 668 2380 Quod
698 2310 946 2378 pelagus,
983 2302 1124 2357 nttdu
1153 2299 1335 2354 celans
1364 2291 1673 2349 discrimina
1706 2288 1888 2341 fundo.

521 2378 732 2469 Excipit
762 2401 878 2452 haec
906 2394 1102 2449 ardens
1129 2403 1251 2445 cum
1284 2384 1547 2440 seditione
1575 2378 1854 2445 tumultus,

520 2467 877 2557 Instantisquc
903 2487 1078 2540 latens
1108 2487 1262 2548 urget
1296 2473 1562 2529 sententia
1591 2467 1747 2523 lethi.

591 2582 803 2636 Vicerat
826 2587 1130 2645 aequoream
1162 2567 1385 2637 tedibus
1415 2562 1562 2633 plebs
1593 2560 1789 2629 inclyta
1812 2557 2025 2623 vallem,

520 2673 756 2744 Gurgitis
781 2680 834 2724 et
865 2666 1017 2722 vacui
1044 2676 1284 2719 convexa
1308 2656 1580 2711 volumina
1607 2654 1872 2721 linquens,

523 2768 650 2822 Post
678 2763 985 2818 barathrum
1019 2767 1242 2822 superas
1271 2747 1565 2804 scandebat
1596 2745 1776 2798 littore
1798 2750 1991 2795 terras.

525 2859 757 2915 Eﬂertur
782 2852 918 2922 nigri
950 2850 1053 2903 dux
1078 2844 1329 2915 agminis,
1363 2849 1417 2894 et
1446 2839 1777 2893 Pharaonem

522 2956 599 3009 Ira
632 2950 775 3005 subit
806 2943 1025 3016 pmprio
1046 2939 1336 2993 vocitatum
1371 2930 1589 2987 nomine
1615 2925 1930 2982 Cenchrem.

522 3042 801 3109 Arripiunt
827 3036 1028 3106 pariter
1063 3025 1285 3084 re-erati
1312 3035 1543 3077 concava
1575 3017 1743 3087 ponti,

522 3134 886 3200 lnvaduntque
906 3129 1068 3179 viam.
1097 3120 1233 3190 Quid
1262 3135 1366 3173 ιιι-ιι
1394 3118 1541 3170 furor
1570 3114 1762 3167 audeat
1790 3108 2014 3165 amens?

522 3230 655 3283 llinc
680 3240 781 3294 equ
807 3235 915 3276 tum
943 3230 1066 3288 pars
1086 3228 1276 3283 agmen
1308 3212 1437 3279 agit,
1468 3221 1590 3276 pars
1617 3204 1742 3258 inde
1769 3200 1946 3256 citatis

534 3323 614 3375 Ire
640 3317 788 3388 jubet
810 3328 837 3368 s
864 3315 969 3366 ium
995 3311 1039 3363 is
1064 3304 1277 3375 rapidas
1303 3317 1466 3371 super
1489 3313 1613 3353 arva
1642 3295 1944 3366 quadrigas.

525 3409 591 3467 Ut
622 3406 855 3462 tuediunt
887 3399 1031 3454 venit
1056 3395 1312 3450 frendens
1341 3391 1609 3459 equitatus
1631 3388 1681 3439 itt
1708 3400 1914 3454 mquor,

527 3502 863 3562 Accusatque
895 3503 1072 3545 moras
1103 3497 1208 3539 tam
1239 3482 1334 3537 lati
1364 3479 1589 3551 gurgitis
1609 3475 1804 3530 ardens

527 3592 605 3646 Ira
634 3589 832 3650 virum,
860 3579 1041 3636 tremit
1074 3584 1279 3629 arctato
1302 3587 1426 3640 pars
1452 3569 1622 3622 altera
1655 3563 1888 3619 mundo:

528 3684 660 3740 Tum
687 3693 785 3749 per
814 3674 1094 3730 sublimem
1122 3684 1165 3737 s,
1188 3664 1423 3723 tendenti
1451 3661 1589 3716 nube
1609 3658 1824 3713 column
1864 3670 1915 3708 nt

528 3775 604 3829 De
625 3747 767 3827 etelo
796 3781 897 3821 vox
928 3763 1093 3817 missa
1124 3769 1293 3819 tonat,
1316 3754 1572 3822 verbique
1601 3747 1822 3819 superni

530 3866 820 3931 lnterpres,
844 3864 1089 3911 sanctum
1124 3846 1456 3917 compellans
1486 3840 1703 3896 nomine
1725 3838 1948 3898 Musem,

532 3929 708 4018 Venit,
747 3951 839 4013 ait,
877 3956 1086 4013 tempus
1115 3957 1232 3995 mea
1263 3951 1369 4007 quo
1398 3931 1645 3987 mandata
1674 3929 1998 4000 probrntur;

520 4046 763 4115 .A'Igy'pto
784 4040 893 4110 jam
921 4037 1044 4091 ﬁnis
1070 4036 1194 4097 erit,
1217 4030 1325 4100 jam
1353 4025 1505 4083 clade
1528 4037 1777 4092 suprema

532 4136 631 4192 Tot
656 4131 967 4201 castigatam
995 4124 1197 4179 vicibus
1224 4118 1488 4174 sententia
1521 4123 1755 4168 tnentetn

528 4228 723 4284 Punict
742 4236 1051 4293 expugnans
1076 4234 1092 4270 :
1119 4214 1266 4271 ensis
1295 4211 1521 4268 succede
1547 4204 1788 4277 ﬂagellis.

533 4322 614 4374 Tu
644 4314 805 4371 modo
831 4310 1064 4367 ὀὶνίμιιιιι
1086 4313 1235 4374 virga
1259 4304 1368 4373 jam
1398 4308 1617 4371 percute
1646 4298 1885 4358 ﬂuctum,

536 4413 707 4479 Atque
733 4405 950 4461 reducta
972 4414 1100 4455 suos
1125 4404 1403 4452 assumant
1426 4406 1642 4462 (equore
1670 4388 1870 4443 vultus.

610 4502 700 4557 Ille
725 4513 861 4570 genu
895 4496 1000 4548 fixo
1030 4490 1213 4546 sictati
1242 4485 1494 4556 margi..is
1514 4498 1660 4545 oras,

538 4596 609 4651 Et
632 4595 781 4647 littus
806 4588 892 4644 cui
924 4586 1115 4639 ﬂuctus
1145 4581 1316 4643 abest,
1364 4592 1485 4631 mox
1512 4576 1693 4644 jussus
1718 4573 1907 4628 adesse

547 4683 807 4744 Perculit,
829 4679 910 4731 ins
932 4674 1022 4745 gui
1050 4670 1277 4728 credens
1305 4668 1556 4737 mysteria
1585 4665 1749 4734 ligno.

540 4777 682 4831 Hinc
710 4771 917 4826 subitus
941 4764 1203 4833 tri-pitare
1245 4760 1446 4829 fragor,
1479 4767 1624 4811 tonat
1652 4754 1884 4822 undique
1916 4753 2115 4807 circum

547 4863 783 4936 Lympha
807 4870 993 4920 ruens,
1028 4855 1362 4921 primumque
1394 4848 1501 4901 illic
1528 4844 1877 4898 committitur
1900 4842 2058 4905 unda,

543 4934 656 5027 Qua
688 4950 1022 5009 monstrabat
1045 4946 1147 4998 iter
1170 4941 1364 4996 Phario
1395 4952 1509 4991 sors
1536 4936 1725 4990 ultima
1759 4934 1887 5001 regi.

548 5022 833 5115 Eostquam
859 5040 1039 5093 clau~a
1078 5036 1157 5087 via
1182 5041 1285 5095 est,
1316 5029 1615 5095 [luctusque
1641 5022 1853 5092 repellit
1880 5030 2117 5085 euntem,

544 5139 778 5196 Pmnitet
808 5132 981 5188 intrati
1012 5130 1119 5197 jam
1148 5123 1393 5195 gurgitis,
1427 5129 1480 5173 et
1508 5120 1626 5186 fuga
1652 5131 1833 5170 serum

545 5231 755 5287 Molitur
781 5222 1007 5278 reditum
1033 5236 1046 5269 :
1080 5213 1285 5284 trepida
1311 5211 1439 5265 dant
1471 5218 1616 5276 terga
1649 5206 1916 5267 cohortes,

550 5327 816 5385 Armaque
837 5309 1155 5381 projiciuut;
1183 5310 1376 5373 pontus
1407 5295 1733 5367 fugientibus
1767 5295 1947 5358 instat,

568 5423 1070 5455 ’,κ-ρ...-

1791 359 1846 411 S.
1890 354 2069 410 AVITI
2116 354 2512 411 VIENNENSIS

2115 472 2153 527 Α
2185 469 2529 537 Occurritqne
2556 481 2783 536 sequens
2811 484 2822 529 ;
2856 467 2991 531 perit
3016 466 3140 518 undi
3166 480 3247 522 .ue
3275 464 3627 534 circumjectus

3635 331 3728 395 sus

2205 557 2544 611 Decurrentis
2566 572 2717 625 aqua:
2748 555 2937 609 laxatis
2965 570 3148 608 murus
3178 553 3415 607 habenis.

2204 648 2298 701 llle
2329 648 2479 701 ferus
2510 663 2744 716 semper,
2774 648 2881 711 jam
2915 648 3057 698 mitis
3088 655 3259 697 morte
3284 644 3384 698 sub
3406 646 3533 714 ipsa,

2201 736 2315 789 Non
2342 737 2453 789 lucc
2477 737 2723 789 humanis
2749 737 2891 789 ct-tlit
2921 735 3141 787 vit-toria
3173 734 3346 796 bellis,

2204 829 2595 896 l-vaugnautur,
2630 829 2725 893 ait,
2755 828 2995 895 cu-quue
3016 825 3311 880 evertitnur
3332 826 3500 880 hos‘e.

2205 918 2385 986 Etl‘uge
2414 922 2639 987 quisque
2671 928 2842 985 potes,
2882 917 3159 984 victusque
3184 915 3351 969 evade
3380 915 3605 983 satelles,

2200 1009 2432 1077 Nccjatn
2460 1009 2567 1063 tela
2601 1008 2713 1061 Deo
2742 1007 3018 1061 conatibus
3047 1006 3230 1075 ingere
3250 1007 3435 1060 cassis.

2202 1102 2246 1155 0
2272 1102 2314 1154 si
2348 1112 2694 1167 CttmptlnClaS
2722 1100 2950 1152 humana
2980 1096 3229 1165 superbia
3255 1105 3458 1151 mentes

2203 1192 2341 1245 Ante
2366 1191 2568 1244 obitum
2602 1200 2805 1244 mutare
2826 1189 2957 1243 Nelil
2986 1190 2999 1242 !
3032 1186 3168 1255 Quid
3198 1185 3427 1254 denique
3452 1186 3652 1256 prodest

2203 1281 2350 1334 Tunc
2379 1280 2535 1334 tinem
2557 1280 2801 1349 posuisse
2828 1280 3004 1341 malis,
3029 1293 3151 1332 cum
3184 1276 3440 1331 terminus
3460 1284 3623 1346 urget,

2205 1371 2487 1425 Przcsentis
2510 1371 2631 1423 vita:
2656 1369 2886 1438 spatium
2908 1383 3026 1420 cum
3049 1367 3274 1421 caeditur
3294 1367 3444 1421 :BVU?

2202 1465 2242 1514 (Ζ
2282 1465 2541 1527 nlitcaris,
2570 1464 2661 1525 ait,
2691 1477 2873 1524 sanus,
2908 1461 3195 1528 scriptura,
3222 1460 3532 1527 valensque,

2204 1558 2258 1611 Si
2290 1568 2414 1609 tunc
2444 1565 2718 1624 peccatum
2746 1554 3026 1623 quiSquam
3052 1552 3325 1606 dimittere
3356 1550 3499 1605 vovit

2204 1652 2333 1706 Cum
2362 1666 2583 1720 peccare
2616 1648 2820 1718 nequit,
2850 1648 2973 1698 luxu
2995 1645 3284 1698 dimittitur
3312 1644 3451 1713 ipse.

2277 1744 2416 1810 Ergo
2440 1741 2692 1795 exaltatis
2721 1736 2960 1806 pendens
2987 1735 3287 1789 sustollitur
3315 1732 3479 1788 undis

2124 1832 2168 1891 Β
2201 1834 2315 1887 Mox
2341 1830 2627 1900 mergenda
2655 1827 2883 1897 phalanx
2910 1845 2924 1880 :
2957 1824 3296 1895 lympharum
3342 1830 3530 1879 monte
3568 1822 3736 1889 levata,

2205 1922 2451 1977 Pandere
2478 1920 2704 1976 telorum
2737 1916 3029 1987 premitur,
3060 1914 3329 1983 fundoque
3358 1912 3533 1968 tenaci

2203 2012 2452 2066 Indutum
2486 2009 2748 2064 revehunt
2781 2004 3063 2060 morientia
3087 2016 3312 2068 corpora
3337 2002 3557 2056 ferrum.

2207 2105 2334 2158 Pars
2364 2101 2651 2157 exarmatis
2682 2114 2801 2152 cum
2833 2098 3061 2163 trimum
3085 2094 3252 2147 libera
3284 2093 3541 2146 membris

2202 2192 2467 2260 lmplicuit
2490 2198 2679 2243 nantes
2702 2187 2911 2241 miseris
2934 2182 3303 2253 complexibus
3324 2190 3496 2244 artus,

2203 2283 2421 2338 Auxilio
2451 2282 2669 2349 decepta
2694 2279 2849 2348 perit.
2884 2276 3187 2344 pariterque
3232 2285 3462 2327 enentes

2205 2374 2434 2430 .lEterno
2463 2373 2560 2427 sub
2584 2372 2727 2426 fasce
2752 2380 2932 2431 ruunt,
2962 2368 3189 2434 nexiqtte
3218 2374 3499 2420 necantur.

2208 2472 2300 2522 Ast
2329 2465 2445 2532 alii,
2478 2466 2671 2519 lassata
2699 2462 2791 2516 diu
2817 2461 2938 2514 dum
2966 2457 3180 2512 brachia
3201 2456 3426 2525 jactant,

2205 2561 2487 2615 Incurrunt
2507 2571 2685 2615 enses.
2707 2553 3004 2623 iaculisque
3037 2548 3341 2602 natantibus
3370 2545 3597 2608 haerent,

2201 2651 2465 2708 Concolor
2492 2657 2547 2705 et
2566 2648 2726 2702 rubro
2749 2645 3002 2697 mi~cetur
3032 2638 3295 2705 sanguine
3327 2646 3543 2704 pontus.

2273 2742 2409 2810 Quin
2435 2748 2489 2795 et
2509 2736 2827 2805 conspicuus
2856 2733 3105 2802 princeps
3130 2725 3499 2796 Memphitidis
3519 2726 3663 2785 aulae,

2202 2830 2505 2890 Candentes
2531 2828 2730 2883 ducens
2758 2824 2910 2891 nigro
2933 2827 3145 2875 rectore
3170 2816 3395 2885 iugales,

2207 2926 2482 2993 lnspector
2508 2918 2675 2975 cladis
2698 2912 2953 2983 propriae,
2989 2908 3270 2980 gentisque
3292 2913 3572 2973 superstes

2208 3016 2438 3073 Ultimus
2464 3007 2715 3079 ingressis
2748 3020 2842 3073 per
2867 3016 3080 3056 currum
3104 2998 3380 3063 naufragat
3409 2992 3589 3046 undis.

2206 3106 2352 3162 Bella
2374 3111 2563 3156 vacant
2594 3104 2859 3167 pugnante
2884 3091 3019 3154 salo,
3048 3088 3317 3155 vincitque
3343 3084 3563 3153 quietus

2132 3195 2176 3257 C
2211 3195 2372 3252 Israel
2393 3193 2506 3247 solo
2532 3202 2791 3260 peragens
2818 3182 3113 3238 certamina
3138 3179 3275 3232 visu.

2206 3290 2342 3344 Tum
2371 3283 2521 3338 vallis
2545 3279 2806 3348 completa
2836 3274 2992 3344 perit.
3023 3271 3293 3338 [luctuque
3319 3278 3549 3321 reverso

2208 3378 2428 3434 Ducitur
2459 3379 2732 3429 extentum
2758 3366 2957 3432 planati
2981 3361 3204 3432 gurgitis
3231 3371 3433 3427 arquor.

2207 3470 2410 3525 Littore
2436 3465 2702 3534 jactantur
2732 3468 2842 3512 tum
2876 3465 3010 3509 tetra
3037 3451 3297 3506 cadavera
3328 3456 3463 3509 toto,

2208 3532 2573 3626 Exposuitque
2594 3563 2746 3604 suum
2778 3546 2997 3615 pelagus
3028 3554 3189 3609 super
3216 3552 3346 3592 arva
3381 3532 3719 3603 triumphum.

2277 3625 2511 3715 Inclytus
2537 3640 2808 3710 egregium
2842 3632 3068 3687 solemni
3102 3626 3343 3683 carmine
3375 3625 3569 3678 ductor

2213 3736 2472 3795 Describit
2504 3734 2722 3796 factum,
2753 3736 2865 3782 toto
2887 3723 3029 3795 quod
3058 3719 3299 3790 psallitur
3324 3716 3477 3779 orbe,

2209 3829 2341 3884 Cum
2371 3833 2591 3896 purgata
2613 3819 2780 3876 sacris
2806 3816 3016 3871 deletur
3043 3812 3198 3879 culpa
3230 3805 3467 3867 ﬂuentis,

2212 3920 2523 3988 Emittitque
2549 3928 2741 3969 novam
2772 3907 3029 3979 parientis
3059 3903 3273 3974 lympha
3304 3899 3506 3955 lavacri

2213 4012 2445 4073 Prolem,
2469 4014 2589 4076 post
2609 4011 2818 4058 veteres
2836 4012 2971 4068 quos
2999 3994 3169 4050 edidit
3194 3992 3303 4047 Eva
3339 3999 3544 4046 reatus.

2213 4103 2287 4157 De
2309 4115 2409 4170 qua
2434 4105 2738 4152 sermonem
2760 4086 3036 4159 prtemisso
3067 4082 3303 4139 carmine
3324 4076 3575 4146 sumpsit,

2214 4192 2496 4250 Luctil'tcos
2521 4186 2745 4257 replicat
2775 4181 2949 4236 tenuis
2977 4178 3101 4232 dum
3127 4175 3314 4245 pagina
3338 4173 3539 4239 lapsus.

2214 4288 2271 4343 Si
2303 4284 2429 4355 quid
2459 4283 2610 4336 triste
2640 4278 2760 4342 fuit,
2791 4275 2992 4329 dictum
3022 4278 3106 4323 est
3131 4266 3271 4338 quod
3308 4276 3546 4333 paupere
3570 4272 3737 4317 versu,

2213 4351 2453 4433 Terserit
2478 4371 2579 4425 hoc
2601 4366 2737 4423 sacri
2770 4360 3135 4419 memorabilis
3167 4358 3305 4411 unda
3336 4351 3609 4420 triumphi,

2217 4465 2421 4522 Gaudia
2446 4477 2553 4534 quo
2584 4462 2861 4520 resonant,
2886 4453 3091 4507 crimen
3123 4463 3228 4517 qun
3255 4445 3463 4498 tollitur
3489 4454 3646 4496 omne

2139 4554 2190 4618 D
2217 4563 2319 4617 Per
2350 4560 2643 4619 lavacrum,
2664 4552 2900 4618 vivitque
2921 4558 3091 4600 novus
3120 4548 3377 4609 pereunte
3407 4548 3656 4590 veterno:

2219 4653 2337 4719 Quo
2361 4650 2499 4704 bona
2520 4646 2867 4710 consurgunt,
2896 4650 3001 4705 quo
3030 4632 3184 4687 noxia
3211 4629 3349 4683 facta
3377 4634 3654 4683 necantur,

2224 4742 2384 4797 Israel
2414 4751 2571 4793 verus
2592 4734 2760 4788 sacris
2796 4744 2902 4800 quo
2933 4728 3154 4796 tingitur
3187 4721 3363 4784 undie,

2222 4834 2470 4889 Consona
2501 4841 2607 4899 quo
2637 4831 2855 4880 resonat
2878 4819 3186 4889 persultans
3214 4812 3365 4867 turba
3393 4819 3669 4879 tropzcum,

2223 4926 2340 4991 Quo
2364 4916 2747 4991 ptmcurrentis
2770 4912 3107 4981 complentur
3128 4906 3267 4960 dona
3291 4904 3494 4970 figurae,

2225 5018 2356 5083 Quae
2378 5013 2493 5081 pius
2515 5008 2770 5078 explicuit
2795 5019 2889 5073 per
2914 5005 3150 5067 quinque
3179 4992 3443 5048 volumina
3473 4998 3640 5049 vates,

2232 5079 2447 5173 ﬂosque
2486 5100 2667 5155 tubam
2706 5093 2901 5162 stipula
2937 5088 3235 5156 sequimur,
3285 5089 3668 5146 numerumque
3717 5079 3783 5122 te-

3480 5170 3691 5241 [nentes

2233 5288 2487 5343 Punimus
2513 5280 2616 5333 hoc
2648 5274 2789 5331 tenui
2818 5271 3025 5343 cymba:
3048 5280 3191 5322 nunc
3218 5264 3401 5320 littore
3430 5272 3658 5331 portum.

1072 5371 3752 5433 __‘_____________________________——-——————————-—-

1452 5474 1877 5540 PIUEFATIO
1918 5474 1997 5535 IN
2043 5467 2343 5533 LIBRUM
2388 5454 2890 5535 SEQUENTEM.

622 5597 849 5656 Domino
868 5598 1075 5650 sancto,
1107 5582 1415 5641 beatissimo
1450 5590 1505 5635 et
1548 5578 1787 5648 piissimo
1815 5588 2076 5644 germano
2096 5611 2113 5639 ,

556 5687 843 5763 Apollinari
871 5682 1144 5752 episcopo,
1169 5675 1355 5729 Avitus
1387 5672 1572 5725 frater.

632 5782 755 5836 Post
782 5769 1263 5834 consummationem
1289 5762 1575 5818 libellorum
1602 5776 1727 5827 quos
1767 5774 1865 5810 non
1893 5757 2021 5812 sicut
2047 5769 2134 5810 υοο

2222 5570 2385 5622 luerat
2408 5560 2567 5616 edidit
2610 5554 2876 5624 dispositio
2899 5566 3032 5613 mea,
3063 5547 3152 5601 sed
3182 5554 3269 5599 tua
3294 5542 3644 5606 sodaliumque
3676 5542 3790 5599 quo-

2228 5656 2462 5711 rumdam
2494 5652 2579 5716 pia
2601 5646 2879 5717 festinatio,
2904 5642 3187 5708 a/fertuosa
3213 5635 3417 5704 quidem
3441 5672 3455 5693 ,
3509 5628 3595 5683 sed
3632 5625 3789 5677 incon-

2240 5748 2378 5803 sulta
2402 5741 2698 5814 prteripuit;
2720 5736 2856 5806 cogis
2880 5735 3091 5800 insuper
3113 5727 3203 5784 tibi
3224 5718 3616 5794 specialiusdan’
3641 5722 3799 5768 rem-’3
