4024 6172
253 284 365 338 369

1510 274 1881 329 I‘OEMATUM
1923 271 2124 327 LIBER
2168 270 2252 324 VI.

3420 267 3520 318 370

250 399 373 451 illos
412 411 543 467 quos
572 396 639 447 ad
676 394 1008 449 venerabilem
1042 391 1321 446 Fuscinam
1350 406 1577 445 sororem
1620 396 1841 442 nostram
1874 392 1917 450 Α
1946 387 2132 450 metiri,
2158 384 2295 452 quod
2319 384 2381 437 de
2402 395 2657 452 germana:
2682 378 3093 434 sanctimonialis
3119 378 3302 445 a/fectu
3340 386 3524 430 secreta

250 491 315 542 de
346 487 701 541 consolatoria
728 487 975 539 castitatis
1001 485 1177 539 Laude
1200 484 1499 553 conscripsi.
1537 484 1678 549 Quos
1725 491 1842 534 tunc

250 596 374 633 cum
410 597 507 649 ego
534 587 647 645 post
672 578 1020 631 denuntiatum
1050 581 1295 646 poematis
1325 578 1501 645 finem,
1526 577 1842 644 epigramma

250 671 449 723 rectius
470 668 717 733 dicerem,
744 676 799 720 tu
819 668 1038 736 primum
1066 669 1179 720 libri
1212 669 1414 720 nomine
1438 666 1668 720 vocitasti
1691 704 1708 731 ,
1750 666 1843 718 hoc

252 763 457 813 scilicet
482 759 784 813 vocabulum
826 759 1109 827 prolixitati
1138 762 1253 831 ejus
1283 774 1509 812 asserens
1556 757 1839 809 convenire.

251 854 589 922 Quapmpter
611 850 741 904 habe
766 866 842 903 me
868 851 1019 903 etiam
1048 850 1100 903 in
1122 850 1218 902 hac
1233 860 1378 921 parte
1398 850 1734 917 famulantem
1751 848 1844 915 ju-

247 944 416 1009 dicio,
436 944 542 995 imo
571 944 741 1008 potius
778 941 984 1008 effectui
1021 952 1140 1005 tuo;
1176 944 1416 1011 quoniam
1461 941 1689 1011 profecto
1743 940 1841 991 ini-

246 1049 417 1101 quum
446 1040 544 1096 est,
570 1041 625 1085 ut
651 1032 733 1084 cui
755 1032 904 1100 parui
932 1033 984 1084 in
1014 1032 1311 1101 majoribus,
1341 1032 1392 1084 in
1413 1031 1610 1101 exiguis
1640 1037 1844 1081 contra-

248 1121 457 1173 dicam.
497 1119 785 1172 Meminerit
812 1130 978 1172 autem
1004 1122 1163 1189 pietas
1195 1130 1310 1186 tua,
1336 1120 1472 1172 bime
1519 1121 1686 1190 ipsum
1724 1119 1844 1187 quia

248 1213 322 1265 sic
354 1228 515 1266 vocas
536 1210 785 1274 libellum,
818 1213 893 1265 vel
923 1213 987 1265 de
1033 1213 1275 1282 religione
1316 1220 1584 1280 parentum
1615 1226 1841 1264 comnm-

249 1305 425 1368 nium,
457 1305 536 1357 vel
555 1304 619 1357 de
637 1304 914 1373 virginibus
955 1314 1141 1358 nostrce
1169 1305 1379 1375 familiar
1421 1303 1731 1372 familiarius
1759 1302 1838 1353 di-

247 1402 575 1464 sputantem,
606 1393 714 1448 illis
744 1394 1093 1447 tantummodo
1117 1394 1387 1463 legendum
1417 1393 1564 1457 dare,
1596 1409 1721 1462 quos
1762 1409 1843 1445 re-

246 1501 372 1539 vera
401 1486 567 1551 nobis,
594 1495 682 1538 aut
708 1486 965 1539 vinculum
989 1485 1503 1556 prapinquitatis,aut
1525 1485 1841 1555 propositum

248 1574 528 1644 religionis
549 1575 791 1629 adnectit.
840 1573 993 1629 Potes
1037 1576 1274 1628 enimet
1316 1575 1540 1629 materia:
1592 1573 1838 1643 qualitate

1946 476 2275 529 meditatione
2295 472 2648 543 compositum,
2674 470 2757 524 vix
2787 470 2862 523 vel
2892 469 2983 522 tibi
3007 469 3182 523 crebra
3217 469 3376 522 victus
3414 471 3526 540 jus-

1881 573 1891 579 ’
1943 569 2087 622 sione
2112 567 2374 635 conﬁteor,
2406 569 2612 633 quando
2641 576 2729 616 aut
2756 563 2975 629 qualiter
3003 563 3172 616 venire
3195 562 3248 615 in
3266 572 3526 616 extraneo-

1942 676 2055 714 rum
2086 676 2263 714 manus
2294 658 2440 711 velim
2474 672 2491 710 :
2521 673 2645 709 sane
2674 673 2704 707 a
2747 653 2994 725 faciendis
3038 654 3263 707 versibus
3290 654 3528 723 pedibus-

1942 769 2037 822 que
2066 751 2348 821 jungendis
2377 749 2553 817 pedem
2593 748 2655 800 de
2683 758 2863 800 cwtero
2894 745 3149 800 relaturus
3172 784 3190 811 ,
3245 747 3341 799 nisi
3395 747 3526 816 forte

1944 845 2187 899 evidentia
2217 858 2388 897 canale
2421 843 2555 895 ratio
2587 842 2856 894 eatorserit
2888 841 3107 910 alicujus
3146 839 3527 907 epigrammatis

1946 937 2333 999 necessitatem;
2364 938 2512 1006 cujus
2540 943 2735 987 tantam
2762 933 3090 1002 exiguitatem
3120 932 3228 998 fore
3258 932 3521 1002 polliceor,

1946 1036 1998 1079 ut
2026 1027 2069 1080 ei
2098 1025 2243 1079 aliud
2275 1042 2455 1079 nomen
2483 1040 2739 1078 assumere
2771 1040 2857 1077 nec
2889 1024 2997 1092 ipse
3024 1039 3321 1093 praesumas.
3372 1021 3525 1078 Decet

1947 1119 2080 1170 enim
2097 1116 2290 1168 dudum
2312 1113 2700 1182 professionem,
2721 1129 2853 1166 nunc
2876 1116 3027 1166 etiam
3049 1122 3247 1167 (etatem
3273 1124 3519 1178 nostram,

1945 1206 1990 1259 si
2020 1206 2146 1275 quid
2176 1205 2565 1275 scriptitandum
2593 1213 2687 1268 est,
2721 1204 2942 1275 graviori
2966 1204 3133 1273 potius
3156 1204 3288 1273 ston
3318 1221 3523 1273 operam

1947 1310 2008 1347 ac
2030 1304 2225 1363 tempus
2255 1296 2525 1358 insumere,
2556 1310 2647 1348 nec
2685 1297 2739 1347 in
2778 1310 2839 1347 eo
2882 1295 3145 1347 immorari
3169 1296 3305 1365 quod
3347 1296 3524 1363 paucis

1946 1386 2339 1457 intelligentibus
2366 1401 2657 1439 mensuram
2704 1386 3018 1454 syllabarum
3056 1386 3307 1439 servando
3348 1396 3521 1446 canat,

1945 1479 2034 1533 sed
2056 1478 2191 1547 quod
2214 1477 2490 1549 legentibus
2522 1476 2695 1531 multis
2725 1487 3019 1531 mensurata
3050 1478 3171 1545 ﬁdei
3220 1480 3522 1533 astructione

1945 1570 2210 1626 deserviat.

260 1672 3508 1702 _____—______—_____—___—_——___—_.___’

1284 1778 1763 1887 LIBER
1840 1776 2497 1886 SEXTUS.

268 1939 370 1996 DE.
408 1937 931 1995 CONSOLATORIA
967 1938 1196 1995 LAUDE
1235 1940 1652 2005 CASTITATIS,
1693 1940 1782 1994 AD
1823 1938 2167 1995 FUSCINAM
2206 1938 2531 1995 SOROREM
2570 1940 2706 1996 DEO
2745 1940 3072 1996 VIRGINEM
3111 1941 3503 1998 SACBATAM.

1878 2052 1927 2113 B
1952 2051 2068 2119 Quo
2096 2050 2461 2121 dependentes
2484 2063 2738 2106 ornarent
2765 2056 2982 2107 vulnera
3013 2054 3207 2117 baccae,

1954 2144 2015 2197 Et
2046 2146 2274 2211 pretiosa
2307 2144 2521 2213 quidem
2554 2146 2692 2200 mala
2722 2146 2816 2199 sed
2850 2160 2973 2199 saxa
3005 2157 3313 2215 gravarent.

1953 2235 2134 2290 Latius
2158 2235 2271 2289 haec
2294 2251 2418 2289 vero
2442 2246 2662 2291 Sanctus
2681 2236 2940 2291 describit.
2967 2237 3173 2302 Esaias,

1950 2326 2285 2396 Ornatusque
2315 2326 2481 2381 refert
2510 2327 2687 2382 varios
2716 2329 2803 2398 qui
2834 2329 3071 2384 membra
3098 2340 3403 2389 venustam.

1951 2416 2081 2484 Quae
2111 2432 2235 2471 mox
2266 2418 2545 2486 pascendis
2569 2420 2882 2487 praebebunt
2903 2423 3175 2478 vermibus
3204 2438 3406 2490 escam,

1954 2508 2021 2563 Et
2042 2506 2217 2563 forsan
2240 2508 2365 2562 dum
2395 2510 2498 2563 vita
2526 2522 2727 2577 manet,
2754 2527 3067 2579 percurrere
3093 2514 3270 2569 verbis

1955 2599 2259 2655 Morborum
2284 2607 2365 2655 tot
2388 2615 2525 2656 sum
2560 2612 2737 2672 potest
2765 2603 3072 2659 discrimina
3102 2622 3280 2673 nemo,

1953 2689 2095 2745 Ante
2119 2690 2322 2746 obitum
2349 2692 2527 2747 cuncti
2557 2709 2674 2763 quae
2699 2693 2988 2753 formidare
3016 2698 3292 2753 docemur.

1957 2780 2176 2850 Singula
2204 2782 2287 2837 vel
2320 2783 2443 2836 totis
2474 2783 2707 2837 obnoxia
2740 2788 3001 2841 mortibus
3035 2806 3174 2853 osse,

1953 2871 2143 2925 Omnia
2166 2871 2293 2926 dum
2322 2872 2538 2941 proprio
2567 2875 2843 2930 solvantur
2864 2892 3087 2945 corpora
3120 2883 3240 2943 lino,

1954 2960 2129 3030 Atque
2153 2976 2290 3015 unus
2318 2971 2536 3029 prmstet
2567 2964 2801 3033 reliquos
2832 2967 3088 3022 desistere
3109 2985 3279 3025 casus.

1956 3053 2023 3110 Et
2045 3056 2171 3124 quid
2202 3056 2426 3125 quisque
2455 3058 2602 3125 cupit
2629 3060 2921 3127 periturum
2950 3075 3167 3117 comere
3198 3065 3421 3129 vultum,

1960 3146 2189 3202 Interior
2216 3147 2341 3201 dum
2364 3149 2546 3202 sordet
2567 3148 2749 3217 homo,
2774 3165 2836 3205 ac
2864 3166 2923 3207 se
2944 3152 3171 3209 crimine
3204 3158 3426 3223 turpat?

2025 3236 2127 3292 Sed
2152 3236 2245 3291 tibi
2270 3252 2391 3291 cum
2416 3240 2686 3307 geminum
2710 3242 2995 3310 tetigerunt
3014 3254 3253 3313 tempora
3286 3246 3507 3302 lustrum

1955 3326 2074 3381 Mox
2105 3328 2240 3383 stola
2273 3329 2485 3385 sincero
2516 3330 2658 3386 velat
2685 3340 2738 3387 te
2765 3334 2986 3389 candida
3015 3335 3184 3402 cultu,

1876 3420 1921 3483 C
1957 3421 2186 3491 Virginis
2212 3437 2274 3477 os
2302 3422 2647 3493 habitumque
2667 3425 2866 3482 decens
2885 3469 2899 3495 ,
2945 3436 2995 3482 et
3023 3430 3256 3499 concipit
3286 3446 3495 3488 omnem

1953 3514 2200 3570 Floribus
2227 3516 2491 3585 imprimis
2510 3515 2619 3586 jam
2651 3533 2802 3573 mens
2829 3530 3032 3574 matura
3065 3521 3346 3588 pudorem.

1954 3606 2103 3661 Haud
2130 3622 2284 3662 secus
2314 3608 2586 3664 exsultans
2613 3610 2832 3674 sterilis,
2870 3624 2987 3679 post
3016 3610 3208 3667 damna
3230 3613 3463 3683 juventa:

1954 3698 2255 3754 Fecundata
2280 3714 2474 3754 novum
2504 3714 2625 3755 cum
2660 3700 2825 3756 ferret
2850 3702 3046 3758 femina
3075 3703 3256 3772 fetum,

1956 3788 2167 3844 Vestem
2195 3790 2311 3843 lazta
2335 3805 2431 3843 suo
2461 3805 2676 3858 parvam
2701 3792 2921 3847 texebat
2939 3794 3177 3859 alumno,

1956 3876 2195 3932 Disceret
2217 3887 2273 3931 ut
2303 3879 2515 3934 Samuel
2535 3880 2644 3947 jam
2676 3890 2785 3935 tum
2819 3898 2951 3950 puer
2965 3898 3084 3937 esse
3113 3884 3387 3939 sacerdos.

1956 3968 2046 4024 Sic
2074 3979 2124 4023 te
2146 3970 2265 4023 lzeta
2298 3970 2493 4024 domus
2515 3974 2716 4025 sanctis
2743 3972 3000 4026 altaribus
3031 3984 3241 4041 aptans,

1955 4065 2187 4119 Assueto
2209 4063 2391 4116 docuit
2417 4063 2630 4131 dignam
2656 4078 3002 4118 concrescere
3031 4066 3250 4135 templo,

1954 4154 2206 4211 Scrihens
2235 4154 2286 4207 in
2319 4155 2580 4208 thalamos
2610 4168 2673 4208 ac
2697 4157 2876 4223 magni
2902 4156 3101 4211 fmdera
3133 4160 3295 4227 regis.

1956 4248 2024 4304 Et
2048 4250 2193 4317 cupit
2220 4249 2444 4303 electam
2476 4247 2709 4317 speciem
2735 4248 2836 4301 sibi
2860 4250 3084 4319 iungere
3112 4249 3357 4306 Christus
3380 4294 3393 4317 ,

1956 4340 2159 4395 Ornatu
2189 4339 2339 4393 vario
2368 4337 2502 4393 ditat
2528 4353 2685 4407 quam
2718 4339 2888 4407 gratia
2921 4341 3150 4410 pollens.

2031 4432 2151 4486 llaec
2179 4430 2265 4485 ubi
2298 4430 2569 4499 resilirans
2597 4430 2857 4499 praevenit
2885 4432 3074 4500 gaudia
3102 4441 3297 4496 mater,

1956 4526 2033 4581 Ac
2055 4526 2145 4579 tibi
2168 4525 2419 4581 collatum
2452 4538 2618 4592 parvo
2648 4525 2929 4592 conspexit
2953 4526 3003 4579 in
3028 4542 3144 4581 aevo

1956 4614 2171 4670 Grande
2193 4614 2412 4677 bonum,
2441 4613 2638 4667 teneris
2664 4614 2790 4668 dum
2814 4615 2988 4669 virtus
3008 4616 3245 4671 creditur
3270 4631 3424 4672 annis
3443 4659 3459 4684 ,

313 2055 581 2123 Suscipe,
611 2054 994 2121 complectens,
1017 2053 1232 2109 Christo
1260 2054 1570 2123 dignissima
1595 2054 1769 2122 virgo,

251 2147 507 2201 Alcimus
532 2146 630 2199 ista
664 2145 753 2199 tibi
777 2161 896 2215 quae
920 2146 1085 2199 mittit
1114 2160 1334 2200 munera
1378 2145 1564 2211 frater,

250 2239 433 2307 lnque
453 2236 563 2291 levi
592 2236 798 2291 calamo
824 2251 1105 2291 causarum
1138 2238 1348 2302 restrice
1380 2236 1611 2306 pondus,

251 2331 316 2386 Et
353 2330 546 2384 tenuis
573 2328 762 2385 fortem
792 2329 1133 2385 commendet
1154 2338 1344 2383 cantus
1370 2344 1633 2383 amorem.

251 2420 396 2475 Nam
431 2422 645 2489 quoties
673 2429 913 2474 sanctum
943 2419 1293 2488 compleverit
1316 2419 1501 2473 ordine
1522 2431 1734 2472 cursum
1762 2457 1777 2481 ,

252 2512 531 2567 Alternos
558 2508 803 2563 recinens
834 2508 974 2563 dulci
1002 2509 1366 2563 modulamine
1397 2507 1631 2576 psalmos

250 2604 413 2670 Quos
445 2601 639 2655 vivens
674 2601 725 2654 in
757 2601 919 2655 corde
940 2600 1149 2671 chelys,
1178 2600 1375 2654 virtute
1394 2613 1609 2664 canora,

247 2693 534 2749 ltllel'iul'e
562 2707 697 2746 sono
725 2691 885 2747 castis
909 2692 1258 2747 concentibus
1285 2699 1431 2760 aptat
1462 2705 1477 2745 :

252 2791 404 2845 Tum
439 2789 569 2844 licet
597 2802 825 2843 excusso
856 2787 1013 2841 libeat
1038 2788 1129 2841 tibi
1152 2786 1337 2842 ludere
1366 2800 1548 2849 versu,

248 2885 446 2951 Atque
477 2880 747 2948 fatigatam
780 2879 1084 2934 meditando
1114 2880 1394 2935 absolvere
1415 2885 1671 2935 mentem.

248 2974 372 3029 Neu
415 2972 508 3027 hic
531 2970 705 3025 fallaci
736 2970 966 3041 tingelur
994 2970 1229 3025 barbitos
1254 2970 1425 3035 unda,

248 3066 510 3136 Pegasus
537 3062 676 3119 unde
705 3062 850 3118 leves
880 3072 1205 3132 praevertens
1245 3063 1480 3119 motibus
1506 3078 1665 3119 auras

248 3155 517 3226 Fingitur
542 3162 813 3223 assumpto
834 3154 1072 3224 pendens
1103 3154 1344 3209 hinnisse
1368 3154 1571 3220 volatu,

249 3247 401 3302 Dum
436 3244 671 3300 ferretur
698 3244 818 3314 equi
851 3245 1031 3314 gravis
1051 3246 1245 3315 ungula
1281 3254 1512 3315 praepete
1540 3260 1732 3316 penna.

251 3339 367 3395 Sed
402 3352 508 3392 nec
541 3337 717 3392 Pierio
745 3336 942 3392 ducent
968 3337 1055 3391 hic
1085 3341 1289 3394 cantica
1320 3339 1468 3402 ludo,

248 3430 413 3496 Quas
440 3428 547 3482 sibi
578 3439 659 3483 ter
680 3439 859 3484 ternas
886 3430 1147 3483 mentitur
1176 3429 1315 3486 fama
1339 3445 1572 3486 sorores.

248 3517 362 3574 Dat
388 3518 493 3572 tibi
524 3534 856 3587 germanum,
892 3519 983 3575 sed
1008 3535 1169 3574 verax
1196 3522 1393 3575 musica
1418 3522 1701 3591 plectrum,

248 3608 323 3664 Et
351 3608 642 3665 Christum
670 3624 930 3665 resonans
958 3610 1234 3666 clandctur
1262 3613 1433 3668 listula
1457 3614 1677 3670 Pbmbo.

327 3700 527 3756 Edidit
558 3711 614 3754 ut
639 3712 879 3770 quartam
903 3704 1130 3772 genitrix
1156 3705 1414 3760 Andentia
1446 3708 1668 3776 prolem,

248 3792 455 3859 Teque
480 3791 631 3846 dedit
659 3794 841 3861 generi
870 3778 1021 3862 partu
1056 3793 1280 3849 fecunda
1305 3810 1555 3864 supremo
1584 3814 1600 3862 ;

243 3881 571 3937 Confestim
602 3896 813 3952 parcam
838 3884 1097 3952 promittit
1121 3885 1319 3941 ducere
1347 3887 1531 3943 vitam.

242 3978 334 4027 Ac
364 3973 631 4042 deinceps
670 3974 886 4042 paribus
911 3985 1113 4028 castum
1136 3991 1353 4031 servare
1377 3977 1551 4032 cubile

242 4061 565 4115 (ἷοιιειὶιυίι
594 4061 727 4117 votis
756 4078 997 4118 carorum
1030 4080 1152 4119 cura
1186 4075 1485 4134 parentum.

242 4151 322 4206 Et
350 4151 488 4221 quia
522 4153 844 4221 pr'ncipium
878 4162 982 4207 tam
1007 4157 1173 4210 sancti
1206 4157 1421 4212 foederis
1441 4174 1611 4225 esses,

242 4241 333 4297 Tu
366 4242 543 4295 simul
569 4242 775 4297 oﬂ'erris
803 4244 1035 4309 Christo,
1061 4248 1147 4315 qui
1175 4250 1413 4316 protinus
1442 4250 1572 4319 ipsis

241 4332 483 4400 Accipit
512 4331 565 4384 in
592 4333 744 4387 cunis
776 4334 1024 4388 lactentia
1055 4338 1294 4392 membra
1320 4339 1533 4395 dicatis.

238 4424 345 4476 Sic
378 4421 679 4491 quondam,
712 4438 833 4477 cum
862 4425 1031 4494 prima
1062 4441 1201 4481 novo
1223 4429 1620 4498 splendescerct
1642 4442 1763 4489 ortu

239 4511 441 4566 Terra
472 4511 673 4577 nitens,
696 4513 1055 4585 pulchrasque
1078 4517 1268 4572 darent
1296 4534 1390 4573 sua
1418 4523 1620 4576 semina
1650 4521 1853 4595 fruges,

238 4603 553 4657 Viventem
582 4602 783 4658 ducens
810 4605 875 4658 ad
908 4616 1089 4661 sancta
1118 4608 1304 4663 altaria
1327 4609 1488 4665 fetum
1515 4651 1532 4679 ,

239 4694 526 4748 innocuis
554 4695 795 4750 sonuisse
823 4696 932 4751 Deo
955 4696 1220 4754 balatibus
1246 4715 1466 4771 agnum,

236 4783 585 4839 Insinuante
613 4784 715 4839 fide
736 4785 913 4855 justus
936 4798 1261 4857 cognoverat
1283 4791 1439 4858 Abel,

233 4873 322 4929 Et
350 4874 547 4941 capite
567 4874 749 4931 oblato
780 4878 978 4943 placuit
1001 4894 1132 4949 grex
1163 4888 1307 4935 totus
1333 4882 1401 4936 ab
1428 4898 1558 4939 uno.

232 4966 415 5035 Ergo
452 4965 538 5019 ubi
569 4966 747 5021 vitalis
774 4966 902 5021 fovit
928 4978 979 5023 te
1008 4970 1220 5039 lympha
1245 4972 1463 5037 lavacri,

231 5057 501 5125 Jamque
525 5072 678 5112 suum
709 5064 913 5131 peperit
942 5062 1175 5117 cmlestis
1194 5067 1359 5133 gratia
1384 5065 1595 5135 pignus,

228 5151 378 5206 Non
424 5148 517 5204 tibi
547 5161 816 5221 gemmato
847 5168 1073 5222 posuere
1092 5155 1306 5212 monilia
1333 5157 1496 5223 collo,

225 5242 369 5297 Nec
398 5250 460 5295 te
488 5241 745 5310 contexit,
771 5252 897 5298 neto
928 5261 1050 5313 qua:
1077 5245 1306 5316 fulgurat
1330 5261 1463 5303 auro
1482 5288 1497 5312 ,

230 5332 455 5389 Vestis
482 5333 771 5390 ductilibus
807 5337 1133 5393 concludens
1158 5339 1244 5393 illa
1279 5338 1513 5397 talentis.

225 5426 373 5482 Nec
405 5432 465 5478 te
490 5424 744 5481 Sidonem
765 5427 848 5482 bis
876 5429 1011 5483 cocti
1043 5430 1260 5485 muricis
1288 5442 1492 5487 ostrum

221 5516 474 5582 Induit,
497 5529 588 5573 aut
609 5521 768 5574 rutilo
799 5522 1081 5590 perlucens
1112 5538 1343 5592 purpura
1376 5523 1531 5590 fuco,

218 5609 458 5666 Mollia
476 5610 558 5664 vel
587 5621 725 5665 tactu
749 5627 866 5681 qua:
888 5613 1105 5667 mittunt
1137 5616 1335 5671 vellera
1357 5615 1536 5670 Seres.

214 5706 362 5763 Nec
400 5700 505 5757 tibi
530 5702 837 5759 transfossis
862 5705 1092 5759 ﬁxerunt
1115 5706 1337 5761 auribus
1364 5722 1581 5775 aurum,

1957 4705 2139 4775 Teque
2165 4704 2529 4774 reparturiens
2550 4704 2741 4759 melius
2768 4720 2928 4774 quam
2959 4707 3199 4775 corporis
3218 4706 3363 4775 alvo,

1881 4774 2230 4866 DSpemque
2280 4804 2588 4863 metumque
2642 4796 2804 4863 inter,
2858 4774 3157 4864 quanquam
3214 4797 3316 4852 iam
3352 4774 3532 4854 libera

3293 4888 3462 4961 [v0to,

1957 4978 2084 5033 Fert
2100 4986 2273 5032 tamen
2303 4978 2557 5031 attonitas
2585 4980 2661 5031 sic
2690 4977 2806 5031 laeta
2837 4977 2977 5047 quod
3006 4978 3162 5031 anxia
3188 4993 3346 5033 curas
3367 5021 3383 5046 ,

1957 5069 2239 5124 lnsinnans
2276 5083 2491 5121 causam
2524 5067 2794 5137 lacrymis,
2826 5077 2937 5122 tum
2968 5068 3092 5123 talia
3120 5069 3338 5124 mandat
3370 5086 3383 5122 :

1954 5161 2087 5216 Ortu
2116 5169 2300 5230 quarta
2327 5160 2564 5230 quidem,
2598 5176 2751 5216 sacro
2773 5161 2868 5216 sed
2902 5175 3124 5216 munere
3151 5161 3347 5230 prima,

1961 5253 2139 5308 Dulcis
2168 5261 2288 5307 nata
2316 5252 2466 5317 mihi,
2490 5252 2628 5307 ccelo
2655 5266 2811 5322 quam
2842 5265 3003 5306 carne
3024 5251 3234 5322 fideque

1958 5345 2048 5401 Bis
2068 5346 2247 5416 genui,
2278 5345 2598 5413 Christoque
2620 5342 2806 5397 rudem
2835 5342 2904 5396 de
2928 5353 3115 5398 ventre
3143 5343 3339 5408 dicavi,

1958 5437 2225 5492 Hactenus
2247 5435 2351 5489 hoc
2373 5443 2615 5489 nostrum
2650 5434 2843 5498 fuerat,
2875 5434 2970 5489 sed
3001 5446 3240 5505 tempore
3267 5435 3427 5489 ducto

1956 5527 2073 5583 iam
2102 5528 2255 5581 decet
2282 5539 2401 5580 esse
2424 5533 2603 5587 tuum;
2636 5540 2758 5578 nam
2784 5527 2927 5594 quod
2973 5526 3277 5592 servabere,
3307 5525 3475 5595 virgo,

1956 5621 2003 5672 Α
2033 5632 2118 5671 me
2150 5615 2486 5685 principium,
2521 5615 2614 5670 tibi
2644 5616 2923 5684 pervenit;
2949 5618 3127 5672 omnia
3164 5632 3321 5685 posse

1956 5706 2203 5776 lncipies,
2235 5721 2353 5763 cum
2377 5705 2513 5761 velle
2544 5706 2735 5763 subest
2768 5725 2781 5763 :
2810 5706 3283 5777 vestigialervent,
