4024 6172
486 369 579 423 511
1755 362 1809 415 S.
1857 359 2035 413 AVITI
2078 358 2473 414 VIENNENSIS
3642 360 3738 418 57?.

490 483 590 536 I‘cr
618 496 685 549 qu
706 501 732 533 te
765 488 969 533 sectato
991 476 1316 531 conscendas
1342 473 1553 527 tramite
1579 472 1806 535 coelum;

492 572 599 627 Nec
627 572 820 625 desunt
848 569 1085 637 exempla
1109 568 1271 621 domi.
1304 566 1433 619 Nam
1467 566 1671 632 respice
1693 574 1915 633 quantas

496 663 792 733 Virginibus
823 662 1017 714 ﬂorens
1037 660 1146 727 jam
1173 667 1414 711 nostrum
1439 669 1666 711 stetntna
1694 670 1918 709 coronas

494 755 693 810 Miserit
720 754 770 807 in
800 752 1013 815 coelum,
1046 758 1231 803 sancto
1262 764 1394 818 quas
1416 748 1667 817 dogmate
1701 756 1872 801 mater

492 844 776 899 Severiana
809 842 1011 906 levans,
1043 849 1098 894 et
1127 848 1178 892 te
1204 838 1516 905 conjungier
1546 843 1697 903 opat.

496 936 601 990 Nec
628 934 795 988 multo
826 933 1024 999 senior,
1058 944 1197 984 nunc
1226 929 1461 998 gaudens
1492 926 1712 995 Aspida,
1747 923 2017 993 quondam

491 1030 761 1082 Sacratum
792 1026 963 1078 velata
996 1033 1171 1091 caput,
1205 1032 1289 1076 tua
1321 1037 1445 1074 muu
1471 1035 1499 1073 a
1532 1019 1781 1085 sumpsit,

498 1120 744 1172 Bissenos
771 1117 995 1184 jungeus
1024 1116 1220 1167 sanctis
1250 1110 1505 1164 altaribus
1535 1123 1722 1162 annos.

494 1210 659 1274 Quam
694 1209 816 1261 licet
845 1206 970 1258 hinc
997 1203 1157 1257 celeri
1190 1203 1366 1256 tulerit
1387 1216 1503 1254 sors
1526 1200 1706 1253 ultima
1741 1198 1902 1261 Ietlto,

494 1299 577 1353 Nil
605 1307 783 1352 tamen
813 1307 897 1352 est
926 1296 1160 1349 subitum
1188 1308 1399 1361 semper
1422 1293 1649 1359 migrare
1679 1289 1898 1358 paratis.

498 1391 689 1459 Aspice
716 1402 856 1442 nunc
884 1386 1148 1449 columen,
1178 1382 1386 1452 gemina
1410 1380 1549 1451 quod
1579 1378 1784 1449 virgine
1810 1379 1989 1448 fulget,

499 1481 868 1547 Eximiumque
897 1478 1082 1541 decus,
1114 1474 1266 1542 cujus
1296 1482 1348 1526 tu
1375 1472 1494 1541 jure
1528 1469 1820 1540 pr0pinqua

501 1571 776 1625 Fuscinam
805 1567 1027 1622 Fuscina
1069 1565 1271 1627 refers;
1304 1576 1400 1616 nec
1429 1561 1643 1630 segnius
1673 1559 1839 1625 illam,

495 1662 623 1728 Qua:
649 1660 843 1729 pietate
876 1666 1084 1726 potens,
1118 1664 1143 1690 δ
1177 1652 1330 1707 Graia
1362 1651 1407 1705 si
1438 1665 1565 1705 voce
1591 1660 1831 1710 sonetur,

499 1752 773 1822 Significat
798 1747 1062 1818 propriam
1094 1752 1304 1812 sumpto
1330 1742 1396 1797 de
1426 1743 1641 1795 nomine
1666 1750 1916 1793 mentem.

494 1842 656 1909 Queis
683 1841 805 1895 licet
834 1838 1114 1894 emeritum
1143 1835 1331 1890 cedant
1351 1848 1444 1887 sua
1472 1833 1667 1887 sarcula
1688 1833 1919 1896 culmen,

498 1933 722 2000 Vitaun
748 1929 964 1983 sublimi
989 1928 1195 1983 cunctis
1225 1925 1533 1994 prmpolleat
1554 1938 1707 1988 arce;

495 2022 602 2077 Has
624 2035 881 2085 generosa
914 2028 1091 2091 tamen
1122 2026 1319 2071 matres
1346 2015 1388 2068 si
1419 2015 1579 2069 corde
1609 2014 1867 2083 sequaris,

495 2113 814 2169 Gaudebunt
842 2111 979 2165 vinci
1009 2110 1134 2164 dum
1175 2108 1409 2178 proﬁcis,
1435 2122 1495 2161 ac
1527 2106 1621 2160 tibi
1642 2121 1901 2161 summam

494 2202 697 2272 Sponte
725 2202 926 2257 dabunt
955 2200 1184 2269 palmam
1216 2198 1486 2268 superanti
1512 2203 1632 2250 vota
1662 2198 1943 2265 magistras.

494 2295 619 2350 Ilazc
644 2296 826 2350 dicens
851 2304 1065 2347 teneros
1088 2301 1271 2347 sancto
1300 2289 1672 2346 exhortamine
1701 2304 1889 2344 sensus

496 2384 724 2454 Impulit,
753 2383 1051 2438 accendens
1075 2382 1138 2435 ad
1170 2381 1482 2449 virginitatis
1511 2395 1767 2434 amorem.

496 2477 587 2532 Sic
617 2486 785 2529 mater
812 2474 1037 2529 fecunda
1068 2482 1241 2538 utero,
1269 2471 1543 2527 fecundior
1568 2481 1707 2535 actu,

496 2566 796 2620 Machabma
827 2572 1029 2634 potens,
1061 2572 1115 2618 et
1142 2563 1306 2632 prolis
1335 2562 1521 2617 funere
1551 2562 1693 2626 felix,

494 2658 682 2713 Orbari
710 2658 970 2727 gaudens,
998 2658 1177 2711 animo
1207 2658 1450 2711 vincente
1478 2669 1768 2719 senectam,

495 2746 694 2802 Edocet
720 2747 981 2801 hortando
1010 2747 1248 2801 sobolem
1278 2761 1381 2800 IIOII
1413 2746 1602 2800 cedcre
1633 2745 1850 2810 mundo,

495 2836 897 2906 lnflammatque
930 2836 1044 2905 pios
1072 2837 1135 2890 ad
1166 2836 1321 2889 fortia
1352 2835 1487 2890 facta
1520 2836 1743 2890 furores.

494 2928 633 2997 Quid
663 2938 748 2983 tua
780 2944 921 2984 nunc
952 2938 1208 2998 repetam,
1238 2936 1420 2983 tenero
1446 2942 1566 2997 quae
1597 2928 1778 2981 fortior
1806 2942 1937 2991 :evo,

494 3023 632 3075 Ante
660 3034 825 3074 annos
855 3020 1195 3088 animumque
1223 3032 1433 3088 gerens,
1461 3032 1713 3087 responsa
1746 3018 1975 3072 dedisti?

494 3112 609 3166 Non
642 3111 752 3166 haec
779 3127 937 3181 parva
970 3118 1111 3165 tuam
1144 3112 1381 3179 suscepit
1410 3112 1598 3180 pagina
1626 3110 1859 3165 Iaudem.

495 3200 681 3254 Exitus
704 3201 920 3270 impleto
946 3201 1123 3255 veniet
1143 3216 1260 3255 cum
1297 3211 1533 3270 tempore
1557 3201 1747 3265 victor,

496 3293 636 3345 Laus
665 3291 858 3346 melius
884 3293 1114 3358 canitur,
1138 3309 1258 3347 cum
1280 3293 1387 3363 jam
1415 3294 1675 3347 clamante
1702 3291 1989 3362 triumpho.

497 3384 877 3438 Consummata
912 3384 1013 3438 tuis
1039 3384 1329 3439 reddentur
1350 3385 1563 3454 praemia
1594 3384 1765 3439 factis.

498 3478 648 3531 Nunc
674 3479 829 3532 decet
855 3480 1107 3533 attonitos
1138 3488 1287 3531 cauta
1322 3488 1372 3531 te
1401 3493 1530 3532 voce
1562 3492 1800 3541 monere,

498 3569 760 3624 Sollicitas
792 3580 961 3624 tccum
994 3571 1174 3638 partiri
1204 3585 1266 3624 ac
1298 3571 1513 3625 volvere
1542 3586 1717 3636 curas,

498 3662 670 3729 Atque
689 3659 883 3729 juvare
911 3668 1029 3712 tuos
1060 3659 1323 3714 hortantia
1351 3661 1488 3715 dicta
1523 3661 1751 3726 labores,

501 3751 634 3805 Dum
666 3760 864 3821 pugnat
889 3752 1066 3805 varius
1090 3766 1184 3819 per
1213 3754 1396 3806 crebra
1432 3752 1658 3820 pericula
1690 3768 1868 3819 casus,

502 3841 727 3897 Lubrica
754 3841 879 3896 dum
911 3842 1083 3912 fragili
1114 3844 1281 3897 currit
1309 3843 1408 3897 sub
1439 3844 1650 3898 tramite
1679 3843 1804 3911 vita,

501 3935 634 3989 Dum
662 3944 750 3988 tua
783 3934 1016 3990 calcatus
1046 3943 1221 4004 captat
1250 3934 1463 4005 vestigia
1492 3950 1733 4004 serpens,

502 4024 808 4079 Ascendens
830 4026 1018 4078 dextro
1039 4039 1195 4093 quem
1229 4032 1467 4079 conterat
1493 4036 1685 4095 aggere
1712 4025 1911 4095 planta.

502 4114 584 4169 Nil
613 4129 716 4168 non
746 4116 1005 4168 intentum
1032 4114 1315 4184 prmseutia
1346 4115 1540 4168 szccula
1567 4116 1784 4181 ducunt,

506 4207 615 4261 Nec
644 4221 825 4262 secura
858 4207 1012 4261 datur
1034 4206 1243 4277 requies
1272 4208 1323 4261 in
1356 4221 1516 4262 carne
1542 4207 1759 4262 caduca.

503 4299 793 4353 Vertuntur
821 4314 942 4353 nam
970 4314 1110 4368 saepe
1133 4298 1279 4363 boni,
1319 4298 1457 4366 perit
1485 4299 1672 4352 obruta
1703 4298 1889 4363 virtus,

504 4390 763 4459 Partaque
790 4397 1069 4443 transacta:
1097 4388 1359 4444 decedunt
1391 4388 1604 4456 praemia
1632 4387 1806 4442 laudis
1832 4406 1843 4440 :

505 4484 582 4536 Ac
612 4481 919 4550 plerumque
949 4480 1104 4545 solet,
1136 4479 1309 4533 subito
1336 4495 1594 4535 succensa
1621 4480 1821 4544 calore,

2089 473 2136 529 Α
2167 469 2449 522 Mundanis
2474 467 2662 522 ludens
2690 466 2829 521 facili
2864 481 3001 521 nunc
3030 481 3220 535 aggere
3242 467 3427 533 currit,

2163 560 2409 617 Strictior
2441 561 2581 613 hunc
2603 574 2787 613 carcer
2811 559 3015 613 crudeli
3044 568 3187 612 sorte
3219 558 3415 627 Iigabit.

2235 653 2312 707 Tu
2345 652 2503 706 modo
2531 652 2594 705 da
2623 653 2847 719 veniam,
2883 653 2971 720 qui
2998 661 3049 705 te
3074 652 3410 715 exhortatur,
3445 654 3632 715 amori.

2164 742 2585 811 Currentemque
2610 751 2811 808 monet,
2835 758 2953 795 cmn
2985 742 3073 795 vix
3102 752 3276 796 tamen
3308 742 3423 809 ipsc
3452 754 3735 813 sequatur:

2166 834 2365 888 Suadet
2393 834 2562 888 veloci
2596 833 2780 887 tardus
2808 831 3125 901 compendia
3150 845 3386 899 gressus.

2166 923 2406 992 Namque
2432 923 2495 978 ad
2523 923 2841 987 doctrinam,
2862 923 3099 976 canimus
3127 938 3284 991 quam
3316 936 3549 987 paupere
3571 938 3739 989 versu,

2167 1014 2245 1068 Tu
2272 1016 2461 1068 melius
2483 1014 2591 1082 jam
2626 1014 2781 1069 docta
2807 1013 2976 1078 venis,
3011 1029 3129 1082 qure
3152 1013 3333 1081 junior
3354 1025 3493 1078 ortu,

2174 1106 2469 1176 lielligione
2502 1106 2664 1173 prior,
2699 1104 2908 1159 vivendi
2933 1104 3049 1171 jura
3084 1104 3295 1159 dicasti.

2169 1201 2551 1265 Aunorumque
2575 1212 2825 1264 sequens,
2858 1199 3167 1248 meritorum
3196 1203 3342 1249 sorte
3367 1204 3666 1261 superstas.

2169 1274 2320 1354 Quod
2349 1288 2393 1340 si
2426 1286 2819 1354 consequimur,
2850 1287 2957 1354 jam
2991 1294 3231 1338 nostrum
3262 1283 3398 1339 forte
3430 1294 3675 1351 putetur;

2168 1382 2317 1448 Quod
2363 1382 2651 1451 sequimur,
2701 1393 2876 1435 tamen
2922 1380 3087 1434 hocce
3129 1388 3274 1433 tuum
3316 1388 3398 1433 cst
3425 1396 3437 1430 :
3466 1378 3743 1433 conversio

3420 1468 3669 1541 [fratrum

2172 1566 2426 1633 Exemplo
2455 1564 2696 1619 debenda
2729 1563 2834 1633 pio,
2876 1575 2927 1617 te
2958 1561 3176 1630 reSpicit
3195 1568 3400 1625 auctor,

2170 1657 2541 1723 Primiziasque
2573 1656 2623 1709 in
2660 1664 2709 1709 te
2736 1654 2902 1708 sacris
2931 1653 2997 1708 de
3028 1653 3287 1707 fructibus
3313 1651 3500 1715 offert;

2169 1746 2359 1802 Indicit
2390 1748 2483 1802 svd
2517 1755 2699 1801 sancta
2731 1745 2886 1807 fides.
2920 1755 2974 1799 ut
3002 1745 3165 1799 corde
3193 1745 3493 1814 propinquo

2097 1828 2483 1905 BParticipata
2514 1836 2658 1892 levet
2682 1836 2974 1890 fraternum
3000 1834 3204 1888 sarcina
3238 1834 3464 1904 pondus.

2169 1928 2247 1981 Tu
2268 1942 2541 1997 germana,
2572 1930 2712 1995 pium
2742 1939 2861 1993 quae
2888 1925 3037 1978 ducis
3059 1925 3125 1978 ab
3159 1923 3323 1978 ubere
3355 1923 3577 1985 fascem,

2169 2019 2283 2073 Non
2311 2018 2505 2083 carnis,
2531 2018 2625 2071 sed
2652 2018 2781 2085 legis
2808 2017 2971 2069 babes
3001 2015 3211 2070 cervice
3240 2014 3386 2068 fideli

2168 2110 2387 2164 Subdita
2414 2110 2555 2163 ferre
2577 2108 2785 2177 jugum,
2820 2122 2918 2161 nec
2949 2107 3122 2160 vincla
3148 2106 3199 2160 in
3230 2108 3477 2176 conjugis
3502 2108 3579 2163 ire
3605 2125 3619 2163 :

2170 2203 2461 2255 Mundanas
2490 2201 2666 2256 odisse
2704 2200 2836 2264 vias,
2865 2213 3178 2267 percurrere
3207 2199 3460 2262 mundas;

2170 2294 2320 2347 Illinc
2349 2294 2490 2347 nolle
2514 2301 2681 2356 toros,
2712 2291 2835 2345 hinc
2858 2306 3110 2359 sponsum
3136 2305 3380 2357 qumrere
3403 2290 3698 2356 Christum,

2169 2385 2259 2440 Sic
2287 2384 2451 2439 ttedas
2480 2383 2787 2452 tempsisse,
2811 2384 2896 2452 pio
2925 2382 3064 2448 quod
3088 2397 3270 2437 amore
3297 2384 3498 2451 calere,

2170 2475 2324 2545 Pigra
2354 2476 2607 2543 voluptati
2638 2473 2938 2529 fervescere
2969 2472 3129 2526 corda
3164 2472 3357 2536 labori,

2169 2564 2420 2635 Ignorare
2440 2565 2635 2630 virum,
2662 2564 2796 2619 fetus
2826 2573 3003 2619 tamen
3030 2563 3193 2618 edcre
3215 2564 3371 2628 tales,

2168 2656 2313 2723 Quos
2342 2656 2510 2710 tristis
2541 2670 2806 2724 nunquam
2840 2654 3007 2723 possit
3038 2653 3133 2708 tibi
3166 2654 3355 2710 tollere
3384 2670 3562 2711 casus.

2240 2741 2353 2800 Non
2379 2747 2559 2801 orbata
2590 2760 2772 2816 gemes
2800 2744 3043 2800 fecundae
3064 2746 3286 2816 pignora
3317 2747 3463 2811 vitai.

2165 2837 2276 2893 Nec
2304 2838 2514 2892 viduam
2543 2853 2739 2907 sponso
2766 2847 2971 2893 metues
2996 2852 3279 2907 superesse
3308 2840 3554 2907 perenni,

2168 2931 2375 2999 Expers
2404 2932 2513 2999 ipsa
2545 2931 2667 2985 mali
2691 2948 2704 2997 ;
2730 2946 2828 2985 nec
2857 2940 2908 2986 te
2937 2931 3201 2986 sententia
3233 2940 3413 3000 tanget

2167 3023 2280 3089 Qua
2311 3023 2473 3091 prolis
2506 3024 2796 3092 mortisque
2823 3037 3015 3091 parens
3041 3022 3378 3091 compellitur
3419 3023 3551 3087 Eva,

2165 3114 2405 3169 Occisam
2439 3117 2647 3183 pariens
2676 3115 2914 3169 sobolem
2945 3115 3150 3169 vivente
3178 3123 3346 3169 reatu.

2088 3198 2133 3259 C
2166 3206 2294 3271 Quae
2317 3206 2554 3273 subjecta
2581 3207 2694 3260 viro
2723 3206 2997 3259 dominum
3031 3220 3246 3273 passura
3277 3205 3488 3273 cubitis,

2167 3297 2341 3353 Servit
2364 3298 2413 3349 in
2438 3299 2672 3351 obsceno
2704 3296 2937 3351 tolerans
2966 3298 3229 3351 connubia
3261 3298 3418 3351 lecto.

2166 3388 2254 3443 Sic
2281 3389 2485 3457 captiva
2528 3388 2650 3454 tori,
2684 3402 2805 3442 cum
2834 3396 3007 3457 portet
3034 3403 3228 3441 nomen
3257 3388 3434 3453 inane,

2166 3478 2420 3549 Coniugis
2451 3491 2503 3533 et
2527 3495 2661 3534 vana
2693 3480 2900 3535 dicatur
2931 3480 3158 3549 imagine
3182 3494 3427 3541 consors.

2167 3571 2293 3627 Sola
2318 3574 2442 3642 jugo
2474 3574 2729 3641 premitur
2751 3588 2856 3627 non
2883 3586 3088 3643 aequam
3115 3573 3315 3627 ducere
3340 3580 3560 3625 sortem.

2168 3662 2375 3716 Etcum
2409 3663 2561 3733 longa
2591 3662 2774 3718 decem
2800 3663 3021 3718 tulerint
3049 3664 3259 3717 fastidia
3290 3677 3527 3727 menses.

2168 3752 2516 3823 Perfectoque
2547 3755 2724 3824 gravis
2756 3754 2863 3809 fetu
2886 3753 3206 3809 distenditur
3234 3752 3405 3819 alvus,

2169 3844 2381 3899 Semina
2414 3861 2531 3914 quae
2567 3845 2729 3914 patris
2762 3845 2989 3910 fuerant,
3023 3844 3137 3899 haec
3166 3844 3401 3913 pondera
3430 3843 3582 3897 matri

2169 3935 2417 4005 Inlligunt
2439 3936 2603 3991 duros
2627 3945 2779 3991 utero
2807 3944 3050 4005 turgente
3080 3936 3316 3990 dolores.

2169 4025 2299 4079 Nam
2329 4042 2449 4081 cum
2481 4026 2679 4081 Iuctato
2705 4026 2985 4080 solvuntur
3013 4024 3217 4079 viscera
3250 4035 3425 4093 partu,

2175 4115 2287 4171 Una
2318 4116 2436 4180 luit,
2459 4124 2607 4171 tanto
2626 4117 2801 4171 carnis
2821 4116 3128 4171 discrimine
3155 4113 3396 4184 pendens

2170 4206 2320 4272 Quod
2341 4207 2518 4261 coiere
2546 4206 2684 4271 duo;
2715 4220 2837 4276 spes
2862 4207 3039 4277 palpat
3068 4204 3208 4259 forte
3232 4204 3521 4271 dolentem,

2174 4297 2361 4352 Editus
2390 4298 2440 4351 in
2467 4298 2635 4352 lucem
2662 4298 2705 4351 si
2731 4298 2874 4350 vivat
2903 4296 3042 4351 filius
3068 4313 3081 4361 ;
3113 4295 3259 4364 atqui

2170 4387 2440 4455 Contiugit
2464 4388 2776 4458 plerumque
2806 4403 3023 4458 gemens
3053 4395 3113 4441 ut
3146 4393 3353 4441 mortua
3383 4384 3588 4439 fundat.

2172 4480 2325 4547 Saepe
2350 4480 2508 4534 etiam
2534 4480 2703 4533 soboli
2731 4494 2829 4533 nec
2856 4478 3043 4534 mortis
3072 4488 3310 4545 tempore
3332 4485 3472 4530 natae

504 4572 717 4639 Frigida
744 4587 861 4642 quae
893 4586 1060 4639 nuper
1086 4570 1275 4637 fuerat,
1327 4586 1478 4625 mens
1518 4572 1757 4641 linquere
1793 4572 2069 4638 mundum,
2102 4556 2147 4615 ί)
2176 4568 2309 4624 Dant
2351 4569 2619 4639 geminum
2667 4570 2851 4623 matris
2891 4575 3222 4623 commortua
3282 4565 3523 4620 membra
3569 4562 3754 4633 sepul-

504 4662 677 4731 Atque
705 4661 983 4731 repentino
1015 4661 1336 4729 restringere
1362 4660 1583 4715 crimina
1611 4661 1779 4717 freno.

507 4753 595 4809 Sic
622 4753 973 4806 alternantem
998 4761 1324 4806 commutant
1355 4752 1456 4805 fata
1485 4763 1739 4819 rotatum,

506 4844 702 4912 Imp'us
732 4853 787 4896 ut
812 4852 993 4911 speret
1020 4843 1249 4909 veniam,
1272 4844 1552 4912 justusque
1578 4843 1813 4898 timendo

508 4932 818 4997 Proficiens,
849 4932 1116 4985 cumulum
1149 4933 1352 5001 magnis
1374 4931 1654 4986 virtutibus
1680 4933 1859 4988 addat.

507 5023 635 5077 Nam
661 5022 889 5076 studium
916 5020 1088 5075 sancti
1119 5020 1258 5075 laxet
1286 5023 1327 5074 si
1363 5020 1494 5075 forte
1525 5022 1739 5087 laboris,

509 5113 765 5183 Pigraque
786 5100 1071 5167 consuetas
1100 5112 1394 5166 dissolvant
1422 5112 1525 5165 otia
1557 5127 1731 5177 curas,

508 5204 725 5258 Labitur
756 5204 806 5256 in
835 5214 1077 5272 praeceps
1100 5200 1373 5255 damnosae
1402 5201 1561 5269 gloria
1594 5202 1735 5254 vitm.

507 5295 662 5348 Stare
694 5293 871 5361 nequit
902 5291 1171 5357 meritum,
1203 5292 1245 5344 si
1279 5306 1383 5345 non
1414 5292 1639 5360 acquirit
1662 5291 1859 5357 eundo,

507 5383 715 5438 Amittit
740 5383 982 5446 rediens;
1016 5381 1287 5436 nitendum
1316 5390 1398 5436 est
1426 5381 1627 5436 viribus
1656 5382 1868 5451 amplis,

506 5477 575 5529 Ut
601 5476 729 5530 satis
755 5484 1035 5543 angustum
1059 5474 1343 5529 observent
1368 5472 1586 5543 vestigia
1610 5473 1821 5528 callem.

507 5568 636 5623 Nam
667 5570 753 5639 qui
783 5567 1026 5622 diffusam
1051 5568 1222 5638 spatio
1250 5569 1461 5624 laxante
1493 5567 1716 5638 plateam

584 5758 608 5787 ⁸
642 5751 993 5820 Euphrosine.

3486 4655 3687 4728 [crum.

2180 4747 2312 4803 Illud
2338 4748 2445 4817 jam
2478 4748 2644 4802 levius
2677 4749 2883 4817 quoties
2910 4749 3219 4817 Intervenit,
3252 4749 3363 4817 ipsa

2183 4837 2251 4892 Ut
2283 4849 2458 4906 pereat
2484 4847 2593 4892 tum
2621 4838 2731 4893 sola
2763 4854 2978 4906 parens,
3006 4855 3070 4893 ac
3100 4839 3336 4906 pondere
3360 4838 3480 4893 fuso

2183 4930 2398 4984 Emittat
2423 4945 2542 4984 cum
2570 4930 2717 4999 prole
2744 4930 3014 4984 animam?
3043 4930 3182 4997 Quid
3212 4929 3349 4984 forte
3381 4929 3604 4985 levatum

2180 5020 2552 5090 Nutritumque
2582 5021 2671 5075 diu
2700 5022 2905 5089 rapitur
2933 5021 2979 5076 si
3008 5020 3193 5075 funere
3224 5021 3435 5089 pignus,

2184 5112 2343 5167 Unica
2373 5112 2514 5181 quod
2541 5112 2735 5166 crebro
2762 5125 2884 5179 spes
2905 5112 3142 5180 respicit,
3168 5118 3223 5164 et
3254 5110 3393 5177 perit
3421 5121 3578 5161 omne

2180 5204 2331 5270 Quod
2361 5204 2460 5258 sibi
2486 5206 2756 5272 conceptis
2782 5202 3117 5272 spondebant
3138 5201 3332 5270 gaudia
3358 5198 3529 5253 votis?

2180 5297 2438 5351 Omnibus
2465 5296 2551 5351 his
2581 5295 2711 5350 illud
2738 5294 2972 5365 gravius,
3003 5295 3048 5349 si
3080 5294 3214 5348 forte
3241 5300 3511 5347 carentem

2180 5389 2396 5443 Caelesti
2426 5388 2640 5444 lavacro
2674 5398 2915 5443 tenerum
2948 5401 3093 5442 mors
3122 5386 3300 5440 invida
3333 5392 3514 5438 natum

2180 5479 2458 5550 Prmripiat
2489 5480 2621 5534 dura
2650 5488 2964 5547 generatum
2994 5487 3138 5533 sorte
3167 5477 3448 5547 gehennae.

2182 5572 2406 5646 Quique,
2434 5574 2705 5645 genitricis
2730 5582 2903 5630 cessat
2929 5588 3049 5629 cum
3080 5571 3218 5627 ﬁlius
3241 5584 3381 5637 esse,
