  <div class='ocr_page' id='page_1' title='image "/cluster/home/n/w/nwhite01/storage/ocr_20150623/59/hvd.32044073505117/192.png"; bbox 0 0 4024 6176; ppageno 0'>
   <div class='ocr_carea' id='block_1_1' title="bbox 256 292 3500 355">
    <p class='ocr_par' dir='ltr' id='par_1_1' title="bbox 256 292 3500 355">
     <span class='ocr_line' id='line_1_1' title="bbox 256 292 3500 355; baseline 0.001 -2"><span class='ocrx_word' id='word_1_1' title='bbox 256 302 350 355; x_wconf 78' lang='lat'><strong>375</strong></span> <span class='ocrx_word' id='word_1_2' title='bbox 1504 292 1881 348; x_wconf 68' lang='lat' dir='ltr'><strong>POEMATUM</strong></span> <span class='ocrx_word' id='word_1_3' title='bbox 1924 293 2122 348; x_wconf 75' lang='lat' dir='ltr'><strong>LIBER</strong></span> <span class='ocrx_word' id='word_1_4' title='bbox 2164 295 2253 350; x_wconf 74' lang='lat' dir='ltr'><strong>Vl.</strong></span> <span class='ocrx_word' id='word_1_5' title='bbox 3389 302 3500 355; x_wconf 64' lang='grc' dir='ltr'><strong>δη</strong></span> 
     </span>
    </p>
   </div>
   <div class='ocr_carea' id='block_1_2' title="bbox 1840 409 3266 477">
    <p class='ocr_par' dir='ltr' id='par_1_2' title="bbox 1840 409 3266 477">
     <span class='ocr_line' id='line_1_2' title="bbox 1840 409 3266 477; baseline -0.004 -12"><span class='ocrx_word' id='word_1_6' title='bbox 1840 413 1879 465; x_wconf 85' lang='grc' dir='ltr'><strong>Λ</strong></span> <span class='ocrx_word' id='word_1_7' title='bbox 1915 409 2201 473; x_wconf 51' lang='lat' dir='ltr'><strong>Splendida</strong></span> <span class='ocrx_word' id='word_1_8' title='bbox 2231 409 2489 464; x_wconf 83' lang='lat' dir='ltr'><strong>candebat</strong></span> <span class='ocrx_word' id='word_1_9' title='bbox 2518 409 2721 464; x_wconf 71' lang='lat' dir='ltr'><strong>crrlesti</strong></span> <span class='ocrx_word' id='word_1_10' title='bbox 2754 411 2805 463; x_wconf 91' lang='lat' dir='ltr'><strong>in</strong></span> <span class='ocrx_word' id='word_1_11' title='bbox 2835 423 3059 477; x_wconf 79' lang='lat' dir='ltr'><strong>corpore</strong></span> <span class='ocrx_word' id='word_1_12' title='bbox 3086 410 3266 474; x_wconf 85' lang='lat' dir='ltr'><strong>vestis,</strong></span> 
     </span>
    </p>
   </div>
   <div class='ocr_carea' id='block_1_3' title="bbox 1923 500 3261 569">
    <p class='ocr_par' dir='ltr' id='par_1_3' title="bbox 1923 500 3261 569">
     <span class='ocr_line' id='line_1_3' title="bbox 1923 500 3261 569; baseline 0 -15"><span class='ocrx_word' id='word_1_13' title='bbox 1923 504 1979 554; x_wconf 73' lang='lat' dir='ltr'><strong>Et</strong></span> <span class='ocrx_word' id='word_1_14' title='bbox 2012 502 2212 555; x_wconf 90' lang='lat' dir='ltr'><strong>vultum</strong></span> <span class='ocrx_word' id='word_1_15' title='bbox 2243 500 2430 555; x_wconf 83' lang='lat' dir='ltr'><strong>rutilus</strong></span> <span class='ocrx_word' id='word_1_16' title='bbox 2456 510 2785 567; x_wconf 73' lang='lat' dir='ltr'><strong>reSpcrserat</strong></span> <span class='ocrx_word' id='word_1_17' title='bbox 2810 501 3042 569; x_wconf 87' lang='lat' dir='ltr'><strong>undique</strong></span> <span class='ocrx_word' id='word_1_18' title='bbox 3071 501 3261 569; x_wconf 86' lang='lat' dir='ltr'><strong>fulgur,</strong></span> 
     </span>
    </p>
   </div>
   <div class='ocr_carea' id='block_1_4' title="bbox 255 408 1486 474">
    <p class='ocr_par' dir='ltr' id='par_1_4' title="bbox 255 408 1486 474">
     <span class='ocr_line' id='line_1_4' title="bbox 255 408 1486 474; baseline -0.009 -5"><span class='ocrx_word' id='word_1_19' title='bbox 255 412 559 469; x_wconf 79' lang='lat' dir='ltr'><strong>Perditionis</strong></span> <span class='ocrx_word' id='word_1_20' title='bbox 585 409 720 474; x_wconf 90' lang='lat' dir='ltr'><strong>erit;</strong></span> <span class='ocrx_word' id='word_1_21' title='bbox 757 410 932 464; x_wconf 77' lang='lat' dir='ltr'><strong>tristes</strong></span> <span class='ocrx_word' id='word_1_22' title='bbox 962 418 1083 462; x_wconf 91' lang='lat' dir='ltr'><strong>tunc</strong></span> <span class='ocrx_word' id='word_1_23' title='bbox 1113 408 1250 462; x_wconf 90' lang='lat' dir='ltr'><strong>edita</strong></span> <span class='ocrx_word' id='word_1_24' title='bbox 1285 408 1486 470; x_wconf 90' lang='lat' dir='ltr'><strong>nolunt,</strong></span> 
     </span>
    </p>
   </div>
   <div class='ocr_carea' id='block_1_5' title="bbox 253 499 1808 570">
    <p class='ocr_par' dir='ltr' id='par_1_5' title="bbox 253 499 1808 570">
     <span class='ocr_line' id='line_1_5' title="bbox 253 499 1808 570; baseline -0.003 -13"><span class='ocrx_word' id='word_1_25' title='bbox 253 506 370 570; x_wconf 65' lang='lat' dir='ltr'><strong>Quae</strong></span> <span class='ocrx_word' id='word_1_26' title='bbox 398 503 627 556; x_wconf 82' lang='lat' dir='ltr'><strong>flammis</strong></span> <span class='ocrx_word' id='word_1_27' title='bbox 654 512 856 554; x_wconf 86' lang='lat' dir='ltr'><strong>tantum</strong></span> <span class='ocrx_word' id='word_1_28' title='bbox 890 508 1207 570; x_wconf 93' lang='lat' dir='ltr'><strong>genuerunt,</strong></span> <span class='ocrx_word' id='word_1_29' title='bbox 1255 499 1492 552; x_wconf 88' lang='lat' dir='ltr'><strong>membra</strong></span> <span class='ocrx_word' id='word_1_30' title='bbox 1545 514 1808 565; x_wconf 69' lang='lat' dir='ltr'><strong>parentes.</strong></span> 
     </span>
    </p>
   </div>
   <div class='ocr_carea' id='block_1_6' title="bbox 251 590 1577 664">
    <p class='ocr_par' dir='ltr' id='par_1_6' title="bbox 251 590 1577 664">
     <span class='ocr_line' id='line_1_6' title="bbox 251 590 1577 664; baseline -0.004 -15"><span class='ocrx_word' id='word_1_31' title='bbox 251 596 368 664; x_wconf 84' lang='lat' dir='ltr'><strong>Quis</strong></span> <span class='ocrx_word' id='word_1_32' title='bbox 396 607 696 648; x_wconf 83' lang='lat' dir='ltr'><strong>memorare</strong></span> <span class='ocrx_word' id='word_1_33' title='bbox 725 602 884 660; x_wconf 88' lang='lat' dir='ltr'><strong>queat</strong></span> <span class='ocrx_word' id='word_1_34' title='bbox 914 591 1041 644; x_wconf 90' lang='lat' dir='ltr'><strong>tanti</strong></span> <span class='ocrx_word' id='word_1_35' title='bbox 1067 590 1370 644; x_wconf 85' lang='lat' dir='ltr'><strong>discrimina</strong></span> <span class='ocrx_word' id='word_1_36' title='bbox 1402 605 1577 655; x_wconf 89' lang='lat' dir='ltr'><strong>casus,</strong></span> 
     </span>
    </p>
   </div>
   <div class='ocr_carea' id='block_1_7' title="bbox 252 681 1478 756">
    <p class='ocr_par' dir='ltr' id='par_1_7' title="bbox 252 681 1478 756">
     <span class='ocr_line' id='line_1_7' title="bbox 252 681 1478 756; baseline -0.006 -15"><span class='ocrx_word' id='word_1_37' title='bbox 252 690 300 742; x_wconf 85' lang='lat' dir='ltr'><strong>in</strong></span> <span class='ocrx_word' id='word_1_38' title='bbox 336 702 451 756; x_wconf 71' lang='lat' dir='ltr'><strong>qua:</strong></span> <span class='ocrx_word' id='word_1_39' title='bbox 481 685 808 754; x_wconf 86' lang='lat' dir='ltr'><strong>pertrahitur</strong></span> <span class='ocrx_word' id='word_1_40' title='bbox 834 682 1043 737; x_wconf 84' lang='lat' dir='ltr'><strong>dilectae</strong></span> <span class='ocrx_word' id='word_1_41' title='bbox 1072 682 1237 750; x_wconf 85' lang='lat' dir='ltr'><strong>gloria</strong></span> <span class='ocrx_word' id='word_1_42' title='bbox 1263 681 1478 736; x_wconf 81' lang='lat' dir='ltr'><strong>carnis?</strong></span> 
     </span>
    </p>
   </div>
   <div class='ocr_carea' id='block_1_8' title="bbox 249 775 1457 847">
    <p class='ocr_par' dir='ltr' id='par_1_8' title="bbox 249 775 1457 847">
     <span class='ocr_line' id='line_1_8' title="bbox 249 775 1457 847; baseline -0.007 -12"><span class='ocrx_word' id='word_1_43' title='bbox 249 783 313 835; x_wconf 89' lang='lat' dir='ltr'><strong>At</strong></span> <span class='ocrx_word' id='word_1_44' title='bbox 338 780 442 833; x_wconf 91' lang='lat' dir='ltr'><strong>late</strong></span> <span class='ocrx_word' id='word_1_45' title='bbox 470 778 733 847; x_wconf 83' lang='lat' dir='ltr'><strong>longeque</strong></span> <span class='ocrx_word' id='word_1_46' title='bbox 761 786 901 830; x_wconf 86' lang='lat' dir='ltr'><strong>luam</strong></span> <span class='ocrx_word' id='word_1_47' title='bbox 928 775 1234 829; x_wconf 67' lang='lat' dir='ltr'><strong>discernere</strong></span> <span class='ocrx_word' id='word_1_48' title='bbox 1259 784 1457 828; x_wconf 82' lang='lat' dir='ltr'><strong>sortem</strong></span> 
     </span>
    </p>
   </div>
   <div class='ocr_carea' id='block_1_9' title="bbox 249 866 1536 937">
    <p class='ocr_par' dir='ltr' id='par_1_9' title="bbox 249 866 1536 937">
     <span class='ocr_line' id='line_1_9' title="bbox 249 866 1536 937; baseline -0.006 -10"><span class='ocrx_word' id='word_1_49' title='bbox 249 873 483 927; x_wconf 86' lang='lat' dir='ltr'><strong>Libertas</strong></span> <span class='ocrx_word' id='word_1_50' title='bbox 508 886 625 924; x_wconf 84' lang='lat' dir='ltr'><strong>cum</strong></span> <span class='ocrx_word' id='word_1_51' title='bbox 655 869 770 937; x_wconf 92' lang='lat' dir='ltr'><strong>lege</strong></span> <span class='ocrx_word' id='word_1_52' title='bbox 797 877 969 937; x_wconf 86' lang='lat' dir='ltr'><strong>potest</strong></span> <span class='ocrx_word' id='word_1_53' title='bbox 995 881 1095 935; x_wconf 92' lang='lat' dir='ltr'><strong>qua</strong></span> <span class='ocrx_word' id='word_1_54' title='bbox 1122 866 1372 930; x_wconf 89' lang='lat' dir='ltr'><strong>necteris,</strong></span> <span class='ocrx_word' id='word_1_55' title='bbox 1401 875 1458 919; x_wconf 92' lang='lat' dir='ltr'><strong>ut</strong></span> <span class='ocrx_word' id='word_1_56' title='bbox 1484 874 1536 919; x_wconf 86' lang='lat' dir='ltr'><strong>te</strong></span> 
     </span>
    </p>
   </div>
   <div class='ocr_carea' id='block_1_10' title="bbox 247 957 1554 1029">
    <p class='ocr_par' dir='ltr' id='par_1_10' title="bbox 247 957 1554 1029">
     <span class='ocr_line' id='line_1_10' title="bbox 247 957 1554 1029; baseline -0.008 -11"><span class='ocrx_word' id='word_1_57' title='bbox 247 964 399 1029; x_wconf 89' lang='lat' dir='ltr'><strong>hnpia</strong></span> <span class='ocrx_word' id='word_1_58' title='bbox 436 962 671 1015; x_wconf 89' lang='lat' dir='ltr'><strong>fallentis</strong></span> <span class='ocrx_word' id='word_1_59' title='bbox 701 976 802 1012; x_wconf 92' lang='lat' dir='ltr'><strong>non</strong></span> <span class='ocrx_word' id='word_1_60' title='bbox 830 961 1090 1026; x_wconf 48' lang='lat' dir='ltr'><strong>stringant</strong></span> <span class='ocrx_word' id='word_1_61' title='bbox 1119 958 1325 1011; x_wconf 88' lang='lat' dir='ltr'><strong>vincu&#39;a</strong></span> <span class='ocrx_word' id='word_1_62' title='bbox 1355 957 1554 1009; x_wconf 91' lang='lat' dir='ltr'><strong>mundi.</strong></span> 
     </span>
    </p>
   </div>
   <div class='ocr_carea' id='block_1_11' title="bbox 246 1048 1520 1121">
    <p class='ocr_par' dir='ltr' id='par_1_11' title="bbox 246 1048 1520 1121">
     <span class='ocr_line' id='line_1_11' title="bbox 246 1048 1520 1121; baseline -0.008 -11"><span class='ocrx_word' id='word_1_63' title='bbox 246 1055 317 1110; x_wconf 82' lang='lat' dir='ltr'><strong>Tu</strong></span> <span class='ocrx_word' id='word_1_64' title='bbox 346 1054 566 1109; x_wconf 85' lang='lat' dir='ltr'><strong>Mariam</strong></span> <span class='ocrx_word' id='word_1_65' title='bbox 598 1051 856 1121; x_wconf 84' lang='lat' dir='ltr'><strong>sequeris,</strong></span> <span class='ocrx_word' id='word_1_66' title='bbox 886 1051 1025 1105; x_wconf 87' lang='lat' dir='ltr'><strong>dono</strong></span> <span class='ocrx_word' id='word_1_67' title='bbox 1054 1050 1139 1104; x_wconf 92' lang='lat' dir='ltr'><strong>cui</strong></span> <span class='ocrx_word' id='word_1_68' title='bbox 1166 1049 1385 1118; x_wconf 79' lang='lat' dir='ltr'><strong>contigit</strong></span> <span class='ocrx_word' id='word_1_69' title='bbox 1413 1048 1520 1101; x_wconf 89' lang='lat' dir='ltr'><strong>alto</strong></span> 
     </span>
    </p>
   </div>
   <div class='ocr_carea' id='block_1_12' title="bbox 252 1141 1513 1213">
    <p class='ocr_par' dir='ltr' id='par_1_12' title="bbox 252 1141 1513 1213">
     <span class='ocr_line' id='line_1_12' title="bbox 252 1141 1513 1213; baseline -0.006 -15"><span class='ocrx_word' id='word_1_70' title='bbox 252 1145 477 1213; x_wconf 79' lang='lat' dir='ltr'><strong>Virginis</strong></span> <span class='ocrx_word' id='word_1_71' title='bbox 508 1154 561 1199; x_wconf 81' lang='lat' dir='ltr'><strong>et</strong></span> <span class='ocrx_word' id='word_1_72' title='bbox 589 1146 771 1198; x_wconf 79' lang='lat' dir='ltr'><strong>matris</strong></span> <span class='ocrx_word' id='word_1_73' title='bbox 798 1144 1007 1212; x_wconf 89' lang='lat' dir='ltr'><strong>gemina</strong></span> <span class='ocrx_word' id='word_1_74' title='bbox 1036 1141 1269 1212; x_wconf 88' lang='lat' dir='ltr'><strong>gaudere</strong></span> <span class='ocrx_word' id='word_1_75' title='bbox 1297 1155 1513 1206; x_wconf 93' lang='lat' dir='ltr'><strong>corona,</strong></span> 
     </span>
    </p>
   </div>
   <div class='ocr_carea' id='block_1_13' title="bbox 245 1232 1625 1306">
    <p class='ocr_par' dir='ltr' id='par_1_13' title="bbox 245 1232 1625 1306">
     <span class='ocr_line' id='line_1_13' title="bbox 245 1232 1625 1306; baseline -0.007 -13"><span class='ocrx_word' id='word_1_76' title='bbox 245 1235 563 1306; x_wconf 89' lang='lat' dir='ltr'><strong>Conciperet</strong></span> <span class='ocrx_word' id='word_1_77' title='bbox 591 1250 709 1290; x_wconf 92' lang='lat' dir='ltr'><strong>cum</strong></span> <span class='ocrx_word' id='word_1_78' title='bbox 737 1249 898 1288; x_wconf 90' lang='lat' dir='ltr'><strong>carne</strong></span> <span class='ocrx_word' id='word_1_79' title='bbox 931 1234 1119 1298; x_wconf 92' lang='lat' dir='ltr'><strong>Deum,</strong></span> <span class='ocrx_word' id='word_1_80' title='bbox 1148 1233 1378 1302; x_wconf 67' lang='lat' dir='ltr'><strong>coalique</strong></span> <span class='ocrx_word' id='word_1_81' title='bbox 1402 1232 1625 1286; x_wconf 84' lang='lat' dir='ltr'><strong>Creator</strong></span> 
     </span>
    </p>
   </div>
   <div class='ocr_carea' id='block_1_14' title="bbox 244 1325 1645 1393">
    <p class='ocr_par' dir='ltr' id='par_1_14' title="bbox 244 1325 1645 1393">
     <span class='ocr_line' id='line_1_14' title="bbox 244 1325 1645 1393; baseline -0.005 -10"><span class='ocrx_word' id='word_1_82' title='bbox 244 1329 464 1383; x_wconf 84' lang='lat' dir='ltr'><strong>latraret</strong></span> <span class='ocrx_word' id='word_1_83' title='bbox 497 1327 732 1381; x_wconf 88' lang='lat' dir='ltr'><strong>clausum</strong></span> <span class='ocrx_word' id='word_1_84' title='bbox 763 1341 1012 1380; x_wconf 84' lang='lat' dir='ltr'><strong>reserans</strong></span> <span class='ocrx_word' id='word_1_85' title='bbox 1038 1325 1287 1393; x_wconf 87' lang='lat' dir='ltr'><strong>mysteria</strong></span> <span class='ocrx_word' id='word_1_86' title='bbox 1320 1333 1582 1378; x_wconf 80' lang='lat' dir='ltr'><strong>ventrem.</strong></span> <span class='ocrx_word' id='word_1_87' title='bbox 1642 1338 1645 1339; x_wconf 68' lang='lat'><strong><em>&#39;</em></strong></span> 
     </span>
    </p>
   </div>
   <div class='ocr_carea' id='block_1_15' title="bbox 246 1415 1596 1487">
    <p class='ocr_par' dir='ltr' id='par_1_15' title="bbox 246 1415 1596 1487">
     <span class='ocr_line' id='line_1_15' title="bbox 246 1415 1596 1487; baseline -0.004 -14"><span class='ocrx_word' id='word_1_88' title='bbox 246 1426 282 1473; x_wconf 90' lang='lat' dir='ltr'><strong>A</strong></span> <span class='ocrx_word' id='word_1_89' title='bbox 313 1419 581 1487; x_wconf 87' lang='lat' dir='ltr'><strong>genitrice</strong></span> <span class='ocrx_word' id='word_1_90' title='bbox 610 1429 775 1481; x_wconf 90' lang='lat' dir='ltr'><strong>satus,</strong></span> <span class='ocrx_word' id='word_1_91' title='bbox 805 1420 898 1473; x_wconf 88' lang='lat' dir='ltr'><strong>sed</strong></span> <span class='ocrx_word' id='word_1_92' title='bbox 930 1434 1084 1487; x_wconf 89' lang='lat' dir='ltr'><strong>quam</strong></span> <span class='ocrx_word' id='word_1_93' title='bbox 1114 1417 1429 1470; x_wconf 89' lang='lat' dir='ltr'><strong>formaverat</strong></span> <span class='ocrx_word' id='word_1_94' title='bbox 1462 1415 1596 1483; x_wconf 90' lang='lat' dir='ltr'><strong>ipse,</strong></span> 
     </span>
    </p>
   </div>
   <div class='ocr_carea' id='block_1_16' title="bbox 245 1507 1463 1575">
    <p class='ocr_par' dir='ltr' id='par_1_16' title="bbox 245 1507 1463 1575">
     <span class='ocr_line' id='line_1_16' title="bbox 245 1507 1463 1575; baseline -0.005 -10"><span class='ocrx_word' id='word_1_95' title='bbox 245 1509 405 1573; x_wconf 67' lang='lat' dir='ltr'><strong>Elegit</strong></span> <span class='ocrx_word' id='word_1_96' title='bbox 436 1508 662 1562; x_wconf 84' lang='lat' dir='ltr'><strong>nitidam</strong></span> <span class='ocrx_word' id='word_1_97' title='bbox 689 1509 756 1562; x_wconf 89' lang='lat' dir='ltr'><strong>de</strong></span> <span class='ocrx_word' id='word_1_98' title='bbox 786 1524 887 1575; x_wconf 88' lang='lat' dir='ltr'><strong>qua</strong></span> <span class='ocrx_word' id='word_1_99' title='bbox 922 1507 1234 1575; x_wconf 84' lang='lat' dir='ltr'><strong>procederet</strong></span> <span class='ocrx_word' id='word_1_100' title='bbox 1264 1507 1463 1567; x_wconf 83' lang='lat' dir='ltr'><strong>alvum.</strong></span> 
     </span>
    </p>
   </div>
   <div class='ocr_carea' id='block_1_17' title="bbox 244 1598 1605 1668">
    <p class='ocr_par' dir='ltr' id='par_1_17' title="bbox 244 1598 1605 1668">
     <span class='ocr_line' id='line_1_17' title="bbox 244 1598 1605 1668; baseline -0.007 -13"><span class='ocrx_word' id='word_1_101' title='bbox 244 1601 391 1655; x_wconf 86' lang='lat' dir='ltr'><strong>Solus</strong></span> <span class='ocrx_word' id='word_1_102' title='bbox 430 1602 525 1667; x_wconf 69' lang='lat' dir='ltr'><strong>qui</strong></span> <span class='ocrx_word' id='word_1_103' title='bbox 556 1600 734 1654; x_wconf 89' lang='lat' dir='ltr'><strong>carnis</strong></span> <span class='ocrx_word' id='word_1_104' title='bbox 762 1600 1035 1668; x_wconf 80' lang='lat' dir='ltr'><strong>proprium</strong></span> <span class='ocrx_word' id='word_1_105' title='bbox 1069 1598 1378 1664; x_wconf 79' lang='lat' dir='ltr'><strong>disponeret</strong></span> <span class='ocrx_word' id='word_1_106' title='bbox 1407 1604 1605 1661; x_wconf 90' lang='lat' dir='ltr'><strong>ortum,</strong></span> 
     </span>
    </p>
   </div>
   <div class='ocr_carea' id='block_1_18' title="bbox 246 1684 1573 1758">
    <p class='ocr_par' dir='ltr' id='par_1_18' title="bbox 246 1684 1573 1758">
     <span class='ocr_line' id='line_1_18' title="bbox 246 1684 1573 1758; baseline -0.006 -14"><span class='ocrx_word' id='word_1_107' title='bbox 246 1693 632 1758; x_wconf 75' lang='lat' dir='ltr'><strong>l’rzrsciretque</strong></span> <span class='ocrx_word' id='word_1_108' title='bbox 659 1690 800 1744; x_wconf 91' lang='lat' dir='ltr'><strong>diem</strong></span> <span class='ocrx_word' id='word_1_109' title='bbox 827 1690 1002 1756; x_wconf 85' lang='lat' dir='ltr'><strong>longe,</strong></span> <span class='ocrx_word' id='word_1_110' title='bbox 1030 1698 1342 1754; x_wconf 88' lang='lat' dir='ltr'><strong>tempusque</strong></span> <span class='ocrx_word' id='word_1_111' title='bbox 1371 1684 1573 1737; x_wconf 87' lang='lat' dir='ltr'><strong>videret</strong></span> 
     </span>
    </p>
   </div>
   <div class='ocr_carea' id='block_1_19' title="bbox 242 1775 1709 1847">
    <p class='ocr_par' dir='ltr' id='par_1_19' title="bbox 242 1775 1709 1847">
     <span class='ocr_line' id='line_1_19' title="bbox 242 1775 1709 1847; baseline -0.009 -11"><span class='ocrx_word' id='word_1_112' title='bbox 242 1782 352 1847; x_wconf 88' lang='lat' dir='ltr'><strong>Quo</strong></span> <span class='ocrx_word' id='word_1_113' title='bbox 378 1780 674 1847; x_wconf 86' lang='lat' dir='ltr'><strong>pariendus</strong></span> <span class='ocrx_word' id='word_1_114' title='bbox 702 1787 818 1834; x_wconf 90' lang='lat' dir='ltr'><strong>erat</strong></span> <span class='ocrx_word' id='word_1_115' title='bbox 844 1794 859 1832; x_wconf 91' lang='lat'><strong>:</strong></span> <span class='ocrx_word' id='word_1_116' title='bbox 888 1778 1158 1845; x_wconf 74' lang='lat' dir='ltr'><strong>praecessit</strong></span> <span class='ocrx_word' id='word_1_117' title='bbox 1186 1775 1419 1829; x_wconf 87' lang='lat' dir='ltr'><strong>membra</strong></span> <span class='ocrx_word' id='word_1_118' title='bbox 1446 1775 1709 1826; x_wconf 75' lang='lat' dir='ltr'><strong>voluntas.</strong></span> 
     </span>
    </p>
   </div>
   <div class='ocr_carea' id='block_1_20' title="bbox 241 1865 1607 1939">
    <p class='ocr_par' dir='ltr' id='par_1_20' title="bbox 241 1865 1607 1939">
     <span class='ocr_line' id='line_1_20' title="bbox 241 1865 1607 1939; baseline -0.008 -15"><span class='ocrx_word' id='word_1_119' title='bbox 241 1870 351 1939; x_wconf 83' lang='lat' dir='ltr'><strong>Ipse</strong></span> <span class='ocrx_word' id='word_1_120' title='bbox 378 1872 528 1925; x_wconf 91' lang='lat' dir='ltr'><strong>Deus</strong></span> <span class='ocrx_word' id='word_1_121' title='bbox 555 1868 810 1929; x_wconf 84' lang='lat' dir='ltr'><strong>Verbum,</strong></span> <span class='ocrx_word' id='word_1_122' title='bbox 843 1868 1114 1931; x_wconf 90' lang='lat' dir='ltr'><strong>vestitum,</strong></span> <span class='ocrx_word' id='word_1_123' title='bbox 1142 1865 1346 1919; x_wconf 88' lang='lat' dir='ltr'><strong>viscere</strong></span> <span class='ocrx_word' id='word_1_124' title='bbox 1375 1872 1607 1929; x_wconf 84' lang='lat' dir='ltr'><strong>sumpto,</strong></span> 
     </span>
    </p>
   </div>
   <div class='ocr_carea' id='block_1_21' title="bbox 241 1956 1696 2031">
    <p class='ocr_par' dir='ltr' id='par_1_21' title="bbox 241 1956 1696 2031">
     <span class='ocr_line' id='line_1_21' title="bbox 241 1956 1696 2031; baseline -0.008 -12"><span class='ocrx_word' id='word_1_125' title='bbox 241 1964 333 2031; x_wconf 87' lang='lat' dir='ltr'><strong>Qui</strong></span> <span class='ocrx_word' id='word_1_126' title='bbox 364 1980 494 2018; x_wconf 91' lang='lat' dir='ltr'><strong>cum</strong></span> <span class='ocrx_word' id='word_1_127' title='bbox 530 1964 686 2017; x_wconf 85' lang='lat' dir='ltr'><strong>Patre</strong></span> <span class='ocrx_word' id='word_1_128' title='bbox 706 1962 876 2030; x_wconf 85' lang='lat' dir='ltr'><strong>jubet,</strong></span> <span class='ocrx_word' id='word_1_129' title='bbox 907 1968 1150 2014; x_wconf 89' lang='lat' dir='ltr'><strong>materno</strong></span> <span class='ocrx_word' id='word_1_130' title='bbox 1176 1959 1231 2011; x_wconf 91' lang='lat' dir='ltr'><strong>in</strong></span> <span class='ocrx_word' id='word_1_131' title='bbox 1260 1970 1483 2025; x_wconf 89' lang='lat' dir='ltr'><strong>corpore</strong></span> <span class='ocrx_word' id='word_1_132' title='bbox 1511 1956 1696 2013; x_wconf 83' lang='lat' dir='ltr'><strong>servit.</strong></span> 
     </span>
    </p>
   </div>
   <div class='ocr_carea' id='block_1_22' title="bbox 240 2046 1747 2123">
    <p class='ocr_par' dir='ltr' id='par_1_22' title="bbox 240 2046 1747 2123">
     <span class='ocr_line' id='line_1_22' title="bbox 240 2046 1747 2123; baseline -0.011 -14"><span class='ocrx_word' id='word_1_133' title='bbox 240 2053 480 2123; x_wconf 85' lang='lat' dir='ltr'><strong>Suscipit</strong></span> <span class='ocrx_word' id='word_1_134' title='bbox 505 2062 560 2107; x_wconf 92' lang='lat' dir='ltr'><strong>et</strong></span> <span class='ocrx_word' id='word_1_135' title='bbox 588 2052 841 2106; x_wconf 89' lang='lat' dir='ltr'><strong>famulum</strong></span> <span class='ocrx_word' id='word_1_136' title='bbox 877 2050 1148 2113; x_wconf 83' lang='lat' dir='ltr'><strong>Dominus,</strong></span> <span class='ocrx_word' id='word_1_137' title='bbox 1174 2048 1259 2117; x_wconf 92' lang='lat' dir='ltr'><strong>qui</strong></span> <span class='ocrx_word' id='word_1_138' title='bbox 1288 2046 1525 2115; x_wconf 89' lang='lat' dir='ltr'><strong>jusserat</strong></span> <span class='ocrx_word' id='word_1_139' title='bbox 1553 2060 1747 2098; x_wconf 69' lang='lat' dir='ltr'><strong>(mlum.</strong></span> 
     </span>
    </p>
   </div>
   <div class='ocr_carea' id='block_1_23' title="bbox 240 2136 1696 2212">
    <p class='ocr_par' dir='ltr' id='par_1_23' title="bbox 240 2136 1696 2212">
     <span class='ocr_line' id='line_1_23' title="bbox 240 2136 1696 2212; baseline -0.008 -15"><span class='ocrx_word' id='word_1_140' title='bbox 240 2143 508 2212; x_wconf 82' lang='lat' dir='ltr'><strong>Tempora</strong></span> <span class='ocrx_word' id='word_1_141' title='bbox 542 2159 635 2211; x_wconf 89' lang='lat' dir='ltr'><strong>per</strong></span> <span class='ocrx_word' id='word_1_142' title='bbox 662 2150 884 2210; x_wconf 83' lang='lat' dir='ltr'><strong>patrem,</strong></span> <span class='ocrx_word' id='word_1_143' title='bbox 914 2155 1007 2207; x_wconf 88' lang='lat' dir='ltr'><strong>per</strong></span> <span class='ocrx_word' id='word_1_144' title='bbox 1033 2148 1253 2193; x_wconf 83' lang='lat' dir='ltr'><strong>matrem</strong></span> <span class='ocrx_word' id='word_1_145' title='bbox 1279 2137 1479 2193; x_wconf 83' lang='lat' dir='ltr'><strong>semina</strong></span> <span class='ocrx_word' id='word_1_146' title='bbox 1510 2136 1696 2189; x_wconf 83' lang='lat' dir='ltr'><strong>nescit.</strong></span> 
     </span>
    </p>
   </div>
   <div class='ocr_carea' id='block_1_24' title="bbox 240 2230 1561 2304">
    <p class='ocr_par' dir='ltr' id='par_1_24' title="bbox 240 2230 1561 2304">
     <span class='ocr_line' id='line_1_24' title="bbox 240 2230 1561 2304; baseline -0.006 -16"><span class='ocrx_word' id='word_1_147' title='bbox 240 2234 330 2289; x_wconf 86' lang='lat' dir='ltr'><strong>Illa</strong></span> <span class='ocrx_word' id='word_1_148' title='bbox 360 2234 585 2304; x_wconf 89' lang='lat' dir='ltr'><strong>quidem</strong></span> <span class='ocrx_word' id='word_1_149' title='bbox 613 2234 834 2288; x_wconf 88' lang='lat' dir='ltr'><strong>fecunda</strong></span> <span class='ocrx_word' id='word_1_150' title='bbox 865 2231 982 2296; x_wconf 86' lang='lat' dir='ltr'><strong>fuit,</strong></span> <span class='ocrx_word' id='word_1_151' title='bbox 1013 2245 1131 2299; x_wconf 77' lang='lat' dir='ltr'><strong>qua:</strong></span> <span class='ocrx_word' id='word_1_152' title='bbox 1159 2230 1391 2297; x_wconf 88' lang='lat' dir='ltr'><strong>pondere</strong></span> <span class='ocrx_word' id='word_1_153' title='bbox 1416 2238 1561 2280; x_wconf 87' lang='lat' dir='ltr'><strong>casto</strong></span> 
     </span>
    </p>
   </div>
   <div class='ocr_carea' id='block_1_25' title="bbox 239 2321 1707 2393">
    <p class='ocr_par' dir='ltr' id='par_1_25' title="bbox 239 2321 1707 2393">
     <span class='ocr_line' id='line_1_25' title="bbox 239 2321 1707 2393; baseline -0.009 -13"><span class='ocrx_word' id='word_1_154' title='bbox 239 2325 529 2380; x_wconf 87' lang='lat' dir='ltr'><strong>Factorem</strong></span> <span class='ocrx_word' id='word_1_155' title='bbox 560 2334 775 2393; x_wconf 87' lang='lat' dir='ltr'><strong>portare</strong></span> <span class='ocrx_word' id='word_1_156' title='bbox 797 2338 972 2386; x_wconf 90' lang='lat' dir='ltr'><strong>suum,</strong></span> <span class='ocrx_word' id='word_1_157' title='bbox 1005 2321 1391 2388; x_wconf 88' lang='lat' dir='ltr'><strong>Dominumque</strong></span> <span class='ocrx_word' id='word_1_158' title='bbox 1416 2331 1707 2386; x_wconf 89' lang='lat' dir='ltr'><strong>perennem</strong></span> 
     </span>
    </p>
   </div>
   <div class='ocr_carea' id='block_1_26' title="bbox 241 2410 1470 2484">
    <p class='ocr_par' dir='ltr' id='par_1_26' title="bbox 241 2410 1470 2484">
     <span class='ocr_line' id='line_1_26' title="bbox 241 2410 1470 2484; baseline -0.007 -14"><span class='ocrx_word' id='word_1_159' title='bbox 241 2415 418 2470; x_wconf 82' lang='lat' dir='ltr'><strong>Edere</strong></span> <span class='ocrx_word' id='word_1_160' title='bbox 448 2414 770 2484; x_wconf 85' lang='lat' dir='ltr'><strong>promeruit;</strong></span> <span class='ocrx_word' id='word_1_161' title='bbox 796 2413 888 2467; x_wconf 88' lang='lat' dir='ltr'><strong>sed</strong></span> <span class='ocrx_word' id='word_1_162' title='bbox 923 2427 1021 2467; x_wconf 89' lang='lat' dir='ltr'><strong>nec</strong></span> <span class='ocrx_word' id='word_1_163' title='bbox 1040 2412 1129 2465; x_wconf 91' lang='lat' dir='ltr'><strong>tibi</strong></span> <span class='ocrx_word' id='word_1_164' title='bbox 1152 2411 1316 2479; x_wconf 85' lang='lat' dir='ltr'><strong>gloria</strong></span> <span class='ocrx_word' id='word_1_165' title='bbox 1338 2410 1470 2464; x_wconf 86' lang='lat' dir='ltr'><strong>tanti</strong></span> 
     </span>
    </p>
   </div>
   <div class='ocr_carea' id='block_1_27' title="bbox 240 2502 1465 2575">
    <p class='ocr_par' dir='ltr' id='par_1_27' title="bbox 240 2502 1465 2575">
     <span class='ocr_line' id='line_1_27' title="bbox 240 2502 1465 2575; baseline -0.005 -14"><span class='ocrx_word' id='word_1_166' title='bbox 240 2507 487 2562; x_wconf 81' lang='lat' dir='ltr'><strong>Defuerit</strong></span> <span class='ocrx_word' id='word_1_167' title='bbox 517 2506 663 2575; x_wconf 89' lang='lat' dir='ltr'><strong>facti,</strong></span> <span class='ocrx_word' id='word_1_168' title='bbox 694 2506 965 2560; x_wconf 88' lang='lat' dir='ltr'><strong>Christum</strong></span> <span class='ocrx_word' id='word_1_169' title='bbox 990 2505 1031 2556; x_wconf 91' lang='lat' dir='ltr'><strong>si</strong></span> <span class='ocrx_word' id='word_1_170' title='bbox 1062 2502 1273 2557; x_wconf 90' lang='lat' dir='ltr'><strong>credula</strong></span> <span class='ocrx_word' id='word_1_171' title='bbox 1301 2502 1465 2555; x_wconf 88' lang='lat' dir='ltr'><strong>corde</strong></span> 
     </span>
    </p>
   </div>
   <div class='ocr_carea' id='block_1_28' title="bbox 238 2592 1618 2669">
    <p class='ocr_par' dir='ltr' id='par_1_28' title="bbox 238 2592 1618 2669">
     <span class='ocr_line' id='line_1_28' title="bbox 238 2592 1618 2669; baseline -0.009 -15"><span class='ocrx_word' id='word_1_172' title='bbox 238 2599 591 2669; x_wconf 86' lang='lat' dir='ltr'><strong>Concipiens,</strong></span> <span class='ocrx_word' id='word_1_173' title='bbox 625 2611 845 2662; x_wconf 83' lang='lat' dir='ltr'><strong>Operum</strong></span> <span class='ocrx_word' id='word_1_174' title='bbox 874 2596 1045 2661; x_wconf 84' lang='lat' dir='ltr'><strong>parias</strong></span> <span class='ocrx_word' id='word_1_175' title='bbox 1074 2594 1155 2663; x_wconf 90' lang='lat' dir='ltr'><strong>pia</strong></span> <span class='ocrx_word' id='word_1_176' title='bbox 1195 2593 1435 2662; x_wconf 86' lang='lat' dir='ltr'><strong>germina</strong></span> <span class='ocrx_word' id='word_1_177' title='bbox 1462 2592 1618 2646; x_wconf 65' lang='lat' dir='ltr'><strong>coelo.</strong></span> 
     </span>
    </p>
   </div>
   <div class='ocr_carea' id='block_1_29' title="bbox 236 2682 1675 2756">
    <p class='ocr_par' dir='ltr' id='par_1_29' title="bbox 236 2682 1675 2756">
     <span class='ocr_line' id='line_1_29' title="bbox 236 2682 1675 2756; baseline -0.006 -12"><span class='ocrx_word' id='word_1_178' title='bbox 236 2690 291 2743; x_wconf 89' lang='lat' dir='ltr'><strong>Si</strong></span> <span class='ocrx_word' id='word_1_179' title='bbox 311 2690 466 2756; x_wconf 84' lang='lat' dir='ltr'><strong>quis,</strong></span> <span class='ocrx_word' id='word_1_180' title='bbox 490 2688 585 2752; x_wconf 85' lang='lat' dir='ltr'><strong>ait,</strong></span> <span class='ocrx_word' id='word_1_181' title='bbox 618 2696 851 2741; x_wconf 87' lang='lat' dir='ltr'><strong>nostram</strong></span> <span class='ocrx_word' id='word_1_182' title='bbox 879 2684 1223 2753; x_wconf 87' lang='lat' dir='ltr'><strong>eompleverit</strong></span> <span class='ocrx_word' id='word_1_183' title='bbox 1251 2682 1438 2736; x_wconf 86' lang='lat' dir='ltr'><strong>ordine</strong></span> <span class='ocrx_word' id='word_1_184' title='bbox 1473 2683 1640 2750; x_wconf 85' lang='lat' dir='ltr'><strong>legem</strong></span> <span class='ocrx_word' id='word_1_185' title='bbox 1662 2726 1675 2749; x_wconf 93' lang='lat'><strong>,</strong></span> 
     </span>
    </p>
   </div>
   <div class='ocr_carea' id='block_1_30' title="bbox 241 2776 1704 2847">
    <p class='ocr_par' dir='ltr' id='par_1_30' title="bbox 241 2776 1704 2847">
     <span class='ocr_line' id='line_1_30' title="bbox 241 2776 1704 2847; baseline -0.005 -13"><span class='ocrx_word' id='word_1_186' title='bbox 241 2780 335 2836; x_wconf 80' lang='lat' dir='ltr'><strong>llic</strong></span> <span class='ocrx_word' id='word_1_187' title='bbox 361 2779 504 2834; x_wconf 87' lang='lat' dir='ltr'><strong>mihi</strong></span> <span class='ocrx_word' id='word_1_188' title='bbox 534 2793 744 2847; x_wconf 86' lang='lat' dir='ltr'><strong>semper</strong></span> <span class='ocrx_word' id='word_1_189' title='bbox 766 2780 870 2832; x_wconf 88' lang='lat' dir='ltr'><strong>erit</strong></span> <span class='ocrx_word' id='word_1_190' title='bbox 898 2776 1082 2838; x_wconf 84' lang='lat' dir='ltr'><strong>frater,</strong></span> <span class='ocrx_word' id='word_1_191' title='bbox 1108 2786 1403 2842; x_wconf 84' lang='lat' dir='ltr'><strong>materque,</strong></span> <span class='ocrx_word' id='word_1_192' title='bbox 1426 2787 1704 2844; x_wconf 90' lang='lat' dir='ltr'><strong>sororque.</strong></span> 
     </span>
    </p>
   </div>
   <div class='ocr_carea' id='block_1_31' title="bbox 238 2867 1379 2937">
    <p class='ocr_par' dir='ltr' id='par_1_31' title="bbox 238 2867 1379 2937">
     <span class='ocr_line' id='line_1_31' title="bbox 238 2867 1379 2937; baseline -0.005 -12"><span class='ocrx_word' id='word_1_193' title='bbox 238 2872 460 2937; x_wconf 79' lang='lat' dir='ltr'><strong>Aspicis</strong></span> <span class='ocrx_word' id='word_1_194' title='bbox 486 2878 544 2924; x_wconf 93' lang='lat' dir='ltr'><strong>ut</strong></span> <span class='ocrx_word' id='word_1_195' title='bbox 571 2884 700 2924; x_wconf 85' lang='lat' dir='ltr'><strong>sexu</strong></span> <span class='ocrx_word' id='word_1_196' title='bbox 721 2878 899 2923; x_wconf 87' lang='lat' dir='ltr'><strong>careat</strong></span> <span class='ocrx_word' id='word_1_197' title='bbox 923 2867 1158 2922; x_wconf 73' lang='lat' dir='ltr'><strong>caelestis</strong></span> <span class='ocrx_word' id='word_1_198' title='bbox 1185 2868 1379 2935; x_wconf 87' lang='lat' dir='ltr'><strong>imago,</strong></span> 
     </span>
    </p>
   </div>
   <div class='ocr_carea' id='block_1_32' title="bbox 239 2958 1612 3024">
    <p class='ocr_par' dir='ltr' id='par_1_32' title="bbox 239 2958 1612 3024">
     <span class='ocr_line' id='line_1_32' title="bbox 239 2958 1612 3024; baseline -0.004 -10"><span class='ocrx_word' id='word_1_199' title='bbox 239 2960 479 3015; x_wconf 87' lang='lat' dir='ltr'><strong>Interior</strong></span> <span class='ocrx_word' id='word_1_200' title='bbox 509 2963 730 3012; x_wconf 67' lang='lat' dir='ltr'><strong>sortitus</strong></span> <span class='ocrx_word' id='word_1_201' title='bbox 762 2959 921 3012; x_wconf 91' lang='lat' dir='ltr'><strong>homo</strong></span> <span class='ocrx_word' id='word_1_202' title='bbox 956 2972 1113 3024; x_wconf 83' lang='lat' dir='ltr'><strong>quam</strong></span> <span class='ocrx_word' id='word_1_203' title='bbox 1144 2965 1324 3011; x_wconf 89' lang='lat' dir='ltr'><strong>mente</strong></span> <span class='ocrx_word' id='word_1_204' title='bbox 1352 2958 1612 3011; x_wconf 86' lang='lat' dir='ltr'><strong>retentat?</strong></span> 
     </span>
    </p>
   </div>
   <div class='ocr_carea' id='block_1_33' title="bbox 240 3047 1655 3119">
    <p class='ocr_par' dir='ltr' id='par_1_33' title="bbox 240 3047 1655 3119">
     <span class='ocr_line' id='line_1_33' title="bbox 240 3047 1655 3119; baseline -0.004 -13"><span class='ocrx_word' id='word_1_205' title='bbox 240 3051 483 3107; x_wconf 71' lang='lat' dir='ltr'><strong>Praebuit</strong></span> <span class='ocrx_word' id='word_1_206' title='bbox 515 3052 813 3119; x_wconf 65' lang='lat' dir='ltr'><strong>exemplum</strong></span> <span class='ocrx_word' id='word_1_207' title='bbox 846 3063 1071 3117; x_wconf 85' lang='lat' dir='ltr'><strong>surgens</strong></span> <span class='ocrx_word' id='word_1_208' title='bbox 1098 3063 1127 3102; x_wconf 90' lang='lat' dir='ltr'><strong>a</strong></span> <span class='ocrx_word' id='word_1_209' title='bbox 1155 3056 1325 3103; x_wconf 90' lang='lat' dir='ltr'><strong>morte</strong></span> <span class='ocrx_word' id='word_1_210' title='bbox 1351 3047 1655 3117; x_wconf 88' lang='lat' dir='ltr'><strong>redemptor</strong></span> 
     </span>
    </p>
   </div>
   <div class='ocr_carea' id='block_1_34' title="bbox 241 3138 1673 3206">
    <p class='ocr_par' dir='ltr' id='par_1_34' title="bbox 241 3138 1673 3206">
     <span class='ocr_line' id='line_1_34' title="bbox 241 3138 1673 3206; baseline -0.003 -10"><span class='ocrx_word' id='word_1_211' title='bbox 241 3142 566 3198; x_wconf 82' lang='lat' dir='ltr'><strong>Femineum</strong></span> <span class='ocrx_word' id='word_1_212' title='bbox 597 3141 828 3196; x_wconf 89' lang='lat' dir='ltr'><strong>maribus</strong></span> <span class='ocrx_word' id='word_1_213' title='bbox 853 3155 974 3194; x_wconf 93' lang='lat' dir='ltr'><strong>cum</strong></span> <span class='ocrx_word' id='word_1_214' title='bbox 1002 3140 1079 3193; x_wconf 91' lang='lat' dir='ltr'><strong>sic</strong></span> <span class='ocrx_word' id='word_1_215' title='bbox 1110 3139 1368 3206; x_wconf 58' lang='lat' dir='ltr'><strong>prteronit</strong></span> <span class='ocrx_word' id='word_1_216' title='bbox 1396 3138 1673 3193; x_wconf 80' lang='lat' dir='ltr'><strong>honorem.</strong></span> 
     </span>
    </p>
   </div>
   <div class='ocr_carea' id='block_1_35' title="bbox 239 3232 1645 3304">
    <p class='ocr_par' dir='ltr' id='par_1_35' title="bbox 239 3232 1645 3304">
     <span class='ocr_line' id='line_1_35' title="bbox 239 3232 1645 3304; baseline -0.005 -13"><span class='ocrx_word' id='word_1_217' title='bbox 239 3235 495 3291; x_wconf 83' lang='lat' dir='ltr'><strong>Gustavit</strong></span> <span class='ocrx_word' id='word_1_218' title='bbox 523 3244 785 3304; x_wconf 85' lang='lat' dir='ltr'><strong>sumptam</strong></span> <span class='ocrx_word' id='word_1_219' title='bbox 818 3242 1121 3301; x_wconf 85' lang='lat' dir='ltr'><strong>nostropro</strong></span> <span class='ocrx_word' id='word_1_220' title='bbox 1148 3232 1369 3287; x_wconf 74' lang='lat' dir='ltr'><strong>crimine</strong></span> <span class='ocrx_word' id='word_1_221' title='bbox 1398 3241 1645 3296; x_wconf 88' lang='lat' dir='ltr'><strong>mortem,</strong></span> 
     </span>
    </p>
   </div>
   <div class='ocr_carea' id='block_1_36' title="bbox 240 3323 1716 3395">
    <p class='ocr_par' dir='ltr' id='par_1_36' title="bbox 240 3323 1716 3395">
     <span class='ocr_line' id='line_1_36' title="bbox 240 3323 1716 3395; baseline -0.004 -13"><span class='ocrx_word' id='word_1_222' title='bbox 240 3328 299 3383; x_wconf 83' lang='lat' dir='ltr'><strong>In</strong></span> <span class='ocrx_word' id='word_1_223' title='bbox 330 3331 515 3383; x_wconf 88' lang='lat' dir='ltr'><strong>crucis</strong></span> <span class='ocrx_word' id='word_1_224' title='bbox 542 3328 754 3382; x_wconf 80' lang='lat' dir='ltr'><strong>excelso</strong></span> <span class='ocrx_word' id='word_1_225' title='bbox 794 3327 1030 3395; x_wconf 87' lang='lat' dir='ltr'><strong>pendens</strong></span> <span class='ocrx_word' id='word_1_226' title='bbox 1059 3324 1173 3379; x_wconf 90' lang='lat' dir='ltr'><strong>sine</strong></span> <span class='ocrx_word' id='word_1_227' title='bbox 1202 3325 1427 3378; x_wconf 89' lang='lat' dir='ltr'><strong>crimine</strong></span> <span class='ocrx_word' id='word_1_228' title='bbox 1454 3323 1716 3378; x_wconf 82' lang='lat' dir='ltr'><strong>Christus.</strong></span> 
     </span>
    </p>
   </div>
   <div class='ocr_carea' id='block_1_37' title="bbox 241 3416 1749 3489">
    <p class='ocr_par' dir='ltr' id='par_1_37' title="bbox 241 3416 1749 3489">
     <span class='ocr_line' id='line_1_37' title="bbox 241 3416 1749 3489; baseline -0.005 -15"><span class='ocrx_word' id='word_1_229' title='bbox 241 3424 427 3489; x_wconf 83' lang='lat' dir='ltr'><strong>Atque</strong></span> <span class='ocrx_word' id='word_1_230' title='bbox 449 3421 702 3481; x_wconf 75' lang='lat' dir='ltr'><strong>animam,</strong></span> <span class='ocrx_word' id='word_1_231' title='bbox 735 3419 882 3473; x_wconf 61' lang='lat' dir='ltr'><strong>vixos</strong></span> <span class='ocrx_word' id='word_1_232' title='bbox 914 3433 1031 3486; x_wconf 82' lang='lat' dir='ltr'><strong>quae</strong></span> <span class='ocrx_word' id='word_1_233' title='bbox 1056 3431 1177 3471; x_wconf 83' lang='lat' dir='ltr'><strong>mox</strong></span> <span class='ocrx_word' id='word_1_234' title='bbox 1210 3424 1473 3470; x_wconf 87' lang='lat' dir='ltr'><strong>remearet</strong></span> <span class='ocrx_word' id='word_1_235' title='bbox 1498 3416 1550 3469; x_wconf 91' lang='lat' dir='ltr'><strong>in</strong></span> <span class='ocrx_word' id='word_1_236' title='bbox 1581 3425 1749 3479; x_wconf 85' lang='lat' dir='ltr'><strong>artus,</strong></span> 
     </span>
    </p>
   </div>
   <div class='ocr_carea' id='block_1_38' title="bbox 244 3509 1443 3566">
    <p class='ocr_par' dir='ltr' id='par_1_38' title="bbox 244 3509 1443 3566">
     <span class='ocr_line' id='line_1_38' title="bbox 244 3509 1443 3566; baseline -0.004 0"><span class='ocrx_word' id='word_1_237' title='bbox 244 3512 414 3566; x_wconf 81' lang='lat' dir='ltr'><strong>Fixus</strong></span> <span class='ocrx_word' id='word_1_238' title='bbox 441 3511 617 3566; x_wconf 86' lang='lat' dir='ltr'><strong>adhuc</strong></span> <span class='ocrx_word' id='word_1_239' title='bbox 641 3522 826 3565; x_wconf 85' lang='lat' dir='ltr'><strong>sancto</strong></span> <span class='ocrx_word' id='word_1_240' title='bbox 853 3510 1013 3564; x_wconf 88' lang='lat' dir='ltr'><strong>clavis</strong></span> <span class='ocrx_word' id='word_1_241' title='bbox 1041 3509 1309 3563; x_wconf 84' lang='lat' dir='ltr'><strong>efﬂaverat</strong></span> <span class='ocrx_word' id='word_1_242' title='bbox 1331 3522 1443 3562; x_wconf 89' lang='lat' dir='ltr'><strong>ore.</strong></span> 
     </span>
    </p>
   </div>
   <div class='ocr_carea' id='block_1_39' title="bbox 244 3599 1400 3671">
    <p class='ocr_par' dir='ltr' id='par_1_39' title="bbox 244 3599 1400 3671">
     <span class='ocr_line' id='line_1_39' title="bbox 244 3599 1400 3671; baseline -0.003 -14"><span class='ocrx_word' id='word_1_243' title='bbox 244 3602 499 3657; x_wconf 86' lang='lat' dir='ltr'><strong>Deseruit</strong></span> <span class='ocrx_word' id='word_1_244' title='bbox 531 3602 705 3671; x_wconf 83' lang='lat' dir='ltr'><strong>pepuli</strong></span> <span class='ocrx_word' id='word_1_245' title='bbox 735 3600 1034 3671; x_wconf 87' lang='lat' dir='ltr'><strong>spectacula</strong></span> <span class='ocrx_word' id='word_1_246' title='bbox 1060 3599 1182 3654; x_wconf 90' lang='lat' dir='ltr'><strong>talia</strong></span> <span class='ocrx_word' id='word_1_247' title='bbox 1210 3607 1400 3661; x_wconf 70' lang='lat' dir='ltr'><strong>cintus,</strong></span> 
     </span>
    </p>
   </div>
   <div class='ocr_carea' id='block_1_40' title="bbox 243 3690 1750 3761">
    <p class='ocr_par' dir='ltr' id='par_1_40' title="bbox 243 3690 1750 3761">
     <span class='ocr_line' id='line_1_40' title="bbox 243 3690 1750 3761; baseline -0.002 -15"><span class='ocrx_word' id='word_1_248' title='bbox 243 3691 527 3761; x_wconf 56' lang='lat' dir='ltr'><strong>Signaque</strong></span> <span class='ocrx_word' id='word_1_249' title='bbox 556 3692 694 3747; x_wconf 89' lang='lat' dir='ltr'><strong>ferre</strong></span> <span class='ocrx_word' id='word_1_250' title='bbox 723 3692 924 3761; x_wconf 90' lang='lat' dir='ltr'><strong>nequit,</strong></span> <span class='ocrx_word' id='word_1_251' title='bbox 957 3690 1149 3746; x_wconf 71' lang='lat' dir='ltr'><strong>omium</strong></span> <span class='ocrx_word' id='word_1_252' title='bbox 1181 3705 1299 3759; x_wconf 83' lang='lat' dir='ltr'><strong>quae</strong></span> <span class='ocrx_word' id='word_1_253' title='bbox 1331 3690 1480 3744; x_wconf 88' lang='lat' dir='ltr'><strong>triste</strong></span> <span class='ocrx_word' id='word_1_254' title='bbox 1502 3690 1750 3743; x_wconf 86' lang='lat' dir='ltr'><strong>minatur.</strong></span> 
     </span>
    </p>
   </div>
   <div class='ocr_carea' id='block_1_41' title="bbox 244 3780 1661 3849">
    <p class='ocr_par' dir='ltr' id='par_1_41' title="bbox 244 3780 1661 3849">
     <span class='ocr_line' id='line_1_41' title="bbox 244 3780 1661 3849; baseline -0.004 -16"><span class='ocrx_word' id='word_1_255' title='bbox 244 3780 382 3835; x_wconf 82' lang='lat' dir='ltr'><strong>Nam</strong></span> <span class='ocrx_word' id='word_1_256' title='bbox 414 3781 495 3835; x_wconf 86' lang='lat' dir='ltr'><strong>sol</strong></span> <span class='ocrx_word' id='word_1_257' title='bbox 521 3781 804 3847; x_wconf 90' lang='lat' dir='ltr'><strong>obductus,</strong></span> <span class='ocrx_word' id='word_1_258' title='bbox 830 3782 1136 3849; x_wconf 87' lang='lat' dir='ltr'><strong>vultumque</strong></span> <span class='ocrx_word' id='word_1_259' title='bbox 1169 3791 1400 3834; x_wconf 84' lang='lat' dir='ltr'><strong>retortos</strong></span> <span class='ocrx_word' id='word_1_260' title='bbox 1427 3780 1493 3831; x_wconf 90' lang='lat' dir='ltr'><strong>ab</strong></span> <span class='ocrx_word' id='word_1_261' title='bbox 1514 3781 1661 3844; x_wconf 65' lang='lat' dir='ltr'><strong>urbe,</strong></span> 
     </span>
    </p>
   </div>
   <div class='ocr_carea' id='block_1_42' title="bbox 243 3871 1520 3941">
    <p class='ocr_par' dir='ltr' id='par_1_42' title="bbox 243 3871 1520 3941">
     <span class='ocr_line' id='line_1_42' title="bbox 243 3871 1520 3941; baseline -0.002 -13"><span class='ocrx_word' id='word_1_262' title='bbox 243 3874 504 3928; x_wconf 78' lang='lat' dir='ltr'><strong>Cesserat</strong></span> <span class='ocrx_word' id='word_1_263' title='bbox 533 3873 755 3941; x_wconf 84' lang='lat' dir='ltr'><strong>injustas</strong></span> <span class='ocrx_word' id='word_1_264' title='bbox 787 3874 1059 3928; x_wconf 89' lang='lat' dir='ltr'><strong>nocturnis</strong></span> <span class='ocrx_word' id='word_1_265' title='bbox 1087 3873 1314 3927; x_wconf 89' lang='lat' dir='ltr'><strong>luctibus</strong></span> <span class='ocrx_word' id='word_1_266' title='bbox 1343 3871 1520 3933; x_wconf 87' lang='lat' dir='ltr'><strong>horas,</strong></span> 
     </span>
    </p>
   </div>
   <div class='ocr_carea' id='block_1_43' title="bbox 245 3964 1571 4034">
    <p class='ocr_par' dir='ltr' id='par_1_43' title="bbox 245 3964 1571 4034">
     <span class='ocr_line' id='line_1_43' title="bbox 245 3964 1571 4034; baseline -0.002 -15"><span class='ocrx_word' id='word_1_267' title='bbox 245 3966 429 4034; x_wconf 84' lang='lat' dir='ltr'><strong>Atque</strong></span> <span class='ocrx_word' id='word_1_268' title='bbox 456 3966 751 4034; x_wconf 87' lang='lat' dir='ltr'><strong>peregrinis</strong></span> <span class='ocrx_word' id='word_1_269' title='bbox 777 3966 974 4019; x_wconf 86' lang='lat' dir='ltr'><strong>aditum</strong></span> <span class='ocrx_word' id='word_1_270' title='bbox 1000 3964 1146 4018; x_wconf 90' lang='lat' dir='ltr'><strong>dedit</strong></span> <span class='ocrx_word' id='word_1_271' title='bbox 1174 3964 1288 4031; x_wconf 66' lang='lat' dir='ltr'><strong>ipse</strong></span> <span class='ocrx_word' id='word_1_272' title='bbox 1318 3964 1571 4028; x_wconf 83' lang='lat' dir='ltr'><strong>tenebris,</strong></span> 
     </span>
    </p>
   </div>
   <div class='ocr_carea' id='block_1_44' title="bbox 244 4057 1507 4127">
    <p class='ocr_par' dir='ltr' id='par_1_44' title="bbox 244 4057 1507 4127">
     <span class='ocr_line' id='line_1_44' title="bbox 244 4057 1507 4127; baseline 0 -18"><span class='ocrx_word' id='word_1_273' title='bbox 244 4057 610 4126; x_wconf 82' lang='lat' dir='ltr'><strong>Temporibus</strong></span> <span class='ocrx_word' id='word_1_274' title='bbox 636 4073 826 4127; x_wconf 88' lang='lat' dir='ltr'><strong>magno</strong></span> <span class='ocrx_word' id='word_1_275' title='bbox 856 4060 1070 4112; x_wconf 86' lang='lat' dir='ltr'><strong>mutatis</strong></span> <span class='ocrx_word' id='word_1_276' title='bbox 1098 4058 1283 4112; x_wconf 90' lang='lat' dir='ltr'><strong>ordine</strong></span> <span class='ocrx_word' id='word_1_277' title='bbox 1311 4072 1507 4111; x_wconf 89' lang='lat' dir='ltr'><strong>rerum.</strong></span> 
     </span>
    </p>
   </div>
   <div class='ocr_carea' id='block_1_45' title="bbox 245 4148 1659 4218">
    <p class='ocr_par' dir='ltr' id='par_1_45' title="bbox 245 4148 1659 4218">
     <span class='ocr_line' id='line_1_45' title="bbox 245 4148 1659 4218; baseline 0.001 -19"><span class='ocrx_word' id='word_1_278' title='bbox 245 4148 365 4202; x_wconf 73' lang='lat' dir='ltr'><strong>Nox</strong></span> <span class='ocrx_word' id='word_1_279' title='bbox 396 4157 512 4203; x_wconf 74' lang='lat' dir='ltr'><strong>erat</strong></span> <span class='ocrx_word' id='word_1_280' title='bbox 540 4151 590 4202; x_wconf 94' lang='lat' dir='ltr'><strong>in</strong></span> <span class='ocrx_word' id='word_1_281' title='bbox 616 4151 842 4216; x_wconf 88' lang='lat' dir='ltr'><strong>superis.</strong></span> <span class='ocrx_word' id='word_1_282' title='bbox 874 4150 1151 4218; x_wconf 89' lang='lat' dir='ltr'><strong>lucemque</strong></span> <span class='ocrx_word' id='word_1_283' title='bbox 1180 4149 1379 4202; x_wconf 81' lang='lat' dir='ltr'><strong>interna</strong></span> <span class='ocrx_word' id='word_1_284' title='bbox 1411 4148 1659 4201; x_wconf 86' lang='lat' dir='ltr'><strong>videbant</strong></span> 
     </span>
    </p>
   </div>
   <div class='ocr_carea' id='block_1_46' title="bbox 242 4240 1471 4307">
    <p class='ocr_par' dir='ltr' id='par_1_46' title="bbox 242 4240 1471 4307">
     <span class='ocr_line' id='line_1_46' title="bbox 242 4240 1471 4307; baseline 0.002 -17"><span class='ocrx_word' id='word_1_285' title='bbox 242 4240 593 4293; x_wconf 85' lang='lat' dir='ltr'><strong>Contremuit</strong></span> <span class='ocrx_word' id='word_1_286' title='bbox 623 4240 801 4305; x_wconf 89' lang='lat' dir='ltr'><strong>tellus,</strong></span> <span class='ocrx_word' id='word_1_287' title='bbox 833 4248 886 4294; x_wconf 88' lang='lat' dir='ltr'><strong>et</strong></span> <span class='ocrx_word' id='word_1_288' title='bbox 910 4241 1026 4293; x_wconf 85' lang='lat' dir='ltr'><strong>nisu</strong></span> <span class='ocrx_word' id='word_1_289' title='bbox 1059 4240 1249 4294; x_wconf 74' lang='lat' dir='ltr'><strong>mmnia</strong></span> <span class='ocrx_word' id='word_1_290' title='bbox 1280 4253 1471 4307; x_wconf 90' lang='lat' dir='ltr'><strong>magno</strong></span> 
     </span>
    </p>
   </div>
   <div class='ocr_carea' id='block_1_47' title="bbox 245 4328 1500 4385">
    <p class='ocr_par' dir='ltr' id='par_1_47' title="bbox 245 4328 1500 4385">
     <span class='ocr_line' id='line_1_47' title="bbox 245 4328 1500 4385; baseline 0.001 -4"><span class='ocrx_word' id='word_1_291' title='bbox 245 4328 543 4384; x_wconf 62' lang='lat' dir='ltr'><strong>Concussi~</strong></span> <span class='ocrx_word' id='word_1_292' title='bbox 571 4344 780 4384; x_wconf 88' lang='lat' dir='ltr'><strong>summo</strong></span> <span class='ocrx_word' id='word_1_293' title='bbox 807 4332 1061 4384; x_wconf 89' lang='lat' dir='ltr'><strong>nutabant</strong></span> <span class='ocrx_word' id='word_1_294' title='bbox 1089 4331 1285 4385; x_wconf 83' lang='lat' dir='ltr'><strong>vertice</strong></span> <span class='ocrx_word' id='word_1_295' title='bbox 1305 4330 1500 4384; x_wconf 88' lang='lat' dir='ltr'><strong>cristis.</strong></span> 
     </span>
    </p>
   </div>
   <div class='ocr_carea' id='block_1_48' title="bbox 243 4420 1480 4489">
    <p class='ocr_par' dir='ltr' id='par_1_48' title="bbox 243 4420 1480 4489">
     <span class='ocr_line' id='line_1_48' title="bbox 243 4420 1480 4489; baseline -0.001 -15"><span class='ocrx_word' id='word_1_296' title='bbox 243 4420 555 4474; x_wconf 85' lang='lat' dir='ltr'><strong>Senserunt</strong></span> <span class='ocrx_word' id='word_1_297' title='bbox 572 4432 771 4475; x_wconf 90' lang='lat' dir='ltr'><strong>motum</strong></span> <span class='ocrx_word' id='word_1_298' title='bbox 800 4422 984 4489; x_wconf 87' lang='lat' dir='ltr'><strong>priscis</strong></span> <span class='ocrx_word' id='word_1_299' title='bbox 1007 4420 1329 4475; x_wconf 87' lang='lat' dir='ltr'><strong>descendere</strong></span> <span class='ocrx_word' id='word_1_300' title='bbox 1354 4435 1480 4474; x_wconf 91' lang='lat' dir='ltr'><strong>saxa</strong></span> 
     </span>
    </p>
   </div>
   <div class='ocr_carea' id='block_1_49' title="bbox 245 4513 1651 4583">
    <p class='ocr_par' dir='ltr' id='par_1_49' title="bbox 245 4513 1651 4583">
     <span class='ocr_line' id='line_1_49' title="bbox 245 4513 1651 4583; baseline 0.001 -18"><span class='ocrx_word' id='word_1_301' title='bbox 245 4513 413 4567; x_wconf 82' lang='lat' dir='ltr'><strong>Jussa</strong></span> <span class='ocrx_word' id='word_1_302' title='bbox 444 4514 593 4579; x_wconf 90' lang='lat' dir='ltr'><strong>locis,</strong></span> <span class='ocrx_word' id='word_1_303' title='bbox 625 4515 939 4583; x_wconf 90' lang='lat' dir='ltr'><strong>sonitusque</strong></span> <span class='ocrx_word' id='word_1_304' title='bbox 963 4529 1130 4569; x_wconf 91' lang='lat' dir='ltr'><strong>novos</strong></span> <span class='ocrx_word' id='word_1_305' title='bbox 1158 4515 1339 4569; x_wconf 87' lang='lat' dir='ltr'><strong>collisa</strong></span> <span class='ocrx_word' id='word_1_306' title='bbox 1368 4514 1651 4568; x_wconf 72' lang='lat' dir='ltr'><strong>dederunt.</strong></span> 
     </span>
    </p>
   </div>
   <div class='ocr_carea' id='block_1_50' title="bbox 246 4602 1579 4674">
    <p class='ocr_par' dir='ltr' id='par_1_50' title="bbox 246 4602 1579 4674">
     <span class='ocr_line' id='line_1_50' title="bbox 246 4602 1579 4674; baseline 0.002 -20"><span class='ocrx_word' id='word_1_307' title='bbox 246 4602 367 4656; x_wconf 87' lang='lat' dir='ltr'><strong>llos</strong></span> <span class='ocrx_word' id='word_1_308' title='bbox 398 4604 535 4657; x_wconf 86' lang='lat' dir='ltr'><strong>inter</strong></span> <span class='ocrx_word' id='word_1_309' title='bbox 562 4605 836 4673; x_wconf 88' lang='lat' dir='ltr'><strong>strepitus,</strong></span> <span class='ocrx_word' id='word_1_310' title='bbox 864 4606 1069 4659; x_wconf 89' lang='lat' dir='ltr'><strong>cunctis</strong></span> <span class='ocrx_word' id='word_1_311' title='bbox 1100 4603 1442 4674; x_wconf 84' lang='lat' dir='ltr'><strong>fugientibus,</strong></span> <span class='ocrx_word' id='word_1_312' title='bbox 1475 4604 1579 4657; x_wconf 71' lang='lat' dir='ltr'><strong>illm</strong></span> 
     </span>
    </p>
   </div>
   <div class='ocr_carea' id='block_1_51' title="bbox 253 4692 1723 4763">
    <p class='ocr_par' dir='ltr' id='par_1_51' title="bbox 253 4692 1723 4763">
     <span class='ocr_line' id='line_1_51' title="bbox 253 4692 1723 4763; baseline 0.003 -20"><span class='ocrx_word' id='word_1_313' title='bbox 253 4692 587 4761; x_wconf 86' lang='lat' dir='ltr'><strong>Decernunt,</strong></span> <span class='ocrx_word' id='word_1_314' title='bbox 611 4708 910 4763; x_wconf 88' lang='lat' dir='ltr'><strong>quanquam</strong></span> <span class='ocrx_word' id='word_1_315' title='bbox 941 4694 1167 4763; x_wconf 87' lang='lat' dir='ltr'><strong>trepide.</strong></span> <span class='ocrx_word' id='word_1_316' title='bbox 1196 4694 1483 4761; x_wconf 71' lang='lat' dir='ltr'><strong>persistere</strong></span> <span class='ocrx_word' id='word_1_317' title='bbox 1507 4702 1723 4757; x_wconf 85' lang='lat' dir='ltr'><strong>matres.</strong></span> 
     </span>
    </p>
   </div>
   <div class='ocr_carea' id='block_1_52' title="bbox 246 4781 1528 4851">
    <p class='ocr_par' dir='ltr' id='par_1_52' title="bbox 246 4781 1528 4851">
     <span class='ocr_line' id='line_1_52' title="bbox 246 4781 1528 4851; baseline 0.002 -17"><span class='ocrx_word' id='word_1_318' title='bbox 246 4781 489 4851; x_wconf 77' lang='lat' dir='ltr'><strong>Pervigil</strong></span> <span class='ocrx_word' id='word_1_319' title='bbox 511 4792 568 4837; x_wconf 92' lang='lat' dir='ltr'><strong>ut</strong></span> <span class='ocrx_word' id='word_1_320' title='bbox 586 4792 774 4838; x_wconf 88' lang='lat' dir='ltr'><strong>sancto</strong></span> <span class='ocrx_word' id='word_1_321' title='bbox 804 4784 881 4838; x_wconf 88' lang='lat' dir='ltr'><strong>sic</strong></span> <span class='ocrx_word' id='word_1_322' title='bbox 909 4786 1091 4838; x_wconf 88' lang='lat' dir='ltr'><strong>vivens</strong></span> <span class='ocrx_word' id='word_1_323' title='bbox 1127 4798 1253 4837; x_wconf 90' lang='lat' dir='ltr'><strong>cura</strong></span> <span class='ocrx_word' id='word_1_324' title='bbox 1280 4783 1528 4850; x_wconf 90' lang='lat' dir='ltr'><strong>sepulcro</strong></span> 
     </span>
    </p>
   </div>
   <div class='ocr_carea' id='block_1_53' title="bbox 243 4876 1582 4947">
    <p class='ocr_par' dir='ltr' id='par_1_53' title="bbox 243 4876 1582 4947">
     <span class='ocr_line' id='line_1_53' title="bbox 243 4876 1582 4947; baseline 0 -17"><span class='ocrx_word' id='word_1_325' title='bbox 243 4878 493 4942; x_wconf 81' lang='lat' dir='ltr'><strong>Serviat,</strong></span> <span class='ocrx_word' id='word_1_326' title='bbox 522 4888 576 4933; x_wconf 92' lang='lat' dir='ltr'><strong>et</strong></span> <span class='ocrx_word' id='word_1_327' title='bbox 596 4890 721 4932; x_wconf 87' lang='lat' dir='ltr'><strong>voto</strong></span> <span class='ocrx_word' id='word_1_328' title='bbox 750 4894 984 4946; x_wconf 57' lang='lat' dir='ltr'><strong>praesens</strong></span> <span class='ocrx_word' id='word_1_329' title='bbox 1010 4879 1280 4947; x_wconf 69' lang='lat' dir='ltr'><strong>perscilvat</strong></span> <span class='ocrx_word' id='word_1_330' title='bbox 1306 4876 1582 4930; x_wconf 79' lang='lat' dir='ltr'><strong>honorem.</strong></span> 
     </span>
    </p>
   </div>
   <div class='ocr_carea' id='block_1_54' title="bbox 242 4966 1478 5036">
    <p class='ocr_par' dir='ltr' id='par_1_54' title="bbox 242 4966 1478 5036">
     <span class='ocr_line' id='line_1_54' title="bbox 242 4966 1478 5036; baseline -0.002 -14"><span class='ocrx_word' id='word_1_331' title='bbox 242 4966 482 5036; x_wconf 81' lang='lat' dir='ltr'><strong>Pinguia</strong></span> <span class='ocrx_word' id='word_1_332' title='bbox 512 4968 759 5033; x_wconf 69' lang='lat' dir='ltr'><strong>fragranti</strong></span> <span class='ocrx_word' id='word_1_333' title='bbox 789 4976 1114 5036; x_wconf 76' lang='lat' dir='ltr'><strong>componunt</strong></span> <span class='ocrx_word' id='word_1_334' title='bbox 1142 4967 1270 5020; x_wconf 88' lang='lat' dir='ltr'><strong>illita</strong></span> <span class='ocrx_word' id='word_1_335' title='bbox 1298 4982 1478 5029; x_wconf 87' lang='lat' dir='ltr'><strong>succo,</strong></span> 
     </span>
    </p>
   </div>
   <div class='ocr_carea' id='block_1_55' title="bbox 240 5059 1583 5125">
    <p class='ocr_par' dir='ltr' id='par_1_55' title="bbox 240 5059 1583 5125">
     <span class='ocr_line' id='line_1_55' title="bbox 240 5059 1583 5125; baseline -0.001 -14"><span class='ocrx_word' id='word_1_336' title='bbox 240 5059 394 5123; x_wconf 70' lang='lat' dir='ltr'><strong>Qua:</strong></span> <span class='ocrx_word' id='word_1_337' title='bbox 421 5059 629 5113; x_wconf 90' lang='lat' dir='ltr'><strong>salvans</strong></span> <span class='ocrx_word' id='word_1_338' title='bbox 656 5061 856 5113; x_wconf 88' lang='lat' dir='ltr'><strong>salvum</strong></span> <span class='ocrx_word' id='word_1_339' title='bbox 880 5069 1154 5113; x_wconf 86' lang='lat' dir='ltr'><strong>servarent</strong></span> <span class='ocrx_word' id='word_1_340' title='bbox 1182 5059 1341 5111; x_wconf 89' lang='lat' dir='ltr'><strong>lintea</strong></span> <span class='ocrx_word' id='word_1_341' title='bbox 1371 5072 1583 5125; x_wconf 90' lang='lat' dir='ltr'><strong>corpus.</strong></span> 
     </span>
    </p>
   </div>
   <div class='ocr_carea' id='block_1_56' title="bbox 241 5150 1511 5222">
    <p class='ocr_par' dir='ltr' id='par_1_56' title="bbox 241 5150 1511 5222">
     <span class='ocr_line' id='line_1_56' title="bbox 241 5150 1511 5222; baseline -0.003 -17"><span class='ocrx_word' id='word_1_342' title='bbox 241 5152 291 5205; x_wconf 82' lang='lat' dir='ltr'><strong>ll</strong></span> <span class='ocrx_word' id='word_1_343' title='bbox 302 5152 354 5204; x_wconf 85' lang='lat' dir='ltr'><strong>is</strong></span> <span class='ocrx_word' id='word_1_344' title='bbox 387 5165 535 5205; x_wconf 89' lang='lat' dir='ltr'><strong>amor</strong></span> <span class='ocrx_word' id='word_1_345' title='bbox 561 5154 811 5222; x_wconf 80' lang='lat' dir='ltr'><strong>expensis</strong></span> <span class='ocrx_word' id='word_1_346' title='bbox 839 5152 1073 5221; x_wconf 86' lang='lat' dir='ltr'><strong>lugubria</strong></span> <span class='ocrx_word' id='word_1_347' title='bbox 1103 5150 1243 5204; x_wconf 90' lang='lat' dir='ltr'><strong>dona</strong></span> <span class='ocrx_word' id='word_1_348' title='bbox 1275 5150 1511 5217; x_wconf 86' lang='lat' dir='ltr'><strong>parabat,</strong></span> 
     </span>
    </p>
   </div>
   <div class='ocr_carea' id='block_1_57' title="bbox 238 5242 1583 5309">
    <p class='ocr_par' dir='ltr' id='par_1_57' title="bbox 238 5242 1583 5309">
     <span class='ocr_line' id='line_1_57' title="bbox 238 5242 1583 5309; baseline -0.004 -12"><span class='ocrx_word' id='word_1_349' title='bbox 238 5242 577 5309; x_wconf 87' lang='lat' dir='ltr'><strong>Supremum</strong></span> <span class='ocrx_word' id='word_1_350' title='bbox 599 5243 820 5296; x_wconf 89' lang='lat' dir='ltr'><strong>credens</strong></span> <span class='ocrx_word' id='word_1_351' title='bbox 847 5250 1014 5297; x_wconf 90' lang='lat' dir='ltr'><strong>semet</strong></span> <span class='ocrx_word' id='word_1_352' title='bbox 1042 5242 1345 5309; x_wconf 89' lang='lat' dir='ltr'><strong>persolvere</strong></span> <span class='ocrx_word' id='word_1_353' title='bbox 1371 5255 1583 5295; x_wconf 83' lang='lat' dir='ltr'><strong>munus.</strong></span> 
     </span>
    </p>
   </div>
   <div class='ocr_carea' id='block_1_58' title="bbox 238 5332 1620 5402">
    <p class='ocr_par' dir='ltr' id='par_1_58' title="bbox 238 5332 1620 5402">
     <span class='ocr_line' id='line_1_58' title="bbox 238 5332 1620 5402; baseline -0.004 -13"><span class='ocrx_word' id='word_1_354' title='bbox 238 5332 315 5389; x_wconf 81' lang='lat' dir='ltr'><strong>Et</strong></span> <span class='ocrx_word' id='word_1_355' title='bbox 348 5347 476 5386; x_wconf 88' lang='lat' dir='ltr'><strong>cum</strong></span> <span class='ocrx_word' id='word_1_356' title='bbox 504 5336 581 5388; x_wconf 89' lang='lat' dir='ltr'><strong>sic</strong></span> <span class='ocrx_word' id='word_1_357' title='bbox 607 5335 836 5388; x_wconf 86' lang='lat' dir='ltr'><strong>breviter</strong></span> <span class='ocrx_word' id='word_1_358' title='bbox 862 5334 1177 5402; x_wconf 67' lang='lat' dir='ltr'><strong>praevenerit</strong></span> <span class='ocrx_word' id='word_1_359' title='bbox 1198 5334 1293 5385; x_wconf 80' lang='lat' dir='ltr'><strong>ista</strong></span> <span class='ocrx_word' id='word_1_360' title='bbox 1316 5348 1620 5402; x_wconf 60' lang='lat' dir='ltr'><strong>resurgens,</strong></span> 
     </span>
    </p>
   </div>
   <div class='ocr_carea' id='block_1_59' title="bbox 243 5421 1577 5490">
    <p class='ocr_par' dir='ltr' id='par_1_59' title="bbox 243 5421 1577 5490">
     <span class='ocr_line' id='line_1_59' title="bbox 243 5421 1577 5490; baseline 0.001 -16"><span class='ocrx_word' id='word_1_361' title='bbox 243 5421 425 5490; x_wconf 83' lang='lat' dir='ltr'><strong>Quod</strong></span> <span class='ocrx_word' id='word_1_362' title='bbox 453 5424 767 5478; x_wconf 81' lang='lat' dir='ltr'><strong>credebatur</strong></span> <span class='ocrx_word' id='word_1_363' title='bbox 792 5422 1109 5476; x_wconf 89' lang='lat' dir='ltr'><strong>servandum</strong></span> <span class='ocrx_word' id='word_1_364' title='bbox 1141 5436 1359 5490; x_wconf 89' lang='lat' dir='ltr'><strong>poscere</strong></span> <span class='ocrx_word' id='word_1_365' title='bbox 1386 5437 1577 5475; x_wconf 88' lang='lat' dir='ltr'><strong>munus</strong></span> 
     </span>
    </p>
   </div>
   <div class='ocr_carea' id='block_1_60' title="bbox 238 5512 1586 5582">
    <p class='ocr_par' dir='ltr' id='par_1_60' title="bbox 238 5512 1586 5582">
     <span class='ocr_line' id='line_1_60' title="bbox 238 5512 1586 5582; baseline -0.004 -15"><span class='ocrx_word' id='word_1_366' title='bbox 238 5513 390 5581; x_wconf 85' lang='lat' dir='ltr'><strong>Quo</strong></span> <span class='ocrx_word' id='word_1_367' title='bbox 414 5528 512 5568; x_wconf 85' lang='lat' dir='ltr'><strong>non</strong></span> <span class='ocrx_word' id='word_1_368' title='bbox 537 5513 780 5582; x_wconf 89' lang='lat' dir='ltr'><strong>indiguit,</strong></span> <span class='ocrx_word' id='word_1_369' title='bbox 816 5513 1052 5581; x_wconf 83' lang='lat' dir='ltr'><strong>placatur</strong></span> <span class='ocrx_word' id='word_1_370' title='bbox 1081 5526 1303 5566; x_wconf 88' lang='lat' dir='ltr'><strong>nnmere</strong></span> <span class='ocrx_word' id='word_1_371' title='bbox 1324 5512 1586 5566; x_wconf 82' lang='lat' dir='ltr'><strong>Christus.</strong></span> 
     </span>
    </p>
   </div>
   <div class='ocr_carea' id='block_1_61' title="bbox 239 5603 1614 5673">
    <p class='ocr_par' dir='ltr' id='par_1_61' title="bbox 239 5603 1614 5673">
     <span class='ocr_line' id='line_1_61' title="bbox 239 5603 1614 5673; baseline -0.004 -12"><span class='ocrx_word' id='word_1_372' title='bbox 239 5607 375 5661; x_wconf 88' lang='lat' dir='ltr'><strong>Pro</strong></span> <span class='ocrx_word' id='word_1_373' title='bbox 402 5620 499 5673; x_wconf 88' lang='lat' dir='ltr'><strong>quo</strong></span> <span class='ocrx_word' id='word_1_374' title='bbox 520 5605 848 5673; x_wconf 67' lang='lat' dir='ltr'><strong>respondens</strong></span> <span class='ocrx_word' id='word_1_375' title='bbox 878 5603 1158 5658; x_wconf 87' lang='lat' dir='ltr'><strong>confestim</strong></span> <span class='ocrx_word' id='word_1_376' title='bbox 1180 5604 1372 5673; x_wconf 87' lang='lat' dir='ltr'><strong>gratia,</strong></span> <span class='ocrx_word' id='word_1_377' title='bbox 1401 5614 1614 5668; x_wconf 71' lang='lat' dir='ltr'><strong>praestat</strong></span> 
     </span>
    </p>
   </div>
   <div class='ocr_carea' id='block_1_62' title="bbox 231 5694 1581 5764">
    <p class='ocr_par' dir='ltr' id='par_1_62' title="bbox 231 5694 1581 5764">
     <span class='ocr_line' id='line_1_62' title="bbox 231 5694 1581 5764; baseline -0.007 -11"><span class='ocrx_word' id='word_1_378' title='bbox 231 5699 546 5764; x_wconf 71' lang='lat' dir='ltr'><strong>Angc&#39;icos</strong></span> <span class='ocrx_word' id='word_1_379' title='bbox 576 5707 794 5753; x_wconf 81' lang='lat' dir='ltr'><strong>cernant</strong></span> <span class='ocrx_word' id='word_1_380' title='bbox 824 5696 1053 5750; x_wconf 86' lang='lat' dir='ltr'><strong>humana</strong></span> <span class='ocrx_word' id='word_1_381' title='bbox 1082 5708 1135 5750; x_wconf 92' lang='lat' dir='ltr'><strong>ut</strong></span> <span class='ocrx_word' id='word_1_382' title='bbox 1165 5695 1363 5753; x_wconf 87' lang='lat' dir='ltr'><strong>lumina</strong></span> <span class='ocrx_word' id='word_1_383' title='bbox 1390 5694 1581 5749; x_wconf 82' lang='lat' dir='ltr'><strong>vultus.</strong></span> 
     </span>
    </p>
   </div>
   <div class='ocr_carea' id='block_1_63' title="bbox 1856 4287 1905 4345">
    <p class='ocr_par' dir='ltr' id='par_1_63' title="bbox 1856 4287 1905 4345">
     <span class='ocr_line' id='line_1_63' title="bbox 1856 4287 1905 4345; baseline 0 0"><span class='ocrx_word' id='word_1_384' title='bbox 1856 4287 1905 4345; x_wconf 89' lang='lat' dir='ltr'><strong>D</strong></span> 
     </span>
    </p>
   </div>
   <div class='ocr_carea' id='block_1_64' title="bbox 1921 592 3212 659">
    <p class='ocr_par' dir='ltr' id='par_1_64' title="bbox 1921 592 3212 659">
     <span class='ocr_line' id='line_1_64' title="bbox 1921 592 3212 659; baseline 0.001 -13"><span class='ocrx_word' id='word_1_385' title='bbox 1921 593 2176 647; x_wconf 84' lang='lat' dir='ltr'><strong>Matribus</strong></span> <span class='ocrx_word' id='word_1_386' title='bbox 2203 592 2449 659; x_wconf 81' lang='lat' dir='ltr'><strong>utdignis</strong></span> <span class='ocrx_word' id='word_1_387' title='bbox 2482 593 2700 645; x_wconf 81' lang='lat' dir='ltr'><strong>verbum</strong></span> <span class='ocrx_word' id='word_1_388' title='bbox 2730 595 2949 647; x_wconf 65' lang='lat' dir='ltr'><strong>caa’este</strong></span> <span class='ocrx_word' id='word_1_389' title='bbox 2979 604 3212 657; x_wconf 86' lang='lat' dir='ltr'><strong>sonaret,</strong></span> 
     </span>
    </p>
   </div>
   <div class='ocr_carea' id='block_1_65' title="bbox 1920 684 3177 754">
    <p class='ocr_par' dir='ltr' id='par_1_65' title="bbox 1920 684 3177 754">
     <span class='ocr_line' id='line_1_65' title="bbox 1920 684 3177 754; baseline 0.002 -17"><span class='ocrx_word' id='word_1_390' title='bbox 1920 684 2153 753; x_wconf 82' lang='lat' dir='ltr'><strong>Angelus</strong></span> <span class='ocrx_word' id='word_1_391' title='bbox 2178 686 2466 754; x_wconf 79' lang='lat' dir='ltr'><strong>allaquitur</strong></span> <span class='ocrx_word' id='word_1_392' title='bbox 2494 696 2675 740; x_wconf 87' lang='lat' dir='ltr'><strong>sancto</strong></span> <span class='ocrx_word' id='word_1_393' title='bbox 2710 701 2838 754; x_wconf 84' lang='lat' dir='ltr'><strong>quas</strong></span> <span class='ocrx_word' id='word_1_394' title='bbox 2865 686 3041 741; x_wconf 90' lang='lat' dir='ltr'><strong>taliter</strong></span> <span class='ocrx_word' id='word_1_395' title='bbox 3064 702 3177 740; x_wconf 87' lang='lat' dir='ltr'><strong>ore.</strong></span> 
     </span>
    </p>
   </div>
   <div class='ocr_carea' id='block_1_66' title="bbox 1921 776 3038 844">
    <p class='ocr_par' dir='ltr' id='par_1_66' title="bbox 1921 776 3038 844">
     <span class='ocr_line' id='line_1_66' title="bbox 1921 776 3038 844; baseline 0.004 -15"><span class='ocrx_word' id='word_1_396' title='bbox 1921 776 2173 831; x_wconf 84' lang='lat' dir='ltr'><strong>Femineo</strong></span> <span class='ocrx_word' id='word_1_397' title='bbox 2204 793 2331 832; x_wconf 81' lang='lat' dir='ltr'><strong>sexu</strong></span> <span class='ocrx_word' id='word_1_398' title='bbox 2358 787 2562 832; x_wconf 89' lang='lat' dir='ltr'><strong>mentes</strong></span> <span class='ocrx_word' id='word_1_399' title='bbox 2594 779 2813 832; x_wconf 90' lang='lat' dir='ltr'><strong>transite</strong></span> <span class='ocrx_word' id='word_1_400' title='bbox 2838 779 3038 844; x_wconf 88' lang='lat' dir='ltr'><strong>viriles,</strong></span> 
     </span>
    </p>
   </div>
   <div class='ocr_carea' id='block_1_67' title="bbox 1924 867 3259 936">
    <p class='ocr_par' dir='ltr' id='par_1_67' title="bbox 1924 867 3259 936">
     <span class='ocr_line' id='line_1_67' title="bbox 1924 867 3259 936; baseline 0.002 -15"><span class='ocrx_word' id='word_1_401' title='bbox 1924 867 2030 921; x_wconf 71' lang='lat' dir='ltr'><strong>Nec</strong></span> <span class='ocrx_word' id='word_1_402' title='bbox 2059 869 2315 936; x_wconf 62' lang='lat' dir='ltr'><strong>trnpidate</strong></span> <span class='ocrx_word' id='word_1_403' title='bbox 2345 885 2481 921; x_wconf 90' lang='lat' dir='ltr'><strong>novo</strong></span> <span class='ocrx_word' id='word_1_404' title='bbox 2510 870 2792 924; x_wconf 87' lang='lat' dir='ltr'><strong>fortissima</strong></span> <span class='ocrx_word' id='word_1_405' title='bbox 2824 872 2982 925; x_wconf 87' lang='lat' dir='ltr'><strong>corda</strong></span> <span class='ocrx_word' id='word_1_406' title='bbox 3016 872 3259 925; x_wconf 88' lang='lat' dir='ltr'><strong>tumultu.</strong></span> 
     </span>
    </p>
   </div>
   <div class='ocr_carea' id='block_1_68' title="bbox 1925 960 3275 1031">
    <p class='ocr_par' dir='ltr' id='par_1_68' title="bbox 1925 960 3275 1031">
     <span class='ocr_line' id='line_1_68' title="bbox 1925 960 3275 1031; baseline 0.002 -19"><span class='ocrx_word' id='word_1_407' title='bbox 1925 960 2189 1013; x_wconf 84' lang='lat' dir='ltr'><strong>Adversos</strong></span> <span class='ocrx_word' id='word_1_408' title='bbox 2220 961 2329 1014; x_wconf 68' lang='lat' dir='ltr'><strong>haec</strong></span> <span class='ocrx_word' id='word_1_409' title='bbox 2357 961 2503 1029; x_wconf 88' lang='lat' dir='ltr'><strong>signa</strong></span> <span class='ocrx_word' id='word_1_410' title='bbox 2538 971 2741 1031; x_wconf 84' lang='lat' dir='ltr'><strong>petunt,</strong></span> <span class='ocrx_word' id='word_1_411' title='bbox 2772 977 2866 1017; x_wconf 89' lang='lat' dir='ltr'><strong>vos</strong></span> <span class='ocrx_word' id='word_1_412' title='bbox 2892 963 3030 1015; x_wconf 87' lang='lat' dir='ltr'><strong>nulla</strong></span> <span class='ocrx_word' id='word_1_413' title='bbox 3057 963 3275 1018; x_wconf 88' lang='lat' dir='ltr'><strong>timendi</strong></span> 
     </span>
    </p>
   </div>
   <div class='ocr_carea' id='block_1_69' title="bbox 1920 1051 3296 1122">
    <p class='ocr_par' dir='ltr' id='par_1_69' title="bbox 1920 1051 3296 1122">
     <span class='ocr_line' id='line_1_69' title="bbox 1920 1051 3296 1122; baseline 0.001 -18"><span class='ocrx_word' id='word_1_414' title='bbox 1920 1051 2093 1105; x_wconf 80' lang='lat' dir='ltr'><strong>Causa</strong></span> <span class='ocrx_word' id='word_1_415' title='bbox 2126 1061 2318 1114; x_wconf 81' lang='lat' dir='ltr'><strong>manet,</strong></span> <span class='ocrx_word' id='word_1_416' title='bbox 2350 1068 2480 1121; x_wconf 90' lang='lat' dir='ltr'><strong>quas</strong></span> <span class='ocrx_word' id='word_1_417' title='bbox 2502 1068 2628 1107; x_wconf 87' lang='lat' dir='ltr'><strong>cura</strong></span> <span class='ocrx_word' id='word_1_418' title='bbox 2670 1054 2739 1122; x_wconf 91' lang='lat' dir='ltr'><strong>pii</strong></span> <span class='ocrx_word' id='word_1_419' title='bbox 2774 1054 3052 1107; x_wconf 83' lang='lat' dir='ltr'><strong>confirmat</strong></span> <span class='ocrx_word' id='word_1_420' title='bbox 3082 1054 3296 1107; x_wconf 90' lang='lat' dir='ltr'><strong>amoris.</strong></span> 
     </span>
    </p>
   </div>
   <div class='ocr_carea' id='block_1_70' title="bbox 1923 1143 3213 1216">
    <p class='ocr_par' dir='ltr' id='par_1_70' title="bbox 1923 1143 3213 1216">
     <span class='ocr_line' id='line_1_70' title="bbox 1923 1143 3213 1216; baseline 0.004 -20"><span class='ocrx_word' id='word_1_421' title='bbox 1923 1143 2189 1209; x_wconf 72' lang='lat' dir='ltr'><strong>Quaaritis,</strong></span> <span class='ocrx_word' id='word_1_422' title='bbox 2214 1159 2467 1212; x_wconf 86' lang='lat' dir='ltr'><strong>agnosco,</strong></span> <span class='ocrx_word' id='word_1_423' title='bbox 2495 1148 2724 1215; x_wconf 88' lang='lat' dir='ltr'><strong>pretiosa</strong></span> <span class='ocrx_word' id='word_1_424' title='bbox 2755 1148 2806 1200; x_wconf 92' lang='lat' dir='ltr'><strong>in</strong></span> <span class='ocrx_word' id='word_1_425' title='bbox 2832 1147 2959 1202; x_wconf 89' lang='lat' dir='ltr'><strong>sede</strong></span> <span class='ocrx_word' id='word_1_426' title='bbox 2986 1148 3213 1216; x_wconf 91' lang='lat' dir='ltr'><strong>sepulcri</strong></span> 
     </span>
    </p>
   </div>
   <div class='ocr_carea' id='block_1_71' title="bbox 1922 1234 3129 1303">
    <p class='ocr_par' dir='ltr' id='par_1_71' title="bbox 1922 1234 3129 1303">
     <span class='ocr_line' id='line_1_71' title="bbox 1922 1234 3129 1303; baseline 0.002 -14"><span class='ocrx_word' id='word_1_427' title='bbox 1922 1234 2156 1290; x_wconf 88' lang='lat' dir='ltr'><strong>Solemni</strong></span> <span class='ocrx_word' id='word_1_428' title='bbox 2183 1251 2350 1303; x_wconf 87' lang='lat' dir='ltr'><strong>nuper</strong></span> <span class='ocrx_word' id='word_1_429' title='bbox 2379 1237 2691 1291; x_wconf 88' lang='lat' dir='ltr'><strong>tumulatum</strong></span> <span class='ocrx_word' id='word_1_430' title='bbox 2726 1238 2909 1292; x_wconf 90' lang='lat' dir='ltr'><strong>funere</strong></span> <span class='ocrx_word' id='word_1_431' title='bbox 2930 1238 3129 1292; x_wconf 88' lang='lat' dir='ltr'><strong>.lesum.</strong></span> 
     </span>
    </p>
   </div>
   <div class='ocr_carea' id='block_1_72' title="bbox 1923 1326 3259 1397">
    <p class='ocr_par' dir='ltr' id='par_1_72' title="bbox 1923 1326 3259 1397">
     <span class='ocr_line' id='line_1_72' title="bbox 1923 1326 3259 1397; baseline 0.001 -17"><span class='ocrx_word' id='word_1_432' title='bbox 1923 1326 2026 1380; x_wconf 88' lang='lat' dir='ltr'><strong>Sed</strong></span> <span class='ocrx_word' id='word_1_433' title='bbox 2060 1327 2365 1380; x_wconf 87' lang='lat' dir='ltr'><strong>meminisse</strong></span> <span class='ocrx_word' id='word_1_434' title='bbox 2391 1327 2543 1381; x_wconf 76' lang='lat' dir='ltr'><strong>decet</strong></span> <span class='ocrx_word' id='word_1_435' title='bbox 2570 1328 2691 1396; x_wconf 92' lang='lat' dir='ltr'><strong>quid</strong></span> <span class='ocrx_word' id='word_1_436' title='bbox 2721 1330 2974 1397; x_wconf 74' lang='lat' dir='ltr'><strong>prmscius</strong></span> <span class='ocrx_word' id='word_1_437' title='bbox 3002 1345 3094 1382; x_wconf 83' lang='lat' dir='ltr'><strong>ore</strong></span> <span class='ocrx_word' id='word_1_438' title='bbox 3123 1329 3259 1382; x_wconf 79' lang='lat' dir='ltr'><strong>fideli</strong></span> 
     </span>
    </p>
   </div>
   <div class='ocr_carea' id='block_1_73' title="bbox 1924 1416 3263 1487">
    <p class='ocr_par' dir='ltr' id='par_1_73' title="bbox 1924 1416 3263 1487">
     <span class='ocr_line' id='line_1_73' title="bbox 1924 1416 3263 1487; baseline 0.002 -19"><span class='ocrx_word' id='word_1_439' title='bbox 1924 1416 2125 1471; x_wconf 79' lang='lat' dir='ltr'><strong>Dixerit</strong></span> <span class='ocrx_word' id='word_1_440' title='bbox 2155 1428 2276 1471; x_wconf 88' lang='lat' dir='ltr'><strong>ante</strong></span> <span class='ocrx_word' id='word_1_441' title='bbox 2297 1419 2519 1482; x_wconf 90' lang='lat' dir='ltr'><strong>ohitum,</strong></span> <span class='ocrx_word' id='word_1_442' title='bbox 2544 1419 2743 1487; x_wconf 87' lang='lat' dir='ltr'><strong>duplici</strong></span> <span class='ocrx_word' id='word_1_443' title='bbox 2772 1420 2875 1473; x_wconf 88' lang='lat' dir='ltr'><strong>non</strong></span> <span class='ocrx_word' id='word_1_444' title='bbox 2907 1419 3132 1487; x_wconf 91' lang='lat' dir='ltr'><strong>amplius</strong></span> <span class='ocrx_word' id='word_1_445' title='bbox 3161 1420 3263 1473; x_wconf 88' lang='lat' dir='ltr'><strong>ulla</strong></span> 
     </span>
    </p>
   </div>
   <div class='ocr_carea' id='block_1_74' title="bbox 1922 1509 3321 1582">
    <p class='ocr_par' dir='ltr' id='par_1_74' title="bbox 1922 1509 3321 1582">
     <span class='ocr_line' id='line_1_74' title="bbox 1922 1509 3321 1582; baseline 0.002 -19"><span class='ocrx_word' id='word_1_446' title='bbox 1922 1509 2252 1564; x_wconf 89' lang='lat' dir='ltr'><strong>Servandum</strong></span> <span class='ocrx_word' id='word_1_447' title='bbox 2281 1526 2338 1564; x_wconf 91' lang='lat' dir='ltr'><strong>se</strong></span> <span class='ocrx_word' id='word_1_448' title='bbox 2368 1522 2543 1571; x_wconf 89' lang='lat' dir='ltr'><strong>nocte,</strong></span> <span class='ocrx_word' id='word_1_449' title='bbox 2568 1521 2620 1566; x_wconf 93' lang='lat' dir='ltr'><strong>et</strong></span> <span class='ocrx_word' id='word_1_450' title='bbox 2643 1513 2750 1581; x_wconf 87' lang='lat' dir='ltr'><strong>jam</strong></span> <span class='ocrx_word' id='word_1_451' title='bbox 2774 1512 2880 1582; x_wconf 80' lang='lat' dir='ltr'><strong>jam</strong></span> <span class='ocrx_word' id='word_1_452' title='bbox 2913 1515 3100 1567; x_wconf 90' lang='lat' dir='ltr'><strong>tertius</strong></span> <span class='ocrx_word' id='word_1_453' title='bbox 3128 1513 3213 1566; x_wconf 89' lang='lat' dir='ltr'><strong>hic</strong></span> <span class='ocrx_word' id='word_1_454' title='bbox 3240 1522 3321 1566; x_wconf 88' lang='lat' dir='ltr'><strong>est</strong></span> 
     </span>
    </p>
   </div>
   <div class='ocr_carea' id='block_1_75' title="bbox 1923 1600 3391 1673">
    <p class='ocr_par' dir='ltr' id='par_1_75' title="bbox 1923 1600 3391 1673">
     <span class='ocr_line' id='line_1_75' title="bbox 1923 1600 3391 1673; baseline 0.003 -21"><span class='ocrx_word' id='word_1_455' title='bbox 1923 1600 2022 1666; x_wconf 90' lang='lat' dir='ltr'><strong>Qui</strong></span> <span class='ocrx_word' id='word_1_456' title='bbox 2051 1602 2280 1669; x_wconf 80' lang='lat' dir='ltr'><strong>complet</strong></span> <span class='ocrx_word' id='word_1_457' title='bbox 2309 1602 2565 1670; x_wconf 87' lang='lat' dir='ltr'><strong>promissa</strong></span> <span class='ocrx_word' id='word_1_458' title='bbox 2591 1602 2705 1656; x_wconf 82' lang='lat' dir='ltr'><strong>dies</strong></span> <span class='ocrx_word' id='word_1_459' title='bbox 2729 1622 2739 1655; x_wconf 92' lang='lat'>:</span> <span class='ocrx_word' id='word_1_460' title='bbox 2771 1611 2913 1672; x_wconf 79' lang='lat' dir='ltr'><strong>patet</strong></span> <span class='ocrx_word' id='word_1_461' title='bbox 2941 1618 3064 1658; x_wconf 88' lang='lat' dir='ltr'><strong>ecce</strong></span> <span class='ocrx_word' id='word_1_462' title='bbox 3090 1604 3391 1673; x_wconf 74' lang='lat' dir='ltr'><strong>sepulcrum</strong></span> 
     </span>
    </p>
   </div>
   <div class='ocr_carea' id='block_1_76' title="bbox 1849 1688 3284 1763">
    <p class='ocr_par' dir='ltr' id='par_1_76' title="bbox 1849 1688 3284 1763">
     <span class='ocr_line' id='line_1_76' title="bbox 1849 1688 3284 1763; baseline 0.006 -23"><span class='ocrx_word' id='word_1_463' title='bbox 1849 1695 1895 1755; x_wconf 77' lang='grc' dir='ltr'><strong><em>Β</em></strong></span> <span class='ocrx_word' id='word_1_464' title='bbox 1927 1688 2410 1743; x_wconf 90' lang='lat' dir='ltr'><strong>Deseruitvacuum</strong></span> <span class='ocrx_word' id='word_1_465' title='bbox 2444 1693 2579 1745; x_wconf 89' lang='lat' dir='ltr'><strong>victa</strong></span> <span class='ocrx_word' id='word_1_466' title='bbox 2611 1697 2746 1761; x_wconf 78' lang='lat' dir='ltr'><strong>qqu</strong></span> <span class='ocrx_word' id='word_1_467' title='bbox 2782 1704 2950 1747; x_wconf 91' lang='lat' dir='ltr'><strong>morte</strong></span> <span class='ocrx_word' id='word_1_468' title='bbox 2982 1709 3284 1763; x_wconf 88' lang='lat' dir='ltr'><strong>resurgens.</strong></span> 
     </span>
    </p>
   </div>
   <div class='ocr_carea' id='block_1_77' title="bbox 1999 1778 3201 1849">
    <p class='ocr_par' dir='ltr' id='par_1_77' title="bbox 1999 1778 3201 1849">
     <span class='ocr_line' id='line_1_77' title="bbox 1999 1778 3201 1849; baseline 0.003 -17"><span class='ocrx_word' id='word_1_469' title='bbox 1999 1778 2201 1832; x_wconf 85' lang='lat' dir='ltr'><strong>Taliter</strong></span> <span class='ocrx_word' id='word_1_470' title='bbox 2228 1780 2469 1834; x_wconf 74' lang='lat' dir='ltr'><strong>excelsus</strong></span> <span class='ocrx_word' id='word_1_471' title='bbox 2488 1781 2637 1849; x_wconf 90' lang='lat' dir='ltr'><strong>jusso</strong></span> <span class='ocrx_word' id='word_1_472' title='bbox 2663 1798 2911 1837; x_wconf 84' lang='lat' dir='ltr'><strong>sermone</strong></span> <span class='ocrx_word' id='word_1_473' title='bbox 2940 1784 3201 1847; x_wconf 86' lang='lat' dir='ltr'><strong>minister,</strong></span> 
     </span>
    </p>
   </div>
   <div class='ocr_carea' id='block_1_78' title="bbox 1931 1868 3124 1939">
    <p class='ocr_par' dir='ltr' id='par_1_78' title="bbox 1931 1868 3124 1939">
     <span class='ocr_line' id='line_1_78' title="bbox 1931 1868 3124 1939; baseline 0.005 -19"><span class='ocrx_word' id='word_1_474' title='bbox 1931 1868 2222 1934; x_wconf 85' lang='lat' dir='ltr'><strong>Sparsurus</strong></span> <span class='ocrx_word' id='word_1_475' title='bbox 2252 1870 2447 1921; x_wconf 86' lang='lat' dir='ltr'><strong>mundo</strong></span> <span class='ocrx_word' id='word_1_476' title='bbox 2476 1870 2654 1923; x_wconf 82' lang='lat' dir='ltr'><strong>vitalis</strong></span> <span class='ocrx_word' id='word_1_477' title='bbox 2685 1872 2821 1925; x_wconf 90' lang='lat' dir='ltr'><strong>dona</strong></span> <span class='ocrx_word' id='word_1_478' title='bbox 2852 1872 3124 1939; x_wconf 88' lang='lat' dir='ltr'><strong>triumphi,</strong></span> 
     </span>
    </p>
   </div>
   <div class='ocr_carea' id='block_1_79' title="bbox 1933 1958 3256 2031">
    <p class='ocr_par' dir='ltr' id='par_1_79' title="bbox 1933 1958 3256 2031">
     <span class='ocr_line' id='line_1_79' title="bbox 1933 1958 3256 2031; baseline 0.004 -20"><span class='ocrx_word' id='word_1_479' title='bbox 1933 1958 2035 2011; x_wconf 83' lang='lat' dir='ltr'><strong>Has</strong></span> <span class='ocrx_word' id='word_1_480' title='bbox 2068 1959 2291 2027; x_wconf 88' lang='lat' dir='ltr'><strong>primum</strong></span> <span class='ocrx_word' id='word_1_481' title='bbox 2319 1960 2549 2028; x_wconf 89' lang='lat' dir='ltr'><strong>gaudere</strong></span> <span class='ocrx_word' id='word_1_482' title='bbox 2579 1961 2746 2026; x_wconf 88' lang='lat' dir='ltr'><strong>dedit,</strong></span> <span class='ocrx_word' id='word_1_483' title='bbox 2778 1964 3022 2031; x_wconf 90' lang='lat' dir='ltr'><strong>luctuque</strong></span> <span class='ocrx_word' id='word_1_484' title='bbox 3048 1964 3256 2017; x_wconf 90' lang='lat' dir='ltr'><strong>levavit.</strong></span> 
     </span>
    </p>
   </div>
   <div class='ocr_carea' id='block_1_80' title="bbox 1932 2049 3145 2121">
    <p class='ocr_par' dir='ltr' id='par_1_80' title="bbox 1932 2049 3145 2121">
     <span class='ocr_line' id='line_1_80' title="bbox 1932 2049 3145 2121; baseline 0.005 -19"><span class='ocrx_word' id='word_1_485' title='bbox 1932 2049 2079 2103; x_wconf 90' lang='lat' dir='ltr'><strong>Ibant</strong></span> <span class='ocrx_word' id='word_1_486' title='bbox 2101 2050 2376 2118; x_wconf 74' lang='lat' dir='ltr'><strong>impavida:</strong></span> <span class='ocrx_word' id='word_1_487' title='bbox 2406 2051 2653 2118; x_wconf 67' lang='lat' dir='ltr'><strong>lmtojam</strong></span> <span class='ocrx_word' id='word_1_488' title='bbox 2684 2064 2896 2121; x_wconf 89' lang='lat' dir='ltr'><strong>pectore</strong></span> <span class='ocrx_word' id='word_1_489' title='bbox 2930 2062 3145 2118; x_wconf 67' lang='lat' dir='ltr'><strong>matres,</strong></span> 
     </span>
    </p>
   </div>
   <div class='ocr_carea' id='block_1_81' title="bbox 1930 2138 3262 2217">
    <p class='ocr_par' dir='ltr' id='par_1_81' title="bbox 1930 2138 3262 2217">
     <span class='ocr_line' id='line_1_81' title="bbox 1930 2138 3262 2217; baseline 0.005 -25"><span class='ocrx_word' id='word_1_490' title='bbox 1930 2138 2156 2194; x_wconf 86' lang='lat' dir='ltr'><strong>Credula</strong></span> <span class='ocrx_word' id='word_1_491' title='bbox 2186 2150 2455 2210; x_wconf 67' lang='lat' dir='ltr'><strong>conceptae</strong></span> <span class='ocrx_word' id='word_1_492' title='bbox 2483 2154 2757 2197; x_wconf 88' lang='lat' dir='ltr'><strong>servantes</strong></span> <span class='ocrx_word' id='word_1_493' title='bbox 2784 2146 2941 2197; x_wconf 87' lang='lat' dir='ltr'><strong>corda</strong></span> <span class='ocrx_word' id='word_1_494' title='bbox 2973 2146 3151 2211; x_wconf 89' lang='lat' dir='ltr'><strong>saluti,</strong></span> <span class='ocrx_word' id='word_1_495' title='bbox 3244 2184 3262 2217; x_wconf 49' lang='grc' dir='ltr'><em>ς</em></span> 
     </span>
    </p>
   </div>
   <div class='ocr_carea' id='block_1_82' title="bbox 1927 2231 3329 2305">
    <p class='ocr_par' dir='ltr' id='par_1_82' title="bbox 1927 2231 3329 2305">
     <span class='ocr_line' id='line_1_82' title="bbox 1927 2231 3329 2305; baseline 0.006 -20"><span class='ocrx_word' id='word_1_496' title='bbox 1927 2231 2058 2285; x_wconf 91' lang='lat' dir='ltr'><strong>Cum</strong></span> <span class='ocrx_word' id='word_1_497' title='bbox 2089 2232 2322 2287; x_wconf 90' lang='lat' dir='ltr'><strong>medium</strong></span> <span class='ocrx_word' id='word_1_498' title='bbox 2352 2247 2471 2288; x_wconf 89' lang='lat' dir='ltr'><strong>sese</strong></span> <span class='ocrx_word' id='word_1_499' title='bbox 2500 2232 2742 2289; x_wconf 89' lang='lat' dir='ltr'><strong>Christus</strong></span> <span class='ocrx_word' id='word_1_500' title='bbox 2763 2237 3126 2305; x_wconf 85' lang='lat' dir='ltr'><strong>gradientibus</strong></span> <span class='ocrx_word' id='word_1_501' title='bbox 3156 2238 3329 2302; x_wconf 72' lang='lat' dir='ltr'><strong>offei-t,</strong></span> 
     </span>
    </p>
   </div>
   <div class='ocr_carea' id='block_1_83' title="bbox 1928 2321 3260 2392">
    <p class='ocr_par' dir='ltr' id='par_1_83' title="bbox 1928 2321 3260 2392">
     <span class='ocr_line' id='line_1_83' title="bbox 1928 2321 3260 2392; baseline 0.006 -18"><span class='ocrx_word' id='word_1_502' title='bbox 1928 2321 2262 2392; x_wconf 88' lang='lat' dir='ltr'><strong>Agnoscique</strong></span> <span class='ocrx_word' id='word_1_503' title='bbox 2279 2322 2452 2391; x_wconf 89' lang='lat' dir='ltr'><strong>jubet,</strong></span> <span class='ocrx_word' id='word_1_504' title='bbox 2476 2324 2669 2379; x_wconf 89' lang='lat' dir='ltr'><strong>blando</strong></span> <span class='ocrx_word' id='word_1_505' title='bbox 2694 2335 2746 2381; x_wconf 91' lang='lat' dir='ltr'><strong>et</strong></span> <span class='ocrx_word' id='word_1_506' title='bbox 2775 2341 3021 2382; x_wconf 88' lang='lat' dir='ltr'><strong>sermone</strong></span> <span class='ocrx_word' id='word_1_507' title='bbox 3049 2329 3260 2383; x_wconf 75' lang='lat' dir='ltr'><strong>salutat.</strong></span> 
     </span>
    </p>
   </div>
   <div class='ocr_carea' id='block_1_84' title="bbox 1927 2411 3241 2481">
    <p class='ocr_par' dir='ltr' id='par_1_84' title="bbox 1927 2411 3241 2481">
     <span class='ocr_line' id='line_1_84' title="bbox 1927 2411 3241 2481; baseline 0.005 -16"><span class='ocrx_word' id='word_1_508' title='bbox 1927 2412 2024 2475; x_wconf 87' lang='lat' dir='ltr'><strong>Ite,</strong></span> <span class='ocrx_word' id='word_1_509' title='bbox 2056 2411 2151 2476; x_wconf 86' lang='lat' dir='ltr'><strong>ait,</strong></span> <span class='ocrx_word' id='word_1_510' title='bbox 2179 2418 2230 2463; x_wconf 90' lang='lat' dir='ltr'><strong>et</strong></span> <span class='ocrx_word' id='word_1_511' title='bbox 2258 2413 2453 2467; x_wconf 88' lang='lat' dir='ltr'><strong>nostris</strong></span> <span class='ocrx_word' id='word_1_512' title='bbox 2493 2412 2607 2468; x_wconf 72' lang='lat' dir='ltr'><strong>haec</strong></span> <span class='ocrx_word' id='word_1_513' title='bbox 2634 2414 2740 2481; x_wconf 88' lang='lat' dir='ltr'><strong>jam</strong></span> <span class='ocrx_word' id='word_1_514' title='bbox 2769 2414 3011 2469; x_wconf 87' lang='lat' dir='ltr'><strong>mandata</strong></span> <span class='ocrx_word' id='word_1_515' title='bbox 3044 2416 3241 2471; x_wconf 82' lang='lat' dir='ltr'><strong>referte</strong></span> 
     </span>
    </p>
   </div>
   <div class='ocr_carea' id='block_1_85' title="bbox 1930 2501 3221 2576">
    <p class='ocr_par' dir='ltr' id='par_1_85' title="bbox 1930 2501 3221 2576">
     <span class='ocr_line' id='line_1_85' title="bbox 1930 2501 3221 2576; baseline 0.004 -22"><span class='ocrx_word' id='word_1_516' title='bbox 1930 2501 2227 2570; x_wconf 89' lang='lat' dir='ltr'><strong>Discipulis,</strong></span> <span class='ocrx_word' id='word_1_517' title='bbox 2255 2502 2437 2557; x_wconf 90' lang='lat' dir='ltr'><strong>norint</strong></span> <span class='ocrx_word' id='word_1_518' title='bbox 2469 2512 2524 2557; x_wconf 92' lang='lat' dir='ltr'><strong>ut</strong></span> <span class='ocrx_word' id='word_1_519' title='bbox 2554 2505 2862 2560; x_wconf 81' lang='lat' dir='ltr'><strong>surrexisse</strong></span> <span class='ocrx_word' id='word_1_520' title='bbox 2891 2508 3221 2576; x_wconf 83' lang='lat' dir='ltr'><strong>magistrum.</strong></span> 
     </span>
    </p>
   </div>
   <div class='ocr_carea' id='block_1_86' title="bbox 1931 2591 3048 2666">
    <p class='ocr_par' dir='ltr' id='par_1_86' title="bbox 1931 2591 3048 2666">
     <span class='ocr_line' id='line_1_86' title="bbox 1931 2591 3048 2666; baseline 0.005 -22"><span class='ocrx_word' id='word_1_521' title='bbox 1931 2591 2037 2645; x_wconf 73' lang='lat' dir='ltr'><strong>Illa:</strong></span> <span class='ocrx_word' id='word_1_522' title='bbox 2059 2593 2350 2661; x_wconf 81' lang='lat' dir='ltr'><strong>complexis</strong></span> <span class='ocrx_word' id='word_1_523' title='bbox 2373 2594 2605 2663; x_wconf 85' lang='lat' dir='ltr'><strong>defigunt</strong></span> <span class='ocrx_word' id='word_1_524' title='bbox 2631 2598 2821 2661; x_wconf 82' lang='lat' dir='ltr'><strong>oscula</strong></span> <span class='ocrx_word' id='word_1_525' title='bbox 2836 2599 3048 2666; x_wconf 86' lang='lat' dir='ltr'><strong>plantis,</strong></span> 
     </span>
    </p>
   </div>
   <div class='ocr_carea' id='block_1_87' title="bbox 1931 2686 3389 2756">
    <p class='ocr_par' dir='ltr' id='par_1_87' title="bbox 1931 2686 3389 2756">
     <span class='ocr_line' id='line_1_87' title="bbox 1931 2686 3389 2756; baseline 0.005 -18"><span class='ocrx_word' id='word_1_526' title='bbox 1931 2687 2105 2755; x_wconf 84' lang='lat' dir='ltr'><strong>Atque</strong></span> <span class='ocrx_word' id='word_1_527' title='bbox 2130 2686 2194 2740; x_wconf 91' lang='lat' dir='ltr'><strong>ad</strong></span> <span class='ocrx_word' id='word_1_528' title='bbox 2226 2687 2517 2756; x_wconf 89' lang='lat' dir='ltr'><strong>discipulos</strong></span> <span class='ocrx_word' id='word_1_529' title='bbox 2540 2690 2701 2743; x_wconf 88' lang='lat' dir='ltr'><strong>alacri</strong></span> <span class='ocrx_word' id='word_1_530' title='bbox 2729 2704 2849 2744; x_wconf 90' lang='lat' dir='ltr'><strong>cum</strong></span> <span class='ocrx_word' id='word_1_531' title='bbox 2890 2700 3070 2745; x_wconf 90' lang='lat' dir='ltr'><strong>mente</strong></span> <span class='ocrx_word' id='word_1_532' title='bbox 3090 2704 3389 2755; x_wconf 86' lang='lat' dir='ltr'><strong>recurrunt,</strong></span> 
     </span>
    </p>
   </div>
   <div class='ocr_carea' id='block_1_88' title="bbox 1932 2775 3393 2851">
    <p class='ocr_par' dir='ltr' id='par_1_88' title="bbox 1932 2775 3393 2851">
     <span class='ocr_line' id='line_1_88' title="bbox 1932 2775 3393 2851; baseline 0.006 -23"><span class='ocrx_word' id='word_1_533' title='bbox 1932 2775 2290 2846; x_wconf 84' lang='lat' dir='ltr'><strong>Doctoresque</strong></span> <span class='ocrx_word' id='word_1_534' title='bbox 2312 2778 2524 2842; x_wconf 85' lang='lat' dir='ltr'><strong>docent,</strong></span> <span class='ocrx_word' id='word_1_535' title='bbox 2558 2787 2612 2832; x_wconf 91' lang='lat' dir='ltr'><strong>et</strong></span> <span class='ocrx_word' id='word_1_536' title='bbox 2632 2795 2748 2848; x_wconf 85' lang='lat' dir='ltr'><strong>quae</strong></span> <span class='ocrx_word' id='word_1_537' title='bbox 2774 2782 3067 2849; x_wconf 72' lang='lat' dir='ltr'><strong>spargenda</strong></span> <span class='ocrx_word' id='word_1_538' title='bbox 3091 2797 3185 2851; x_wconf 90' lang='lat' dir='ltr'><strong>per</strong></span> <span class='ocrx_word' id='word_1_539' title='bbox 3211 2784 3393 2837; x_wconf 91' lang='lat' dir='ltr'><strong>orbem</strong></span> 
     </span>
    </p>
   </div>
   <div class='ocr_carea' id='block_1_89' title="bbox 1929 2866 3180 2940">
    <p class='ocr_par' dir='ltr' id='par_1_89' title="bbox 1929 2866 3180 2940">
     <span class='ocr_line' id='line_1_89' title="bbox 1929 2866 3180 2940; baseline 0.005 -20"><span class='ocrx_word' id='word_1_540' title='bbox 1929 2866 2164 2920; x_wconf 84' lang='lat' dir='ltr'><strong>Primum</strong></span> <span class='ocrx_word' id='word_1_541' title='bbox 2195 2866 2442 2922; x_wconf 83' lang='lat' dir='ltr'><strong>femineis</strong></span> <span class='ocrx_word' id='word_1_542' title='bbox 2472 2870 2717 2923; x_wconf 87' lang='lat' dir='ltr'><strong>instructi</strong></span> <span class='ocrx_word' id='word_1_543' title='bbox 2745 2870 2953 2925; x_wconf 89' lang='lat' dir='ltr'><strong>discere</strong></span> <span class='ocrx_word' id='word_1_544' title='bbox 2981 2872 3180 2940; x_wconf 88' lang='lat' dir='ltr'><strong>verbis,</strong></span> 
     </span>
    </p>
   </div>
   <div class='ocr_carea' id='block_1_90' title="bbox 1850 2956 3322 3055">
    <p class='ocr_par' dir='ltr' id='par_1_90' title="bbox 1850 2956 3322 3055">
     <span class='ocr_line' id='line_1_90' title="bbox 1850 2956 3322 3055; baseline 0.003 -46"><span class='ocrx_word' id='word_1_545' title='bbox 1850 2996 1895 3055; x_wconf 66' lang='grc' dir='ltr'>Ο</span> <span class='ocrx_word' id='word_1_546' title='bbox 1930 2956 2239 3025; x_wconf 84' lang='lat' dir='ltr'><strong>Agnoscunt</strong></span> <span class='ocrx_word' id='word_1_547' title='bbox 2270 2958 2498 3011; x_wconf 71' lang='lat' dir='ltr'><strong>animam</strong></span> <span class='ocrx_word' id='word_1_548' title='bbox 2525 2958 2699 3027; x_wconf 88' lang='lat' dir='ltr'><strong>potius</strong></span> <span class='ocrx_word' id='word_1_549' title='bbox 2729 2974 2885 3029; x_wconf 89' lang='lat' dir='ltr'><strong>quam</strong></span> <span class='ocrx_word' id='word_1_550' title='bbox 2911 2961 3090 3016; x_wconf 88' lang='lat' dir='ltr'><strong>vivere</strong></span> <span class='ocrx_word' id='word_1_551' title='bbox 3114 2976 3322 3016; x_wconf 84' lang='lat' dir='ltr'><strong>sexum.</strong></span> 
     </span>
    </p>
   </div>
   <div class='ocr_carea' id='block_1_91' title="bbox 1998 3046 3299 3120">
    <p class='ocr_par' dir='ltr' id='par_1_91' title="bbox 1998 3046 3299 3120">
     <span class='ocr_line' id='line_1_91' title="bbox 1998 3046 3299 3120; baseline 0.002 -17"><span class='ocrx_word' id='word_1_552' title='bbox 1998 3046 2306 3103; x_wconf 88' lang='lat' dir='ltr'><strong>Communis</strong></span> <span class='ocrx_word' id='word_1_553' title='bbox 2337 3050 2505 3103; x_wconf 91' lang='lat' dir='ltr'><strong>virtus</strong></span> <span class='ocrx_word' id='word_1_554' title='bbox 2531 3049 2706 3119; x_wconf 87' lang='lat' dir='ltr'><strong>igitur,</strong></span> <span class='ocrx_word' id='word_1_555' title='bbox 2735 3066 3016 3106; x_wconf 91' lang='lat' dir='ltr'><strong>commune</strong></span> <span class='ocrx_word' id='word_1_556' title='bbox 3045 3054 3299 3120; x_wconf 89' lang='lat' dir='ltr'><strong>periclum</strong></span> 
     </span>
    </p>
   </div>
   <div class='ocr_carea' id='block_1_92' title="bbox 1929 3138 3356 3206">
    <p class='ocr_par' dir='ltr' id='par_1_92' title="bbox 1929 3138 3356 3206">
     <span class='ocr_line' id='line_1_92' title="bbox 1929 3138 3356 3206; baseline 0.005 -15"><span class='ocrx_word' id='word_1_557' title='bbox 1929 3138 2183 3191; x_wconf 86' lang='lat' dir='ltr'><strong>Matribus</strong></span> <span class='ocrx_word' id='word_1_558' title='bbox 2209 3148 2369 3206; x_wconf 87' lang='lat' dir='ltr'><strong>atque</strong></span> <span class='ocrx_word' id='word_1_559' title='bbox 2394 3140 2551 3205; x_wconf 89' lang='lat' dir='ltr'><strong>viris;</strong></span> <span class='ocrx_word' id='word_1_560' title='bbox 2583 3141 2722 3197; x_wconf 83' lang='lat' dir='ltr'><strong>nulla</strong></span> <span class='ocrx_word' id='word_1_561' title='bbox 2753 3151 2835 3196; x_wconf 90' lang='lat' dir='ltr'><strong>est</strong></span> <span class='ocrx_word' id='word_1_562' title='bbox 2863 3142 3112 3196; x_wconf 84' lang='lat' dir='ltr'><strong>distantia</strong></span> <span class='ocrx_word' id='word_1_563' title='bbox 3142 3143 3318 3198; x_wconf 90' lang='lat' dir='ltr'><strong>cordis</strong></span> <span class='ocrx_word' id='word_1_564' title='bbox 3342 3160 3356 3198; x_wconf 91' lang='lat'><strong>:</strong></span> 
     </span>
    </p>
   </div>
   <div class='ocr_carea' id='block_1_93' title="bbox 1932 3231 3318 3305">
    <p class='ocr_par' dir='ltr' id='par_1_93' title="bbox 1932 3231 3318 3305">
     <span class='ocr_line' id='line_1_93' title="bbox 1932 3231 3318 3305; baseline 0.004 -22"><span class='ocrx_word' id='word_1_565' title='bbox 1932 3231 2151 3287; x_wconf 81' lang='lat' dir='ltr'><strong>Rectum</strong></span> <span class='ocrx_word' id='word_1_566' title='bbox 2179 3232 2311 3286; x_wconf 88' lang='lat' dir='ltr'><strong>velle</strong></span> <span class='ocrx_word' id='word_1_567' title='bbox 2340 3232 2544 3301; x_wconf 78' lang='lat' dir='ltr'><strong>subeSt,</strong></span> <span class='ocrx_word' id='word_1_568' title='bbox 2572 3234 2617 3287; x_wconf 91' lang='lat' dir='ltr'><strong>si</strong></span> <span class='ocrx_word' id='word_1_569' title='bbox 2642 3235 2808 3303; x_wconf 86' lang='lat' dir='ltr'><strong>gratia</strong></span> <span class='ocrx_word' id='word_1_570' title='bbox 2834 3243 3041 3289; x_wconf 82' lang='lat' dir='ltr'><strong>constat</strong></span> <span class='ocrx_word' id='word_1_571' title='bbox 3065 3237 3318 3305; x_wconf 89' lang='lat' dir='ltr'><strong>utrisque,</strong></span> 
     </span>
    </p>
   </div>
   <div class='ocr_carea' id='block_1_94' title="bbox 1927 3324 3084 3382">
    <p class='ocr_par' dir='ltr' id='par_1_94' title="bbox 1927 3324 3084 3382">
     <span class='ocr_line' id='line_1_94' title="bbox 1927 3324 3084 3382; baseline 0.003 -4"><span class='ocrx_word' id='word_1_572' title='bbox 1927 3324 2025 3378; x_wconf 89' lang='lat' dir='ltr'><strong>Cui</strong></span> <span class='ocrx_word' id='word_1_573' title='bbox 2054 3333 2229 3379; x_wconf 89' lang='lat' dir='ltr'><strong>tamen</strong></span> <span class='ocrx_word' id='word_1_574' title='bbox 2260 3335 2464 3379; x_wconf 91' lang='lat' dir='ltr'><strong>attento</strong></span> <span class='ocrx_word' id='word_1_575' title='bbox 2498 3326 2723 3381; x_wconf 89' lang='lat' dir='ltr'><strong>desudet</strong></span> <span class='ocrx_word' id='word_1_576' title='bbox 2749 3328 2854 3381; x_wconf 92' lang='lat' dir='ltr'><strong>vita</strong></span> <span class='ocrx_word' id='word_1_577' title='bbox 2885 3329 3084 3382; x_wconf 90' lang='lat' dir='ltr'><strong>labore.</strong></span> 
     </span>
    </p>
   </div>
   <div class='ocr_carea' id='block_1_95' title="bbox 1930 3417 3354 3488">
    <p class='ocr_par' dir='ltr' id='par_1_95' title="bbox 1930 3417 3354 3488">
     <span class='ocr_line' id='line_1_95' title="bbox 1930 3417 3354 3488; baseline 0.001 -17"><span class='ocrx_word' id='word_1_578' title='bbox 1930 3418 2035 3471; x_wconf 86' lang='lat' dir='ltr'><strong>Aut</strong></span> <span class='ocrx_word' id='word_1_579' title='bbox 2062 3417 2188 3487; x_wconf 89' lang='lat' dir='ltr'><strong>quid</strong></span> <span class='ocrx_word' id='word_1_580' title='bbox 2219 3417 2357 3471; x_wconf 89' lang='lat' dir='ltr'><strong>dona</strong></span> <span class='ocrx_word' id='word_1_581' title='bbox 2380 3418 2567 3486; x_wconf 87' lang='lat' dir='ltr'><strong>juvant</strong></span> <span class='ocrx_word' id='word_1_582' title='bbox 2595 3418 2883 3488; x_wconf 84' lang='lat' dir='ltr'><strong>hominem,</strong></span> <span class='ocrx_word' id='word_1_583' title='bbox 2915 3422 2956 3473; x_wconf 93' lang='lat' dir='ltr'><strong>si</strong></span> <span class='ocrx_word' id='word_1_584' title='bbox 2986 3429 3165 3474; x_wconf 86' lang='lat' dir='ltr'><strong>mente</strong></span> <span class='ocrx_word' id='word_1_585' title='bbox 3186 3420 3354 3475; x_wconf 87' lang='lat' dir='ltr'><strong>soluta</strong></span> 
     </span>
    </p>
   </div>
   <div class='ocr_carea' id='block_1_96' title="bbox 1931 3507 3143 3579">
    <p class='ocr_par' dir='ltr' id='par_1_96' title="bbox 1931 3507 3143 3579">
     <span class='ocr_line' id='line_1_96' title="bbox 1931 3507 3143 3579; baseline 0.002 -18"><span class='ocrx_word' id='word_1_586' title='bbox 1931 3507 2123 3577; x_wconf 87' lang='lat' dir='ltr'><strong>Turpia</strong></span> <span class='ocrx_word' id='word_1_587' title='bbox 2156 3508 2403 3562; x_wconf 90' lang='lat' dir='ltr'><strong>collatum</strong></span> <span class='ocrx_word' id='word_1_588' title='bbox 2436 3509 2751 3579; x_wconf 89' lang='lat' dir='ltr'><strong>disperdant</strong></span> <span class='ocrx_word' id='word_1_589' title='bbox 2778 3512 2881 3564; x_wconf 91' lang='lat' dir='ltr'><strong>otia</strong></span> <span class='ocrx_word' id='word_1_590' title='bbox 2915 3510 3143 3564; x_wconf 82' lang='lat' dir='ltr'><strong>munus?</strong></span> 
     </span>
    </p>
   </div>
   <div class='ocr_carea' id='block_1_97' title="bbox 1931 3598 3341 3669">
    <p class='ocr_par' dir='ltr' id='par_1_97' title="bbox 1931 3598 3341 3669">
     <span class='ocr_line' id='line_1_97' title="bbox 1931 3598 3341 3669; baseline 0.001 -16"><span class='ocrx_word' id='word_1_591' title='bbox 1931 3598 2197 3654; x_wconf 81' lang='lat' dir='ltr'><strong>Auxilium</strong></span> <span class='ocrx_word' id='word_1_592' title='bbox 2228 3610 2447 3655; x_wconf 88' lang='lat' dir='ltr'><strong>conatus</strong></span> <span class='ocrx_word' id='word_1_593' title='bbox 2469 3609 2611 3655; x_wconf 91' lang='lat' dir='ltr'><strong>amat</strong></span> <span class='ocrx_word' id='word_1_594' title='bbox 2640 3618 2653 3653; x_wconf 90' lang='lat'><strong>:</strong></span> <span class='ocrx_word' id='word_1_595' title='bbox 2683 3600 2798 3669; x_wconf 91' lang='lat' dir='ltr'><strong>quis</strong></span> <span class='ocrx_word' id='word_1_596' title='bbox 2821 3615 3047 3669; x_wconf 88' lang='lat' dir='ltr'><strong>namque</strong></span> <span class='ocrx_word' id='word_1_597' title='bbox 3069 3609 3341 3655; x_wconf 89' lang='lat' dir='ltr'><strong>vacantem</strong></span> 
     </span>
    </p>
   </div>
   <div class='ocr_carea' id='block_1_98' title="bbox 1931 3690 3224 3759">
    <p class='ocr_par' dir='ltr' id='par_1_98' title="bbox 1931 3690 3224 3759">
     <span class='ocr_line' id='line_1_98' title="bbox 1931 3690 3224 3759; baseline 0 -15"><span class='ocrx_word' id='word_1_598' title='bbox 1931 3690 2177 3758; x_wconf 83' lang='lat' dir='ltr'><strong>Adjuvet,</strong></span> <span class='ocrx_word' id='word_1_599' title='bbox 2202 3702 2292 3745; x_wconf 90' lang='lat' dir='ltr'><strong>aut</strong></span> <span class='ocrx_word' id='word_1_600' title='bbox 2320 3706 2510 3745; x_wconf 91' lang='lat' dir='ltr'><strong>somno</strong></span> <span class='ocrx_word' id='word_1_601' title='bbox 2535 3692 2781 3745; x_wconf 91' lang='lat' dir='ltr'><strong>virtutem</strong></span> <span class='ocrx_word' id='word_1_602' title='bbox 2808 3691 2995 3759; x_wconf 89' lang='lat' dir='ltr'><strong>jungat</strong></span> <span class='ocrx_word' id='word_1_603' title='bbox 3026 3691 3224 3745; x_wconf 86' lang='lat' dir='ltr'><strong>inerti?</strong></span> 
     </span>
    </p>
   </div>
   <div class='ocr_carea' id='block_1_99' title="bbox 2000 3781 3226 3846">
    <p class='ocr_par' dir='ltr' id='par_1_99' title="bbox 2000 3781 3226 3846">
     <span class='ocr_line' id='line_1_99' title="bbox 2000 3781 3226 3846; baseline -0.002 -9"><span class='ocrx_word' id='word_1_604' title='bbox 2000 3782 2245 3837; x_wconf 67' lang='lat' dir='ltr'><strong>Caelestis</strong></span> <span class='ocrx_word' id='word_1_605' title='bbox 2266 3796 2357 3835; x_wconf 92' lang='lat' dir='ltr'><strong>rex</strong></span> <span class='ocrx_word' id='word_1_606' title='bbox 2386 3781 2493 3843; x_wconf 89' lang='lat' dir='ltr'><strong>ille,</strong></span> <span class='ocrx_word' id='word_1_607' title='bbox 2530 3796 2720 3846; x_wconf 89' lang='lat' dir='ltr'><strong>parans</strong></span> <span class='ocrx_word' id='word_1_608' title='bbox 2747 3781 3025 3835; x_wconf 86' lang='lat' dir='ltr'><strong>discedere</strong></span> <span class='ocrx_word' id='word_1_609' title='bbox 3053 3781 3226 3844; x_wconf 88' lang='lat' dir='ltr'><strong>terris,</strong></span> 
     </span>
    </p>
   </div>
   <div class='ocr_carea' id='block_1_100' title="bbox 1936 3870 3191 3943">
    <p class='ocr_par' dir='ltr' id='par_1_100' title="bbox 1936 3870 3191 3943">
     <span class='ocr_line' id='line_1_100' title="bbox 1936 3870 3191 3943; baseline -0.004 -17"><span class='ocrx_word' id='word_1_610' title='bbox 1936 3872 2222 3943; x_wconf 78' lang='lat' dir='ltr'><strong>Argentum</strong></span> <span class='ocrx_word' id='word_1_611' title='bbox 2251 3871 2484 3934; x_wconf 87' lang='lat' dir='ltr'><strong>famulis,</strong></span> <span class='ocrx_word' id='word_1_612' title='bbox 2515 3879 2573 3924; x_wconf 87' lang='lat' dir='ltr'><strong>ut</strong></span> <span class='ocrx_word' id='word_1_613' title='bbox 2596 3871 2715 3939; x_wconf 82' lang='lat' dir='ltr'><strong>quis</strong></span> <span class='ocrx_word' id='word_1_614' title='bbox 2740 3872 2934 3925; x_wconf 90' lang='lat' dir='ltr'><strong>virtute</strong></span> <span class='ocrx_word' id='word_1_615' title='bbox 2964 3870 3191 3931; x_wconf 87' lang='lat' dir='ltr'><strong>valebat,</strong></span> 
     </span>
    </p>
   </div>
   <div class='ocr_carea' id='block_1_101' title="bbox 1934 3956 3463 4031">
    <p class='ocr_par' dir='ltr' id='par_1_101' title="bbox 1934 3956 3463 4031">
     <span class='ocr_line' id='line_1_101' title="bbox 1934 3956 3463 4031; baseline -0.004 -14"><span class='ocrx_word' id='word_1_616' title='bbox 1934 3963 2176 4031; x_wconf 88' lang='lat' dir='ltr'><strong>Quinque</strong></span> <span class='ocrx_word' id='word_1_617' title='bbox 2207 3960 2375 4015; x_wconf 89' lang='lat' dir='ltr'><strong>minas</strong></span> <span class='ocrx_word' id='word_1_618' title='bbox 2400 3962 2592 4028; x_wconf 90' lang='lat' dir='ltr'><strong>primo,</strong></span> <span class='ocrx_word' id='word_1_619' title='bbox 2622 3958 2887 4027; x_wconf 90' lang='lat' dir='ltr'><strong>duplicem</strong></span> <span class='ocrx_word' id='word_1_620' title='bbox 2920 3959 3007 4012; x_wconf 92' lang='lat' dir='ltr'><strong>dat</strong></span> <span class='ocrx_word' id='word_1_621' title='bbox 3036 3967 3181 4011; x_wconf 85' lang='lat' dir='ltr'><strong>sorte</strong></span> <span class='ocrx_word' id='word_1_622' title='bbox 3210 3956 3463 4011; x_wconf 90' lang='lat' dir='ltr'><strong>secundo.</strong></span> 
     </span>
    </p>
   </div>
   <div class='ocr_carea' id='block_1_102' title="bbox 1933 4051 3219 4123">
    <p class='ocr_par' dir='ltr' id='par_1_102' title="bbox 1933 4051 3219 4123">
     <span class='ocr_line' id='line_1_102' title="bbox 1933 4051 3219 4123; baseline -0.005 -13"><span class='ocrx_word' id='word_1_623' title='bbox 1933 4058 2107 4123; x_wconf 84' lang='lat' dir='ltr'><strong>Atque</strong></span> <span class='ocrx_word' id='word_1_624' title='bbox 2134 4053 2304 4122; x_wconf 87' lang='lat' dir='ltr'><strong>impar</strong></span> <span class='ocrx_word' id='word_1_625' title='bbox 2330 4053 2534 4120; x_wconf 84' lang='lat' dir='ltr'><strong>magnis</strong></span> <span class='ocrx_word' id='word_1_626' title='bbox 2561 4052 2795 4117; x_wconf 86' lang='lat' dir='ltr'><strong>suscepit</strong></span> <span class='ocrx_word' id='word_1_627' title='bbox 2828 4051 3014 4103; x_wconf 90' lang='lat' dir='ltr'><strong>tertius</strong></span> <span class='ocrx_word' id='word_1_628' title='bbox 3039 4064 3219 4103; x_wconf 86' lang='lat' dir='ltr'><strong>unam.</strong></span> 
     </span>
    </p>
   </div>
   <div class='ocr_carea' id='block_1_103' title="bbox 1934 4140 3393 4201">
    <p class='ocr_par' dir='ltr' id='par_1_103' title="bbox 1934 4140 3393 4201">
     <span class='ocr_line' id='line_1_103' title="bbox 1934 4140 3393 4201; baseline -0.005 0"><span class='ocrx_word' id='word_1_629' title='bbox 1934 4147 2081 4201; x_wconf 86' lang='lat' dir='ltr'><strong>Tunc</strong></span> <span class='ocrx_word' id='word_1_630' title='bbox 2105 4147 2181 4200; x_wconf 92' lang='lat' dir='ltr'><strong>sic</strong></span> <span class='ocrx_word' id='word_1_631' title='bbox 2207 4143 2487 4199; x_wconf 87' lang='lat' dir='ltr'><strong>discedens</strong></span> <span class='ocrx_word' id='word_1_632' title='bbox 2518 4141 2742 4196; x_wconf 89' lang='lat' dir='ltr'><strong>famulos</strong></span> <span class='ocrx_word' id='word_1_633' title='bbox 2772 4141 2927 4194; x_wconf 90' lang='lat' dir='ltr'><strong>simul</strong></span> <span class='ocrx_word' id='word_1_634' title='bbox 2952 4140 3161 4193; x_wconf 88' lang='lat' dir='ltr'><strong>instruit</strong></span> <span class='ocrx_word' id='word_1_635' title='bbox 3189 4154 3393 4194; x_wconf 89' lang='lat' dir='ltr'><strong>omnes.</strong></span> 
     </span>
    </p>
   </div>
   <div class='ocr_carea' id='block_1_104' title="bbox 1934 4228 3163 4305">
    <p class='ocr_par' dir='ltr' id='par_1_104' title="bbox 1934 4228 3163 4305">
     <span class='ocr_line' id='line_1_104' title="bbox 1934 4228 3163 4305; baseline -0.009 -13"><span class='ocrx_word' id='word_1_636' title='bbox 1934 4238 2084 4291; x_wconf 84' lang='lat' dir='ltr'><strong>Nunc</strong></span> <span class='ocrx_word' id='word_1_637' title='bbox 2106 4236 2149 4291; x_wconf 93' lang='lat' dir='ltr'><strong>si</strong></span> <span class='ocrx_word' id='word_1_638' title='bbox 2171 4236 2288 4305; x_wconf 91' lang='lat' dir='ltr'><strong>quis</strong></span> <span class='ocrx_word' id='word_1_639' title='bbox 2316 4245 2550 4287; x_wconf 76' lang='lat' dir='ltr'><strong>veStrum</strong></span> <span class='ocrx_word' id='word_1_640' title='bbox 2574 4231 2760 4285; x_wconf 90' lang='lat' dir='ltr'><strong>devota</strong></span> <span class='ocrx_word' id='word_1_641' title='bbox 2783 4240 2961 4284; x_wconf 90' lang='lat' dir='ltr'><strong>mente</strong></span> <span class='ocrx_word' id='word_1_642' title='bbox 2992 4228 3163 4283; x_wconf 85' lang='lat' dir='ltr'><strong>ﬁdelis</strong></span> 
     </span>
    </p>
   </div>
   <div class='ocr_carea' id='block_1_105' title="bbox 1932 4320 3173 4398">
    <p class='ocr_par' dir='ltr' id='par_1_105' title="bbox 1932 4320 3173 4398">
     <span class='ocr_line' id='line_1_105' title="bbox 1932 4320 3173 4398; baseline -0.008 -15"><span class='ocrx_word' id='word_1_643' title='bbox 1932 4326 2184 4398; x_wconf 79' lang='lat' dir='ltr'><strong>Experiar</strong></span> <span class='ocrx_word' id='word_1_644' title='bbox 2213 4325 2391 4389; x_wconf 89' lang='lat' dir='ltr'><strong>fuerit,</strong></span> <span class='ocrx_word' id='word_1_645' title='bbox 2422 4331 2627 4393; x_wconf 65' lang='lat' dir='ltr'><strong>quaestu</strong></span> <span class='ocrx_word' id='word_1_646' title='bbox 2655 4320 2953 4376; x_wconf 73' lang='lat' dir='ltr'><strong>noscendus</strong></span> <span class='ocrx_word' id='word_1_647' title='bbox 2973 4320 3040 4374; x_wconf 92' lang='lat' dir='ltr'><strong>ab</strong></span> <span class='ocrx_word' id='word_1_648' title='bbox 3069 4320 3173 4374; x_wconf 90' lang='lat' dir='ltr'><strong>isto</strong></span> 
     </span>
    </p>
   </div>
   <div class='ocr_carea' id='block_1_106' title="bbox 1932 4412 3328 4489">
    <p class='ocr_par' dir='ltr' id='par_1_106' title="bbox 1932 4412 3328 4489">
     <span class='ocr_line' id='line_1_106' title="bbox 1932 4412 3328 4489; baseline -0.006 -15"><span class='ocrx_word' id='word_1_649' title='bbox 1932 4421 2044 4488; x_wconf 90' lang='lat' dir='ltr'><strong>Qua</strong></span> <span class='ocrx_word' id='word_1_650' title='bbox 2072 4419 2189 4489; x_wconf 88' lang='lat' dir='ltr'><strong>quis</strong></span> <span class='ocrx_word' id='word_1_651' title='bbox 2218 4418 2287 4473; x_wconf 92' lang='lat' dir='ltr'><strong>sit</strong></span> <span class='ocrx_word' id='word_1_652' title='bbox 2318 4416 2509 4470; x_wconf 87' lang='lat' dir='ltr'><strong>virtute</strong></span> <span class='ocrx_word' id='word_1_653' title='bbox 2536 4426 2746 4485; x_wconf 90' lang='lat' dir='ltr'><strong>potens,</strong></span> <span class='ocrx_word' id='word_1_654' title='bbox 2778 4428 2883 4483; x_wconf 86' lang='lat' dir='ltr'><strong>qua</strong></span> <span class='ocrx_word' id='word_1_655' title='bbox 2914 4412 3165 4477; x_wconf 60' lang='lat' dir='ltr'><strong>praeditus</strong></span> <span class='ocrx_word' id='word_1_656' title='bbox 3192 4417 3328 4466; x_wconf 87' lang='lat' dir='ltr'><strong>arte.</strong></span> 
     </span>
    </p>
   </div>
   <div class='ocr_carea' id='block_1_107' title="bbox 1933 4501 3161 4575">
    <p class='ocr_par' dir='ltr' id='par_1_107' title="bbox 1933 4501 3161 4575">
     <span class='ocr_line' id='line_1_107' title="bbox 1933 4501 3161 4575; baseline -0.007 -12"><span class='ocrx_word' id='word_1_657' title='bbox 1933 4509 2234 4563; x_wconf 86' lang='lat' dir='ltr'><strong>Thesauros</strong></span> <span class='ocrx_word' id='word_1_658' title='bbox 2261 4506 2527 4575; x_wconf 86' lang='lat' dir='ltr'><strong>geminate</strong></span> <span class='ocrx_word' id='word_1_659' title='bbox 2556 4517 2724 4568; x_wconf 91' lang='lat' dir='ltr'><strong>meos,</strong></span> <span class='ocrx_word' id='word_1_660' title='bbox 2754 4516 2955 4571; x_wconf 87' lang='lat' dir='ltr'><strong>usuque</strong></span> <span class='ocrx_word' id='word_1_661' title='bbox 2979 4501 3161 4570; x_wconf 90' lang='lat' dir='ltr'><strong>polite,</strong></span> 
     </span>
    </p>
   </div>
   <div class='ocr_carea' id='block_1_108' title="bbox 1936 4593 3035 4664">
    <p class='ocr_par' dir='ltr' id='par_1_108' title="bbox 1936 4593 3035 4664">
     <span class='ocr_line' id='line_1_108' title="bbox 1936 4593 3035 4664; baseline -0.007 -11"><span class='ocrx_word' id='word_1_662' title='bbox 1936 4598 2116 4653; x_wconf 87' lang='lat' dir='ltr'><strong>Livida</strong></span> <span class='ocrx_word' id='word_1_663' title='bbox 2148 4612 2213 4651; x_wconf 93' lang='lat' dir='ltr'><strong>ne</strong></span> <span class='ocrx_word' id='word_1_664' title='bbox 2240 4596 2404 4649; x_wconf 89' lang='lat' dir='ltr'><strong>facies</strong></span> <span class='ocrx_word' id='word_1_665' title='bbox 2433 4595 2569 4664; x_wconf 88' lang='lat' dir='ltr'><strong>pulla</strong></span> <span class='ocrx_word' id='word_1_666' title='bbox 2596 4593 2842 4663; x_wconf 89' lang='lat' dir='ltr'><strong>rubigine</strong></span> <span class='ocrx_word' id='word_1_667' title='bbox 2866 4594 3035 4661; x_wconf 89' lang='lat' dir='ltr'><strong>tingat</strong></span> 
     </span>
    </p>
   </div>
   <div class='ocr_carea' id='block_1_109' title="bbox 1936 4683 3296 4757">
    <p class='ocr_par' dir='ltr' id='par_1_109' title="bbox 1936 4683 3296 4757">
     <span class='ocr_line' id='line_1_109' title="bbox 1936 4683 3296 4757; baseline -0.004 -13"><span class='ocrx_word' id='word_1_668' title='bbox 1936 4689 2189 4757; x_wconf 88' lang='lat' dir='ltr'><strong>Accipitis</strong></span> <span class='ocrx_word' id='word_1_669' title='bbox 2216 4688 2442 4742; x_wconf 90' lang='lat' dir='ltr'><strong>nitidum</strong></span> <span class='ocrx_word' id='word_1_670' title='bbox 2475 4701 2605 4755; x_wconf 87' lang='lat' dir='ltr'><strong>pura</strong></span> <span class='ocrx_word' id='word_1_671' title='bbox 2636 4686 2777 4756; x_wconf 89' lang='lat' dir='ltr'><strong>quod</strong></span> <span class='ocrx_word' id='word_1_672' title='bbox 2805 4685 2978 4741; x_wconf 89' lang='lat' dir='ltr'><strong>fronte</strong></span> <span class='ocrx_word' id='word_1_673' title='bbox 3006 4683 3296 4739; x_wconf 90' lang='lat' dir='ltr'><strong>metallum.</strong></span> 
     </span>
    </p>
   </div>
   <div class='ocr_carea' id='block_1_110' title="bbox 1941 4776 3196 4849">
    <p class='ocr_par' dir='ltr' id='par_1_110' title="bbox 1941 4776 3196 4849">
     <span class='ocr_line' id='line_1_110' title="bbox 1941 4776 3196 4849; baseline -0.005 -13"><span class='ocrx_word' id='word_1_674' title='bbox 1941 4782 1995 4836; x_wconf 83' lang='lat' dir='ltr'><strong>Si</strong></span> <span class='ocrx_word' id='word_1_675' title='bbox 2026 4779 2261 4843; x_wconf 88' lang='lat' dir='ltr'><strong>redeam,</strong></span> <span class='ocrx_word' id='word_1_676' title='bbox 2287 4777 2490 4833; x_wconf 79' lang='lat' dir='ltr'><strong>meritis</strong></span> <span class='ocrx_word' id='word_1_677' title='bbox 2513 4777 2776 4849; x_wconf 85' lang='lat' dir='ltr'><strong>addentur</strong></span> <span class='ocrx_word' id='word_1_678' title='bbox 2807 4776 3020 4846; x_wconf 69' lang='lat' dir='ltr'><strong>praemia</strong></span> <span class='ocrx_word' id='word_1_679' title='bbox 3040 4776 3196 4843; x_wconf 87' lang='lat' dir='ltr'><strong>justis</strong></span> 
     </span>
    </p>
   </div>
   <div class='ocr_carea' id='block_1_111' title="bbox 1945 4866 3159 4937">
    <p class='ocr_par' dir='ltr' id='par_1_111' title="bbox 1945 4866 3159 4937">
     <span class='ocr_line' id='line_1_111' title="bbox 1945 4866 3159 4937; baseline -0.007 -9"><span class='ocrx_word' id='word_1_680' title='bbox 1945 4873 2104 4937; x_wconf 81' lang='lat' dir='ltr'><strong>Dixit,</strong></span> <span class='ocrx_word' id='word_1_681' title='bbox 2135 4880 2189 4926; x_wconf 89' lang='lat' dir='ltr'><strong>et</strong></span> <span class='ocrx_word' id='word_1_682' title='bbox 2216 4872 2467 4925; x_wconf 85' lang='lat' dir='ltr'><strong>abscessu</strong></span> <span class='ocrx_word' id='word_1_683' title='bbox 2495 4871 2729 4924; x_wconf 86' lang='lat' dir='ltr'><strong>coelestia</strong></span> <span class='ocrx_word' id='word_1_684' title='bbox 2761 4883 2921 4937; x_wconf 89' lang='lat' dir='ltr'><strong>regna</strong></span> <span class='ocrx_word' id='word_1_685' title='bbox 2953 4866 3159 4937; x_wconf 81' lang='lat' dir='ltr'><strong>petivit.</strong></span> 
     </span>
    </p>
   </div>
   <div class='ocr_carea' id='block_1_112' title="bbox 1940 4960 3088 5018">
    <p class='ocr_par' dir='ltr' id='par_1_112' title="bbox 1940 4960 3088 5018">
     <span class='ocr_line' id='line_1_112' title="bbox 1940 4960 3088 5018; baseline -0.005 -1"><span class='ocrx_word' id='word_1_686' title='bbox 1940 4963 2231 5018; x_wconf 88' lang='lat' dir='ltr'><strong>Incubuere</strong></span> <span class='ocrx_word' id='word_1_687' title='bbox 2253 4962 2358 5015; x_wconf 91' lang='lat' dir='ltr'><strong>duo</strong></span> <span class='ocrx_word' id='word_1_688' title='bbox 2387 4961 2544 5016; x_wconf 91' lang='lat' dir='ltr'><strong>studii</strong></span> <span class='ocrx_word' id='word_1_689' title='bbox 2575 4960 2866 5016; x_wconf 88' lang='lat' dir='ltr'><strong>certamine</strong></span> <span class='ocrx_word' id='word_1_690' title='bbox 2891 4972 3088 5012; x_wconf 77' lang='lat' dir='ltr'><strong>verme.</strong></span> 
     </span>
    </p>
   </div>
   <div class='ocr_carea' id='block_1_113' title="bbox 1945 5046 3265 5118">
    <p class='ocr_par' dir='ltr' id='par_1_113' title="bbox 1945 5046 3265 5118">
     <span class='ocr_line' id='line_1_113' title="bbox 1945 5046 3265 5118; baseline -0.005 -12"><span class='ocrx_word' id='word_1_691' title='bbox 1945 5053 2173 5108; x_wconf 81' lang='lat' dir='ltr'><strong>Fenerat</strong></span> <span class='ocrx_word' id='word_1_692' title='bbox 2194 5053 2284 5106; x_wconf 90' lang='lat' dir='ltr'><strong>ille</strong></span> <span class='ocrx_word' id='word_1_693' title='bbox 2311 5050 2446 5105; x_wconf 90' lang='lat' dir='ltr'><strong>citus</strong></span> <span class='ocrx_word' id='word_1_694' title='bbox 2476 5060 2680 5118; x_wconf 88' lang='lat' dir='ltr'><strong>partem</strong></span> <span class='ocrx_word' id='word_1_695' title='bbox 2712 5048 3039 5118; x_wconf 88' lang='lat' dir='ltr'><strong>splendentis</strong></span> <span class='ocrx_word' id='word_1_696' title='bbox 3068 5046 3265 5111; x_wconf 83' lang='lat' dir='ltr'><strong>acervi,</strong></span> 
     </span>
    </p>
   </div>
   <div class='ocr_carea' id='block_1_114' title="bbox 1946 5138 3231 5213">
    <p class='ocr_par' dir='ltr' id='par_1_114' title="bbox 1946 5138 3231 5213">
     <span class='ocr_line' id='line_1_114' title="bbox 1946 5138 3231 5213; baseline -0.007 -14"><span class='ocrx_word' id='word_1_697' title='bbox 1946 5143 2275 5213; x_wconf 86' lang='lat' dir='ltr'><strong>Pauperibus</strong></span> <span class='ocrx_word' id='word_1_698' title='bbox 2302 5143 2448 5209; x_wconf 89' lang='lat' dir='ltr'><strong>largo</strong></span> <span class='ocrx_word' id='word_1_699' title='bbox 2470 5142 2787 5210; x_wconf 79' lang='lat' dir='ltr'><strong>dispensans</strong></span> <span class='ocrx_word' id='word_1_700' title='bbox 2814 5141 3039 5208; x_wconf 89' lang='lat' dir='ltr'><strong>plurima</strong></span> <span class='ocrx_word' id='word_1_701' title='bbox 3070 5138 3231 5201; x_wconf 89' lang='lat' dir='ltr'><strong>dono,</strong></span> 
     </span>
    </p>
   </div>
   <div class='ocr_carea' id='block_1_115' title="bbox 1945 5226 3374 5300">
    <p class='ocr_par' dir='ltr' id='par_1_115' title="bbox 1945 5226 3374 5300">
     <span class='ocr_line' id='line_1_115' title="bbox 1945 5226 3374 5300; baseline -0.009 -9"><span class='ocrx_word' id='word_1_702' title='bbox 1945 5233 2152 5291; x_wconf 89' lang='lat' dir='ltr'><strong>Crescit</strong></span> <span class='ocrx_word' id='word_1_703' title='bbox 2177 5242 2232 5289; x_wconf 88' lang='lat' dir='ltr'><strong>et</strong></span> <span class='ocrx_word' id='word_1_704' title='bbox 2259 5234 2310 5288; x_wconf 91' lang='lat' dir='ltr'><strong>in</strong></span> <span class='ocrx_word' id='word_1_705' title='bbox 2332 5232 2574 5287; x_wconf 90' lang='lat' dir='ltr'><strong>cumulos</strong></span> <span class='ocrx_word' id='word_1_706' title='bbox 2600 5230 2852 5300; x_wconf 90' lang='lat' dir='ltr'><strong>quidquid</strong></span> <span class='ocrx_word' id='word_1_707' title='bbox 2876 5227 3146 5283; x_wconf 86' lang='lat' dir='ltr'><strong>confertur</strong></span> <span class='ocrx_word' id='word_1_708' title='bbox 3171 5226 3374 5296; x_wconf 78' lang='lat' dir='ltr'><strong>egenis.</strong></span> 
     </span>
    </p>
   </div>
   <div class='ocr_carea' id='block_1_116' title="bbox 1947 5319 3023 5393">
    <p class='ocr_par' dir='ltr' id='par_1_116' title="bbox 1947 5319 3023 5393">
     <span class='ocr_line' id='line_1_116' title="bbox 1947 5319 3023 5393; baseline -0.008 -12"><span class='ocrx_word' id='word_1_709' title='bbox 1947 5325 2233 5393; x_wconf 88' lang='lat' dir='ltr'><strong>Exponens</strong></span> <span class='ocrx_word' id='word_1_710' title='bbox 2258 5324 2392 5377; x_wconf 88' lang='lat' dir='ltr'><strong>alter</strong></span> <span class='ocrx_word' id='word_1_711' title='bbox 2412 5322 2549 5377; x_wconf 89' lang='lat' dir='ltr'><strong>sacri</strong></span> <span class='ocrx_word' id='word_1_712' title='bbox 2573 5321 2824 5391; x_wconf 85' lang='lat' dir='ltr'><strong>mysteria</strong></span> <span class='ocrx_word' id='word_1_713' title='bbox 2854 5319 3023 5383; x_wconf 88' lang='lat' dir='ltr'><strong>verbi,</strong></span> 
     </span>
    </p>
   </div>
   <div class='ocr_carea' id='block_1_117' title="bbox 1948 5408 3147 5481">
    <p class='ocr_par' dir='ltr' id='par_1_117' title="bbox 1948 5408 3147 5481">
     <span class='ocr_line' id='line_1_117' title="bbox 1948 5408 3147 5481; baseline -0.011 -7"><span class='ocrx_word' id='word_1_714' title='bbox 1948 5417 2148 5473; x_wconf 86' lang='lat' dir='ltr'><strong>Usuras</strong></span> <span class='ocrx_word' id='word_1_715' title='bbox 2176 5424 2362 5468; x_wconf 84' lang='lat' dir='ltr'><strong>sancto</strong></span> <span class='ocrx_word' id='word_1_716' title='bbox 2388 5412 2580 5481; x_wconf 88' lang='lat' dir='ltr'><strong>gaudet</strong></span> <span class='ocrx_word' id='word_1_717' title='bbox 2605 5424 2952 5465; x_wconf 88' lang='lat' dir='ltr'><strong>concrescere</strong></span> <span class='ocrx_word' id='word_1_718' title='bbox 2978 5408 3147 5471; x_wconf 88' lang='lat' dir='ltr'><strong>lucro,</strong></span> 
     </span>
    </p>
   </div>
   <div class='ocr_carea' id='block_1_118' title="bbox 1948 5499 3229 5573">
    <p class='ocr_par' dir='ltr' id='par_1_118' title="bbox 1948 5499 3229 5573">
     <span class='ocr_line' id='line_1_118' title="bbox 1948 5499 3229 5573; baseline -0.009 -9"><span class='ocrx_word' id='word_1_719' title='bbox 1948 5508 2016 5563; x_wconf 90' lang='lat' dir='ltr'><strong>Et</strong></span> <span class='ocrx_word' id='word_1_720' title='bbox 2038 5506 2259 5573; x_wconf 90' lang='lat' dir='ltr'><strong>cupidus</strong></span> <span class='ocrx_word' id='word_1_721' title='bbox 2289 5503 2418 5556; x_wconf 90' lang='lat' dir='ltr'><strong>recti</strong></span> <span class='ocrx_word' id='word_1_722' title='bbox 2446 5504 2607 5555; x_wconf 91' lang='lat' dir='ltr'><strong>vitam</strong></span> <span class='ocrx_word' id='word_1_723' title='bbox 2636 5499 2760 5553; x_wconf 92' lang='lat' dir='ltr'><strong>dum</strong></span> <span class='ocrx_word' id='word_1_724' title='bbox 2784 5499 3039 5569; x_wconf 74' lang='lat' dir='ltr'><strong>przedicat</strong></span> <span class='ocrx_word' id='word_1_725' title='bbox 3063 5499 3229 5553; x_wconf 89' lang='lat' dir='ltr'><strong>addit.</strong></span> 
     </span>
    </p>
   </div>
   <div class='ocr_carea' id='block_1_119' title="bbox 1952 5587 3290 5658">
    <p class='ocr_par' dir='ltr' id='par_1_119' title="bbox 1952 5587 3290 5658">
     <span class='ocr_line' id='line_1_119' title="bbox 1952 5587 3290 5658; baseline -0.012 -6"><span class='ocrx_word' id='word_1_726' title='bbox 1952 5604 2016 5651; x_wconf 81' lang='lat' dir='ltr'><strong>At</strong></span> <span class='ocrx_word' id='word_1_727' title='bbox 2039 5596 2184 5650; x_wconf 89' lang='lat' dir='ltr'><strong>solus</strong></span> <span class='ocrx_word' id='word_1_728' title='bbox 2213 5591 2433 5645; x_wconf 87' lang='lat' dir='ltr'><strong>minimo</strong></span> <span class='ocrx_word' id='word_1_729' title='bbox 2456 5590 2681 5658; x_wconf 89' lang='lat' dir='ltr'><strong>sumpsit</strong></span> <span class='ocrx_word' id='word_1_730' title='bbox 2706 5590 2794 5658; x_wconf 91' lang='lat' dir='ltr'><strong>qui</strong></span> <span class='ocrx_word' id='word_1_731' title='bbox 2819 5589 3055 5658; x_wconf 88' lang='lat' dir='ltr'><strong>pondere</strong></span> <span class='ocrx_word' id='word_1_732' title='bbox 3084 5587 3290 5647; x_wconf 81' lang='lat' dir='ltr'><strong>libram,</strong></span> 
     </span>
    </p>
   </div>
   <div class='ocr_carea' id='block_1_120' title="bbox 1954 5675 3243 5753">
    <p class='ocr_par' dir='ltr' id='par_1_120' title="bbox 1954 5675 3243 5753">
     <span class='ocr_line' id='line_1_120' title="bbox 1954 5675 3243 5753; baseline -0.011 -12"><span class='ocrx_word' id='word_1_733' title='bbox 1954 5682 2187 5741; x_wconf 81' lang='lat' dir='ltr'><strong>Defossis</strong></span> <span class='ocrx_word' id='word_1_734' title='bbox 2215 5682 2493 5737; x_wconf 72' lang='lat' dir='ltr'><strong>tcrobbus</strong></span> <span class='ocrx_word' id='word_1_735' title='bbox 2532 5684 2798 5753; x_wconf 82' lang='lat' dir='ltr'><strong>marsupia</strong></span> <span class='ocrx_word' id='word_1_736' title='bbox 2825 5694 2997 5737; x_wconf 79' lang='lat' dir='ltr'><strong>mersa</strong></span> <span class='ocrx_word' id='word_1_737' title='bbox 3028 5675 3243 5747; x_wconf 74' lang='lat' dir='ltr'><strong>locavit,</strong></span> 
     </span>
    </p>
   </div>
  </div>
