4024 6176
519 272 625 327 5'75
1786 272 1842 327 S.
1888 272 2069 328 AVITI
2118 274 2512 335 VIENNENSIS
3647 284 3741 340 376

522 384 886 454 Degenerique
914 384 1083 439 ﬂuens
1110 384 1266 453 elegit
1296 385 1473 439 vivere
1502 385 1649 438 luxu.

523 476 629 529 Sed
654 476 821 544 judex
857 476 1067 531 tandem
1097 476 1243 529 ﬁnito
1274 485 1513 546 tempore
1543 478 1727 531 mundi

524 563 859 635 Regreditur,
892 565 1147 634 cujusque
1172 579 1375 620 moram
1399 567 1734 635 despexerat,
1769 583 1961 623 excors

524 656 828 712 Contemnit
856 672 1041 711 servus
1066 656 1325 717 reditum;
1355 666 1479 713 tunc
1508 660 1754 714 omnibus
1783 660 1872 714 ille

527 751 595 805 Ut
619 752 845 828 doceant
871 752 1076 805 ratione
1100 751 1271 820 jubet,
1302 766 1458 821 quem
1485 763 1722 821 tempore
1754 762 1905 807 tanto

528 844 769 898 Poscenti
801 842 1026 898 reddant
1051 854 1269 911 Operata
1302 846 1508 913 negot’a
1541 844 1789 898 fructum.

525 940 818 1002 Argentum
847 932 1040 1003 gemini
1066 934 1330 1002 geminata
1356 934 1494 987 mole
1522 934 1746 987 ministri

526 1025 806 1089 Promunt,
834 1032 890 1080 et
914 1025 1035 1079 laeto
1065 1025 1306 1079 referunt
1333 1026 1654 1082 commercia
1686 1026 1858 1079 vultu.

526 1115 740 1170 Tertius
766 1116 854 1170 ille
881 1116 1030 1185 piger
1054 1115 1364 1170 drachmam
1396 1118 1586 1171 tellure
1616 1118 1867 1172 latentem

526 1208 752 1274 Promit,
784 1223 903 1276 quae
925 1208 1093 1276 juncti
1126 1209 1349 1262 sorbens
1378 1209 1623 1277 contagia
1650 1209 1789 1264 omni

526 1300 828 1356 Perdiderit
855 1301 1100 1369 proprios
1132 1302 1337 1355 incluso
1360 1300 1559 1355 lumine
1591 1301 1787 1355 vultus.

528 1392 680 1446 Illum
714 1392 935 1446 terribili
964 1392 1211 1445 dominus
1234 1401 1358 1447 tunc
1385 1392 1624 1461 increpat
1660 1409 1789 1448 ore:

528 1482 769 1537 Tantane
798 1491 851 1536 te
874 1483 1041 1537 nostri
1072 1493 1291 1539 tenuere
1315 1484 1509 1539 oblivia
1531 1500 1771 1555 segnem,

529 1573 697 1629 Serve
724 1573 893 1643 piger,
927 1573 1234 1643 reditusque
1257 1574 1360 1629 mei
1390 1575 1469 1630 sic
1497 1590 1621 1630 cura
1650 1575 1880 1644 refugit?

529 1665 847 1735 Argentum,
878 1664 1040 1719 nitida
1070 1665 1210 1735 quod
1239 1681 1429 1735 purum
1461 1666 1577 1722 luce
1607 1667 1796 1732 tulisti,

2138 392 2178 449 Α
2211 388 2557 459 Describens,
2590 391 2784 445 mentis
2812 391 2985 445 varias
3013 406 3134 444 cum
3159 408 3383 460 corpore
3412 410 3615 463 pugnas

2209 484 2459 539 Prudenti
2488 486 2756 553 quondam
2780 485 2976 540 cecinit
3010 486 3330 539 Prudentius
3354 504 3470 541 ore.

2206 578 2443 647 Namque
2472 578 2541 631 ibi
2566 579 2839 641 bellatrix,
2865 587 2918 631 et
2946 580 3101 646 p'eno
3132 580 3322 631 rolmre
3352 582 3455 647 poll
3495 598 3555 635 ns

2209 670 2494 738 Virginitas
2524 681 2727 723 armata
2758 672 2929 735 venit;
2964 687 3120 739 quam
3157 672 3293 723 fmla
3322 673 3487 726 libido

2207 761 2442 828 Appetit,
2478 770 2529 813 et
2555 776 2710 815 casso
2744 770 2898 815 vocat
2928 761 2979 815 in
3011 764 3299 816 certamina
3342 765 3483 817 nisu.

2206 851 2293 903 Sic
2322 850 2653 905 bellatricem
2680 861 2731 906 te
2761 854 2957 907 sentiat
2983 856 3203 906 a‘mulns
3227 856 3434 924 anguis,

2207 942 2445 1011 Cumque
2473 943 2735 998 lacessita:
2757 944 3051 998 concedent
3079 947 3259 1014 prrelia
3292 948 3542 1014 palmam,

2209 1030 2351 1085 Lteta
2384 1032 2521 1085 feras
2546 1047 2812 1086 summum
2840 1034 3044 1088 calcato
3073 1049 3135 1089 ex
3173 1037 3325 1090 hoste
3350 1045 3627 1103 tropaeum.

2280 1119 2412 1173 Nam
2442 1121 2692 1190 quidquid
2724 1136 2891 1176 sacra:
2912 1122 3090 1176 divina
3124 1125 3392 1178 volumina
3421 1126 3553 1195 legis

2212 1209 2435 1279 Eloquio
2465 1226 2727 1280 sensuque
2752 1212 2963 1275 (locant,
2998 1212 3137 1281 quod
3165 1214 3415 1282 praedicat
3442 1216 3557 1284 ipse

2209 1302 2473 1371 Antiquos
2504 1303 2683 1357 mundi
2708 1305 2971 1368 replicans
2995 1306 3213 1359 exordia
3243 1315 3413 1371 vates,

2210 1390 2333 1447 Sive
2360 1393 2448 1447 ille
2488 1392 2737 1447 historias
2777 1403 2946 1456 texat,
2978 1411 3071 1448 seu
3097 1396 3233 1451 forte
3265 1396 3483 1464 ﬁguras,

2212 1485 2360 1551 Quod
2385 1483 2593 1539 diversa
2623 1494 2765 1539 retro
2796 1486 3083 1540 multorum
3117 1495 3356 1554 tempora
3390 1500 3578 1555 regum

2217 1576 2341 1629 Post
2370 1575 2511 1629 Ruth
2541 1575 2793 1631 succiduo
2824 1588 3101 1643 gesserunt
3129 1578 3320 1631 ordine
3352 1592 3599 1647 magnum
3628 1618 3640 1629 .

2218 1664 2311 1720 Vel
2340 1680 2475 1735 quos
2506 1673 2625 1734 post
2652 1666 2938 1735 reprobum
2986 1667 3235 1722 Davidica
3268 1682 3429 1738 regna
3462 1668 3679 1723 Saulem

529 1755 616 1811 En
640 1758 833 1811 tetrum
860 1771 1211 1827 pressumque
1236 1756 1425 1814 refers.
1450 1757 1583 1814 Nam
1605 1759 1814 1827 cognita
1840 1755 2105 1828 quondam
2137 1741 2186 1799 Β
2214 1756 2317 1810 Ter
2345 1756 2719 1826 quinquageno
2748 1758 3080 1825 scripserunt
3119 1759 3356 1811 carmine
3385 1758 3643 1826 psalmos.

529 1845 773 1913 Delituit,
806 1861 905 1901 nec
935 1847 1284 1915 reSpondens,
1303 1859 1360 1903 ut
1386 1863 1529 1919 saepe
1548 1850 1773 1912 solebat,

492 2010 503 2023 ⁸
530 1936 725 1993 Forma
754 1939 903 2003 mihi,
934 1940 1215 2010 vultusque
1238 1943 1341 1996 mei
1370 1958 1474 1996 non
1508 1953 1658 2011 paret
1684 1943 1857 2012 imago

533 2029 815 2098 Assignata
839 2030 960 2094 tibi;
996 2030 1089 2084 sed
1116 2032 1159 2085 si
1188 2030 1452 2087 ferrentur
1477 2034 1543 2087 ad
1576 2048 1722 2098 usus,

530 2122 833 2193 Altarisque
861 2124 963 2179 mei
996 2124 1294 2195 tetigissent
1318 2126 1518 2181 credita
1541 2141 1799 2194 mensam,

532 2214 814 2272 Cresceret
836 2217 1121 2289 inscriptus
1147 2228 1333 2275 nostro
1359 2222 1424 2274 de
1448 2221 1675 2276 nomine,
1699 2236 1967 2276 nummus.

533 2308 688 2364 Nunc
718 2311 876 2380 igitur
904 2311 1085 2367 famuli
1126 2329 1219 2367 vos
1244 2322 1411 2367 t0tum
1444 2314 1578 2368 ferte
1608 2314 1813 2379 ﬁdeles,

532 2397 712 2454 Addat
739 2409 799 2455 ut
826 2400 1046 2456 utilibus
1072 2416 1191 2457 sors
1218 2403 1422 2470 ultima,
1456 2404 1605 2458 tollat
1634 2404 1813 2458 inerti.

534 2490 815 2557 Improbus
842 2492 893 2544 in
926 2492 1106 2559 paucis
1128 2493 1213 2547 hic
1237 2494 1430 2563 dignus
1455 2509 1561 2548 non
1584 2495 1686 2549 erit
1707 2495 1825 2549 ullis
1849 2512 1863 2549 :

536 2579 774 2650 Quisque
797 2583 1125 2637 voluntatem
1157 2598 1384 2639 noscens
1405 2587 1701 2640 contemnit
1725 2586 1967 2652 herilem,

535 2670 769 2726 Caeditur
805 2671 890 2727 hic
920 2672 1121 2738 multis,
1154 2676 1335 2741 paucis
1361 2675 1447 2743 qui
1482 2677 1689 2730 nescius
1718 2685 1881 2743 errat,

539 2762 682 2833 Ergo
702 2778 821 2834 age,
853 2765 1138 2820 succinctis
1167 2764 1233 2819 ad
1263 2764 1415 2821 fortia
1444 2767 1624 2835 praelia
1658 2767 1851 2823 lumbis

536 2855 758 2911 Armata
786 2870 905 2911 cum
933 2866 1113 2912 mente
1137 2857 1281 2921 veni,
1314 2870 1414 2912 nec
1442 2857 1637 2913 femina
1669 2858 1865 2912 bellum

537 2947 823 3005 Formides
842 2949 984 3019 quod
1012 2964 1161 3005 mens
1192 2950 1395 3020 peragit
1419 2967 1433 3003 :
1464 2965 1586 3005 nam
1612 2951 1781 3020 gloria
1805 2952 2006 3008 dudum

538 3038 711 3096 Sexus
733 3039 832 3095 ista
858 3042 931 3095 tui
956 3052 1078 3096 nota
1109 3050 1191 3096 est
1220 3042 1315 3097 tibi
1341 3056 1484 3111 smpe
1511 3042 1757 3111 legendo.

536 3128 649 3186 Nec
671 3130 882 3185 dubiam
918 3140 967 3187 te
994 3145 1151 3187 nosse
1180 3146 1325 3198 reor,
1356 3147 1476 3186 cum
1507 3132 1713 3188 Debora
1739 3133 2005 3202 quondam

538 3224 771 3280 Duceret
800 3224 1086 3281 instructas
1109 3234 1225 3294 post
1258 3225 1413 3280 fortia
1436 3225 1656 3281 classica
1687 3234 1908 3294 turmas,

537 3316 605 3370 Et
627 3316 820 3371 mulier
841 3324 1052 3386 sumpto
1080 3316 1408 3385 praecederet
1427 3316 1634 3386 agmina
1662 3318 1836 3387 signo,

538 3404 788 3461 Mirantes
818 3406 1023 3460 hortata
1050 3407 1212 3470 viros,
1241 3420 1377 3475 quos
1404 3406 1515 3473 ipsa
1545 3406 1762 3471 ducatu,

540 3495 801 3564 Exemplo
828 3496 1094 3564 verboque
1123 3510 1345 3550 monens
1372 3497 1617 3550 accendit
1635 3496 1687 3549 in
1716 3497 1945 3551 boatem.

542 3587 651 3642 Sed
681 3595 961 3655 postquam
987 3586 1188 3641 ducens
1218 3586 1465 3656 princeps
1493 3587 1730 3640 animosa
1769 3595 2009 3641 catervas

542 3676 757 3748 Impulit
782 3676 1081 3731 accendens
1107 3686 1345 3745 vegetata
1375 3677 1647 3733 furoribus
1667 3692 1837 3743 arma,

542 3770 843 3825 Barbariem
871 3770 1115 3825 cecidere
1141 3785 1360 3836 manus;
1390 3769 1694 3824 dissolvitur
1713 3770 1890 3826 omnis

540 3866 764 3921 llostilis
792 3865 977 3930 virtus,
1009 3875 1063 3921 et
1082 3881 1183 3936 qua
1212 3880 1272 3921 se
1300 3865 1496 3921 femina
1528 3875 1809 3930 monstrat,

544 3958 792 4013 Palantes
823 3956 951 4011 dant
974 3966 1118 4027 terga
1145 3956 1265 4024 viri,
1291 3957 1655 4026 latebramque
1683 3966 1923 4026 petentes

543 4050 601 4105 Si
629 4050 828 4115 vivant,
861 4048 1055 4103 vicisse
1081 4057 1285 4118 putant.
1309 4048 1461 4103 Tunc
1490 4048 1754 4103 maximus
1782 4050 1914 4116 ipse,

544 4143 735 4198 Forma
767 4143 1043 4212 gigantzeae
1064 4142 1240 4209 junxit
1268 4156 1423 4208 quem
1451 4155 1677 4211 corpore
1700 4141 1877 4203 molis,

545 4235 970 4302 lmmensamque
999 4234 1186 4287 levans
1208 4232 1458 4300 produxit
1481 4232 1692 4287 verticis
1715 4246 1913 4296 arcem,

545 4323 656 4380 Rex
685 4325 857 4380 Sisara
889 4324 1084 4393 fugam,
1114 4324 1338 4378 telorum
1371 4324 1511 4379 fasce
1532 4322 1730 4392 reiecto

545 4416 887 4471 Incomitatns
910 4417 1037 4485 agit,
1071 4424 1313 4471 metuens
1338 4417 1563 4471 sublime
1594 4416 1763 4471 notari

546 4507 773 4578 Corpus,
805 4515 859 4563 et
885 4507 1095 4562 excelsa
1128 4507 1399 4575 fugitivum
1420 4507 1657 4574 prodere
1686 4520 1876 4561 massa.

547 4595 654 4652 Sed
687 4604 966 4666 postquam
992 4595 1209 4650 latuisse
1236 4606 1445 4663 putans,
1474 4606 1720 4665 tectoque
1749 4605 2011 4665 receptus,

548 4686 720 4741 Mollia
752 4688 1011 4755 perpetuo
1034 4685 1236 4739 dimisit
1262 4687 1459 4740 lumina
1483 4700 1694 4751 somno,

547 4775 703 4831 Hunc
726 4776 886 4830 etiam
914 4776 1103 4829 sternit
1132 4772 1342 4839 mulier,
1374 4784 1621 4845 terraque
1641 4776 1840 4844 jacenti

550 4867 768 4923 Malleus
794 4866 957 4922 inﬁxo
987 4868 1267 4922 transfodit
1297 4877 1533 4935 tempora
1563 4867 1735 4921 clavo.

548 4960 833 5016 Femineas
854 4958 931 5013 sic
958 4957 1047 5011 ille
1072 4957 1167 5011 fuit
1190 4972 1283 5026 per
1304 4967 1491 5014 cuncta
1519 4957 1836 5026 triumphus.

549 5054 619 5107 At
649 5060 728 5116 tu,
759 5049 909 5120 virgo
940 5049 1053 5113 Dei,
1087 5050 1285 5102 sanctis
1313 5062 1471 5117 quam
1497 5049 1735 5103 moribus
1756 5058 1949 5103 ornant

555 5146 688 5200 llinc
709 5144 897 5216 pudor,
922 5144 1046 5199 inde
1072 5144 1222 5209 ﬁdes,
1254 5143 1478 5199 internis
1506 5142 1696 5198 fortior
1726 5143 1890 5197 armis

552 5239 695 5294 Bella
724 5240 886 5307 geris,
912 5238 1069 5308 justis
1089 5252 1263 5292 saevus
1284 5251 1402 5306 qua:
1423 5246 1722 5291 commovet
1754 5236 1923 5291 hostis

551 5331 687 5400 Spes
716 5331 806 5385 tibi
836 5330 937 5385 ﬁda
970 5332 1103 5386 foret
1128 5328 1255 5384 felix
1277 5328 1330 5384 in
1356 5330 1553 5383 vertice
1581 5329 1768 5393 cassis,

552 5421 835 5475 Contineat
866 5420 1075 5475 lumbus
1101 5421 1317 5489 pretiosi
1350 5434 1483 5474 zona
1514 5418 1755 5488 pudoris,

554 5516 782 5570 Iustitia;
808 5513 971 5567 lorica
1002 5522 1119 5567 tuos
1147 5513 1477 5582 constringat
1502 5510 1750 5575 amictus,

554 5605 660 5662 Pro
689 5605 864 5675 gladio
892 5604 1112 5659 verbum
1135 5617 1348 5671 semper
1372 5610 1581 5656 tueatur
1609 5610 1847 5655 acutum.

557 5695 665 5752 llas
694 5699 901 5753 virtutis
928 5712 1077 5767 opes,
1112 5696 1227 5751 lucc
1251 5696 1328 5750 sic
1357 5695 1544 5750 solatia
1576 5694 1703 5749 belli

2214 1846 2473 1901 Paciﬁcas
2504 1846 2759 1916 quidquid
2792 1847 2891 1901 lati
2926 1849 3064 1903 inter
3089 1858 3297 1915 sceptra
3328 1849 3586 1905 Salomon

2215 1937 2510 1991 Obscurum
2535 1952 2696 1991 sensu
2726 1953 2820 2006 per
2848 1939 2991 1993 clara
3030 1938 3307 2007 proverbia
3337 1938 3509 1991 dixit:

2213 2028 2472 2096 Quodque
2494 2029 2574 2083 bis
2594 2029 2772 2083 octoni
2808 2039 2927 2098 post
2953 2045 3010 2085 se
3031 2029 3209 2085 videre
3241 2030 3534 2098 prOpbette,

2216 2122 2368 2189 Quod
2395 2122 2633 2175 clausum
2665 2122 2767 2176 Job
2794 2122 2936 2176 mitis
2958 2122 3032 2175 ait
3061 2137 3183 2177 cum
3215 2122 3435 2177 vulnere
3455 2130 3660 2190 aperto.

2221 2214 2414 2270 Esther
2444 2215 2568 2284 qu'Id
2596 2228 2913 2282 memorem,
2947 2224 3000 2269 et
3030 2223 3190 2270 casta?
3213 2213 3486 2269 mendacia
3516 2212 3717 2280 Judith,

2216 2307 2400 2359 Ornati
2426 2322 2544 2358 cum
2585 2303 2771 2360 fraude
2798 2314 3005 2373 satraps
3034 2306 3346 2361 accenditur
3370 2309 3499 2369 oris,

2215 2397 2348 2451 Cum
2380 2405 2521 2449 meat
2551 2395 2780 2450 illudens
2808 2398 3095 2451 obscenum
3130 2396 3321 2452 femina
3345 2398 3543 2451 lectum
3562 2436 3580 2460 ,

2218 2487 2551 2557 Deseetoque
2580 2484 2721 2541 feros
2738 2488 3031 2555 compescit
3054 2487 3253 2541 vertice
3273 2486 3457 2539 visus?

2216 2581 2368 2648 Quod
2396 2583 2587 2636 melius
2609 2595 2836 2637 cernens
2864 2590 3067 2636 caecato
3094 2581 3144 2635 in
3171 2596 3397 2651 corpore
3423 2580 3583 2647 Tobi,

2216 2674 2345 2742 Quae
2384 2686 2586 2732 secreta
2611 2675 2797 2731 videns
2824 2676 3136 2745 perscripsit
3164 2677 3410 2729 conditor
3435 2676 3650 2730 Esdras.

2217 2767 2481 2836 Quidquid
2507 2777 2629 2838 post
2657 2770 2887 2838 priscam
2920 2768 3215 2823 succedens
3242 2768 3409 2837 gratia
3444 2768 3614 2838 legem

2219 2856 2448 2925 Intonat,
2473 2869 2634 2928 atque
2655 2859 2787 2913 Novi
2811 2858 3065 2913 miracula
3089 2859 3418 2914 Testamenti

2219 2950 2352 3004 Hinc
2384 2950 2616 3005 hominis
2641 2952 2835 3005 clamat
2863 2951 3046 3017 facies,
3077 2967 3172 3005 vos
3193 2951 3316 3005 inde
3348 2952 3551 3017 leonis,

2220 3040 2289 3096 Et
2315 3042 2504 3111 pernix
2529 3042 2726 3111 aquila,
2748 3050 2805 3096 et
2831 3040 2985 3095 fortis
3012 3042 3312 3096 certamine
3345 3051 3549 3094 taurus.

2141 3104 2188 3167 Ο
2222 3104 2348 3187 Inde
2371 3143 2557 3203 quater
2580 3104 2721 3187 terni
2758 3134 2905 3203 puris
2934 3132 3074 3201 quod
3108 3132 3375 3187 mentibus
3400 3132 3520 3200 agni

2220 3226 2451 3295 Egerunt
2479 3234 2589 3279 toto
2612 3234 2929 3295 spargentes
2960 3226 3163 3279 semina
3190 3224 3410 3279 mundo.

2218 3316 2308 3371 Bis
2332 3329 2552 3385 septena
2581 3316 2651 3387 pii
2680 3316 2821 3385 quod
2857 3316 3057 3384 spargit
3079 3316 3304 3383 epistola
3339 3314 3507 3376 Pauli,

2218 3408 2377 3476 Quod
2412 3408 2602 3464 Petrus
2624 3408 2961 3476 Jacobusque
2990 3407 3207 3471 docent,
3229 3407 3370 3476 quod
3397 3406 3580 3472 Judas,
3612 3417 3657 3461 et
3682 3407 3782 3474 ipse

2218 3500 2319 3568 Qui
2340 3509 2623 3567 conspecta
2655 3499 2819 3553 refert
2847 3499 2965 3553 (ναςιί
2989 3510 3193 3553 secreta
3224 3498 3478 3553 Joannes.

2218 3591 2357 3659 Quin
2386 3600 2440 3645 et
2466 3591 2688 3645 veridici
2718 3605 2833 3659 qua:
2864 3590 3094 3657 plurima
3120 3598 3437 3643 tractatores

2219 3682 2529 3750 Exposuere
2556 3680 2667 3734 suis
2693 3682 2947 3750 mysteria
2971 3680 3128 3749 digna
3158 3680 3354 3734 libellis
3375 3722 3387 3740 .

2220 3771 2348 3826 Haec
2377 3780 2430 3826 tu
2461 3780 2651 3826 cuncta
2684 3781 2870 3826 tenens
2892 3771 3072 3824 animo
3102 3770 3322 3825 sitien‘e
3347 3768 3547 3823 bibisti.

2220 3861 2328 3917 Nec
2356 3862 2400 3917 si
2430 3862 2553 3932 quid
2582 3876 2790 3915 sacrum
2821 3863 2987 3916 nostri
3015 3862 3261 3914 cecinere
3293 3870 3466 3928 poeta:

2220 3954 2297 4010 Te
2326 3955 2475 4021 latet,
2506 3955 2819 4024 agnostique
2847 3954 3052 4023 legens,
3086 3961 3139 4006 et
3170 3951 3383 4006 condita
3416 3966 3620 4016 servas,

2220 4047 2393 4117 Atque
2419 4047 2591 4101 aliena
2621 4056 2710 4101 tuo
2736 4045 3081 4101 commendas
3099 4043 3334 4097 carmina
3360 4052 3543 4106 cantu,

2221 4140 2357 4208 Quid
2390 4147 2559 4193 totum
2591 4136 2885 4206 replicem?
2907 4135 2986 4190 Tn
3014 4135 3260 4189 sensibus
3287 4144 3437 4188 utere
3466 4130 3661 4191 doctis.

2223 4235 2290 4289 Et
2309 4248 2425 4303 qua:
2448 4241 2572 4287 nota
2600 4231 2717 4297 tibi,
2746 4229 2825 4283 vel
2847 4244 2967 4298 quas
2997 4241 3250 4299 percursa
3283 4225 3508 4294 legendo
3526 4264 3541 4288 ,

2222 4328 2303 4383 Ad
2326 4326 2539 4382 virtutis
2556 4339 2691 4395 opus
2719 4321 2899 4378 studio
2916 4328 3170 4376 converte
3202 4318 3362 4371 virili.

2223 4421 2355 4476 Nam
2384 4420 2482 4475 nisi
2512 4417 2769 4473 doctrinas
2796 4414 3053 4485 jungatur
3084 4412 3189 4465 vita
3226 4409 3397 4463 ﬁdelis
3424 4448 3443 4475 ,

2224 4513 2452 4584 Agnosci
2482 4510 2696 4581 gravius
2721 4523 2825 4562 non
2858 4504 3196 4561 observanda
3229 4500 3463 4554 nocebit.

2296 4606 2499 4662 Esuriit
2525 4613 2807 4675 postquam
2834 4599 3116 4660 Dominus,
3152 4610 3273 4651 cum
3296 4594 3434 4648 forte
3462 4591 3617 4646 vianti

2224 4698 2565 4767 Conspicitur
2590 4694 2779 4750 diffusa
2827 4693 2929 4748 levi
2966 4690 3192 4743 ﬁculnea
3223 4686 3445 4748 fronde,

2224 4792 2333 4846 Nec
2358 4791 2467 4859 jam
2498 4798 2764 4843 maturum
2801 4783 3051 4854 prmdicta
3082 4795 3151 4834 ex
3182 4779 3372 4832 arbore
3395 4776 3617 4829 fructum

2225 4884 2458 4950 Carpere
2488 4890 2696 4948 tempus
2717 4888 2854 4942 erat,
2884 4891 3041 4946 quam
3075 4888 3194 4927 mox
3228 4880 3286 4927 ut
3311 4867 3549 4939 repperit
3569 4866 3650 4920 ille

2230 4973 2469 5028 lndutam
2496 4980 2698 5025 tantum
2727 4968 2887 5033 foliis,
2919 4967 3011 5022 sed
3040 4966 3277 5033 germine
3308 4962 3523 5022 nudam,

2232 5064 2458 5119 Prorsus
2487 5062 2643 5115 inane
2665 5062 2842 5114 virens
2870 5067 3090 5113 ornatus
3120 5055 3319 5110 inutilis
3343 5054 3556 5115 horret;

2231 5153 2535 5209 Percutitur
2565 5151 2739 5206 subito
2767 5150 2918 5204 radix
2943 5148 3118 5202 afﬁata
3140 5146 3345 5210 calore,

2233 5245 2388 5300 Aruit
2408 5252 2463 5299 et
2489 5242 2662 5311 posito
2690 5254 2959 5295 ramorum
2991 5240 3225 5307 tegmine
3251 5245 3491 5291 truncus.

2235 5335 2550 5390 Instruimur
2574 5332 2666 5386 tali
2692 5333 2864 5402 legem
2892 5343 3217 5399 cognoscere
3242 5328 3418 5395 signo,

2234 5425 2311 5480 Ne
2335 5424 2532 5479 Christi
2561 5424 2777 5492 famulo,
2806 5422 2922 5476 solo
2949 5434 3195 5475 sermone
3227 5417 3446 5479 fatenti,

2236 5515 2458 5569 Nomine
2482 5515 2729 5569 confesso
2759 5513 2943 5566 vivens
2971 5510 3208 5580 Operatio
3226 5509 3384 5563 desit.

2237 5605 2367 5659 Nam
2396 5605 2438 5657 si
2469 5602 2818 5658 Christicolas
2845 5608 3055 5657 nosmet
3075 5609 3395 5668 sanctosque
3414 5605 3685 5667 putamus.

2240 5698 2505 5764 Aggravat
2533 5696 2633 5751 hoc
2658 5696 2843 5762 etiam,
2876 5695 2930 5749 ni
2961 5693 3163 5749 dictum
3191 5692 3325 5747 facta
3357 5696 3653 5759 sequantur.
