4024 6176
275 288 337 345 77
1487 275 1753 331 ΡΟΕΜΑΤ

1926 274 2098 331 .lBER
2139 276 2226 331 Vl.

1844 388 1893 446 Α
1924 392 2257 465 Vena'esque
2280 412 2465 452 manus
2490 414 2505 461 ;
2527 400 2619 452 sed
2649 400 2771 453 dum
2795 400 3086 455 disceditur
3102 440 3119 468 ,
3142 417 3269 457 ecce

241 407 326 461 Sic
347 415 399 458 et
422 400 699 470 virginitas
720 411 874 451 sacro
900 395 1090 449 devota
1124 392 1346 461 pudori,

242 497 437 564 lndiget
458 490 724 559 adiunctis
745 486 1064 549 virtutibus;
1096 492 1149 538 et
1170 483 1267 535 nisi
1298 490 1530 535 mentem

240 590 488 643 Iunctum
516 594 738 637 servans
761 589 906 632 casto
936 592 1053 631 cum
1077 588 1305 643 corpore
1326 574 1534 641 jungat,

241 674 551 735 Succumbit
576 674 746 736 vitiis;
780 684 878 725 nec
902 679 1099 723 castam
1123 666 1305 720 dicere
1327 678 1542 717 carnem

236 771 358 823 .lnre
391 773 597 836 potest,
625 766 835 817 animus
863 775 1019 830 quam
1050 759 1125 813 sic
1153 755 1449 824 corrumpit
1471 754 1699 807 adulter.

238 863 335 923 lra,
373 859 539 921 furor,
574 871 793 917 n‘toeror,
822 853 977 914 livor,
1002 848 1289 911 discordia,
1316 847 1495 909 luxus,

238 950 435 1018 Lingua
464 947 683 1016 duplex,
713 944 994 997 constricta
1026 954 1235 999 manus,
1270 938 1439 989 laxata
1469 936 1734 1002 voluptas,

232 1046 563 1101 Maachantur
591 1057 711 1097 cum
741 1041 900 1095 corde
937 1038 1187 1099 hominis,
1215 1047 1322 1089 tum
1346 1035 1554 1089 semine
1583 1035 1771 1088 mortis

230 1136 391 1191 Fetus
422 1134 611 1188 mortis
638 1134 804 1187 alunt.
850 1132 925 1184 En
954 1145 1060 1198 quo
1092 1128 1396 1198 perducitur
1425 1126 1624 1192 omnis,

227 1228 455 1283 Nomine
477 1227 722 1294 virgineo
751 1238 869 1292 quae
892 1238 949 1276 se
974 1221 1099 1275 dum
1122 1220 1348 1289 iactitat,
1382 1218 1523 1271 intus

226 1318 550 1375 Criminibus
567 1315 838 1386 gravidam
860 1314 1027 1366 nescit
1051 1321 1355 1380 turgescere
1380 1316 1635 1361 mentem.

229 1412 366 1466 Ecce
398 1411 493 1464 tibi
524 1424 555 1463 e
584 1407 766 1460 multis
797 1421 978 1469 unum,
1012 1419 1118 1473 quo
1145 1412 1336 1456 cmtera
1363 1414 1583 1465 noscas,

225 1502 562 1571 Exemplum.
587 1498 843 1552 Dominus
874 1495 1080 1565 plebem
1110 1508 1229 1547 cum
1258 1493 1395 1547 forte
1416 1490 1633 1545 doceret

225 1595 474 1665 Pervigili
506 1608 631 1648 cura
666 1606 973 1660 supremum
999 1602 1221 1642 noscere
1251 1596 1480 1655 tempus,

224 1687 551 1755 Exspectare
581 1684 722 1737 diem
760 1696 864 1751 quo
893 1680 1049 1747 iudex
1077 1679 1318 1732 imminet
1339 1675 1480 1739 orbi,

224 1777 529 1847 Virginibus
551 1784 738 1827 sancto
762 1774 998 1839 signatos
1028 1769 1318 1824 chrismate
1339 1767 1566 1832 confert,

222 1871 437 1938 Hasque
462 1869 650 1923 decem
686 1866 843 1920 nobis
871 1862 1174 1918 documenti
1205 1862 1255 1915 in
1287 1862 1487 1914 vertice
1515 1866 1801 1925 monstrat,

220 1964 456 2032 Quarum
476 1964 710 2032 quinque
733 1969 910 2013 tamen
938 1957 1197 2025 sapientia
1225 1954 1375 2009 dives
1400 1952 1658 2019 adornat,

219 2057 315 2110 Ast
338 2053 463 2108 aliis
490 2052 742 2106 stolidum
775 2049 995 2103 lentavit
1023 2046 1212 2101 inertia
1246 2060 1481 2102 sensum.

217 2145 435 2216 Sopitas
464 2145 664 2213 ptriter
691 2141 901 2208 requies
922 2137 1295 2206 complectitur
1318 2149 1445 2200 una,

217 2238 396 2307 Atque
415 2236 619 2289 obitum
652 2236 865 2301 s=gnans
887 2229 1154 2298 d--pressit
1182 2227 1380 2281 lumina
1410 2238 1653 2278 somnus.

218 2329 531 2385 Transierat
561 2326 794 2380 medium
822 2324 908 2377 vix
940 2324 1074 2377 forte
1103 2320 1320 2391 quietis,
1344 2327 1399 2374 et
1427 2317 1557 2371 illud

216 2421 456 2488 Tempus
478 2426 595 2473 erat
618 2415 810 2479 noctis,
843 2431 949 2484 quo
975 2414 1218 2467 Christus
1245 2425 1408 2464 carne
1430 2415 1666 2475 recepta.

215 2510 476 2580 Fregerat
516 2508 836 2570 obstructas,
863 2513 1117 2573 perrupto
1144 2503 1361 2557 cardine
1394 2500 1543 2568 lethi,

214 2603 336 2659 Jam
366 2611 569 2672 portas,
597 2599 827 2664 inferne,
856 2608 995 2660 tuas,
1026 2604 1314 2665 spretoque
1339 2593 1587 2662 sepulcro

216 2694 452 2750 Devictis
481 2694 601 2748 laeta
626 2690 895 2747 remeabat
931 2690 1048 2743 lure
1072 2687 1246 2741 teneh:
1265 2686 1330 2739 is.

214 2788 557 2856 Perstrepuit
587 2785 794 2839 subitus
825 2781 1125 2849 rumpitque
1154 2778 1364 2832 silentia
1388 2774 1613 2841 clamor,

213 2880 460 2937 Tandem
490 2893 720 2947 sponsus
750 2877 920 2941 adest,
954 2883 1245 2926 nocturnus
1267 2883 1497 2936 corpore
1520 2876 1703 2936 torpor

214 2972 513 3035 Abscedat,
546 2968 747 3037 sapidzn
773 2967 961 3035 raptim
986 2971 1270 3033 pmpcrate
1301 2960 1443 3029 puell
1463 2978 1514 3014 ν.

215 3065 471 3119 Protinus
500 3061 755 3116 exsiliunt
783 3072 968 3111 omnes
990 3098 1002 3115 .
1028 3058 1316 3123 stnt‘sque
1344 3053 1565 3114 relictis,

210 3158 486 3225 Aptavere
507 3166 632 3205 suas
652 3149 873 3218 quaesito
897 3147 1092 3199 lumine
1109 3144 1370 3197 ﬂammas.

211 3247 366 3302 Tunc
396 3245 490 3298 sed
522 3243 772 3311 quinque,
796 3238 986 3309 quibus
1011 3236 1158 3291 cordi
1182 3234 1395 3290 solertia
1422 3234 1615 3304 major.

210 3341 383 3407 Quam
396 3338 476 3390 vis
503 3335 775 3397 festinant,
802 3332 975 3386 oleum
1006 3339 1182 3383 tamen
1206 3327 1405 3382 addere
1424 3325 1654 3396 sumptis

210 3430 533 3488 Solzitritudo
563 3426 657 3480 fuit
684 3425 825 3479 vasis
849 3469 862 3490 ,
895 3421 1183 3493 pinguique
1216 3422 1423 3488 liquore

210 3524 430 3591 Ignibus
461 3520 683 3572 armatis
703 3515 1035 3585 squalentem
1066 3527 1316 3578 rumpere
1347 3522 1580 3566 noctem.

208 3620 276 3673 At
297 3631 423 3688 quae
453 3614 754 3683 neglectum
777 3610 929 3678 liquit
952 3622 1072 3676 pars
1103 3607 1269 3658 altera
1297 3618 1545 3670 succum,

206 3709 439 3765 Sumcns
473 3706 831 3773 ﬂammigeras
854 3700 1208 3770 nequicquam
1234 3697 1446 3753 sustttlit
1467 3696 1666 3752 hastas.

207 3801 415 3853 Emit-at
444 3798 673 3867 exiguus
701 3794 953 3849 commoti
979 3791 1197 3846 luminis
1229 3790 1363 3860 ignis
1382 3832 1397 3855 ,

204 3892 309 3948 Sed
344 3892 547 3945 virtute
568 3902 757 3943 carens
787 3887 1126 3955 languentem
1169 3883 1409 3950 lampada
1443 3879 1620 3933 fervor

205 3982 450 4045 Deserit,
484 3989 538 4033 et
565 3980 759 4033 siccam
789 3975 1052 4047 percurrit
1078 3974 1291 4027 ﬂamma
1322 3986 1579 4042 papyrum
1602 4010 1617 4036 ,

202 4081 379 4146 Atque
410 4076 556 4128 inter
584 4073 719 4141 picei
749 4069 1002 4125 nebulosa
1032 4064 1303 4121 volumina
1335 4065 1463 4119 fumi

203 4172 520 4227 \‘anescttnt
550 4168 697 4236 pigra
726 4172 1033 4220 crescentes
1058 4162 1196 4216 mole
1224 4160 1437 4214 favillae.

202 4262 269 4317 Ut
289 4276 416 4317 sese
440 4258 687 4329 indignas
719 4257 809 4311 tali
828 4256 1010 4310 videre
1036 4261 1221 4324 paratu
1239 4295 1254 4320 ,

203 4354 511 4408 Occurrant
534 4364 734 4419 sponso
764 4364 884 4418 quae
905 4347 1149 4401 cominus
1171 4342 1498 4406 advenienti,

201 4445 376 4499 Tarda
412 4450 597 4496 movet
618 4440 775 4495 lentis
805 4437 1173 4510 pudibundum
1200 4450 1329 4490 cura
1356 4434 1621 4489 laborem.

201 4542 333 4606 Quae
360 4552 530 4609 prece
557 4536 821 4591 submissa
850 4533 1029 4590 stultis
1059 4540 1167 4587 tum
1197 4531 1415 4585 vocibus
1437 4536 1614 4593 orant,

203 4633 269 4686 Ut
296 4638 548 4700 porrecta
576 4642 762 4681 manus
791 4635 1065 4694 torpentes
1088 4623 1309 4678 suscitet
1338 4622 1510 4691 ignes,

200 4720 415 4775 Dividat
439 4728 496 4774 et
520 4718 793 4787 pr0prium
824 4714 1083 4783 sapientia
1113 4712 1326 4782 pinguis
1356 4712 1578 4764 olivum.

199 4812 558 4883 Respondent
588 4812 784 4880 pariter
825 4810 913 4863 tali
936 4822 1188 4864 sermone
1216 4820 1434 4861 sorores
1461 4823 1476 4860 :

199 4910 290 4963 Est
315 4906 626 4962 miseranda
657 4904 870 4975 quidem
895 4912 1199 4959 vestrorum
1222 4916 1388 4957 causa
1420 4900 1683 4954 malorum
1703 4941 1719 4965 ,

197 5001 301 5054 Sed
334 5008 524 5053 tamen
554 4998 638 5051 hic
664 4998 838 5051 oleam
859 5011 961 5049 u0n
990 4995 1108 5064 plus
1146 5009 1302 5064 quam
1334 4991 1535 5047 sufﬁcit
1563 4990 1723 5045 aﬂ'ert

197 5089 589 5160 Unusquisque
618 5088 741 5151 sibi,
770 5094 979 5143 constat
999 5085 1121 5156 quia
1152 5085 1303 5154 copia
1330 5084 1473 5137 vasis
1492 5123 1507 5148 ,

196 5183 261 5237 Et
288 5180 536 5251 perfecta
562 5194 717 5233 suum
742 5188 920 5234 servat
941 5191 1189 5232 mensura
1210 5175 1502 5244 liquorem.

192 5274 305 5329 Nec
338 5274 424 5327 fas
446 5271 725 5342 quaesitum
748 5271 929 5339 partiri
950 5277 1042 5323 aut
1066 5268 1294 5337 perdere
1319 5281 1538 5321 succum
1565 5306 1583 5332 ,

193 5366 272 5422 Ne
293 5367 547 5433 dispersa
577 5364 720 5417 cavis
740 5361 919 5415 desint
939 5359 1172 5414 fomenta
1206 5358 1445 5412 lucernis
1465 5401 1479 5425 ,

193 5461 448 5530 Cumque
476 5458 679 5511 lucrum
704 5455 851 5510 vobis
880 5452 1157 5523 dispendia
1186 5459 1367 5505 nostra
1397 5447 1689 5517 parabunt,

192 5556 333 5610 Tota
363 5553 526 5609 simul
558 5551 711 5605 fessis
735 5555 1039 5617 torpescant
1068 5546 1268 5601 lumina
1300 5542 1561 5598 ﬂammis.

192 5646 427 5702 Talibus
455 5644 680 5709 abiectae
705 5641 876 5706 dictis,
905 5640 1150 5707 tristique
1178 5635 1392 5704 repulsa
1427 5675 1441 5699 ,

193 5739 547 5798 Pcrlustrant
565 5748 878 5805 quocunque
900 5733 1001 5790 loci
1032 5727 1354 5786 commercia
1383 5726 1614 5788 fervent,

3390 291 3419 307 ι-

3389 311 3423 343 υ

3428 290 3491 345 78

1918 486 2121 541 Introiit
2150 503 2375 555 sponsus
2404 490 2711 553 thalamum,
2744 490 3053 561 indttxitque
3084 505 3309 561 paratas,

1917 582 2088 647 Atque
2114 596 2273 647 vagas
2297 581 2543 648 linquens
2575 583 2793 637 exclusit
2826 596 2973 651 porta
3006 601 3236 640 sorores.

1915 674 2099 727 Cernis
2121 677 2340 742 virginei
2374 686 2553 743 pereat
2581 676 2719 744 quod
2740 692 2931 729 nomen
2967 677 3204 745 honoris,

1911 764 1974 818 Ni
2007 766 2171 819 fertur
2188 777 2407 819 sanctus
2433 767 2681 820 thalamis
2710 768 3017 822 cmleStibus
3045 768 3202 837 ignis.

1912 856 2064 909 Felix
2098 857 2181 910 illa
2207 873 2425 919 manus,
2460 859 2620 927 largis
2650 874 2769 927 qua:
2800 859 3016 925 provida
3043 858 3198 912 donis

1913 952 2206 1003 Acccusum
2239 966 2365 1017 pura
2400 951 2525 1004 fovit
2556 952 2873 1020 pinguedine
2906 952 3106 1006 lumen.

1911 1043 2136 1095 Tantum
2168 1058 2395 1109 namque
2419 1044 2519 1096 olei
2548 1045 2686 1097 vasis
2716 1044 3022 1097 diffunditur
3052 1044 3264 1111 amplis,

1909 1135 2176 1199 Quantum
2211 1136 2445 1198 poscenti
2470 1136 2731 1188 miserans
2753 1136 2988 1203 porrexit
3007 1149 3198 1203 egeno.

1912 1224 2042 1279 Ilinc
2068 1225 2323 1279 Dominus
2358 1226 2548 1293 palmis
2578 1226 2825 1280 ardentes
2854 1225 2994 1280 ferre
3023 1226 3268 1281 lucernas

1906 1313 2172 1367 Admonet
2202 1331 2214 1366 :
2244 1314 2346 1367 hoc
2374 1330 2506 1382 opus
2527 1327 2629 1381 eSt,
2666 1315 2778 1370 hmc
2802 1317 2958 1370 clarae
2984 1317 3149 1385 gloria
3179 1315 3322 1372 vitaz.

1907 1405 2164 1471 Sttppetat
2191 1418 2318 1472 ergo
2348 1403 2441 1457 tibi
2465 1404 2650 1470 pietas.
2678 1405 2927 1474 patientia
2950 1449 2964 1472 ,
2994 1407 3192 1475 virtus,

1906 1493 2010 1550 Sed
2038 1495 2204 1548 virtus
2225 1494 2418 1558 animi;
2447 1494 2657 1563 fragiles
2686 1511 2808 1549 nam
2834 1512 2996 1550 carne
3028 1496 3233 1564 puellas

1904 1585 2128 1641 Protulit
2155 1584 2418 1639 interdum
2448 1587 2587 1639 caelo
2611 1586 2907 1641 constantia
2936 1588 3152 1642 mentis.

1977 1674 2227 1745 Eugeniae
2257 1675 2455 1729 dudum
2488 1684 2598 1729 toto
2618 1674 2970 1730 celeberrima
2995 1676 3195 1731 mundo

1829 1753 1877 1813 Β
1907 1768 2067 1823 Fama
2093 1767 2209 1831 fuit,
2237 1767 2361 1822 dum
2386 1768 2475 1820 dat
2497 1767 2692 1822 Christi
2727 1784 2821 1837 pro
2852 1771 3067 1824 nomine
3092 1770 3274 1825 vitam.

1908 1861 2044 1913 Ante
2062 1870 2235 1912 tamen
2262 1858 2454 1912 mulier
2488 1859 2648 1913 fortes
2678 1864 2937 1927 processit
2967 1862 3018 1915 in
3048 1872 3230 1931 actus,

1904 1949 2037 2003 Cum
2068 1949 2298 2016 stipante
2325 1949 2492 2002 choro
2522 1960 2827 2003 sanctorum
2862 1949 3015 2004 ﬂeret
3044 1951 3207 2006 abbas
3228 1992 3241 2015 ,

1904 2042 2079 2109 Atque
2109 2048 2311 2108 patrem
2341 2040 2614 2107 complens
2641 2040 2836 2094 celaret
2870 2041 3102 2108 tegmine
3133 2051 3375 2097 matrem.

1904 2134 2007 2189 Sed
2027 2142 2303 2202 postquam
2331 2140 2516 2185 sancto
2546 2132 2752 2185 cunctis
2778 2132 3066 2200 perclaruit
3094 2147 3189 2187 ore
3209 2174 3222 2193 ,

1906 2224 1971 2277 Et
1997 2222 2200 2276 meritis
2228 2222 2488 2290 annisque
2512 2236 2730 2291 graves,
2756 2221 3015 2291 longaque
3034 2221 3297 2277 verendos

1904 2315 2199 2386 Reliigioue
2226 2315 2622 2384 senesjuvenili
2654 2315 2790 2369 rexit
2814 2315 2864 2368 in
2895 2329 3043 2379 azvo;

1904 2407 2187 2475 Impatiens
2210 2407 2360 2472 recti,
2391 2414 2501 2459 toto
2525 2406 2613 2473 qui
2643 2414 2882 2473 tempore
2903 2419 3128 2475 serpens

1902 2500 2045 2555 Mille
2076 2498 2301 2555 nocendi
2326 2507 2490 2562 artes,
2524 2497 2858 2567 stimulisque
2888 2496 3179 2551 inflammat
3204 2495 3400 2550 amoris

1900 2594 2016 2661 Quo
2047 2592 2237 2647 famam
2260 2592 2461 2645 violare
2491 2590 2668 2659 cupit,
2701 2588 2849 2643 dedit
2873 2588 2997 2643 inde
3018 2603 3291 2642 coronam.

1899 2684 2212 2741 Commovet
2246 2686 2431 2737 insano
2462 2684 2546 2751 qui
2574 2683 2736 2752 fingat
2757 2695 2940 2734 amore
2970 2680 3161 2748 pueila:

1900 2775 2130 2830 Accendi
2162 2774 2472 2843 Eugeniam,
2507 2782 2762 2841 motuque
2786 2772 2972 2825 ardere
3001 2771 3158 2825 virili.

1899 2867 2078 2922 Turba
2101 2881 2289 2921 senum
2322 2864 2527 2919 turbata
2554 2864 2679 2930 coit,
2706 2865 2846 2933 quod
2868 2863 3090 2918 crimine
3120 2873 3265 2917 lauto

1899 2958 2032 3011 Tam
2055 2956 2277 3025 rigidam
2311 2970 2480 3022 nuper
2510 2955 2770 3023 potuisset
2801 2953 3011 3008 solvere
3032 2955 3191 3007 vitam

1905 3051 2052 3105 Mens
2082 3050 2284 3118 dejecla
2319 3048 2443 3112 viti,
2466 3048 2783 3116 viduataque
2800 3048 3030 3117 prtesule
3054 3062 3263 3103 summo

1827 3109 1875 3175 C
1907 3143 1986 3197 Nil
2013 3157 2116 3195 non
2148 3156 2306 3210 posse
2332 3142 2476 3193 dolet
2495 3109 2726 3193 titub’ans
2750 3109 3002 3205 perfectio
3023 3152 3259 3190 carnem.

1904 3232 2127 3287 Ducitur
2152 3233 2249 3284 iste
2282 3232 2395 3282 foro
2419 3229 2649 3297 juvenis,
2678 3243 2983 3294 salvumque
3014 3226 3240 3280 tribunal

1904 3326 2072 3381 Intrat
2100 3324 2272 3377 adhuc
2305 3320 2633 3385 monachus;
2659 3320 2815 3372 vincit
2853 3317 3138 3373 concordia
3165 3316 3360 3371 fraudis
3382 3356 3397 3380 ,

1905 3418 1970 3473 Et
1995 3418 2104 3487 jam
2133 3418 2350 3485 jamque
2377 3428 2524 3467 reum
2556 3411 2746 3465 secreti
2779 3411 2956 3479 ignara
2982 3410 3197 3464 tenebat

1903 3506 2118 3562 Publica
2141 3506 2242 3570 vis,
2271 3504 2395 3557 odio
2428 3512 2630 3556 tantum
2662 3500 2925 3553 ﬂammata
2953 3499 3191 3553 sinistro.

1902 3598 2130 3654 Conscia
2156 3607 2263 3651 tum
2293 3611 2449 3651 sexus
2480 3594 2701 3663 proprii,
2732 3593 3012 3660 cordisque
3044 3590 3242 3660 pudici,

1907 3690 2145 3745 Vincitur
2174 3700 2227 3741 ut
2260 3689 2438 3742 vincat
2465 3687 2572 3755 jam
2603 3685 2835 3753 prodens
2862 3684 3057 3737 femina
3081 3681 3353 3747 fraudem,

1902 3781 2158 3847 Quamvis
2179 3779 2414 3833 exterius
2436 3792 2651 3831 carnem
2674 3775 2944 3842 compulsa
2974 3773 3148 3838 fateri,

1902 3872 2163 3929 Interiore
2194 3882 2372 3924 tamen
2396 3876 2607 3922 servato
2629 3875 2909 3935 permanet
2932 3864 3089 3918 heros

1901 3968 2128 4032 Semper
2154 3973 2260 4016 tuta
2278 3964 2375 4015 fuit
2402 3961 2533 4014 casti
2558 3958 2793 4012 custodia
2820 3956 2926 4009 voti
2943 3996 2956 4018 ,

1901 4055 2204 4122 Quamlibet
2229 4053 2504 4119 impugnet
2529 4047 2711 4101 mist-ri
2737 4047 2878 4099 fraus
2899 4043 3087 4097 callida
3108 4041 3285 4096 mundi
3314 4081 3329 4107 ,

1908 4146 2275 4211 Extendatque
2301 4142 2440 4195 dolis
2466 4141 2703 4208 laqueos,
2730 4134 3006 4190 mendacia
3029 4140 3223 4196 nectat,

1901 4240 2016 4295 Non
2048 4236 2191 4292 venit
2221 4234 2287 4289 ad
2312 4246 2533 4303 pronam
2566 4245 2718 4284 mens
2739 4228 2909 4296 culpae
2928 4228 3108 4296 ignara
3136 4224 3366 4278 ruinam.

1900 4333 2153 4399 Quosque
2183 4327 2416 4383 fremens
2438 4323 2607 4379 hostis
2634 4319 2806 4375 fallaci
2838 4318 3058 4373 tribulat
3077 4323 3225 4382 astu,

1904 4420 2217 4493 Purgandos
2241 4428 2426 4473 sancto
2456 4414 2707 4485 patientia
2743 4410 2959 4467 discutit
2991 4409 3121 4479 igni.

1950 4508 2814 4579 Vendideratquondamjuvenem
2833 4516 3019 4557 manus
3032 4496 3473 4562 :emulafratrttm,

1900 4610 1966 4665 Et
1994 4608 2243 4662 funulttm
2269 4604 2467 4673 .loseph
2497 4602 2650 4656 tellus
2682 4596 2983 4667 Memphitis
3007 4592 3262 4657 habebat;

1901 4701 2128 4758 Pertulit
2153 4700 2241 4752 ille
2261 4696 2475 4765 quidem
2506 4692 2800 4754 dominttm,
2834 4703 2953 4742 cum
2984 4685 3207 4741 crimine
3238 4682 3371 4736 falso

1902 4795 2175 4851 Conlietus
2200 4791 2432 4845 voluisse
2457 4790 2604 4843 nefas
2623 4831 2637 4853 ,
2661 4785 2801 4855 quod
2828 4783 2977 4836 triste
3000 4778 3228 4847 refugit,

1902 4887 2168 4945 Sustinuit
2201 4885 2434 4938 tolerans
2461 4878 2749 4948 ergastula,
2781 4875 2976 4937 vincla,
3005 4880 3259 4935 catenas,

1903 4984 2037 5038 Dum
2062 4979 2291 5050 spatium
2314 4976 2578 5044 replicans
2600 4970 2842 5041 geminos
2872 4966 2951 5021 sol
2974 4966 3228 5035 junxerat
3246 4973 3438 5016 annos.

1902 5072 2108 5128 Oblitus
2134 5070 2243 5139 jam
2275 5067 2407 5121 lucis
2438 5072 2574 5127 erat,
2601 5063 2704 5127 jam
2733 5059 2881 5113 crine
2912 5054 3095 5109 ﬂuenti

1902 5164 2143 5219 Nutritus
2174 5160 2345 5213 macie
2371 5156 2618 5224 taugvbat
2638 5163 2783 5220 terga
2804 5146 3049 5216 capillus.

1900 5254 2004 5311 Sed
2028 5258 2308 5322 vegetante
2332 5249 2441 5302 Deo
2468 5259 2618 5299 mens
2646 5240 2805 5295 nullis
2826 5240 3001 5292 clausa
3032 5231 3267 5288 tenebris

1907 5346 2172 5402 Praevidet
2210 5355 2461 5397 arcanum
2495 5333 2749 5406 quidquid
2782 5339 2903 5400 post
2931 5326 3106 5383 exitus
3132 5323 3335 5393 implet.

1903 5440 2144 5507 Denique
2178 5436 2436 5503 producto
2457 5429 2698 5485 certatim
2722 5424 2890 5491 gloria
2927 5420 3124 5482 fertur,

1901 5534 2017 5587 Non
2047 5538 2247 5581 tantum
2280 5525 2464 5584 venia;
2489 5532 2541 5573 et
2574 5517 2816 5586 precibus
2846 5524 2967 5566 tunc
2998 5511 3112 5578 ipse
3136 5511 3372 5575 rogatus,

1902 5624 1971 5680 Ut
1991 5620 2234 5677 diadema
2265 5616 2436 5669 libcns
2456 5610 2695 5679 captivos
2728 5609 2777 5661 in
2802 5607 3002 5660 vertice
3025 5606 3227 5661 sumat,

1904 5712 2158 5771 Exsilium
2187 5722 2350 5775 regno
2370 5711 2663 5760 commutat
2688 5743 2698 5765 ,
2730 5698 2847 5768 prin
2870 5696 2967 5763 ipe
2994 5701 3229 5745 servum.
