4024 6176
526 262 638 322 379

531 376 757 434 Praemia
779 373 972 429 servati
1000 369 1175 425 cordis
1202 368 1277 420 sic
1307 366 1531 434 percipit
1563 365 1685 418 iste.

601 472 897 525 Susannam
929 472 1048 533 post
1071 464 1213 516 hunc
1242 459 1415 527 dignis
1442 459 1561 527 quis
1593 458 1835 511 laudibus
1864 470 2092 520 unquam

532 561 787 621 Excolat,
819 555 1043 610 infirmis
1071 551 1334 621 quondam
1358 565 1477 617 qua:
1501 550 1625 603 vicit
1655 549 1706 601 in
1735 548 1887 601 annis

530 646 771 718 Improba
802 657 919 701 vota
943 659 1147 707 senum,
1181 641 1594 710 conjuratosque
1625 639 1866 693 furores?

530 744 764 796 Primum
786 739 1053 807 disjuncto
1082 750 1219 805 quos
1245 736 1557 801 cepitcausa
1582 731 1780 785 viritim

527 830 784 896 Consilio,
817 829 1066 897 solusque
1094 825 1192 880 sibi
1228 824 1469 893 promisit
1499 833 1724 891 uterque

528 925 686 993 Spem
719 924 917 987 culpae,
944 921 1039 975 sed
1064 928 1216 985 turpe
1248 918 1427 972 calens
1456 916 1508 969 in
1537 915 1786 969 cordibus
1816 914 1953 983 ignis

527 1015 789 1067 Conﬂavit
806 1021 1035 1066 mentem
1059 1010 1277 1064 sceleris
1301 1009 1512 1061 fornace
1533 1006 1781 1059 duurttm.

527 1106 879 1170 Conveniunt,
905 1120 1025 1159 nam
1050 1104 1182 1158 forte
1209 1102 1293 1156 die
1314 1102 1391 1155 sic
1416 1099 1637 1166 contigit
1656 1113 1779 1162 una,

529 1197 794 1250 Abscessu
828 1197 949 1250 ficto
978 1195 1184 1248 diversa
1213 1203 1271 1247 ut
1308 1201 1457 1260 parte
1489 1190 1743 1245 redirent.

528 1284 689 1353 lnque
720 1300 909 1339 nemus
932 1299 1129 1338 venere
1159 1282 1341 1346 simul,
1374 1281 1585 1349 vulgata
1618 1278 1855 1332 vicissim

527 1374 783 1428 Panditur
803 1375 1011 1428 alterno
1044 1375 1272 1441 ﬂagrans
1312 1372 1363 1424 in
1393 1370 1555 1424 corde
1584 1370 1843 1438 voluptas.

530 1468 675 1521 Ilicet
706 1469 971 1521 incautam
1004 1466 1245 1520 fallentes
1267 1463 1454 1517 fraude
1483 1462 1709 1529 puellam

526 1560 813 1624 Appetiere
842 1557 1034 1621 simul;
1068 1565 1294 1625 poscunt
1330 1553 1630 1608 consentiat
1658 1560 1779 1605 ante

530 1648 819 1703 Dedecoris
850 1657 1052 1701 tantum
1086 1656 1465 1714 moveatquam
1496 1645 1628 1698 fama
1655 1644 1859 1709 rebelli,

531 1737 755 1804 Moxque
779 1736 1194 1806 retorquendam
1215 1734 1440 1800 facinus,
1467 1734 1517 1786 ni
1544 1733 1719 1794 cedat,
1748 1734 1796 1786 in
1826 1732 1993 1801 ipsam

533 1828 773 1881 Confessi
801 1829 1045 1881 ardorem
1070 1826 1263 1895 pariter
1293 1825 1567 1878 mendacia
1594 1823 1822 1891 produnt

530 1919 825 1988 Disposita,
865 1930 918 1973 et
964 1919 1183 1988 laqueos
1235 1916 1490 1985 pandunt,
1541 1929 1676 1983 quos
1734 1924 1945 1968 nectere
2002 1914 2108 1969 vel-

1872 2003 1890 2076 [
1909 2005 2037 2060 lent.

532 2106 744 2172 Anceps
767 2104 856 2157 illa
888 2105 977 2157 ditt
1006 2116 1187 2157 secum
1213 2101 1459 2167 luctatur,
1482 2108 1537 2155 et
1562 2097 1771 2152 haerens

530 2196 773 2251 Fluctttat
796 2197 1013 2249 incerta:
1043 2209 1146 2263 quo
1178 2202 1400 2261 vergant
1426 2191 1663 2259 pondera
1698 2189 1927 2243 mentis:

529 2285 639 2338 Lex
663 2299 884 2353 peccare
912 2291 1071 2347 vetat,
1104 2294 1400 2349 rursusque
1430 2279 1647 2332 infamia
1683 2286 1850 2332 terret

531 2376 665 2430 llinc
692 2376 887 2430 iterum
919 2375 1083 2428 duros
1112 2372 1361 2441 precibus
1389 2370 1598 2423 mollire
1621 2368 1829 2422 furores

531 2466 743 2530 Tentat,
772 2466 1102 2520 etobsceuas
1132 2462 1385 2532 lacrymis
1414 2461 1747 2529 reStinguere
1772 2458 2035 2512 ﬂammas.

537 2560 643 2615 Sed
672 2570 947 2627 postquam
981 2557 1142 2611 nullis
1177 2554 1424 2625 precibus
1454 2552 1774 2620 monitisque
1804 2562 2038 2607 remotos

532 2653 936 2718 Olistrictosque
963 2662 1120 2703 senes
1151 2647 1276 2701 vicit
1306 2654 1527 2714 cognata
1558 2643 1755 2707 libido,

535 2742 751 2797 Femina
779 2741 1037 2810 prteclaro
1060 2748 1290 2793 mentem
1314 2750 1566 2791 succensa
1600 2735 1805 2803 pudore

534 2834 783 2888 Decrevit
816 2844 940 2888 tunc
964 2841 1109 2886 casta
1134 2830 1303 2894 mori,
1334 2845 1399 2882 ne
1428 2828 1654 2883 crimine
1681 2836 1829 2880 tanto

534 2928 814 2982 Ambircnt
845 2926 1091 2979 miseram
1120 2921 1297 2977 carnis
1319 2920 1641 2975 commercia
1676 2919 1837 2972 vitam

537 3018 742 3073 Caelum
770 3029 904 3073 tes:e
929 3024 1097 3081 vocat,
1129 3016 1427 3081 famamque
1453 3023 1662 3067 recusat
1694 3013 1905 3065 inanem

536 3111 742 3167 iudicio
768 3119 1016 3164 contenta
1040 3124 1137 3163 suo
1168 3125 1180 3159 :
1213 3122 1333 3161 cum
1356 3104 1566 3160 conscia
1598 3105 1758 3158 corda

537 3200 889 3255 Commendat
915 3214 1119 3267 superae
1147 3198 1291 3264 fidei,
1322 3204 1604 3263 servatque
1632 3193 1841 3247 futuris.

539 3293 721 3348 Maluit
749 3293 838 3346 ille
868 3301 1045 3345 tamen
1068 3292 1259 3344 secreti
1294 3291 1560 3357 inspector
1589 3295 1831 3353 apertum

540 3386 779 3439 Exantcn
805 3394 1060 3452 praestare
1086 3382 1233 3446 loco,
1267 3382 1576 3449 facinusque
1598 3379 1861 3431 reclusum

538 3476 797 3541 Pandere,
824 3486 877 3529 et
908 3474 1145 3544 objectas
1176 3472 1379 3540 laqueis
1412 3470 1703 3538 producere
1736 3467 1967 3522 fraudes.

538 3556 821 3633 Spectabat
852 3564 1002 3618 vanis
1032 3571 1353 3616 coinmotam
1387 3560 1597 3613 ﬂetibus
1620 3559 1802 3612 urbem

539 3659 727 3712 Juniur
751 3657 840 3710 ille
868 3671 1031 3724 puer,
1062 3657 1244 3722 pueris
1264 3652 1434 3704 tribus
1466 3651 1578 3719 ipse
1606 3649 1812 3703 futurus
1969 3708 1975 3714 ,

540 3749 662 3803 Post
695 3763 896 3807 comes.
923 3746 1137 3800 undanti
1166 3757 1299 3812 quos
1320 3743 1451 3811 jecit
1480 3742 1721 3795 Parthica
1750 3740 1975 3794 flamma:

542 3840 862 3909 Contempto
895 3838 1121 3907 imperio
1148 3836 1377 3890 ﬂammis
1408 3835 1702 3888 ferventior
1734 3836 1833 3887 ira.

544 3934 690 3985 Arsit
721 3938 995 3984 contracto
1025 3929 1222 3997 pariter
1244 3935 1522 3980 crescente
1550 3924 1729 3978 calore

541 4024 678 4077 lline
703 4021 869 4085 furor,
894 4020 1017 4075 inde
1043 4017 1197 4085 fides,
1221 4016 1420 4070 sanctis
1445 4014 1570 4069 dum
1602 4013 1812 4068 mollior
1842 4012 1977 4081 ignis

540 4115 734 4170 Serviit
756 4154 771 4179 ,
803 4121 858 4167 et
880 4110 1058 4181 tepido
1079 4108 1344 4165 conclusit
1372 4122 1537 4177 pruna
1571 4106 1795 4171 rubore;

543 4207 724 4259 Donec
752 4204 976 4257 miratus
1007 4215 1223 4258 cessare
1252 4198 1495 4254 incendia
1526 4207 1735 4265 satraps

542 4297 730 4364 Jussit,
758 4305 811 4351 et
830 4305 1065 4351 astantes
1086 4296 1417 4349 ﬂammarum
1445 4291 1596 4360 cepia
1628 4290 1811 4344 cinxit.

547 4387 655 4441 llos
687 4387 891 4441 meritis
919 4400 1133 4455 aequatis
1167 4384 1398 4439 Dauielis
1419 4384 1655 4452 proxima
1681 4383 1852 4437 virtus

544 4475 769 4530 llorrida
794 4474 1127 4530 frendentum
1159 4475 1485 4543 compescuit
1512 4487 1601 4527 ora
1634 4472 1865 4537 leonum,

542 4567 676 4621 Dum
702 4569 848 4636 prius
868 4564 1077 4619 accensi
1108 4563 1339 4618 stimulis
1364 4562 1520 4616 famis
1546 4571 1705 4632 atque
1736 4562 1929 4617 furoris
1956 4604 1970 4627 ,

544 4659 880 4726 Freuatoque
908 4655 1065 4710 simul
1095 4663 1395 4709 sternentes
1426 4669 1651 4722 corpora
1674 4654 1827 4721 rictu,

545 4751 867 4803 luculumcm
898 4750 1138 4802 lambunt
1168 4747 1303 4800 inter
1330 4745 1521 4815 iejunia
1556 4756 1794 4814 pastum,

544 4840 674 4894 Cum
731 4848 905 4893 sumat
959 4847 1134 4892 tamen
1190 4839 1289 4891 iste
1344 4837 1511 4904 cibos,
1562 4852 1695 4906 quos
1743 4837 1937 4890 vertice
1991 4853 2113 4904 pt-n-

1258 4945 1263 4948 '
1888 4928 2043 4999 [deus

548 5022 798 5091 Angelica
826 5021 1054 5074 librante
1078 5033 1234 5072 manu
1264 5033 1359 5087 per
1386 5019 1540 5072 inane
1566 5020 1759 5072 citatus
1780 5058 1793 5082 ,

547 5114 825 5181 Subjectas
846 5110 1057 5165 calcans
1088 5111 1321 5163 immotis
1350 5108 1621 5178 gressibus
1646 5124 1832 5177 auras,

549 5204 728 5260 lutulit
751 5207 925 5259 illatus
956 5203 1114 5258 fascis
1140 5218 1257 5255 cum
1285 5202 1427 5255 fasce
1460 5203 1733 5270 pr0pbeta.

550 5299 769 5366 Excepit
799 5297 981 5351 Daniel
1016 5296 1354 5349 transmissos
1377 5294 1603 5362 desuper
1629 5308 1797 5349 escas.

547 5388 765 5443 Fercula
799 5388 1097 5455 longinquis
1120 5387 1349 5455 migrant
1381 5385 1638 5439 ferventia
1662 5386 1834 5449 terris,

550 5488 942 5547 Asservautque
970 5491 1094 5530 suos
1126 5476 1401 5545 peregrina
1434 5477 1483 5529 in
1515 5474 1641 5531 sede
1667 5491 1905 5544 sapores.

548 5569 644 5622 llic
676 5584 799 5635 ergo
835 5568 1076 5635 impubes
1106 5566 1401 5620 Susannatn
1433 5572 1563 5620 torte
1590 5566 1802 5628 videbat

548 5658 603 5711 lu
638 5670 899 5715 tormenta
924 5658 1056 5728 rapi,
1087 5658 1195 5712 veri
1227 5671 1384 5727 quam
1415 5657 1624 5711 nescius
1648 5667 1768 5711 ante

1412 252 1467 306 S.
1512 251 1688 305 AV’lTl
1734 246 2131 306 VIENNBNSIS
2174 245 2542 301 POEMATUSI
2584 244 2785 299 LIBER
2831 244 2917 298 Vl.
3671 246 3765 304 380

2132 362 2185 419 Α
2216 357 2411 427 Vulgus
2434 358 2723 413 inauditam
2746 360 3122 425 damnaverat,
3154 369 3207 415 et
3232 362 3387 416 simul
3420 379 3604 421 omnes

2208 449 2437 502 lnsontis
2464 459 2673 504 sontem
2696 451 2974 505 certabant
2998 466 3217 505 cernere
3243 462 3464 508 mortem
3487 474 3499 520 ;

2206 538 2335 591 Cum
2362 539 2536 592 subito
2564 540 2615 592 in
2640 540 2872 594 medium
2912 542 3121 609 juvenis
3144 557 3202 596 se
3226 545 3450 613 proripit
3479 561 3667 616 agmen
3688 588 3701 612 ,

2205 628 2501 682 Acceusuui
2537 631 3004 699 tenera'castigans
3032 647 3162 686 voce
3191 634 3498 700 tumultum,

2204 719 2311 772 Cur
2333 730 2477 773 tanto
2501 737 2563 774 ex
2595 732 2735 776 coetu
2759 724 2934 777 nullus
2967 740 3079 778 rem
3107 725 3330 794 judicat,
3356 742 3417 783 ac
3446 743 3504 783 se

2206 810 2365 865 Liber
2393 812 2456 865 ad
2486 813 2738 880 iujustum
2768 819 2965 869 clamat
2992 832 3093 868 non
3121 833 3338 872 currere
3370 819 3612 875 lcthum?

2206 900 2453 955 Protinus
2480 904 2545 957 ad
2577 905 2797 958 verbum
2830 906 2981 975 pueri
3012 917 3248 976 permota
3283 913 3541 977 repressit

2205 991 2381 1047 Turba
2403 1008 2598 1062 sequax
2623 998 2826 1050 animus
2849 1014 2861 1059 ;
2883 997 3045 1065 judex
3068 1000 3376 1056 decernitur
3405 1003 3542 1069 ipse,

2204 1084 2594 1154 Consultorque
2619 1102 2828 1154 senum,
2859 1104 2952 1156 per
2978 1104 3134 1158 quem
3164 1092 3244 1143 via
3268 1107 3393 1146 vera
3426 1104 3680 1162 patescat.

2204 1170 2445 1228 Consulit
2473 1175 2687 1231 avulsos
2710 1179 2951 1243 quisnam
2975 1181 3042 1233 sit
3067 1181 3305 1236 criminis
3326 1185 3460 1239 ordo
3480 1226 3495 1250 ,

2204 1262 2309 1318 Sed
2336 1264 2461 1317 dum
2488 1264 2799 1320 discordans
2826 1282 3138 1335 responsum
3171 1272 3377 1339 praebet
3398 1285 3642 1346 uterque,

2204 1359 2553 1431 Conjunctum
2577 1360 2778 1416 facinus
2801 1363 3060 1431 disiuncta
3085 1379 3217 1419 voce
3241 1364 3494 1421 fatentur.

2203 1448 2353 1503 Tune
2409 1465 2597 1505 omnes
2649 1453 2848 1520 pariter
2906 1455 3063 1508 timor
3116 1456 3354 1525 accipit:
3396 1457 3632 1528 undique
3677 1462 3772 1515 ela-

3595 1568 3707 1604 mor

2202 1631 2450 1700 Tollitur,
2483 1645 2727 1690 auctores
2757 1638 2976 1692 sceleris
3004 1638 3153 1706 plebs
3182 1640 3357 1695 obruit
3376 1551 3587 1709 omnis}

2136 1722 2181 1782 B
2207 1725 2585 1796 Laudaturque
2613 1730 2752 1783 Deus
2774 1770 2789 1795 ,
2821 1731 2909 1799 qui
2942 1747 3209 1801 nunquam
3236 1745 3355 1789 vota
3384 1735 3645 1790 bonorum

2216 1819 2442 1879 Deserit,
2472 1821 2830 1890 auxiliumque
2853 1837 3008 1877 suum
3037 1841 3133 1895 pro
3166 1836 3404 1895 tempore
3433 1838 3712 1882 monstrat.

2214 1908 2278 1962 Et
2309 1918 2483 1963 tamen
2515 1910 2596 1963 bis
2629 1912 2773 1979 prior
2802 1922 2882 1966 est
2913 1929 3030 1983 quae
3057 1916 3362 1985 virginitate
3389 1920 3579 1987 pudica

2214 1999 2469 2055 Intactum
2502 2004 2713 2071 prtefert
2752 2006 2817 2059 ad
2848 2016 2969 2061 vota
3000 2010 3256 2076 perennia
3286 2026 3503 2081 corpus.

2213 2089 2340 2143 Nam
2371 2092 2413 2145 si
2446 2102 2654 2147 terrena
2680 2097 2964 2151 nubentem
2999 2098 3114 2167 lege
3136 2101 3363 2168 puellam

2215 2185 2535 2238 Asservasse
2562 2195 2738 2253 toros,
2773 2200 2929 2259 atque
2951 2206 3109 2245 unum
3137 2208 3297 2248 nosse
3323 2194 3500 2249 cubile
3520 2237 3536 2258 ,

2214 2274 2422 2330 Hortali
2458 2288 2658 2332 tantum
2681 2282 2929 2336 laudatur
2944 2283 3127 2352 judice
3156 2296 3296 2340 coetu
3315 2332 3329 2355 ,

2211 2365 2429 2437 Conjice
2457 2371 2709 2439 virgineis
2737 2381 2990 2440 quantum
3012 2375 3309 2443 disponitur
3331 2378 3438 2431 illic

2213 2456 2330 2523 Quo
2357 2457 2601 2512 Clirisws
2623 2471 2777 2516 vocat
2798 2462 2922 2517 hinc
2951 2466 3156 2518 meritis
3176 2511 3188 2531 ,
3221 2467 3306 2521 ubi
3337 2468 3463 2522 sede
3486 2484 3714 2537 superna

2214 2545 2510 2601 llumanutn
2536 2550 2587 2602 in
2616 2559 2793 2619 partes
2814 2551 3023 2609 dirimet
3049 2571 3220 2623 genus
3244 2558 3447 2612 arbiter
3477 2560 3647 2613 orbis.

2212 2634 2393 2701 Agnos
2415 2636 2603 2690 dextra
2630 2639 2812 2692 levans
2833 2682 2848 2705 ,
2880 2642 3040 2696 lzevos
3066 2655 3371 2700 contemnet
3396 2657 3452 2701 ut
3483 2649 3686 2715 haedos,

2213 2726 2439 2781 Stabunt
2470 2730 2693 2798 angelici
2727 2731 2980 2787 mirantes
3004 2734 3139 2787 facta
3169 2736 3434 2792 bonorum

2214 2819 2627 2890 Laudantesque
2650 2822 2799 2876 chori
2836 2842 2846 2877 :
2880 2827 3089 2880 cunctis
3118 2841 3401 2882 commune
3432 2830 3636 2897 patebit

2217 2911 2471 2967 Decursae
2493 2914 2671 2968 carnis
2695 2917 2976 2982 meritum;
3008 2917 3155 2970 fraus
3180 2918 3320 2971 nulla
3352 2920 3588 2973 tenebris

2215 3003 2425 3058 Abdere
2445 3045 2459 3070 ,
2484 3006 2565 3060 vel
2603 3015 2754 3060 notas
2782 3008 2979 3075 poterit
3008 3008 3306 3064 subducere
3333 3011 3539 3080 culpas.

2139 3080 2186 3142 C
2217 3095 2329 3152 Illic
2358 3105 2481 3150 nota
2504 3098 2594 3152 tibi
2623 3098 2923 3153 subsistens
2954 3102 3058 3154 vita
3086 3112 3297 3169 petatur
3316 3143 3331 3165 ,

2220 3181 2332 3246 Quo
2351 3186 2522 3256 justus
2555 3187 2689 3241 ditat
2717 3188 3035 3259 dispensans
3067 3195 3282 3262 praemia
3303 3194 3490 3263 judex.

2301 3280 2579 3347 Quondam
2609 3283 2877 3337 succinrte
2903 3284 3043 3352 quod
3068 3285 3267 3340 dictum
3295 3294 3380 3341 est
3402 3301 3498 3342 ore
3528 3287 3784 3356 magistri,

2221 3372 2350 3424 Dum
2377 3373 2516 3441 viget
2537 3372 2711 3428 officio
2738 3373 3003 3430 famulans
3028 3378 3244 3433 solertia
3276 3379 3515 3447 Martha},

2221 3464 2599 3532 Attentamque
2624 3474 2771 3519 tenet
2785 3467 2931 3521 verbi
2962 3467 3157 3522 virtute
3180 3483 3444 3535 sororem,

2219 3552 2355 3606 Cura
2384 3554 2502 3607 cibo
2534 3556 2722 3610 melior
2745 3600 2759 3624 ,
2798 3567 2948 3626 pastu
2979 3574 3097 3627 qua:
3113 3558 3269 3629 digna
3304 3561 3545 3628 perenni.

2221 3644 2369 3698 Tunc
2394 3661 2586 3700 vacuas
2618 3647 2841 3702 Domino
2869 3649 3193 3719 depromens
3220 3650 3424 3705 Martha
3455 3654 3722 3722 querelas,

2219 3738 2263 3790 0
2292 3736 2497 3803 doctor,
2533 3755 2637 3791 non
2668 3740 2865 3807 cernis,
2898 3742 2993 3807 ait,
3024 3742 3165 3810 quod
3188 3744 3302 3797 sola
3335 3753 3519 3812 paratu

2226 3829 2423 3894 Vexor,
2453 3838 2503 3884 et
2535 3829 2649 3885 haee
2676 3831 2874 3885 nullum
2905 3833 3113 3887 confert
3139 3849 3390 3903 germana
3421 3836 3704 3890 levamen?

2221 3920 2315 3973 Cui
2344 3918 2587 3975 Christus
2615 3922 2693 3976 sic
2718 3921 2856 3977 forte
2887 3923 3052 3978 refert
3081 3942 3093 3977 :
3128 3924 3264 3979 Sunt
3292 3926 3518 3994 plurima
3541 3944 3659 3995 qua-
3682 3938 3730 3981 te

2222 4008 2540 4063 Obstrictaut
2569 4012 2817 4076 retinent,
2852 4013 3043 4066 melior
3061 4012 3154 4067 sed
3177 4028 3335 4068 causa
3362 4017 3584 4085 quietis,

2222 4100 2489 4171 Lcetaque
2528 4117 2626 4157 nec
2655 4104 2851 4171 poterit
2880 4104 3056 4158 Marize
3090 4120 3211 4173 pars
3240 4106 3439 4173 optima
3463 4107 3593 4160 tolli.

2293 4193 2404 4259 Sic,
2434 4208 2704 4263 germana,
2734 4196 2845 4249 suis
2871 4196 2994 4250 dum
3020 4198 3241 4267 ﬂagrant
3269 4199 3462 4253 saecula
3493 4198 3657 4263 curis,

2224 4284 2459 4338 Electam
2489 4300 2705 4341 servare
2728 4287 2819 4340 tibi
2852 4302 2958 4340 non
2987 4287 3172 4343 desine
3195 4300 3421 4357 partem.

2227 4378 2304 4432 Te
2330 4378 2520 4432 meruit
2554 4378 2777 4447 primam
2802 4379 3049 4448 cognatio
3083 4387 3190 4433 tota
3220 4390 3519 4449 patronam,

2146 4447 2197 4507 Ῑ)
2222 4469 2338 4523 fam
2370 4479 2421 4523 te
2450 4469 2754 4540 signiferam
2784 4447 3081 4540 sequimur,
3101 4447 3405 4544 vexillaque
3431 4473 3626 4528 Christi

2224 4563 2297 4617 Te
2323 4572 2570 4632 portante
2597 4564 2768 4618 libens
2793 4574 3031 4619 sectatur
3059 4575 3283 4619 stemma
3315 4577 3622 4636 parentum;

2223 4653 2365 4720 Quos
2391 4653 2516 4709 licet
2544 4654 2763 4723 antiquo
2794 4655 3024 4709 mundus
3054 4654 3309 4711 donasset
3345 4658 3579 4720 honore,

2225 4746 2293 4801 Et
2315 4748 2476 4801 titulis
2499 4756 2760 4801 monstret
2784 4762 3046 4816 generoso
3067 4764 3283 4817 semper
3310 4748 3377 4803 ab
3402 4761 3520 4803 ortu
3548 4767 3562 4814 ;

2224 4838 2351 4893 Plus
2382 4849 2557 4894 tamen
2585 4839 2792 4893 ornavit
2814 4838 3054 4894 divinum
3087 4840 3293 4909 insigne
3316 4849 3584 4910 gerentes,

2224 4927 2424 4984 Ordine
2452 4928 2589 4998 quod
2621 4929 2838 4999 proprio
2872 4940 3084 4985 sanctas
3114 4946 3361 4985 meruere
3385 4932 3687 4985 cathedras.

2223 5021 2336 5074 Non
2359 5032 2538 5074 atavos
2561 5021 2670 5088 jam
2700 5037 2838 5075 nuue
2869 5022 3075 5076 tibimet
3102 5037 3431 5091 proavosque
3453 5031 3707 5082 reo-itaut,

2223 5110 2342 5164 Vita
2366 5110 2669 5166 sacerdotes
2700 5128 2835 5181 quos
2866 5111 3096 5167 reddidit
3127 5114 3325 5182 inclyta
3354 5114 3540 5182 dignos
3572 5130 3582 5164 :

2225 5200 2536 5255 Pontificetn
2570 5205 2737 5255 sacris
2766 5212 3097 5270 assumptum
3128 5205 3336 5265 respice
3360 5210 3587 5272 patrem.

2223 5289 2463 5359 Cumque
2493 5291 2587 5344 tibi
2615 5292 2827 5359 genitor
2856 5292 2940 5346 vel
2975 5294 3272 5346 avunculus
3302 5293 3532 5362 undique
3563 5292 3732 5360 magni

2228 5383 2353 5437 Post
2380 5382 2553 5437 fasces
2580 5386 2821 5452 placeant
2851 5385 3170 5453 populorum
3199 5400 3411 5439 sumere
3441 5384 3653 5445 fascem.

2226 5475 2449 5543 Suscipe
2478 5490 2611 5539 quos
2644 5475 2871 5529 humiles
2906 5484 3111 5543 patrum
3139 5474 3203 5529 ad
3236 5478 3499 5531 consortia
3539 5476 3692 5531 fratre

2228 5564 2416 5618 Ofﬁcio
2443 5564 2647 5619 similes
2676 5574 2893 5620 nectens
2920 5565 3158 5620 Ecclesia
3188 5566 3381 5634 junxit.

2232 5655 2335 5711 Pro
2360 5656 2550 5725 quibus
2580 5656 2820 5712 assiduas
2843 5656 3057 5712 Christo
3085 5657 3393 5727 persolvere
3425 5665 3620 5731 grates,
