4016 6168
534 230 641 285 585

1309 220 1401 276 AD
1439 212 1952 276 SIRMONDIANAM
1993 212 2176 268 AVlTl
2217 211 2580 267 EDITIONEM
2621 211 3045 268 AUCTARIUM.

3693 220 3793 273 58-!

536 364 625 408 aut
646 365 877 411 mrem,
900 349 986 400 aut
1016 346 1171 415 ﬁlios,
1197 353 1283 396 aut
1313 358 1463 412 agros
1479 352 1688 411 propter
1718 355 1898 392 nomen
1924 351 2109 401 meum,
2142 334 2192 392 Α
2224 344 2431 387 rentum
2465 336 2908 390 consuetudinem
2942 336 3052 388 sive
3078 342 3277 387 sectam
3309 333 3497 387 melius
3523 335 3793 389 credendo

564 442 825 513 entuplum
837 439 1069 504 accipiet,
1087 446 1135 489 et
1153 436 1301 489 vitam
1313 443 1553 490 (eternam
1570 432 1858 502 possidebit.
1874 430 2111 497 Namque

541 553 662 591 cum
696 538 748 588 in
778 530 1066 600 Scripturis
1088 534 1288 583 sanctis
1308 527 1644 582 centenarius
1684 539 1934 578 numerus
1962 523 2104 574 omni

539 627 865 699 perfectione
907 632 1146 676 sacratus
1195 619 1285 681 sit,
1313 620 1603 672 discernite
1635 616 1772 679 quod
1816 615 2107 668 reddantur

539 718 591 769 in
616 713 946 782 centuplum,
976 727 1079 764 non
1132 724 1251 779 qua:
1306 709 1607 761 tribuuntur
1637 705 1832 759 Christi
1872 704 2106 767 nomine,

537 806 631 861 sed
662 820 780 875 quae
811 818 908 872 pro
934 800 1128 855 Christi
1163 800 1375 853 nomine
1407 800 1809 866 relinquuntur:
1843 795 1963 864 quia
1990 794 2114 847 licet

540 910 731 964 magna
758 894 1010 948 salutaris
1040 893 1210 961 prosit
1238 906 1442 945 merces
1491 890 1845 957 cleemosynze
1868 929 1880 951 ,
1912 888 2115 939 incom-

540 987 848 1055 parabiliter
881 994 1056 1039 tamen
1095 984 1269 1049 majus
1294 993 1376 1037 est
1414 981 1591 1035 omnia
1633 980 1923 1042 dimittere,
1953 993 2111 1046 quam

540 1079 767 1149 plurima
795 1078 1125 1146 dispensare.
1167 1076 1427 1140 Quocirca
1474 1074 1691 1128 deﬁniat
1735 1072 1903 1141 gloria
1935 1083 2114 1126 vestra

541 1168 609 1224 de
628 1169 743 1223 solo
772 1168 909 1222 istud
935 1167 1189 1236 martyrio
1219 1165 1520 1234 praedicari,
1553 1164 1707 1232 cujus
1748 1178 1963 1217 coronae
1992 1165 2113 1218 nul-

544 1261 654 1315 lum
688 1260 899 1330 penitus
924 1259 1169 1310 meritum
1203 1255 1417 1309 lmmaui
1447 1256 1626 1323 operis
1653 1265 1983 1323 exsequatur.
2012 1254 2116 1310 Iste

539 1358 626 1405 est
649 1347 971 1404 centesimus
1017 1345 1222 1401 fructus
1251 1347 1339 1413 qui
1375 1346 1426 1398 in
1467 1344 1646 1398 futuro
1694 1343 1909 1413 quidem
1950 1345 2112 1400 vitam

540 1449 796 1497 aeternam
834 1449 1131 1507 exspectat,
1161 1436 1256 1492 sed
1304 1438 1356 1491 in
1390 1437 1639 1506 praesenti
1669 1452 1880 1507 quoque
1912 1437 2114 1492 saeculo

541 1532 717 1586 illatas
742 1530 1063 1601 martyribus
1083 1529 1433 1584 contumelias
1453 1528 1733 1583 mirificato
1754 1527 1958 1584 honore
1969 1543 2118 1587 com-

540 1629 750 1692 pensat.
784 1620 935 1677 Unde
961 1628 1014 1673 et
1041 1619 1149 1673 alio
1172 1619 1444 1689 Evangelii
1466 1619 1587 1673 loco
1612 1617 1912 1673 dominicus
1936 1633 2116 1676 sermo

2217 436 2529 493 commutet,
2581 442 2679 481 nec
2733 436 2977 480 teneatur
3028 426 3304 495 privilegio
3352 427 3789 495 consuetudinis,

2214 533 2336 571 cum
2371 520 2568 573 veritas
2597 530 2846 585 provocat
2878 519 2942 572 ad
2976 519 3316 571 dilectionem
3344 518 3549 583 salutis,
3593 519 3792 574 utiliter

2216 609 2303 663 hie
2359 620 2640 678 parentes,
2694 612 2886 663 fratres
2912 650 2927 672 ,
2968 623 3291 677 sororesque
3339 607 3563 663 dimittit
3600 625 3614 662 :
3648 610 3793 664 velut

2214 699 2483 753 Abraham
2515 700 2691 765 dives,
2723 701 2810 768 qui
2842 700 3048 753 eunetis
3071 697 3376 754 cm'eslibus
3400 699 3557 753 donis
3589 698 3792 765 fruens,

2223 790 2363 855 ﬁliis,
2395 791 2628 856 famulis,
2662 807 2815 855 auro,
2855 801 3096 862 argento,
3146 792 3483 860 patrimonio,
3516 794 3793 847 matrimo-

2215 885 2305 939 nio
2336 895 2481 939 recte
2506 900 2652 949 usus,
2705 888 2890 954 patriae
2936 900 2995 940 se
3040 894 3216 939 tamen
3265 893 3320 939 et
3346 886 3650 954 cognationi
3682 901 3792 941 sure

2221 984 2348 1029 voto
2378 978 2645 1029 mutanda:
2667 976 2942 1045 religionis
2968 977 3230 1042 excussit,
3262 990 3316 1031 et
3343 977 3659 1031 imminente
3680 978 3787 1045 jam

2216 1067 2387 1131 senio,
2419 1068 2627 1137 signum
2654 1068 3081 1123 circumcisionis
3110 1084 3216 1138 quo
3257 1068 3633 1123 Christianitas
3655 1070 3788 1139 ﬁgu-

2217 1161 2455 1228 rabatur,
2488 1160 2779 1227 accipiens,
2814 1169 3094 1229 provectos
3139 1161 3249 1230 jam
3301 1176 3394 1229 per
3421 1170 3636 1215 tetatem
3667 1176 3792 1216 con-

2216 1253 2464 1307 versione
2512 1268 2707 1321 pueros
2740 1252 2855 1307 ﬁcri
2908 1268 3063 1320 posse
3097 1255 3433 1319 prmmonuit.
3487 1254 3564 1308 De
3604 1254 3793 1322 quibus

2216 1351 2266 1395 et
2283 1342 2624 1410 propheticus
2649 1356 2857 1396 sermo:
2888 1342 3047 1409 Puer,
3078 1343 3270 1411 inquit,
3304 1354 3503 1397 centum
3528 1360 3787 1396 annorum

2218 1435 2465 1488 morietur
2493 1432 2647 1504 (Isai.
2679 1449 2806 1502 va,
2840 1434 2933 1502 20)
2960 1454 2974 1489 :
3017 1435 3069 1490 id
3097 1445 3181 1491 est
3217 1437 3523 1505 centuplum
3569 1436 3795 1505 accipiet

2217 1523 2359 1594 quod
2384 1538 2516 1593 puer
2543 1524 2715 1579 factus
2743 1533 2865 1591 est;
2915 1540 3075 1595 quem
3108 1526 3325 1595 praefata
3357 1527 3549 1581 sacrati
3591 1527 3793 1581 numeri

2219 1614 2521 1683 pluralitate
2552 1624 2918 1685 praestantem,
2967 1617 3108 1669 sicut
3153 1625 3310 1670 aetate
3348 1624 3555 1670 matura
3583 1616 3792 1671 vivendi

543 1720 768 1767 testatur
794 1709 937 1780 quod
968 1711 1032 1763 ad
1062 1709 1427 1765 centenarium
1452 1708 1657 1780 frugem
1693 1708 1892 1763 cadens
1920 1709 1972 1763 in
1997 1719 2110 1765 ter-
2142 1698 2190 1759 B
2218 1706 2426 1761 novitas
2458 1706 2584 1762 fecit
2606 1723 2852 1776 puerum,
2871 1707 2949 1762 sic
2977 1708 3239 1763 custodita
3272 1709 3554 1764 renovatio
3579 1708 3792 1763 immor-

541 1817 656 1856 ram
686 1802 877 1856 bonam
906 1801 1121 1855 nutritae
1149 1801 1408 1856 sementis
1433 1815 1652 1870 germen
1675 1800 1885 1855 exierit.
1915 1801 2117 1855 Paren-

541 1902 625 1950 tes
654 1910 801 1964 ergo,
833 1908 1077 1957 uxorem,
1108 1893 1193 1947 vel
1226 1893 1383 1956 filios,
1415 1894 1529 1947 sive
1577 1892 1770 1947 fratres
1799 1908 1893 1961 pro
1918 1892 2116 1948 Christi

541 1994 744 2041 tantum
772 1993 1053 2040 consecrat
1092 1985 1307 2039 nomine
1330 1984 1729 2054 relinquendos,
1763 1984 1813 2038 id
1860 1992 1962 2047 est,
1994 1999 2115 2039 cum

541 2090 638 2145 pro
652 2077 936 2131 asserenda
954 2076 1178 2130 nominis
1202 2076 1564 2141 confessione,
1580 2092 1683 2130 non
1705 2085 1905 2130 tantum
1932 2077 2114 2146 hujus-

538 2168 684 2224 modi
708 2170 1180 2234 necessitudinum,
1228 2170 1321 2223 sed
1365 2170 1662 2223 animarum
1704 2186 1917 2240 quoque
1962 2172 2117 2226 nobis

540 2274 935 2329 corporumque
966 2259 1209 2314 facienda
1232 2259 1444 2329 jactura
1469 2262 1561 2314 sit.
1617 2261 1690 2315 De
1726 2276 1829 2330 qua
1857 2262 2118 2318 divisione

539 2349 682 2405 idem
714 2351 968 2404 Dominus
995 2351 1100 2405 alio
1126 2351 1245 2405 loco
1273 2367 1286 2404 :
1319 2350 1468 2419 Veni,
1502 2352 1692 2421 inquit,
1722 2370 1958 2425 separare
1980 2355 2118 2424 ﬁlios

540 2439 781 2493 adversus
805 2451 1057 2511 parentes,
1082 2457 1267 2495 nurum
1296 2442 1537 2496 adversus
1568 2460 1772 2497 socrum
1805 2444 2020 2516 (Matth.
2057 2463 2113 2514 κ,

538 2527 633 2607 35)
661 2546 674 2581 :
708 2529 757 2583 id
784 2542 885 2594 est,
921 2539 978 2585 ut
1005 2531 1363 2601 quorumlibet
1392 2532 1677 2588 affectuum
1708 2549 1975 2603 personre,
2002 2546 2120 2593 ten-

542 2620 789 2676 dentibus
831 2622 983 2676 nobis
1012 2623 1075 2677 ad
1101 2623 1395 2692 Christum,
1444 2626 1489 2680 si
1535 2627 1778 2682 comitari
1823 2629 2114 2700 noluerint,

542 2711 880 2766 deserantur.
908 2713 1149 2781 Excepto
1179 2722 1355 2769 autem
1400 2715 1500 2770 hoc
1530 2731 1716 2781 sensu,
1744 2720 2116 2789 propinquita-

542 2810 624 2857 tes
650 2802 780 2858 istas
803 2818 906 2858 non
958 2818 1173 2873 semper
1219 2805 1369 2861 nobis
1396 2816 1454 2861 ut
1493 2807 1871 2878 prtejudicatas
1914 2811 2117 2867 debere

542 2891 758 2956 dimitti,
781 2903 829 2947 et
856 2895 1115 2965 exemplis
1159 2904 1213 2950 et
1261 2897 1470 2951 ratione
1513 2899 1802 2968 colligitur.
1834 2901 1942 2957 Nec
1973 2903 2115 2956 enim

542 2994 598 3040 et
628 2985 703 3039 illi
735 2988 1012 3057 propinqui
1038 2988 1340 3043 dimittendi
1368 3001 1515 3059 sunt,
1548 2993 1637 3062 qui
1662 2993 1729 3047 ad
1755 2995 2003 3051 ctelestes
2025 3011 2116 3051 co-

2220 1797 2341 1852 talis
2363 1798 2521 1853 faciet
2548 1799 2885 1868 longaevitate
2905 1799 3221 1867 profectum.

2783 1889 3112 1945 EPISTOLA
3157 1890 3218 1943 ll.

2253 1996 2406 2035 ΒΕΔΤΙ
2448 1997 2587 2035 Ανιτι
2628 1996 2953 2047 εριδροιιικΑι)
2985 1997 3278 2035 ιιιυετιιειι
3311 1997 3473 2038 νιιιυιι
3515 1998 3757 2037 ΔΚΙΕΙῐἸ.

2286 2070 2476 2126 Avitus
2503 2071 2787 2141 episcopus
2810 2074 2921 2127 viro
2952 2073 3114 2127 illusti
3131 2075 3315 2127 issimo
3338 2073 3541 2143 Arigio.

2292 2163 2417 2219 Scio
2444 2164 2658 2233 quidem
2706 2175 2917 2232 quantm
2945 2164 3247 2219 devotionis
3276 2165 3465 2220 afiectu
3502 2166 3582 2220 ire
3614 2181 3702 2221 me
3729 2166 3791 2219 ad

2219 2253 2351 2308 festa
2381 2258 2683 2310 communia
2731 2257 3000 2323 voluistis,
3031 2266 3398 2312 verumtamen
3447 2258 3517 2311 ita
3548 2267 3611 2311 ut
3636 2273 3792 2326 quem

2218 2349 2523 2416 gavisurum
2551 2347 2919 2401 tantummodo
2947 2347 3245 2413 vobiscum,
3294 2365 3397 2403 non
3430 2349 3635 2418 aliquid
3679 2364 3797 2415 pro-

2221 2438 2482 2505 fmnrum,
2505 2438 2726 2492 credere
2754 2437 3071 2493 debueritis.
3110 2439 3239 2493 Nam
3266 2455 3386 2493 cum
3419 2439 3569 2494 vobis
3610 2454 3797 2494 sacer-

2220 2527 2376 2583 dotes
2415 2537 2471 2583 et
2498 2533 2672 2597 magni
2706 2530 2898 2583 merito
2926 2539 2980 2585 et
3018 2530 3166 2584 multi
3199 2545 3421 2584 numero
3447 2530 3609 2599 digne
3638 2539 3796 2599 atque

2208 2621 2517 2675 ambienter
2554 2622 2909 2687 occurrerint,
2944 2637 3043 2691 ego
3090 2624 3240 2676 solus
3269 2623 3464 2677 damno
3507 2623 3794 2692 percellor,

2218 2712 2307 2781 qui
2335 2712 2624 2782 singularis
2660 2712 2869 2780 patroni
2901 2712 3106 2782 gaudiis
3137 2712 3397 2767 interesse
3428 2728 3529 2767 non
3562 2729 3795 2769 mereor.

2219 2804 2425 2868 Quibus
2445 2804 2490 2857 si
2523 2806 2808 2873 praesentia
2840 2820 2955 2859 mea
2997 2804 3288 2859 secundum
3319 2804 3650 2859 desiderium
3682 2821 3798 2875 pro-

2218 2894 2477 2958 venisset,
2508 2893 2647 2948 sicut
2667 2905 2977 2964 0ptaveram
3002 2896 3069 2950 de
3097 2895 3253 2951 laude
3280 2895 3408 2949 tanti
3437 2897 3619 2964 operis
3638 2912 3799 2967 quos-

2220 3002 2429 3057 cunque
2455 2986 2602 3058 digni
2625 2988 2889 3042 sermonis
2918 2988 3154 3042 audirem
3177 3032 3191 3057 ,
3224 2988 3315 3057 qui
3339 2990 3590 3044 omnibus
3633 3005 3800 3044 mem-

543 3091 704 3130 ronas
756 3086 1064 3148 contemptu
1118 3081 1299 3134 saeculi
1336 3057 1538 3136 calcata
1565 3057 1771 3140 —morte
1827 3084 2114 3153 festinam;
2143 3057 2190 3121 (ἶ
2224 3079 2335 3133 bris
2363 3057 2575 3133 fabricae
2604 3079 2848 3135 sublimis
2875 3080 3146 3149 inapectis,
3176 3090 3531 3150 congruenter
3578 3089 3801 3150 possent

543 3184 716 3237 neque
760 3171 986 3225 suadere
1042 3171 1289 3227 fidelibus
1333 3189 1618 3243 possumus
1646 3184 1701 3229 ut
1752 3177 1996 3247 coniugia
2037 3178 2119 3233 vel

542 3269 794 3329 parentes
824 3262 1098 3332 abjiciant,
1128 3278 1247 3317 cum
1299 3264 1553 3321 Dominus
1598 3266 1797 3321 clamet
1833 3269 1971 3337 quod
2013 3286 2117 3324 non

543 3354 698 3409 liceat
730 3354 931 3409 homini
959 3355 1227 3409 dimittere
1258 3371 1502 3411 uxorem.
1550 3356 1617 3410 Et
1659 3361 1796 3425 quod
1838 3360 1998 3426 Deus,
2034 3363 2119 3415 in—

541 3445 675 3512 quit,
730 3447 1016 3515 conjunxit,
1068 3448 1218 3499 homo
1250 3463 1349 3501 non
1402 3456 1598 3518 separet
1655 3450 1868 3519 (Matth.
1910 3469 2019 3519 XIX,
2050 3456 2117 3518 6;

544 3535 713 3589 Marc.
738 3553 792 3601 ι,
822 3537 899 3605 9).
933 3538 997 3591 Et
1018 3538 1305 3606 Apostolus
1336 3549 1660 3607 protestatur
1697 3542 1746 3609 (1
1770 3543 1905 3598 Tim.
1960 3561 2015 3611 v,
2062 3546 2118 3617 8)

542 3626 683 3695 quod
710 3626 800 3695 qui
822 3627 934 3681 suis
964 3637 1018 3682 et
1048 3629 1280 3684 maxime
1312 3631 1626 3701 pmpinquis
1658 3635 1925 3702 providet,
1958 3636 2117 3691 ﬁdem

542 3727 720 3788 neget,
747 3718 925 3787 sitque
954 3720 1193 3775 deterior
1221 3722 1440 3778 inﬁdeli.
1473 3725 1754 3781 Dominum
1784 3727 1996 3796 Petrus,
2021 3729 2121 3785 Pe-

545 3819 685 3865 trum
716 3813 915 3879 coniux
964 3813 1175 3881 propria
1223 3815 1566 3883 sequebatur.
1623 3817 1878 3874 Cessante
1914 3823 2119 3877 carnali

542 3917 662 3967 usu,
691 3902 940 3957 manebat
980 3904 1223 3972 spiritale
1270 3905 1541 3960 solatium.
1609 3908 1674 3962 Et
1728 3912 2020 3967 comitante
2061 3926 2120 3969 se

541 3992 753 4047 Andrea
782 4008 1056 4063 germano,
1085 4010 1182 4049 nec
1213 3994 1430 4050 fratrem
1454 4013 1553 4052 nec
1573 4015 1791 4054 uxorem
1815 4002 2116 4070 dimiserat,

542 4083 594 4138 in
625 4099 850 4153 quorum
901 4087 1251 4142 contubernio
1280 4086 1482 4144 Christi
1509 4093 1750 4162 vestigiis
1784 4094 2116 4151 adhaerebat.

538 4173 878 4245 Quapropter
903 4193 1160 4245 personas
1190 4178 1491 4250 hujusmodi
1537 4199 1641 4238 non
1689 4186 1879 4241 obesse
1936 4188 2114 4255 nobis,

539 4266 633 4321 sed
658 4266 913 4338 impedire
938 4272 1231 4327 timendum
1261 4275 1513 4330 est.Nam
1540 4291 1663 4330 cum
1691 4279 1915 4333 omnino
1944 4279 2120 4334 homi-

540 4374 667 4413 num
699 4362 903 4429 generi,
961 4364 1156 4427 ordini,
1208 4365 1452 4435 dignitati
1504 4366 1854 4424 obtinendum
1898 4370 2119 4426 caeleste

2222 3170 2490 3225 ascribere
2510 3171 2773 3225 conditori
2796 3171 2849 3225 in
2875 3172 3278 3240 diSpositionum
3301 3172 3555 3242 qualitate
3576 3173 3797 3241 elegan-

2223 3262 2371 3326 tiam,
2401 3264 2451 3316 in
2475 3279 2829 3331 expensnrum
2865 3264 3169 3331 profusione
3192 3264 3474 3332 jacturam,
3508 3265 3558 3317 in
3591 3263 3800 3317 dimen-

2220 3354 2428 3408 sionum
2460 3357 2664 3409 ratione
2686 3357 3050 3421 concordiam,
3071 3357 3123 3409 in
3148 3356 3333 3424 spatiis
3352 3355 3720 3420 dimisionem,
3748 3356 3798 3409 in

2221 3447 2541 3505 culminibus
2583 3448 2957 3503 celsitudinem
2980 3488 2994 3513 ,
3035 3450 3088 3502 in
3120 3448 3419 3502 humilitate
3455 3448 3797 3511 ﬁrmitatem,

2222 3542 2461 3610 espolire
2515 3542 2796 3611 praeconiis
2846 3555 3171 3595 marmorum
3219 3540 3551 3610 dignitatem,
3608 3540 3801 3609 quibus

2219 3646 2553 3700 gemmarum
2585 3646 2782 3687 nomen
2810 3631 2924 3686 sola
2968 3630 3351 3701 magnitudinis
3383 3630 3531 3684 tollat
3555 3630 3758 3685 invidia
3784 3671 3798 3697 ,

2221 3724 2505 3777 collectum
2535 3723 2768 3790 quodam
2817 3721 2976 3776 modo
3016 3731 3175 3791 atque
3226 3722 3487 3776 inclusum
3534 3721 3799 3776 industria

2221 3813 2382 3881 diem,
2403 3814 2767 3869 emolumento
2788 3815 3123 3868 metallorum
3146 3814 3539 3884 splendentium
3569 3814 3694 3869 luce
3716 3830 3801 3869 ve-

2220 3908 2417 3976 getari,
2466 3906 2657 3977 bisque
2697 3907 2944 3961 omnibus
2996 3909 3206 3978 pompis
3251 3908 3410 3977 digne
3456 3907 3645 3961 inferri
3678 3906 3799 3961 reli-

2219 4000 2390 4070 quias,
2416 3999 2605 4070 quibus
2629 3999 2859 4054 mundus
2888 3999 3131 4069 indignus
3155 4008 3254 4054 est.
3283 3999 3407 4054 Haec
3436 3999 3598 4066 igitur
3621 4013 3788 4067 exag-

2218 4092 2453 4164 geranda
2500 4093 2806 4147 melioribus
2832 4092 2954 4162 jure
2992 4106 3387 4147 concesseram.
3416 4090 3801 4145 Verumtamen

2219 4183 2546 4253 peculiarem
2578 4183 2678 4238 sibi
2710 4183 3014 4238 mercedem
3044 4198 3198 4236 suam
3241 4196 3421 4236 sermo
3449 4196 3603 4235 meus
3631 4180 3803 4235 fuerat

2221 4276 2603 4342 vindicaturus,
2634 4275 2877 4329 recolens
2900 4276 3081 4344 utique
3105 4283 3313 4341 tempus
3336 4273 3463 4327 illud
3490 4270 3635 4342 quod
3666 4272 3804 4325 inter

2221 4367 2544 4423 saevissimas
2566 4367 3027 4437 perturbationum
3050 4367 3343 4435 procellas,
3373 4380 3492 4420 cum
3516 4366 3641 4419 facti
3672 4382 3802 4433 0pc-

540 4465 760 4521 regnum
788 4452 1006 4508 divinus
1025 4469 1201 4509 sermo
1224 4466 1507 4523 proponat,
1529 4467 1612 4512 est
1636 4460 1953 4515 temerarius
1982 4475 2118 4528 praa-
2143 4431 2199 4493 D
2224 4457 2299 4513 ris
2331 4459 2536 4512 firmam
2560 4458 2884 4512 soliditatem
2916 4457 3064 4523 quasi
3098 4456 3484 4526 gubernatores
3526 4456 3713 4511 invicti
3739 4455 3800 4507 ad

541 4541 766 4608 dicator,
800 4543 1105 4598 necessitati
1155 4546 1456 4615 principum
1499 4562 1618 4616 quae
1649 4563 1875 4618 regnum
1921 4548 2116 4604 divinis

542 4632 758 4687 nutibus
811 4633 1168 4700 administrat,
1217 4635 1261 4688 si
1309 4636 1490 4689 omnia
1526 4653 1646 4706 qua:
1694 4654 1855 4708 supra
1884 4638 2116 4695 diximus

542 4724 886 4793 relinquenda
943 4729 1208 4792 suaserit;
1247 4743 1369 4783 cum
1428 4740 1605 4785 tamen
1656 4732 1815 4786 etiam
1872 4734 2116 4801 personis

542 4813 700 4882 hujus
729 4815 980 4870 culminis
1010 4827 1343 4887 contemptus
1376 4820 1557 4874 mundi
1588 4822 1821 4891 suggeri,
1854 4834 1909 4877 et
1947 4824 2113 4879 caelo-

542 4916 657 4955 rum
682 4918 900 4972 regnum
921 4907 1238 4974 repromitti,
1266 4910 1541 4976 Apostolo,
1561 4911 1695 4964 sicut
1713 4912 1969 4981 recolitis,
1996 4928 2112 4982 pro-

543 5004 771 5051 tcstante
807 4997 1157 5068 locupletibus
1184 5002 1233 5072 (Ι
1273 5002 1403 5057 Tim.
1430 5020 1501 5070 vt,
1560 5003 1775 5074 17-19),
1818 5015 1875 5061 ut
1920 5007 2113 5063 divites

542 5086 649 5140 sint
674 5088 723 5140 in
747 5088 999 5157 operibus
1023 5089 1198 5156 bonis,
1223 5106 1274 5146 et
1301 5094 1658 5149 thesaurizeut
1677 5096 1775 5150 sibi
1803 5097 2113 5153 fundamen-

542 5188 652 5232 tum
685 5179 901 5244 honum,
938 5193 994 5236 ut
1022 5185 1422 5253 apprehendant
1454 5204 1630 5243 veram
1676 5191 1859 5245 vitam.
1910 5191 2112 5259 Quibrs

542 5271 829 5324 secundum
860 5274 994 5328 hanc
1020 5279 1336 5332 sententiam
1364 5296 1608 5350 agrorum
1632 5282 1744 5337 sive
1768 5284 2031 5338 reditnum
2058 5292 2109 5338 tl

543 5362 797 5428 prodesse
823 5378 951 5417 usus
982 5368 1193 5433 poterit,
1220 5371 1262 5423 si
1289 5386 1391 5424 non
1427 5374 1669 5428 nocuerit
1697 5376 1986 5443 appetitus.
2021 5375 2114 5428 Est

543 5463 720 5507 tamen
774 5463 828 5509 et
862 5456 1003 5510 aliud
1049 5461 1347 5517 sanctitatis
1374 5479 1560 5532 genus,
1601 5466 1655 5520 in
1682 5481 1788 5534 quo
1828 5468 1871 5520 si
1902 5475 2113 5533 tempus

543 5544 927 5609 persecutionis
984 5548 1238 5616 assistat,
1282 5559 1594 5626 martyrium
1632 5558 1894 5625 quoddam
1952 5558 2110 5626 plena

536 5633 802 5690 confessio
825 5646 981 5706 queat
1006 5638 1222 5695 imitari.
1268 5643 1321 5698 Si
1364 5647 1485 5714 quis
1528 5646 1671 5702 enim
1703 5648 1970 5716 antiquam
2004 5662 2102 5717 pa-

2222 4549 2573 4604 dedicationis
2596 4561 2809 4619 portum
2833 4547 3389 4603 circumstridentibus
3413 4546 3651 4614 undique
3674 4561 3804 4598 nan-

2222 4641 2511 4711 fragiorum
2539 4642 2752 4696 casibus
2795 4641 3014 4709 impune
3041 4640 3300 4706 duxistis,
3332 4656 3437 4703 me,
3472 4652 3524 4693 ut
3557 4656 3623 4694 ex
3656 4655 3803 4695 coin-

2220 4734 2369 4789 muni
2423 4735 2741 4789 necessitate
2796 4734 3061 4799 recolitis,
3113 4749 3209 4801 pro
3261 4732 3469 4802 gaudiis
3526 4733 3804 4802 lacrymas

2221 4827 2554 4895 dependente
2578 4840 2592 4882 :
2613 4827 2695 4880 cui
2728 4840 2848 4879 cum
2883 4825 3055 4894 ipsum
3082 4833 3416 4895 praematura:
3441 4824 3804 4876 innovationis

2223 4918 2437 4983 ardore,
2455 4932 2736 4973 causarum
2779 4919 2987 4973 ratione
3014 4917 3228 4980 lilirata,
3256 4930 3363 4969 non
3396 4914 3574 4968 minus
3604 4929 3807 4983 conge-

2222 5025 2341 5065 rere
2368 5010 2567 5064 suadeo
2587 5025 2744 5079 qnam
2796 5010 3074 5077 plangere:
3107 5007 3229 5075 quia
3262 5022 3365 5060 non
3393 5014 3449 5059 ut
3488 5014 3675 5075 nuptae
3715 5004 3806 5058 tali

2224 5114 2423 5168 sponso
2446 5101 2531 5155 cui
2562 5110 2712 5169 pacta
2760 5099 2951 5165 fuerat,
2994 5098 3431 5167 quahtercunque
3468 5094 3763 5165 jungenda:
3788 5138 3802 5161 ,

2222 5192 2321 5248 etsi
2361 5193 2492 5246 satis
2535 5190 2979 5246 desiderabantur
3023 5198 3318 5243 Strumenta
3366 5187 3627 5251 cultuum,
3687 5185 3810 5254 plus

2224 5292 2400 5337 tamen
2451 5282 2723 5336 formidari
2773 5280 3011 5349 oportuit
3064 5281 3170 5333 tela
3201 5288 3499 5347 raptorum.
3537 5276 3807 5343 Quocirca

2222 5372 2305 5427 his
2351 5373 2597 5427 omnibus
2627 5371 2852 5425 consilio
2900 5372 3160 5439 pensatis,
3206 5371 3453 5422 mutastis
3496 5366 3596 5420 viri
3655 5366 3812 5420 fortis

2219 5464 2535 5520 constantiae
2556 5478 2743 5534 genus,
2758 5473 2811 5518 et
2828 5464 3153 5532 deponentes
3174 5478 3278 5532 quo
3298 5461 3597 5529 adpessime
3615 5457 3812 5529 [Forte

2218 5556 2494 5627 aptissimel
2524 5556 2729 5612 floretis
2763 5557 3037 5611 szecularis
3065 5556 3290 5611 ducatus
3319 5550 3619 5617 audaciam,
3650 5550 3811 5618 quid-

2219 5650 2341 5719 quid
2368 5650 2433 5704 ab
2458 5648 2679 5705 adversa
2714 5658 2860 5718 parte
2888 5647 3211 5703 discriminis
3243 5646 3583 5712 incubuerat,
3608 5642 3815 5696 timore
