4024 6176
186 309 279 365 585

712 304 768 358 S.
813 301 996 358 AVlTl
1037 302 1459 358 FRAGMENTA
1501 303 1675 359 LIBRI
1719 304 1806 360 DE
1848 303 2239 359 DIVINlTATE
2278 304 2589 361 SPllllTL’S
2628 306 2889 363 SANGTI.

3326 312 3432 368 586

183 420 387 478 vicistis.
413 421 749 490 Quapropter
775 421 950 475 omnis
976 421 1063 489 qui
1097 420 1287 474 viderit
1308 434 1489 474 coram
1519 422 1741 488 positam
1770 426 1825 484 Α
1848 420 2147 475 absentium
2166 430 2247 476 est
2264 436 2421 490 quam
2437 421 2777 490 praesentium
2795 420 2985 476 officiis
2997 422 3429 497 celcbratc(sic).

176 514 568 583 jocnnditatetn,
601 512 779 567 laudet
803 512 1126 582 praeteritam
1156 512 1575 567 festinationem.
1608 513 1749 567 Con-

180 604 314 659 venit
339 603 781 672 dispositionibus
808 603 1000 657 vestris
1028 616 1178 671 rapta
1219 602 1286 656 de
1314 602 1638 658 adversitate
1667 617 1749 657 ses

177 699 383 752 curitas.
416 695 555 751 Ante
572 696 752 751 decuit
779 706 1017 751 nostrum
1042 697 1180 762 fieri,
1205 697 1350 767 quod
1374 696 1549 751 taliter
1577 696 1748 753 libue-

176 798 250 843 rat
269 789 463 843 ornari.
503 788 615 858 Ego
663 798 841 841 autem
875 798 934 842 ut
975 787 1165 841 horum
1198 788 1359 840 modo
1394 789 1599 843 visione
1639 803 1746 843 non

181 884 429 951 perirnar,
460 891 512 936 et
543 898 663 951 qua:
691 898 851 936 causa
877 882 1061 947 faciat,
1105 891 1161 937 et
1192 881 1399 936 nobiles
1428 882 1660 951 patroni,
1690 891 1747 937 et

173 979 343 1042 quales
369 974 581 1041 arbitri,
613 974 821 1029 etiamsi
872 983 1141 1042 taceatur,
1172 972 1469 1029 advertitis.
1516 973 1746 1043 Aposto-

176 1071 337 1123 lorum
363 1082 593 1136 namque
614 1067 876 1121 festivitas
899 1066 1291 1122 Viennensibus
1312 1065 1527 1135 quidem
1550 1065 1743 1121 vestris

172 1162 301 1215 inter
328 1175 562 1213 annuum
605 1159 918 1229 martyrium
949 1158 1063 1213 dies
1105 1158 1356 1226 peculiari
1381 1157 1559 1213 studio
1587 1157 1736 1213 vivit.

169 1252 341 1306 Habeo
393 1250 734 1320 pnesentiam
788 1250 1033 1318 tempori,
1077 1265 1185 1319 quo
1237 1250 1344 1304 diei
1372 1250 1636 1319 passionis
1662 1249 1742 1303 fa-

168 1342 377 1397 briculzn
406 1357 565 1411 quam
597 1344 768 1396 nostis
813 1342 1026 1396 videtur
1056 1341 1288 1410 iniuncta
1332 1355 1451 1396 esse
1471 1339 1740 1395 dedicatio

168 1437 397 1490 virorum
418 1479 433 1502 ,
466 1438 591 1504 quia
622 1435 757 1490 nihil
800 1446 885 1490 est
917 1436 982 1488 ad
1023 1435 1162 1503 quod
1186 1434 1423 1489 animum
1448 1449 1625 1489 meum
1650 1448 1741 1489 ve—

167 1536 269 1580 ster
298 1526 574 1580 destinare
620 1541 726 1580 non
759 1528 929 1595 possit
972 1528 1216 1579 all'ecms.
1263 1525 1539 1579 Excusans
1573 1525 1740 1595 plebi-

167 1616 293 1669 culte
337 1615 673 1679 absentiam,
707 1631 879 1671 meam
926 1626 1309 1684 anteponerem
1365 1615 1739 1670 consuetudini

168 1706 611 1776 singularitatem,
646 1707 769 1771 nisi,
796 1717 851 1760 ut
882 1707 1070 1773 nostis,
1120 1709 1169 1761 in
1198 1707 1327 1777 ip-is
1360 1707 1737 1775 pwttitentibus

164 1800 351 1853 nostris
383 1798 561 1853 fervor
589 1809 847 1868 appetens
875 1798 1058 1852 vitium
1102 1799 1334 1853 vicinum
1367 1799 1454 1852 diu
1488 1801 1742 1854 tormaret
1773 1792 1820 1851 B
1848 1769 2077 1831 ν¹⁸¹¹ί⁸⁸⁶

167 1899 315 1958 atque
341 1890 623 1959 strepitum
646 1905 660 1955 ;
689 1904 809 1944 cum
831 1905 861 1944 e
891 1890 1086 1943 nostris
1110 1891 1328 1943 ambitio
1350 1890 1579 1955 aliquos,
1602 1889 1736 1942 alios

165 1980 465 2036 sollicitudo
500 1981 896 2037 adolescentior
919 2023 934 2047 ,
970 1982 1168 2036 multos
1207 1981 1329 2051 gula
1362 1992 1591 2037 tractura
1646 1983 1736 2035 sit.

162 2072 365 2127 Veritus
394 2086 513 2126 sum
543 2087 610 2126 ne
657 2070 793 2127 forte
833 2073 876 2126 si
909 2073 991 2127 vel
1039 2088 1235 2142 paucos
1278 2074 1365 2142 qui
1391 2073 1565 2128 forent
1602 2085 1738 2143 quos

162 2166 324 2221 aliena
383 2165 748 2233 declinantes,
799 2182 913 2221 suae
962 2168 1132 2236 magis
1176 2166 1451 2221 festivitati
1500 2165 1736 2220 studium

161 2257 581 2312 mansuetudinis
624 2268 959 2328 aggregaret,
1010 2258 1147 2326 apud
1178 2258 1386 2327 aliquos
1414 2257 1648 2324 animus,
1679 2266 1741 2312 ut

158 2351 283 2405 Solet
309 2351 365 2404 in
390 2350 482 2404 tali
508 2351 826 2415 turbatione,
858 2359 1032 2405 motus
1052 2351 1134 2404 isti
1154 2350 1303 2418 quasi
1330 2366 1422 2419 per
1441 2349 1737 2404 absentiam

160 2458 345 2505 meam,
397 2456 465 2497 eo
493 2442 584 2497 die
632 2457 824 2497 cursus
859 2453 1057 2497 nostra}
1107 2442 1407 2498 devotionis
1464 2450 1740 2510 putaretur

159 2532 346 2599 omitti,
378 2546 486 2602 quo
510 2532 736 2587 diversae
777 2542 955 2601 partes
987 2533 1301 2588 videbantur
1332 2532 1556 2588 institui.
1586 2532 1740 2588 Unde

159 2627 554 2683 excusationem
584 2643 874 2683 meremur.
903 2629 959 2685 Si
989 2630 1248 2684 rationem
1280 2629 1379 2684 rite
1426 2630 1737 2700 agnovistis,

159 2719 436 2786 ignoscite,
484 2733 824 2776 communem
856 2721 1198 2777 festivitatem
1237 2723 1630 2792 praeteritorum
1657 2736 1740 2777 re-

159 2812 486 2875 cordatione,
520 2812 860 2878 praesentium
895 2814 1220 2879 plenitudine
1270 2814 1599 2883 cognoscite,
1633 2824 1739 2867 tam

1850 508 2075 565 Conﬁdo
2095 511 2162 566 de
2189 510 2555 567 misericordia
2587 512 2679 567 Dei
2710 512 2877 566 nostri
2920 514 3063 582 quod
3110 516 3271 569 etiam
3302 517 3432 571 mihi

1851 602 1902 657 in
1931 602 2034 658 hoc
2058 606 2178 658 loco
2206 603 2635 673 quandocunque
2658 606 3008 672 opportunius
3034 606 3181 659 verbi
3211 616 3435 675 praema-

1848 694 1926 747 bit
1954 693 2182 761 aditum,
2207 694 2401 764 quibus
2427 695 2714 763 geminatae
2753 695 3171 751 consecrationis
3197 698 3434 753 ornatio-

1849 800 1961 839 rem
1993 786 2262 840 cOncessit
2286 784 2557 840 ell'ectutn.

2408 896 2742 953 EPISTULA
2786 897 2870 953 ΙΙΙ.

1920 1026 2077 1065 ΒΕΑΤΙ
2117 1026 2266 1065 Ανιτι
2306 1025 2539 1064 εριεεορι
2579 1027 2646 1064 ΔΙ)
2685 1026 2997 1066 STEPHANI)!
3039 1027 3352 1067 Βριεεορωι.

1917 1121 2107 1176 Avitus
2132 1122 2414 1191 episcOpus
2440 1120 2715 1190 Stephano
2737 1123 3016 1191 episcopo.

1915 1212 2044 1267 Post
2073 1222 2311 1266 sanctam
2345 1211 2720 1279 festivitatem,
2744 1229 2902 1281 quam
2951 1214 3075 1270 licet
3101 1215 3245 1269 avidi
3275 1224 3433 1285 atque

1845 1304 2013 1368 anxii,
2067 1312 2249 1357 vestro
2294 1311 2472 1358 tamen
2523 1304 2825 1358 interventu
2866 1304 3162 1376 'divinaque
3210 1308 3433 1361 tuitione

1848 1396 2226 1464 transivimus,
2258 1394 2441 1449 debito
2489 1392 2774 1448 famulatus
2820 1395 3081 1465 obsequio
3128 1411 3193 1451 ac
3233 1397 3433 1451 sedula:

1844 1486 2221 1542 sollicitudinis
2251 1486 2536 1543 devotione
2564 1488 2849 1552 servimus,
2881 1488 3141 1557 quidquid
3182 1488 3310 1543 illud
3337 1504 3433 1543 no-

1845 1577 2051 1632 biscum
2075 1578 2279 1633 merita:
2318 1578 2624 1646 asperitatis
2651 1586 2764 1642 est,
2807 1578 2968 1632 solari
3015 1586 3232 1644 vestrae,
3274 1594 3432 1648 quam

1849 1669 1986 1722 Deus
2043 1684 2257 1737 semper
2308 1678 2534 1738 augeat,
2590 1669 2967 1738 prosperitatis
3019 1669 3292 1739 agnitione
3335 1683 3432 1722 cu-

2410 1850 2745 1907 EPISTOLA
2783 1850 2872 1905 IV.

2016 1977 2154 2016 AVITI
2196 1977 2423 2016 EPISCOPI
2464 1979 2529 2016 AD
2580 1978 2883 2017 διιεςοῐιιωι
2926 1976 3231 2017 EPISCOPUM.

1912 2077 2098 2131 Avitus
2126 2076 2412 2146 episcopus
2441 2076 2704 2149 Gregorio
2731 2078 3007 2147 episcopo.

1914 2168 2047 2223 Meis
2078 2168 2255 2237 potius
2276 2167 2489 2224 ascribo
2522 2169 2777 2237 peccatis,
2819 2168 2961 2238 quod
2990 2183 3086 2222 vos
3113 2167 3179 2222 ad
3206 2168 3358 2237 dispo
3390 2167 3432 2223 ἰσ

1846 2261 2045 2316 tionem
2075 2262 2328 2331 piissima:
2368 2261 2656 2316 voluntatis
2688 2263 2931 2330 corporis
2971 2261 3301 2330 inaequalitas
3329 2263 3430 2315 im-

1846 2351 2065 2420 pedivit,
2097 2367 2404 2422 quanquam
2440 2361 2697 2409 consueta
2729 2351 2967 2421 dignatio
2995 2351 3234 2405 oratione
3257 2365 3355 2405 nos
3377 2361 3431 2406 et

1845 2444 2118 2499 oblatione
2157 2444 2409 2498 comitata
2460 2445 2548 2497 sit.
2582 2442 2732 2498 Unde
2763 2441 3102 2497 salutationis
3129 2441 3301 2497 officia
3331 2455 3424 2509 pa-

1842 2534 1965 2604 gina
1992 2533 2283 2590 famulante
2315 2534 2647 2603 persolvens,
2681 2548 2842 2604 supra
2871 2549 3029 2604 quam
3060 2540 3312 2589 sermone
3341 2548 3434 2586 va-

1847 2627 1934 2682 leo
1956 2627 2158 2697 gratias
2181 2641 2303 2696 ago,
2331 2626 2474 2697 quod
2506 2626 2854 2682 festivitatem
2877 2634 3115 2681 nostram
3148 2624 3308 2695 pleno
3334 2638 3431 2678 vos

1843 2717 2114 2774 desiderio
2166 2719 2461 2785 sitientem,
2491 2718 2652 2774 etiam
2691 2719 2738 2774 si
2781 2733 2887 2775 non
2915 2719 3149 2774 satiastis
3192 2731 3432 2788 praesen-

1846 2814 1939 2878 tia,
1971 2813 2235 2870 refecistis
2258 2828 2515 2883 expensa.
2573 2838 2595 2863 ι

358 3166 386 3195 ³
419 3170 1035 3251 FRAGMENTA
1086 3170 1351 3250 LIBRI
1404 3171 1534 3247 DE
1584 3170 2184 3251 DIVINITATE
2243 3169 2707 3248 SPIBITUS
2757 3168 3143 3249 SANCTI.

230 3584 459 3641 Sanctus
488 3585 664 3640 Avitus
690 3586 743 3640 in
773 3584 865 3639 illo
893 3585 1022 3640 libro
1043 3602 1189 3655 quem
1225 3587 1287 3641 de
1316 3586 1593 3642 Divinitate
1623 3588 1744 3659 Spi-
1773 3589 1819 3652 C
1852 3603 1955 3644 non
1985 3588 2213 3645 dicendo
2242 3590 2507 3660 processit,
2536 3592 2631 3646 sed
2658 3590 2908 3663 procedit,
2936 3606 3043 3647 non
3077 3600 3288 3662 tempus
3316 3609 3438 3664 pro-

162 3677 281 3731 ritus
306 3678 475 3731 sancti
502 3686 682 3731 contra
704 3676 1081 3732 Gundobadum
1120 3680 1372 3733 Arianum
1418 3696 1587 3750 regem
1610 3681 1740 3734 scri-

164 3768 275 3836 psit,
308 3769 687 3837 processionem
718 3768 946 3839 Spiritus
990 3770 1153 3823 sancti
1179 3787 1211 3823 a
1240 3770 1399 3824 Patre
1427 3780 1473 3825 et
1500 3770 1641 3825 Filio
1668 3771 1743 3825 ita

163 3866 405 3920 declarat.

225 3955 254 3994 ιν
278 3955 358 4010 De
387 3955 669 4011 divinitate
712 3956 944 4026 Spiritus
984 3956 1177 4023 sancti,
1208 3970 1366 4026 quem
1400 3970 1500 4010 nec
1546 3956 1743 4010 factum

164 4046 414 4118 legimus,
443 4063 544 4103 nec
571 4048 831 4118 genitum,
858 4062 959 4103 nec
988 4058 1250 4114 creatum,
1297 4046 1437 4101 Deus
1465 4055 1569 4113 est,
1604 4046 1745 4101 Deus

163 4141 247 4208 qui
289 4150 551 4210 operatur
596 4143 776 4195 omnia
826 4141 879 4196 in
928 4141 1198 4196 omnibus.
1230 4140 1297 4194 Et
1333 4140 1525 4195 eodem
1583 4139 1741 4194 loco:

166 4231 350 4287 Omnia
376 4243 549 4287 autem
569 4232 677 4287 quc
699 4243 940 4303 operatur
960 4248 1093 4286 unus
1122 4240 1271 4301 atque
1307 4232 1443 4286 idem
1474 4230 1703 4302 Spiritus
1723 4271 1741 4298 ,

165 4323 389 4377 dividens
415 4324 635 4393 singulis
664 4332 818 4391 prout
848 4323 953 4376 uult
981 4320 1032 4393 (Ι
1056 4322 1175 4377 Cor.
1204 4338 1299 4385 stt,
1326 4321 1434 4393 ll).
1469 4322 1534 4376 Et
1554 4320 1747 4376 Petrus

166 4414 217 4468 in
246 4413 472 4469 Actibus
498 4415 865 4483 apostolorum
893 4430 909 4469 :
950 4413 1089 4480 Quid
1117 4414 1369 4478 convenit,
1394 4414 1592 4483 inquit,
1615 4413 1747 4467 inter

166 4526 247 4563 ros
276 4509 478 4562 mentiri
512 4507 736 4575 Spiritui
756 4517 933 4561 sancto
958 4508 1097 4577 (Act.
1121 4522 1176 4572 v,
1200 4504 1256 4576 5)
1279 4506 1302 4553 Ἰ
1338 4505 1404 4559 Et
1432 4513 1551 4573 post
1578 4522 1589 4557 :
1621 4504 1745 4558 Non

166 4617 214 4654 es
242 4600 479 4653 mentitus
511 4599 820 4665 hominibus,
863 4600 951 4651 sed
984 4598 1090 4652 Deo
1137 4596 1327 4666 (lbid.,
1374 4596 1452 4667 4).
1486 4596 1613 4651 Item
1640 4597 1748 4652 alio

167 4692 277 4745 loco
302 4710 315 4743 :
345 4689 569 4744 Nescitis
594 4689 714 4759 quia
735 4689 980 4759 templum
1016 4686 1111 4742 Dei
1135 4690 1271 4752 estis,
1313 4698 1361 4742 et
1388 4688 1621 4757 Spiritus
1651 4689 1747 4743 Dei

167 4783 355 4835 habitat
378 4783 433 4835 in
461 4781 597 4835 vobis
628 4779 683 4851 (Ι
700 4780 818 4836 Cor.
846 4796 926 4845 tu,
955 4780 1043 4849 16)
1062 4782 1083 4834 ?
1104 4781 1172 4835 Et
1201 4781 1325 4835 alibi
1350 4797 1365 4835 :
1400 4780 1458 4836 Si
1486 4782 1598 4850 quis
1621 4780 1745 4850 Spi-

163 4877 311 4927 ritum
345 4874 439 4928 Dei
463 4891 565 4928 non
589 4873 761 4939 habet,
802 4874 885 4927 hic
914 4891 1014 4927 non
1045 4884 1117 4928 est
1146 4875 1257 4941 eius
1290 4872 1469 4944 (Rom.
1522 4889 1632 4938 vttt,
1660 4870 1739 4943 9).

1850 3681 2089 3735 cedentis
2116 3681 2317 3747 docuit,
2348 3682 2443 3739 sed
2487 3683 2758 3753 praeterito
2810 3683 3097 3755 lutumque
3141 3685 3390 3740 submoto
3416 3728 3433 3753 ,

1846 3773 1947 3828 sub
1975 3773 2381 3829 interminabilis
2404 3776 2701 3830 aeternitate
2724 3777 3024 3845 prtesentiae
3046 3776 3296 3831 virtutem
3319 3791 3437 3845 pro-

1849 3864 2111 3920 cessionis
2163 3867 2437 3931 ostendit;
2492 3876 2550 3921 ut
2593 3866 2733 3921 sicut
2775 3878 2858 3922 est
2890 3869 3162 3938 proprium
3216 3868 3437 3938 Spiritui

1851 3969 2038 4013 sancto
2063 3974 2090 4013 a
2124 3958 2283 4013 Patre
2320 3960 2566 4027 Filioque
2616 3960 2947 4031 procedere,
2986 3962 3124 4016 istud
3176 3962 3437 4016 catholica

1849 4047 2007 4114 ﬁdes,
2037 4048 2247 4102 etiamsi
2278 4048 2626 4104 renuentibus
2666 4065 2772 4104 non
2810 4051 3185 4120 persuaserit,
3229 4050 3282 4106 in
3323 4065 3434 4104 suae

1850 4149 2027 4196 tamen
2059 4140 2355 4211 disciplina:
2390 4141 2571 4210 regula
2603 4156 2712 4198 non
2738 4141 2973 4199 excedit.

2453 4287 2583 4327 ΙΤΕΙ
2625 4285 2833 4328 Αγιτυε.

1919 4407 2172 4477 Spiritum
2203 4414 2449 4463 sanctum
2480 4422 2633 4477 aeque
2671 4406 2840 4461 Patris
2870 4415 2923 4462 et
2969 4405 3089 4461 Filii
3118 4419 3240 4461 esse
3265 4406 3434 4460 conti-

1850 4506 1991 4562 teor,
2023 4513 2254 4567 eumque
2283 4512 2312 4551 a
2344 4498 2497 4552 Patre
2529 4498 2615 4553 vel
2645 4498 2781 4552 Filio
2805 4497 3051 4551 similiter
3080 4496 3215 4550 mitti
3249 4513 3261 4548 :
3291 4496 3433 4566 quod

1849 4605 2059 4645 mecum
2115 4591 2314 4659 prolata
2355 4604 2567 4659 quoque
2620 4589 2865 4657 Apostoli
2914 4589 3179 4643 sententia
3227 4587 3437 4642 videtur

1850 4684 2193 4752 approbasse.
2245 4682 2376 4737 Nam
2420 4683 2683 4752 legimus:
2721 4681 3047 4746 Paraclitus,
3084 4698 3234 4751 quem
3274 4682 3436 4735 mittet

1855 4774 2015 4828 Pater
2042 4776 2096 4828 in
2126 4775 2327 4828 nomine
2374 4792 2483 4829 meo
2510 4774 2701 4846 (Jonn.
2752 4790 2860 4839 xw,
2893 4774 3009 4844 26).
3043 4774 3107 4827 Et
3132 4774 3238 4828 alio
3270 4773 3387 4826 loco
3421 4791 3433 4826 ;

1854 4866 2015 4932 Quem
2045 4884 2136 4936 ego
2165 4868 2362 4920 mittam
2403 4869 2541 4922 vobis
2572 4884 2603 4919 a
2646 4867 2801 4920 Putre
2826 4866 3007 4937 (Joan.
3038 4882 3125 4931 xv,
3172 4866 3287 4933 26).
3332 4864 3437 4919 Nec

162 4964 265 5021 Nos
289 4981 425 5023 vero
452 4965 712 5037 Spiritum
733 4976 974 5021 sanctum
1011 4967 1241 5022 dicimus
1265 4981 1294 5019 a
1327 4965 1464 5020 Filio
1493 4973 1548 5021 et
1585 4965 1745 5020 Patre
1771 4961 1825 5022 D
1852 4969 2027 5015 tamen
2053 4969 2109 5014 ut
2152 4976 2320 5030 nuper
2374 4961 2549 5015 ltabi=a
2590 4960 2696 5015 coll
2735 4961 2952 5014 cutione
2986 4969 3007 4997 ο
3052 4958 3395 5012 tractavimus
3421 4998 3437 5022 ,

163 5059 474 5126 procedere.

518 5144 641 5183 IDEII
682 5142 872 5183 AVITUS
910 5144 960 5182 IN
991 5144 1164 5184 EODEM
1204 5144 1381 5185 LIBRO.

226 5240 345 5309 Ipse
364 5248 513 5296 certe
539 5254 634 5309 per
653 5254 712 5294 se
747 5240 1022 5308 Dominus,
1057 5240 1333 5309 Spiritum,
1364 5238 1556 5310 inquit,
1608 5239 1741 5293 veri-

156 5334 274 5386 tatis
295 5333 383 5402 qui
414 5348 446 5385 a
479 5330 638 5386 Patre
685 5332 912 5401 procedit
952 5330 1128 5401 (Joau.
1174 5347 1262 5398 xv,
1293 5330 1408 5403 26).
1449 5331 1734 5386 Enimvero

220 5620 247 5648 ι
278 5610 369 5665 Vir
388 5610 595 5669 alarias.
618 5610 922 5681 Stephanus
938 5610 1182 5666 Baluzius
1204 5611 1255 5665 in
1283 5612 1575 5667 Miscellan.
1596 5611 1685 5667 lib.
1721 5628 1737 5665 ι

152 5680 266 5737 haec
302 5682 594 5751 fragmenta
621 5680 787 5737 edidit
816 5697 884 5736 ex
919 5684 1083 5738 veteri
1115 5682 1298 5738 codice
1329 5698 1433 5739 nis.
1466 5692 1737 5737 monaste-

149 5755 209 5812 rii
240 5756 426 5807 Sancti
460 5753 595 5807 Galli
634 5755 685 5807 in
717 5752 981 5808 Helvetia.

1852 5056 2113 5111 scinditur
2141 5072 2243 5110 una
2276 5071 2623 5125 personarum
2654 5055 2975 5109 discretione
2998 5053 3280 5107 Divinitas.
3304 5050 3435 5117 Quia

1849 5147 1894 5202 si
1924 5148 2175 5217 Spiritus,
2206 5157 2263 5200 ut
2292 5148 2662 5215 acquiescitis,
2696 5161 2723 5197 a
2753 5146 2910 5199 Patre
2935 5143 3179 5213 Filioque
3211 5143 3291 5195 vel
3319 5141 3437 5193 mit~

1852 5242 1980 5296 titur
2032 5243 2116 5297 vel
2163 5241 2423 5312 procedit,
2477 5257 2584 5296 non
2639 5248 2815 5311 potest
2866 5239 3064 5293 missus
3112 5239 3434 5303 mittenSqne

1850 5333 2082 5400 misceri,
2114 5341 2168 5388 et
2197 5348 2261 5388 ex
2292 5348 2399 5403 quo
2440 5332 2682 5402 procedit
2710 5330 3112 5401 procedensque
3152 5326 3431 5384 confundi.

1916 5614 1944 5653 ι)
1981 5614 2107 5669 Vide
2133 5628 2292 5681 supra
2325 5612 2517 5667 Alcnni
2541 5625 2760 5682 operum
2784 5611 3081 5682 fragmenta
3107 5624 3253 5663 num.
3283 5608 3370 5661 15.

1919 5686 2051 5755 ¢_Ea
2076 5680 2288 5740 collatio
2308 5692 2391 5739 est
2422 5698 2540 5752 qua:
2564 5680 2821 5751 sequitur.
