4024 6176
540 318 635 371 587

1288 309 1378 363 AD
1418 306 1929 362 SIRYJONDIAVAM
1971 304 2150 359 AVITI
2194 302 2555 357 EDITIONEM
2600 300 3017 357 AUCTARIUU.

3693 302 3788 357 388

1309 515 1986 627 "COLLATIO
2041 519 2981 657 EPISCOPORUM,

974 723 1621 799 PBJZSERTIM
1692 721 2009 794 AVITI
2080 719 2738 792 VIENNENSIS
2811 721 3350 817 EPISCOPI,

1286 874 1521 932 CORAM
1580 872 1763 929 REGE
1821 870 2279 930 GUNDEBALDO
2328 872 2688 929 ADVERSUS
2743 873 3055 929 ARIANOS.

614 1104 929 1160 Providente
950 1100 1174 1155 Domino
1204 1098 1453 1153 Ecclesia:
1478 1111 1610 1161 sum,
1636 1107 1690 1151 et
1714 1098 2007 1165 inspirante
2028 1112 2121 1164 pro
2152 1103 2199 1157 Α
2228 1097 2492 1152 habebitis
2516 1107 2569 1152 et
2596 1112 2716 1153 cum
2746 1098 2980 1166 cmteris,
3010 1106 3063 1151 et
3088 1112 3191 1150 non
3217 1097 3585 1166 praevalebunt
3608 1097 3796 1155 inimici

545 1197 713 1249 salute
762 1195 925 1246 totius
953 1194 1125 1259 gentis
1152 1204 1247 1242 eor
1278 1188 1458 1241 domui
1509 1187 1757 1254 Remigii,
1798 1187 1888 1255 qui
1932 1186 2129 1253 ubique

546 1286 735 1339 altaria
766 1284 1075 1337 destruebat
1106 1280 1390 1343 idolorum,
1416 1286 1472 1331 et
1499 1292 1679 1330 veram
1705 1276 1862 1330 ﬁdem
1884 1287 2131 1344 petenter

548 1394 669 1431 cum
714 1374 1054 1431 multitudine
1084 1374 1356 1440 signorum
1388 1369 1765 1437 atuplilicabat,
1800 1368 1999 1420 factum
2049 1375 2130 1420 est

548 1480 609 1524 ut
638 1468 876 1539 episcOpi
905 1468 1083 1535 plures
1122 1479 1226 1517 non
1258 1461 1661 1517 contradicente
1693 1475 1816 1529 rege
1838 1474 2130 1527 congrega-

549 1570 768 1622 rentur,
821 1560 866 1611 si
919 1555 1031 1609 fieri
1081 1564 1282 1619 posset,
1334 1561 1391 1605 ut
1442 1550 1645 1617 Ariani,
1679 1551 1765 1619 qui
1817 1549 2130 1617 religionem

549 1653 909 1707 Christianam
942 1646 1277 1709 scindebant,
1297 1644 1360 1697 ad
1391 1643 1645 1697 unitatem
1676 1652 1888 1709 possent
1915 1640 2129 1694 reverti.

551 1745 702 1811 Quod
736 1752 791 1796 ut
824 1740 1014 1795 melius
1061 1738 1231 1801 ﬁeret,
1276 1737 1651 1803 videreturque
1678 1734 1729 1787 id
1758 1750 1862 1788 non
1911 1733 2132 1787 consilio

552 1833 811 1889 accidisse
837 1831 934 1885 sed
983 1829 1287 1891 occasione,
1314 1829 1544 1881 domnus
1574 1826 1875 1893 Stephanus
1919 1824 2135 1892 scripsit

553 1928 619 1979 ad
646 1927 925 1994 episcopos
956 1924 1172 1985 multos,
1198 1929 1252 1973 et
1281 1920 1520 1972 invitavit
1551 1917 1671 1969 illos
1698 1917 1762 1969 ad
1791 1915 2131 1969 festivitatem

554 2019 618 2074 S.
645 2018 805 2081 Justi,
838 2030 955 2084 qua:
984 2014 1235 2077 instabat,
1266 2012 1316 2065 in
1344 2027 1443 2079 qua
1485 2010 1553 2064 ob
1584 2009 1928 2079 frequentiam
1976 2009 2136 2061 mira-

554 2112 793 2165 culorum
826 2107 985 2161 licbat
1027 2118 1320 2160 concursus
1367 2105 1626 2173 plurimus
1658 2102 1995 2171 p0pulorum.
2033 2100 2135 2155 Vc-

556 2211 749 2257 nerunt
779 2202 957 2270 itaque
984 2200 1052 2254 de
1084 2199 1285 2252 Vienna
1313 2199 1520 2261 Avitus,
1548 2195 1615 2249 de
1638 2196 1853 2249 Arelate
1884 2194 2133 2260 Αἰθυίας,

554 2295 622 2350 de
652 2293 890 2349 Valentia
916 2331 931 2345 .
964 2332 978 2344 .
1008 2331 1021 2343 .
1052 2328 1068 2344 .
1101 2330 1116 2355 ,
1142 2290 1209 2343 de
1259 2288 1488 2341 Massilia
1515 2326 1528 2339 .
1558 2326 1572 2339 .
1602 2326 1615 2341 .
1652 2324 1667 2340 .
1690 2285 1804 2339 .ius
1827 2326 1841 2350 ,
1879 2295 1932 2338 et
1961 2288 2137 2353 p'ures

559 2384 670 2447 alii.
704 2398 891 2437 omnes
922 2380 1202 2435 catholica
1242 2378 1592 2447 professionis
1623 2385 1679 2429 et
1709 2376 1989 2429 laudabitis
2017 2376 2137 2429 vita:

2232 1187 2415 1240 vestri.

2301 1277 2401 1331 Cui
2449 1292 2593 1335 rex:
2642 1277 2827 1332 Nonne
2858 1277 3027 1346 legem
3080 1277 3175 1333 Dei
3223 1278 3521 1347 proﬁteor?
3564 1279 3660 1334 sed
3689 1282 3799 1349 quia

2232 1368 2359 1421 nolo
2389 1379 2497 1422 Ires
2532 1368 2692 1436 Deos,
2722 1368 2898 1423 dicitis
2929 1369 3050 1437 quia
3081 1383 3184 1422 non
3214 1369 3469 1437 proﬁteor
3492 1369 3664 1439 legem
3696 1370 3801 1424 Dei.

2233 1460 2288 1512 In
2325 1460 2602 1528 Scriptura
2646 1469 2827 1513 sancta
2873 1474 2979 1514 non
3012 1459 3110 1529 legi
3142 1461 3321 1529 plures
3349 1473 3471 1514 esse
3504 1459 3679 1525 Deos,
3715 1461 3803 1516 sed

2235 1566 2417 1603 unum.

2305 1642 2383 1695 Ad
2421 1657 2539 1711 qua:
2587 1641 2815 1696 domnus
2866 1643 3093 1696 Avitus:
3129 1642 3301 1711 Absit,
3333 1660 3365 1697 ο
3398 1658 3513 1707 rex,
3549 1653 3606 1696 ut
3634 1643 3805 1713 plures

2234 1730 2373 1784 Deos
2403 1732 2680 1786 colamus:
2717 1732 2860 1785 Unus
2890 1744 2962 1785 est
3014 1732 3147 1785 Deus
3179 1746 3315 1802 tuus,
3349 1751 3378 1787 0
3408 1734 3575 1787 Israel
3634 1734 3806 1804 (Deut.

2238 1838 2313 1887 vt,
2344 1824 2411 1887 4;
2444 1822 2609 1875 Marc.
2643 1839 2736 1887 xu,
2757 1824 2884 1893 28);
2914 1824 3006 1878 sed
3042 1826 3129 1878 iile
3153 1841 3286 1877 unus
3316 1825 3451 1878 Ileus
3478 1826 3529 1878 in
3559 1827 3804 1889 essentia,

2236 1924 2319 1970 est
2351 1918 2517 1968 trinus
2547 1916 2596 1967 in
2639 1917 2911 1983 personis;
2959 1924 3015 1969 et
3063 1914 3227 1969 Filius
3250 1925 3304 1971 et
3329 1916 3562 1985 Spiritus
3603 1926 3808 1971 sanctus

2240 2021 2343 2059 non
2388 2017 2511 2059 sunt
2540 2006 2628 2059 alii
2662 2006 2776 2071 Dei,
2820 2005 2912 2059 sed
2956 2021 3093 2060 unus
3124 2007 3281 2074 Deus,
3316 2008 3467 2075 cujus
3492 2008 3664 2076 prima
3696 2022 3809 2075 per-

2237 2112 2367 2151 sona
2397 2108 2478 2151 est
2508 2097 2684 2161 Pater,
2718 2098 2951 2150 secunda
2996 2096 3179 2164 Filius,
3225 2098 3377 2153 tertia
3432 2098 3667 2168 Spiritus
3698 2114 3811 2152 sau-

2238 2197 2396 2253 ctus;
2437 2190 2532 2243 sed
2564 2189 2705 2242 Patri
2734 2205 2835 2242 non
2868 2201 2947 2243 est
2978 2190 3079 2243 alia
3117 2192 3407 2244 substantia
3450 2206 3611 2260 quam
3647 2190 3775 2245 Filio
3796 2232 3812 2256 ,

2239 2290 2293 2333 et
2321 2280 2539 2348 Spiritui
2565 2291 2748 2333 sancto
2772 2297 2875 2334 non
2905 2290 2988 2335 est
3014 2282 3114 2334 alia
3138 2297 3296 2351 quam
3322 2282 3463 2336 Patri
3492 2292 3544 2335 et
3572 2282 3738 2347 Filio;
3766 2294 3813 2337 et

2242 2372 2331 2426 ille
2364 2372 2504 2426 Deus
2534 2374 2620 2440 qui
2664 2372 2788 2426 olim
2819 2374 3028 2427 locutus
3056 2382 3137 2427 est
3178 2388 3271 2443 per
3302 2376 3611 2443 pr0phetas,
3647 2376 3816 2428 novis.

558 2476 611 2529 in
640 2474 887 2527 Domino.
918 2472 1019 2537 Qui
1069 2482 1257 2523 omnes
1307 2467 1372 2521 ad
1420 2466 1794 2522 salutationem
1848 2465 1988 2534 regis
2015 2479 2134 2518 cum
2168 2456 2212 2514 Β
2244 2463 2377 2517 sime
2408 2464 2616 2517 locutus
2659 2471 2743 2518 est
2771 2464 2821 2517 in
2854 2464 3009 2533 Filio,
3042 2474 3096 2519 et
3120 2465 3292 2519 adhuc
3323 2466 3555 2535 loquitur
3580 2466 3819 2533 quotidie

558 2567 757 2619 domno
782 2563 1053 2632 Stephano
1083 2560 1147 2613 ad
1178 2558 1569 2624 Sarbiniacum,
1595 2557 1680 2611 ubi
1706 2566 1830 2610 tunc
1851 2565 1986 2620 erat,
2013 2570 2137 2624 pro-

561 2658 683 2713 fecti
707 2666 849 2711 sunt.
866 2656 1030 2709 Erant
1048 2653 1260 2723 quidam
1277 2651 1406 2706 inibi
1434 2652 1501 2705 de
1522 2650 2140 2719 potentioribuS'Arianis

561 2762 682 2803 cum
711 2760 806 2810 eo;
847 2744 933 2813 qui
980 2745 1024 2797 si
1055 2743 1371 2811 potuissent,
1398 2742 1794 2811 prohibuissent
1828 2750 2136 2796 nostrorum

567 2851 843 2893 accessum
875 2835 939 2889 ad
986 2849 1199 2905 regem;
1231 2834 1325 2888 sed
1357 2833 1581 2888 Domino
1611 2840 1961 2902 cooperante,
2010 2832 2139 2886 nihil

566 2929 929 3000 profecerunt.

636 3021 762 3075 Post
816 3017 1193 3072 salutationem
1244 3015 1434 3070 fac‘tam
1457 3050 1481 3081 ,ρ
1516 3013 1741 3069 domnus
1773 3015 1990 3079 Avitus,
2018 3014 2137 3077 cui,

566 3118 689 3172 licet
711 3133 816 3171 non
840 3123 985 3171 esset
1009 3112 1188 3167 senior
1211 3128 1308 3165 uec
1329 3110 1603 3180 dignitate,
1634 3123 1731 3164 nec
1761 3117 1938 3177 astate,
1965 3120 2140 3163 tamen

568 3208 853 3277 plurimum
880 3204 1251 3270 deferebatur,
1281 3202 1416 3255 dixit
1444 3200 1507 3254 ad
1538 3215 1750 3270 regem:
1784 3200 1838 3255 Si
1871 3199 2140 3254 excellen-

572 3299 640 3353 tia
671 3307 843 3352 vestra
871 3297 1035 3351 vellet
1082 3309 1373 3364 procurare
1419 3308 1602 3360 patent
1647 3292 1930 3356 Ecclesiae,
1978 3292 2143 3359 parati

568 3404 754 3445 sumus
804 3389 959 3442 ﬁdem
993 3398 1229 3442 nostram
1282 3396 1385 3439 tam
1437 3386 1580 3438 clare
1618 3384 1987 3437 demonstrare
2027 3398 2147 3437 esse

570 3481 865 3533 secundum
896 3479 1240 3545 Evangelium
1269 3485 1323 3529 et
1366 3474 1683 3543 Apostolus,
1711 3475 1850 3542 quod
1894 3474 2020 3527 nulli
2050 3474 2145 3528 du-

570 3572 719 3625 bium
745 3570 847 3625 erit
877 3570 1017 3622 illam
1061 3584 1218 3637 quam
1248 3568 1489 3621 retinetis
1535 3581 1637 3620 non
1690 3581 1807 3620 esse
1852 3566 2145 3620 secundum

574 3663 740 3718 Deum
770 3670 822 3715 et
869 3661 1183 3715 Ecclesiam.
1221 3658 1436 3712 Habetis
1470 3658 1554 3711 hic
1578 3657 1646 3711 de
1673 3656 1867 3711 veStris
1898 3658 1983 3725 qui
2025 3666 2149 3710 sunt

573 3754 816 3807 instructi
848 3754 899 3807 in
932 3752 1177 3807 omnibus
1203 3752 1437 3806 scientiis
1464 3768 1477 3803 :
1514 3750 1747 3818 jubeatis
1788 3760 1843 3804 ut
1871 3751 2146 3807 nobiscum

2242 2555 2294 2610 in
2326 2556 2530 2626 Spiritu
2584 2565 2788 2611 sancto.
2842 2556 2905 2610 Et
2932 2558 3175 2626 quamvis
3205 2558 3329 2612 olim
3360 2573 3454 2628 per
3490 2560 3778 2628 prophetas
3800 2600 3815 2623 ,

2244 2662 2368 2701 mox
2398 2662 2492 2715 per
2523 2646 2733 2713 Filium,
2785 2664 2924 2701 nunc
2956 2662 3051 2717 per
3078 2649 3352 2717 Spiritum,
3403 2664 3541 2703 unus
3579 2650 3818 2719 idemque

2246 2738 2383 2792 Deus
2408 2740 2633 2807 loquitur
2661 2757 2674 2803 ;
2719 2742 2811 2793 sed
2842 2742 2919 2795 sic
2957 2741 3153 2796 dicitur
3193 2742 3258 2796 ad
3281 2742 3680 2797 distinctionem
3706 2760 3817 2811 per-

2244 2846 2521 2895 sonarum,
2553 2847 2673 2886 cum
2708 2848 2892 2888 revera
2931 2835 3040 2889 sint
3083 2844 3361 2890 comterna:
3391 2844 3444 2890 et
3471 2836 3820 2890 consubstan-

2248 2925 2422 2981 tiales.
2459 2926 2570 2981 Hoc
2596 2924 2912 2993 proﬁtemur
2940 2936 2993 2981 et
3022 2930 3190 2995 parati
3222 2941 3405 2981 sumus
3443 2928 3752 2983 ostendere.

2320 3018 2528 3071 Etcum
2553 3016 2758 3072 videret
2786 3032 2964 3086 regem
2992 3017 3208 3084 pacitiee
3235 3018 3560 3083 audientem,
3596 3021 3820 3088 protela-

2248 3108 2323 3161 vit
2346 3123 2649 3163 sermonem
2679 3121 2731 3163 et
2777 3109 3012 3164 dixit:U
3048 3110 3091 3163 si
3131 3109 3289 3165 vellet
3334 3111 3619 3180 sagacitns'
3648 3123 3817 3166 vestra

2248 3213 2573 3268 cognoscere
2600 3215 2758 3268 quam
2785 3200 2920 3254 bene
2950 3199 3163 3254 fundata
3186 3200 3257 3254 sit
3279 3212 3458 3255 nostra
3477 3201 3628 3266 fides,
3659 3218 3815 3272 quan-

2251 3300 2359 3345 tum
2399 3291 2523 3345 boni
2554 3290 2705 3345 vobis
2750 3299 2803 3344 et
2833 3290 3028 3359 populo
3083 3301 3260 3345 vestro
3310 3291 3434 3347 inde
3479 3294 3817 3362 proveniret:

2251 3396 2370 3434 nam
2401 3392 2455 3435 et
2498 3381 2732 3435 caelestis
2755 3380 2922 3449 gloria
2969 3382 3119 3436 vobis
3168 3396 3271 3436 non
3300 3382 3531 3447 deesset,
3561 3392 3616 3437 et
3652 3399 3751 3454 pax
3771 3394 3821 3437 ct

2250 3473 2572 3527 abundantia
2625 3474 2679 3528 in
2731 3474 2965 3528 turribus
3014 3476 3203 3530 vestris
3245 3475 3414 3546 (Psal.
3441 3492 3586 3543 cxxt,
3617 3479 3692 3547 7).
3721 3478 3819 3534 Sed

2251 3567 2413 3621 vestri
2434 3580 2554 3619 cum
2577 3567 2684 3620 sint
2700 3567 2898 3621 inimici
2923 3566 3142 3634 Christi,
3166 3582 3325 3638 super
3352 3586 3572 3640 regnum
3592 3582 3819 3626 vestrum

2250 3667 2303 3711 et
2330 3672 2489 3726 super
2519 3658 2768 3727 populum
2798 3658 2939 3713 iram'
2956 3660 3183 3725 desuper
3212 3664 3546 3727 accendunt;
3576 3664 3736 3731 quod,
3770 3674 3823 3718 ut

2251 3763 2547 3820 Speramus,
2572 3764 2677 3803 non
2707 3759 2867 3818 esset,
2897 3752 2940 3805 si
2958 3752 3163 3805 velletis
3189 3753 3375 3806 audire
3396 3755 3596 3808 monita
3624 3766 3820 3819 nostra,

574 3847 945 3915 colloquantur
984 3854 1036 3901 et
1063 3846 1275 3899 videant
1314 3846 1356 3898 si
1402 3846 1610 3913 pttssiltl
1636 3844 1960 3911 respondere
1990 3844 2150 3899 ratio-
2176 3828 2221 3888 (Σ
2255 3850 2308 3894 ει
2334 3840 2522 3905 jubere
2554 3850 2607 3894 ut
2628 3843 2790 3895 vestri
2837 3844 3143 3897 sacerdotes
3166 3843 3341 3896 dehis
3371 3844 3647 3898 nobiseum
3669 3846 3826 3900 collo.

574 3937 729 3992 nibus
752 3938 981 4002 nosuis,
1010 3946 1067 3990 ut
1096 3938 1263 4005 parati
1292 3951 1475 3988 sumus
1508 3934 1829 4003 respondete
1856 3934 2153 3990 rationibus

576 4044 786 4083 eorum.

645 4120 727 4175 Ad
756 4136 874 4189 quae
903 4134 994 4174 rex
1046 4118 1359 4188 respondit:
1405 4118 1461 4174 Si
1491 4128 1666 4173 vestra
1709 4118 1839 4174 ﬁdes
1879 4127 1961 4175 est
1985 4135 2108 4175 vera
2133 4161 2151 4185 ,

579 4228 745 4282 quare
775 4211 1008 4279 episcopi
1040 4212 1200 4264 vestri
1235 4227 1337 4265 non
1369 4210 1667 4279 impediunt
1713 4226 1891 4281 regem
1919 4212 2153 4267 Franco—

575 4318 725 4367 rum,
758 4304 845 4371 qui
894 4302 1022 4355 mihi
1069 4303 1265 4356 bellum
1314 4304 1544 4367 indixit,
1595 4313 1649 4357 et
1700 4318 1880 4358 secum
1925 4304 2155 4360 inimicis

578 4394 710 4447 meis
738 4393 962 4446 sociavit
990 4403 1045 4447 ut
1087 4409 1171 4447 mc
1201 4393 1583 4448 destruereut‘!
1615 4393 1743 4447 Nam
1776 4411 1881 4448 non
1908 4404 1989 4449 est
2019 4395 2153 4450 ﬁdes

577 4482 664 4536 ubi
692 4492 773 4537 est
815 4483 1114 4552 aptzelettlia
1163 4484 1320 4537 alieni
1363 4496 1417 4538 et
1462 4486 1578 4538 sitis
1627 4486 1899 4555 sanguinis
1928 4487 2154 4555 populo-

578 4589 693 4627 rum
731 4586 745 4629 :
781 4576 1029 4628 ostendat
1055 4574 1212 4627 fidem
1243 4590 1336 4641 per
1362 4589 1522 4643 opera
1551 4590 1666 4627 sua.

646 4664 797 4715 Tunc
829 4661 1103 4716 humiliter
1158 4664 1431 4727 l‘CSpOtldil
1461 4665 1691 4718 domnus
1737 4664 1925 4720 Avitus
1965 4665 2153 4722 faciem

581 4752 783 4805 habens
814 4752 1108 4820 angeliCam
1148 4761 1201 4804 ut
1241 4762 1293 4804 et
1340 4767 1687 4806 sermonem:
1732 4754 2073 4824 lgnoramus,
2123 4773 2156 4812 ο

578 4857 702 4908 rex,
751 4858 855 4908 quo
895 4840 1120 4895 consilio
1162 4853 1215 4896 et
1265 4857 1363 4909 qua
1396 4842 1462 4896 de
1509 4858 1671 4897 causa
1702 4861 1792 4898 rex
1824 4846 2152 4902 Francorum

580 4934 704 4987 facit
744 4934 885 5002 quod
934 4935 1136 4998 dicitis;
1182 4936 1275 4989 sed
1330 4936 1601 5003 Scriptura
1660 4953 1757 4992 nos
1804 4939 1960 4993 docet
2012 4942 2153 5009 quod

581 5034 797 5094 propter
829 5026 1225 5081 dereliCtiOneut
1259 5028 1387 5094 legis
1440 5028 1533 5082 Dei
1582 5044 1723 5098 smpe
1775 5030 2156 5087 sobvertuntur

580 5131 761 5184 regna,
795 5125 847 5170 et
872 5116 1196 5171 suscitantur
1224 5118 1421 5171 inimici
1465 5118 1609 5171 omni
1638 5134 1701 5171 ex
1729 5129 1897 5188 parte,
1931 5122 2037 5177 illis
2066 5124 2155 5192 qui

2256 3940 2485 4000 quantur
2514 3946 2694 3985 coram
2727 3932 3054 3988 sublimitate
3078 3944 3254 3989 vestra
3285 3942 3338 3988 et
3378 3936 3573 4003 popqu
3610 3946 3822 3991 vestro:

2257 4036 2318 4079 ut
2335 4025 2517 4080 sciatis
2541 4025 2660 4093 quia
2695 4026 2949 4079 Dominus
2974 4026 3130 4081 Jesus
3153 4036 3236 4081 est
3263 4030 3447 4081 aeterni
3482 4029 3651 4083 Patris
3672 4038 3825 4083 aeter-

2258 4131 2354 4170 nus
2384 4116 2423 4169 F
2430 4115 2570 4180 ilius,
2618 4124 2671 4170 et
2701 4117 2912 4185 utrique
2957 4126 3257 4172 coasternus
3312 4118 3539 4188 Spiritus
3578 4128 3825 4184 sanctus,

2258 4225 2393 4263 unus
2411 4209 2552 4264 Deus
2574 4209 2885 4263 benedictus
2910 4209 2963 4263 in
2986 4211 3202 4279 saecula,
3222 4210 3486 4281 simulque
3509 4218 3633 4267 ante
3654 4212 3827 4268 omnia

2259 4312 2495 4371 tempora
2526 4311 2580 4357 et
2608 4302 2810 4370 absque
2851 4301 2960 4355 ullo
2989 4300 3158 4357 initio.

2327 4393 2461 4448 Cum
2493 4395 2606 4449 hzec
2635 4394 2855 4448 dixisset
2878 4395 3105 4463 procidit
3132 4395 3196 4448 ad
3240 4394 3403 4463 pedes
3440 4395 3605 4464 regis,
3635 4403 3690 4449 et
3718 4409 3825 4447 am-

2259 4487 2495 4555 plectens
2522 4500 2616 4541 eos
2656 4486 2818 4540 ﬂebat
2846 4501 3062 4552 amare;
3107 4488 3503 4557 procubuerunt
3546 4496 3601 4540 et
3648 4499 3827 4540 omnes

2256 4578 2496 4647 episcopi
2534 4592 2656 4631 cum
2679 4592 2744 4631 eo
2772 4595 2784 4629 :
2817 4578 2956 4631 unde
2986 4593 3083 4633 rex
3113 4579 3267 4633 valde
3288 4583 3590 4632 commotus
3627 4586 3728 4639 est,
3775 4582 3823 4628 et

2257 4670 2518 4723 inclinans
2566 4685 2625 4725 se
2674 4686 2841 4740 usque
2888 4671 2954 4726 ad
2981 4686 3096 4739 eos,
3140 4671 3586 4726 crexitdomnum
3619 4670 3828 4723 Avitum

2256 4777 2375 4815 Clllll
2410 4764 2638 4828 caeteris,
2672 4764 2860 4832 quibus
2891 4764 3242 4818 amicabiliter
3265 4763 3397 4817 dixit
3427 4778 3485 4817 se
3518 4777 3832 4828 restionsum

2258 4852 2509 4906 daturum
2542 4852 2645 4907 illis
2670 4868 2835 4922 super
2856 4854 3202 4922 petitionibus
3234 4854 3471 4907 illorum.

2331 4944 2480 5010 Quod
2512 4954 2565 4999 et
2594 4946 2822 4999 crastina
2854 4946 2939 4999 die
2966 4944 3162 4999 factum
3192 4953 3273 4999 est
3298 4962 3310 4996 :
3343 4961 3463 4997 natu
3492 4959 3587 4997 rex
3622 4959 3715 5011 per
3743 4942 3836 4997 Sa-

2258 5050 2449 5104 gonam
2479 5035 2691 5089 rediens
2726 5034 2791 5089 ad
2825 5035 3033 5099 urbem,
3078 5035 3217 5088 misit
3253 5034 3315 5087 ad
3347 5036 3574 5087 domuos
3609 5034 3833 5102 Stepha-

2261 5142 2383 5178 num
2413 5135 2468 5180 et
2493 5125 2729 5189 Avitum,
2764 5134 2817 5178 ut
2848 5127 3089 5179 venirent
3116 5126 3254 5193 apud
3279 5126 3445 5178 illum.
3475 5124 3575 5190 Qui
3599 5139 3721 5177 cum
3751 5138 3834 5175 vc-

576 5225 635 5263 sc
668 5211 909 5265 inimicos
934 5209 1189 5264 adversus
1240 5211 1405 5264 Deum
1437 5213 1784 5265 constituunt.
1827 5213 1930 5268 Sed
1976 5191 2145 5272 redite
2185 5191 2235 5250 D
2261 5217 2486 5282 uissent,
2520 5233 2612 5272 rex
2650 5217 2784 5272 dixit
2809 5216 2875 5271 ad
2912 5217 3071 5272 illos:
3114 5191 3332 5270 Habetis
3370 5216 3512 5285 quod
3539 5212 3834 5286 postulatis,

576 5316 695 5355 cum
727 5302 922 5370 populo
953 5311 1130 5355 vestro
1150 5302 1215 5356 ad
1242 5303 1409 5370 legem
1432 5303 1546 5368 Dei,
1574 5315 1625 5358 et
1646 5303 1759 5373 ipse
1788 5303 1932 5359 dabit
1961 5321 2144 5374 pacem

578 5388 630 5446 in
680 5392 872 5447 finibus
922 5394 1138 5461 vestris;
1168 5410 1287 5449 nam
1316 5395 1358 5449 si
1393 5394 1597 5449 habetis
1647 5410 1830 5465 pacem
1860 5412 1981 5453 cum
2025 5400 2151 5461 illo.

2262 5325 2382 5363 nam
2405 5310 2716 5366 sacerdotes
2744 5312 2847 5366 mei
2878 5310 3045 5380 parati
3068 5319 3191 5364 sunt
3219 5309 3368 5364 vobis
3391 5311 3679 5365 ostendere
3702 5306 3839 5377 quod

2263 5402 2438 5454 nullus
2468 5410 2643 5470 potest
2670 5418 2787 5457 esse
2813 5412 3110 5457 comternus
3131 5410 3184 5458 ct
3210 5402 3679 5457 consubstantialis
3711 5400 3837 5454 Deo.

650 5601 674 5628 α
711 5592 855 5675 [lane
899 5590 984 5675 vir
1026 5591 1231 5672 clariss.
1276 5594 1439 5649 Lucas
1492 5592 1780 5650 Dacherius
1827 5613 1893 5651 ex
1937 5598 2148 5657 schedis
2198 5599 2503 5674 Hieronymi
2552 5605 2780 5673 Vigucrii
2814 5614 3115 5675 congregat.
3160 5606 3312 5663 Orat.
3369 5608 3427 5661 D.
3464 5606 3514 5663 J.
3568 5608 3734 5664 edidit
3788 5608 3837 5661 in

578 5672 706 5718 tom.
743 5662 778 5715 V
822 5661 1114 5732 Spicilegii.
