4024 6176
187 349 287 404 539

1016 331 1352 389 (Συιλιιλτιυ
1397 325 1875 383 lil‘lSCOl‘ORUM
1920 321 2283 377 ADVERSUS
2326 321 2639 375 ARIANUS.

3350 324 3455 376 590

187 463 292 516 Sed
322 459 441 511 nolo
467 468 523 509 ut
556 455 604 506 id
638 454 725 505 fiat
756 465 939 504 coram
964 451 1105 501 Dllllll
1137 446 1359 515 populo,
1395 461 1461 498 ne
1488 444 1659 497 turba:
1684 458 1769 496 ex-
1803 443 1855 500 Α
1881 439 2042 503 dicta,
2080 438 2394 506 promittens
2433 451 2491 489 se
2520 447 2677 489 etiam
2718 449 3099 504 responsurum
3144 436 3208 491 ad
3250 453 3309 491 ea
3340 456 3456 507 qua:

184 556 444 613 citentur;
476 547 573 603 sed
603 554 805 599 tantum
832 557 1011 595 coram
1037 539 1374 592 senatoribus
1408 536 1540 590 meis
1568 544 1620 589 et
1642 534 1765 587 aliis

184 656 321 711 quos
347 640 562 706 eligam,
592 636 727 690 sicut
752 649 847 687 vos
875 630 1080 701 eligetis
1107 645 1171 683 ex
1202 628 1393 681 vestris
1423 640 1556 694 quos
1586 623 1767 677 volue-

185 734 330 795 ritis;
358 730 453 785 sed
500 744 603 782 non
646 728 697 780 in
730 739 920 794 magno
951 736 1191 785 numero,
1231 729 1284 773 et
1325 718 1375 771 id
1418 720 1505 770 fiet
1533 716 1617 769 die
1647 730 1766 769 cra-

185 824 324 876 stina
357 823 411 873 in
452 819 554 872 hoc
594 818 729 871 loco.
773 816 888 880 Quo
917 812 1057 866 dicto
1104 808 1338 877 episcopi
1372 808 1601 860 salutato
1642 818 1767 873 rege

184 914 570 973 disceSscruiit,
599 918 653 964 et
676 907 874 961 reversi
898 914 1018 958 sunt
1040 912 1096 956 ut
1116 902 1291 955 omnia
1323 900 1628 953 intimarent
1651 898 1769 952 aliis

185 1002 475 1071 episcOpis.
502 1000 629 1053 Erat
654 1008 829 1052 autem
853 997 1025 1064 vigilia
1053 994 1403 1048 solemuitatis
1427 991 1483 1045 S.
1516 990 1675 1045 Justi.
1700 990 1765 1045 Et

188 1098 310 1148 licet
330 1092 663 1161 optavissent
688 1088 828 1158 quod
856 1087 954 1140 hoc
977 1088 1129 1140 fieret
1156 1085 1241 1139 die
1269 1083 1661 1138 solemnitatem
1678 1097 1768 1137 sc-

185 1186 393 1255 quenti,
428 1184 716 1238 noluerunt
747 1193 917 1234 tamen
954 1187 1164 1248 propter
1185 1186 1384 1231 tantum
1415 1177 1612 1230 bonum
1643 1192 1763 1229 am-

190 1278 327 1347 plius
394 1278 810 1345 procrastinare.
869 1271 973 1326 Sed
1041 1270 1361 1324 unanimiter
1416 1270 1768 1324 decreverunt

186 1368 324 1436 apud
355 1366 415 1420 S.
448 1365 583 1419 Justi
613 1363 913 1432 sepulcrum
958 1370 1293 1429 pernoctare,
1322 1371 1377 1412 ut
1418 1359 1507 1412 illo
1538 1360 1766 1413 interce-

186 1460 347 1513 dente
374 1456 683 1511 obtinerent
712 1472 739 1504 a
772 1453 994 1506 Domino
1016 1452 1297 1520 petitiones
1326 1450 1501 1504 cordis
1532 1450 1635 1503 sui.

258 1552 457 1605 Evenit
501 1558 676 1603 autem
709 1558 762 1600 ut
799 1561 859 1600 ea
905 1553 1059 1599 nocte
1105 1559 1224 1598 cum
1269 1544 1438 1598 lector
1482 1542 1771 1596 secundum

191 1658 399 1698 morem
449 1642 711 1709 inciperet
751 1639 1028 1691 lectionem
1068 1652 1096 1689 a
1146 1636 1346 1705 Moyse,
1378 1634 1562 1688 incidit
1588 1634 1639 1688 in
1686 1634 1772 1687 illa

190 1736 347 1787 verba
373 1730 587 1785 Domini
606 1746 619 1781 :
636 1730 739 1784 Sed
764 1745 853 1798 ego
872 1729 1116 1779 indurubo
1134 1743 1217 1778 cor
1233 1728 1341 1798 ejus
1359 1733 1404 1777 et
1428 1722 1773 1794 multiplicabo

1875 541 2250 601 proposuerat,
2286 544 2392 583 non
2441 529 2609 597 potuit
2647 528 2974 598 reSpondere
3002 530 3067 583 ad
3096 545 3253 583 unam
3280 530 3347 585 de
3375 546 3458 584 ra-

1870 626 2104 679 tionibus
2135 637 2253 692 quae
2296 622 2507 677 fuerant
2537 637 2563 673 a
2590 622 2789 675 domno
2830 622 2989 676 Avito
3014 623 3325 690 propositae,
3360 638 3456 676 ne-

1868 730 1973 785 que
2009 716 2169 768 ullam
2212 730 2308 782 pro
2350 712 2665 767 defensione
2704 727 2813 766 sua:
2854 712 3022 781 partis
3062 714 3329 783 allegare;
3361 715 3454 767 sed

1872 817 2073 860 tantum
2115 822 2176 860 os
2221 822 2376 859 suum
2422 806 2473 859 in
2506 805 2762 859 conviciis
2808 806 3107 873 aperiebat,
3146 814 3202 860 et
3248 807 3459 861 dicebat

1871 897 2160 949 catholicos
2184 910 2302 950 esse
2328 897 2767 965 prmstigiatores,
2789 905 2843 950 et
2863 896 3039 951 colere
3064 896 3455 950 multitudinem

1870 988 2112 1041 deorum.
2151 987 2301 1053 Quod
2352 987 2523 1041 solum
2564 1003 2683 1041 cum
2744 986 2968 1049 diceret,
3003 989 3309 1057 videretque
3361 1003 3453 1043 rex

1874 1079 2243 1133 confusionem
2274 1095 2383 1133 suae
2412 1090 2593 1146 ευριίιι,
2624 1082 2860 1134 surrexit
2886 1080 2952 1135 de
2977 1094 3073 1134 sua
3096 1082 3243 1146 sede,
3274 1082 3458 1136 dicens

1873 1171 2013 1238 qutid
2044 1172 2095 1223 in
2122 1171 2413 1224 crastinum
2448 1171 2799 1239 restionderet
2829 1172 3149 1226 Bonifacius.
3187 1173 3459 1227 Discesse-

1874 1269 1996 1313 runt
2031 1275 2158 1328 ergo
2201 1275 2387 1313 omnes
2432 1262 2695 1330 episcopi;
2739 1269 2791 1316 et
2822 1263 2943 1331 quia
2982 1263 3157 1317 adhuc
3199 1264 3312 1317 dies
3351 1280 3457 1318 non

1875 1361 1989 1407 erat
2032 1353 2305 1419 inclinata,
2344 1358 2557 1405 iveruut
2588 1356 2745 1407 simul
2781 1370 2902 1408 cum
2936 1358 3146 1411 cwteris
3182 1358 3459 1412 catholicis

1875 1444 1939 1497 ad
1972 1445 2243 1498 basilicam
2272 1444 2451 1498 domui
2482 1444 2638 1509 Justi,
2664 1446 2984 1500 confitentes
3018 1446 3295 1501 Dominum
3325 1464 3459 1517 quo-

1876 1536 2017 1589 niam
2043 1535 2233 1601 bonus,
2267 1545 2320 1590 et
2346 1535 2620 1590 laudantes
2636 1551 2781 1605 eum,
2806 1538 2893 1605 qui
2919 1526 3140 1592 dederat
3170 1538 3274 1593 illis
3298 1539 3459 1594 talem

1877 1627 2153 1681 victoriam
2187 1627 2253 1681 de
2285 1627 2515 1681 inimicis
2544 1628 2676 1681 suis.

1949 1718 2205 1787 Sequenti
2232 1733 2358 1773 vero
2380 1718 2467 1773 die
2504 1718 2694 1773 iterum
2724 1719 2789 1772 ad
2842 1720 3043 1787 regiam
3080 1722 3302 1790 profecti
3338 1737 3459 1777 cum

186 1827 329 1897 signa
350 1836 402 1878 et
431 1833 625 1876 ostenta
656 1837 762 1873 mea
794 1822 1001 1873 interra
1027 1818 1266 1887 :Egyplt',
1290 1824 1334 1869 et
1360 1832 1461 1893 non
1491 1817 1662 1868 audiet
1690 1832 1775 1867 vos
1809 1809 1851 1867 B
1885 1810 1963 1862 liis
1994 1811 2080 1877 qui
2116 1810 2165 1862 in
2200 1810 2520 1879 praecedenti
2563 1811 2815 1877 aderant;
2848 1828 3076 1883 cumque
3117 1814 3463 1885 ingrederen-

187 1915 652 1991 (Exod.vtt,5,b).
680 1914 879 1968 Deinde
908 1928 1028 1965 cum
1061 1920 1177 1979 post
1208 1910 1438 1977 psalmos
1468 1910 1780 1961 decantatus

188 2011 447 2071 accitaret
474 2025 537 2061 ex
566 2005 859 2076 prophetis,
895 2009 1245 2057 oet-urreiunt
1270 1999 1429 2054 verba
1472 1998 1679 2051 Domini
1713 1998 1777 2051 ad

188 2097 410 2156 ESaiam
455 2100 680 2153 dicentis
708 2114 719 2149 :
752 2096 893 2149 Vade
934 2104 979 2148 et
1010 2097 1143 2147 dices
1171 2093 1357 2162 papula
1387 2092 1503 2143 huic
1536 2106 1555 2144 :
1597 2091 1781 2143 Audite

189 2192 458 2245 audientes
491 2198 536 2242 et
566 2188 719 2240 nolite
748 2186 1057 2255 intelligere;
1088 2194 1134 2236 et
1156 2185 1315 2236 videte
1337 2183 1575 2235 visionem
1604 2190 1650 2234 et
1688 2198 1776 2234 no-

186 2283 272 2335 lite
301 2295 637 2349 coynosct-re.
667 2276 883 2330 Exca’ca
915 2292 1005 2328 cor
1033 2274 1209 2345 papuli
1249 2275 1383 2344 ejus,
1410 2281 1455 2327 et
1494 2289 1642 2327 aures
1672 2278 1779 2344 ejus

182 2387 435 2441 σθαι-στα,
467 2378 514 2423 et
544 2369 716 2421 oculos
752 2369 860 2433 eius
899 2366 1098 2431 claude,
1130 2384 1192 2420 ne
1239 2367 1367 2435 forte
1403 2367 1568 2420 videat
1622 2367 1780 2419 oculs

184 2464 311 2523 suis,
333 2470 391 2512 et
415 2460 624 2511 auribus
651 2458 849 2520 audiat,
882 2464 931 2509 et
966 2457 1218 2526 intelligat
1253 2472 1344 2509 suo
1378 2456 1549 2519 corde,
1584 2465 1627 2509 et
1660 2472 1781 2507 con-

184 2561 435 2614 vertatur,
470 2558 516 2601 et
537 2564 708 2601 sanem
729 2564 840 2601 eum
864 2546 1015 2617 (lsai.
1040 2563 1114 2613 Vt,
1141 2549 1193 2615 9,
1218 2548 1325 2615 10).
1349 2546 1589 2617 Cumque
1606 2548 1780 2602 adhuc

183 2642 385 2711 psalmi
433 2640 662 2693 fuissent
687 2639 975 2703 decantati,
1021 2648 1075 2692 et
1118 2640 1315 2705 legeret
1355 2655 1419 2693 ex
1468 2639 1776 2708 Evangelia,

185 2733 379 2787 incidit
427 2734 480 2783 in
521 2732 680 2785 verba
721 2730 910 2798 quibus
961 2730 1201 2784 Salvator
1235 2735 1524 2798 exprobrat
1579 2729 1780 2784 ludatis

185 2823 624 2878 incredulitatem
648 2840 657 2873 :
697 2821 779 2873 Vw
799 2822 909 2885 tibi,
932 2819 1262 2886 Corrazaim;
1288 2838 1357 2874 ta:
1378 2822 1485 2888 tibi,
1504 2821 1781 2876 Betzaida.’

184 2916 303 2981 quia
334 2915 387 2966 si
412 2914 465 2965 in
496 2912 635 2981 Tyro
664 2922 709 2964 et
736 2912 787 2964 in
829 2912 1021 2965 Sidone
1053 2912 1258 2964 virtutes
1289 2913 1438 2979 [actw
1470 2926 1631 2967 essent
1668 2930 1782 2983 qua:

186 3012 301 3055 sunt
332 3004 496 3071 fartw
514 3003 563 3054 in
584 3004 740 3065 vobis,
761 3004 873 3071 jam
895 3002 1088 3054 dudum
1112 3004 1163 3054 in
1185 3003 1348 3055 cilicio
1369 3013 1415 3055 et
1438 3004 1605 3057 cinere
1626 3008 1782 3073 parui-

188 3094 409 3145 tentiam
440 3095 655 3161 egissent
687 3090 901 3159 (Mattlt.
933 3106 1007 3155 χι,
1039 3091 1153 3161 21).
1190 3093 1425 3161 Denique
1450 3110 1570 3147 cuin
1624 3096 1780 3149 lectio

1885 1911 1989 1963 tur,
2014 1900 2328 1953 invenerunt
2356 1900 2631 1963 Arediutn,
2665 1902 2752 1969 qui
2794 1902 2873 1956 eis
2904 1905 3224 1969 persuadere
3253 1907 3463 1961 volebat

1883 2005 1939 2048 ιιι
1970 1994 2410 2062 regrederentur;
2437 1994 2506 2046 dit
2526 1993 2647 2046 ebat
2673 1994 2815 2047 enim
2847 1995 2985 2063 quod
3013 1998 3144 2051 tales
3178 1999 3308 2053 rixa:
3336 2014 3462 2054 exa-

1880 2085 2169 2153 sperabant
2197 2086 2405 2138 animos
2436 2084 2809 2146 multitudinis,
2841 2096 2892 2139 et
2920 2088 3061 2155 quod
3106 2104 3211 2141 non
3253 2099 3462 2158 poterat

1879 2176 2077 2246 aliquid
2108 2176 2231 2230 boni
2250 2191 2313 2230 ex
2330 2176 2406 2230 eis
2431 2178 2730 2244 provenire.
2750 2178 2853 2233 Sed
2878 2178 3105 2234 domnus
3134 2181 3458 2252 Stephanus,

1880 2268 1967 2338 qui
1998 2267 2197 2321 sciebat
2226 2267 2372 2322 illum
2405 2269 2580 2323 favere
2606 2270 2818 2322 Arianis
2844 2278 2899 2323 ut
2922 2274 3147 2339 gratiam
3174 2275 3314 2342 regis
3333 2290 3461 2330 cou-

1880 2373 2214 2431 sequeretur,
2247 2362 2371 2417 licet
2394 2361 2551 2416 fidem
2578 2371 2812 2417 nostram
2839 2368 3199 2433 profiteretur,
3232 2386 3455 2439 respou-

1882 2453 1959 2506 dit
1987 2454 2033 2507 ei
2066 2453 2204 2522 quod
2238 2469 2344 2506 non
2373 2453 2662 2529 timendum
2699 2464 2815 2509 erat
2844 2470 2911 2511 ne
2941 2457 3073 2512 rixm
3109 2460 3459 2528 prooederent

1882 2558 1952 2596 ex
1999 2544 2341 2611 inquisitione
2377 2545 2613 2598 veritatis
2663 2556 2713 2598 et
2768 2560 2952 2601 amore
2997 2548 3182 2604 salutis
3240 2550 3461 2608 fratrum

1882 2648 2119 2697 suorum,
2153 2633 2261 2688 imo
2285 2633 2413 2687 nihil
2442 2649 2562 2688 esse
2591 2634 2775 2689 utilius
2811 2635 2877 2690 ad
2913 2636 3217 2707 juugendos
3254 2643 3462 2698 animos

1884 2726 1934 2779 in
1964 2733 2145 2780 sancta
2176 2727 2428 2790 amicitia,
2457 2741 2614 2795 quam
2645 2742 2966 2797 cognoscere
2994 2732 3132 2799 apud
3156 2748 3291 2800 quos
3319 2747 3463 2789 CS°ct

1885 2818 2112 2884 veritas;
2144 2819 2263 2888 quia
2290 2819 2593 2888 ubicunque
2616 2828 2717 2885 est,
2750 2822 2994 2876 amabilis
3016 2833 3134 2891 est,
3171 2835 3223 2878 et
3252 2828 3460 2895 profes-

1884 2927 2035 2967 sores
2064 2912 2181 2980 ejus
2209 2912 2384 2967 reddit
2413 2913 2689 2968 amabiles.

1957 3004 2171 3057 Addidit
2198 3005 2412 3070 insuper
2432 3018 2617 3057 omnes
2654 3004 2755 3058 huc
2787 3006 2997 3061 venisse
3026 3008 3318 3061 secundum
3343 3010 3457 3076 jus-

1886 3094 2092 3148 sionem
2122 3095 2284 3163 regis,
2316 3102 2502 3149 contra
2534 3096 2673 3163 quod
2704 3110 3017 3164 responsum
3049 3114 3153 3151 non
3185 3108 3267 3152 est
3300 3114 3462 3153 ausus

189 3187 343 3242 fieret
384 3201 449 3240 ex
483 3186 758 3253 Apotolo,
792 3185 1131 3254 pronuntiata
1173 3197 1298 3239 sunt
1329 3188 1485 3240 verba
1525 3188 1607 3241 illa
1644 3205 1656 3239 :
1701 3189 1778 3242 An
1808 3161 1853 3222 (ἶ
1889 3186 2114 3239 Aredius
2144 3161 2370 3254 amplius
2401 3186 2627 3239 resilire.
2659 3187 2883 3255 lngressi
2914 3200 3033 3241 sunt
3062 3205 3223 3257 ergo;
3258 3200 3309 3245 et
3341 3206 3462 3244 cum

187 3278 401 3332 divitias
432 3278 675 3331 bonitatis
700 3280 748 3348 ej
755 3294 810 3329 ns
832 3286 878 3330 et
901 3279 1159 3347 patientia:
1179 3288 1223 3331 et
1246 3279 1643 3349 longanimitatis
1663 3296 1784 3334 con-

189 3372 372 3423 temnis
391 3371 416 3423 ?
446 3367 665 3439 Ignoras
696 3372 934 3438 quoniam
976 3370 1277 3422 sustinentia
1307 3368 1402 3421 Dei
1439 3371 1505 3422 ad
1543 3372 1785 3440 perniten-

190 3466 312 3516 tiam
351 3472 407 3516 te
445 3462 695 3515 adducit?
738 3462 1029 3517 Secundum
1070 3470 1239 3515 autem
1274 3464 1513 3517 duritizm
1554 3475 1692 3517 tuam
1737 3473 1783 3517 et

188 3556 518 3624 impwnitens
556 3570 641 3606 cor
670 3554 981 3608 thesaurizas
1015 3554 1105 3608 tibi
1138 3555 1268 3607 iram
1318 3556 1369 3608 in
1426 3565 1647 3622 tempore
1692 3557 1785 3610 ira:

192 3644 376 3713 (Ιῖοηι.
401 3659 464 3710 ιι,
502 3642 554 3708 4,
586 3644 660 3712 5).
691 3644 839 3709 Quod
867 3658 987 3697 cum
1025 3645 1091 3698 ab
1129 3646 1375 3699 omnibus
1400 3646 1661 3715 epistopis
1690 3646 1784 3701 ob-

191 3747 473 3791 servatum
508 3736 711 3801 fuisset,
745 3746 1105 3805 cognoverunt
1138 3737 1393 3790 lectiones
1444 3738 1559 3792 illas
1588 3739 1665 3792 sic
1694 3753 1788 3793 00--

191 3830 437 3881 currisse
467 3826 680 3880 volente
713 3828 953 3893 Domino,
997 3839 1054 3881 ut
1089 3828 1287 3882 scirent
1328 3829 1628 3883 induratum
1665 3845 1786 3885 esse

190 3934 285 3972 cor
315 3921 491 3986 regis,
527 3919 793 3987 Deumque
824 3919 971 3971 illum
1002 3919 1053 3972 in
1086 3934 1179 3972 sua
1211 3920 1593 3988 impaeniteutia
1617 3921 1783 3975 relin-

191 4026 380 4079 quere.
415 4010 490 4063 ad
525 4010 907 4063 estendendum
953 4010 1162 4063 divitias
1206 4010 1425 4079 justitire
1472 4026 1611 4076 sure;
1644 4012 1784 4067 unde

192 4101 349 4153 valde
384 4098 575 4152 tristes
597 4099 787 4165 effecti,
812 4111 1020 4153 noctem
1052 4100 1101 4153 iu
1122 4100 1369 4171 lacrymis
1391 4111 1779 4170 trausegerunt.

191 4192 307 4245 Non
344 4193 675 4246 destiterunt
719 4202 891 4247 tamen
938 4192 1215 4247 veritatem
1270 4205 1465 4247 nostra:
1515 4195 1784 4264 religionis

192 4292 381 4336 contra
409 4281 641 4336 Arianos
669 4296 926 4338 asserere.

264 4373 439 4441 Igitur
465 4382 703 4439 tempore
728 4388 833 4441 quo
863 4373 1220 4441 rexjusscrat,
1254 4376 1531 4428 conveniu.
1559 4384 1784 4428 temnes

193 4463 467 4531 episc0pi,
501 4471 554 4516 et
582 4463 737 4516 simul
767 4463 831 4517 ad
874 4465 1069 4532 regiam
1098 4465 1289 4517 vadunt
1320 4480 1439 4518 cum
1490 4467 1668 4519 multis
1694 4481 1779 4518 sa-

191 4558 517 4613 cerdotibus
540 4565 594 4610 et
622 4556 932 4610 diaconibus
961 4564 1014 4610 et
1041 4556 1354 4625 quibusdam
1386 4558 1453 4612 de
1483 4558 1777 4625 catholicis,
1808 4535 1861 4595 D

195 4649 338 4701 inter
368 4662 513 4716 qtios
542 4655 694 4700 erant
732 4647 974 4702 Placidus
1006 4657 1059 4701 et
1101 4647 1363 4715 Lucanus,
1389 4649 1474 4717 qui
1521 4659 1672 4701 erant
1719 4649 1786 4703 de

197 4738 491 4806 prmcipuis
524 4737 727 4791 militia:
756 4739 915 4807 regis.
943 4738 1212 4791 Venerunt
1242 4739 1401 4793 etiam
1442 4737 1626 4792 Ariani
1662 4754 1783 4792 cum

194 4830 325 4880 suis.
352 4828 495 4881 Cum
521 4842 648 4896 ergo
675 4829 937 4883 sedissem
958 4844 1135 4883 Coram
1166 4843 1310 4896 rege,
1338 4828 1566 4882 domnus
1596 4829 1787 4883 Avitus

194 4938 292 4990 pro
321 4921 633 4987 catholicis,
666 4922 963 4978 Bonifacius
987 4939 1081 4993 pro
1103 4924 1332 4990 Arianis,
1363 4940 1665 4980 sermonem
1690 4926 1784 4979 ha-

192 5012 461 5066 buerunt.
487 5012 588 5066 Sed
620 5024 897 5083 postquam
930 5016 1156 5069 donmus
1193 5016 1379 5069 Avitus
1412 5018 1687 5085 proposuit
1723 5018 1783 5071 fi-

192 5105 319 5159 dem
371 5114 613 5159 nostram
656 5120 776 5160 cum
822 5106 1139 5160 testimoniis
1179 5123 1344 5161 sacra:
1384 5108 1697 5176 Scripturaa,
1728 5116 1787 5162 ut

192 5208 314 5251 erat
347 5198 491 5250 alter
517 5198 735 5260 Tullius,
757 5209 809 5251 et
830 5197 1085 5251 Dominus
1109 5198 1398 5267 inspirabat
1423 5201 1647 5267 gratiam
1671 5213 1785 5252 om-

191 5287 361 5341 nibus
394 5301 516 5356 quaa
552 5287 781 5350 dicebat,
816 5296 958 5340 tanta
998 5289 1356 5341 consternatio
1391 5289 1587 5343 cecidit
1625 5302 1785 5356 super

188 5377 458 5441 Arianos,
490 5386 544 5429 ut
570 5376 658 5445 qui
701 5380 831 5431 satis
874 5378 1224 5433 amieabiliter
1268 5380 1589 5434 audientiam
1645 5396 1784 5446 prae-

191 5464 397 5519 buerat
420 5462 738 5533 Bonifacius,
772 5469 900 5522 nihil
923 5468 1139 5522 omnino
1167 5470 1488 5537 respondere
1520 5481 1698 5538 po~set
1720 5470 1785 5524 ad

188 5558 445 5610 rationes
472 5557 649 5610 domni
675 5560 839 5625 Aviti,
870 5560 963 5613 sed
998 5570 1200 5614 tantum
1227 5564 1548 5628 quaastiones
1582 5562 1783 5617 diffici-

189 5649 270 5700 les
295 5662 421 5716 pro,
444 5657 647 5713 oneret,
670 5650 859 5718 quibus
883 5651 1158 5705 videbatur
1179 5654 1310 5706 velle
1332 5668 1510 5723 regem
1530 5652 1778 5724 fatigare.

189 5741 249 5795 5t
264 5738 301 5792 ιι
338 5755 464 5793 cum
496 5740 562 5793 ab
591 5742 742 5798 Avito
766 5754 1044 5814 urgeretur
1068 5755 1122 5799 ut
1152 5745 1494 5814 responderet
1533 5748 1595 5799 ad
1629 5756 1781 5802 aute—

1887 3291 1979 3330 rex
2010 3290 2102 3329 eos
2131 3277 2368 3340 vidisset,
2399 3277 2631 3330 surrexit
2673 3279 2723 3330 in
2764 3292 3042 3332 occursum
3087 3296 3293 3345 eorum,
3346 3296 3461 3334 me-

1886 3366 2113 3436 diusque
2143 3368 2280 3421 inter
2307 3368 2560 3421 damnum
2598 3369 2925 3436 Stephanum
2953 3378 3007 3424 et
3039 3370 3292 3425 domnum
3334 3373 3464 3426 Avi-

1890 3466 2022 3523 tum,
2050 3458 2223 3511 adhuc
2252 3458 2413 3511 multa
2448 3458 2653 3512 locutus
2686 3469 2768 3515 est
2800 3471 2983 3513 contra
3022 3460 3344 3515 Francorum
3378 3478 3466 3516 re-

1884 3565 2027 3619 gem,
2061 3566 2217 3619 quem
2248 3551 2458 3604 dicebat
2492 3552 2783 3607 sollicitare
2831 3552 3048 3607 fratrem
3090 3568 3243 3608 suum
3283 3565 3467 3611 contra

1886 3655 1961 3695 se.
1988 3642 2092 3696 Sed
2120 3656 2238 3695 cum
2263 3642 2648 3711 responderent
2677 3644 2877 3712 pra-fati
2903 3645 3161 3715 episcopi,
3187 3647 3328 3716 quod
3361 3664 3464 3711 non

1885 3742 2029 3787 esset
2058 3733 2246 3787 melior
2273 3733 2354 3786 via
2386 3733 2602 3787 ineundi
2634 3749 2816 3802 pacem
2851 3752 3009 3803 quam
3055 3730 3384 3793 concordare
3416 3740 3467 3793 in

1889 3824 2011 3889 fide,
2046 3833 2100 3878 et
2130 3839 2345 3892 operam
2374 3840 2547 3889 suam,
2582 3826 2625 3878 si
2654 3836 2856 3895 gratam
2886 3827 3126 3893 haberet,
3156 3830 3468 3894 polliceren-

1888 3923 1974 3969 tur
2000 3930 2096 3983 pro
2127 3924 2231 3969 tarn
2262 3926 2446 3969 sancto
2472 3916 2671 3970 foedere
2696 3918 3047 3985 conciliando,
3082 3922 3211 3973 nihil
3240 3924 3466 3987 amplius

1886 4005 2093 4060 locutus
2121 4015 2224 4071 est,
2248 4008 2341 4061 sed
2370 4009 2729 4077 unusquisque
2756 4011 2927 4063 locum
2951 4025 3107 4079 quem
3142 4012 3462 4076 princedenti

1886 4097 1973 4152 die
2002 4105 2263 4160 tenuerat,
2301 4098 2599 4166 occupavit.

1957 4190 2089 4243 Cum
2120 4191 2294 4258 itaque
2329 4189 2614 4253 sediswnt,
2644 4188 2870 4242 domnus
2909 4189 3093 4243 Avitus
3134 4201 3241 4246 tam
3293 4193 3465 4249 lucide

1890 4281 2135 4348 probavit
2174 4281 2311 4346 quod
2339 4280 2582 4331 catholici
2628 4294 2732 4332 non
2768 4280 2949 4347 plures
2978 4280 3107 4336 deos
3153 4282 3463 4348 adorabunt,

1886 4382 1944 4427 ut
1968 4372 2278 4438 sapientiam
2304 4372 2417 4440 ejus
2445 4380 2547 4422 tam
2573 4370 2815 4424 catholici
2847 4386 3003 4440 quam
3032 4374 3318 4427 adversarii
3345 4392 3465 4431 cum

1888 4474 2103 4531 stupore
2153 4464 2491 4516 mirarentur.
2545 4461 2597 4515 Id
2635 4471 2811 4516 autem
2858 4463 2974 4517 fecit
3012 4473 3065 4515 ttt
3117 4465 3468 4532 responderet

1889 4552 2146 4605 conviciis
2183 4566 2300 4619 qua:
2341 4551 2643 4606 Bonifacius
2684 4552 2735 4605 in
2771 4562 3005 4606 nostram
3042 4552 3195 4607 fidem
3245 4556 3464 4621 jecerat.

1891 4646 2177 4713 Postquam
2211 4659 2338 4713 ergo
2365 4645 2639 4711 conticuit,
2676 4654 2733 4699 ιιι
2768 4645 2940 4699 locum
2973 4645 3124 4699 daret
3162 4651 3469 4713 restionsio-

1891 4740 2045 4791 nibus
2079 4737 2354 4801 Bouifacii,
2384 4738 2511 4791 nihil
2557 4738 2697 4792 aliud
2747 4741 2919 4809 potuit
2958 4740 3046 4794 ille
3077 4740 3279 4808 dicere,
3311 4758 3469 4810 quam

1891 4830 2030 4896 quod
2060 4830 2379 4897 prmedenti
2403 4830 2489 4883 die
2509 4829 2729 4894 fecerat,
2752 4841 2803 4885 et
2830 4831 3085 4885 conviciis
3116 4831 3322 4887 addens
3345 4849 3474 4888 con-

1894 4920 2048 4983 vicia,
2082 4930 2225 4973 tanto
2264 4920 2458 4989 impetu
2504 4920 2786 4986 clamabat,
2816 4931 2874 4975 ut
2911 4938 3019 4990 prae
3061 4924 3317 4979 raucitate
3366 4940 3474 4979 non

1891 5022 2070 5079 posset
2100 5012 2329 5076 amplius
2352 5011 2490 5078 loqui
2523 5021 2578 5064 et
2603 5013 2751 5080 quasi
2785 5012 3153 5067 suffocarctur.

1960 5104 2111 5170 Quod
2145 5119 2266 5159 cum
2300 5121 2389 5158 rex
2430 5105 2669 5171 vidisset,
2701 5115 2753 5158 ct
2796 5109 2924 5159 satis
2962 5106 3049 5159 diu
3082 5115 3468 5174 exspectasset,

1890 5198 2104 5253 tandem
2162 5200 2392 5252 surrexit
2447 5197 2593 5250 vultu
2654 5198 3065 5265 indignationem
3134 5195 3468 5263 praetendens

1888 5298 2071 5342 contra
2123 5288 2470 5342 Bonifacium.
2519 5288 2667 5341 Tunc
2724 5288 2951 5341 domnus
2997 5288 3185 5341 Avitus
3228 5287 3359 5339 dixit
3402 5286 3469 5339 ad

1893 5394 2072 5447 regem
2100 5397 2111 5430 :
2136 5379 2189 5433 Si
2212 5378 2509 5432 sublimitas
2529 5385 2699 5431 vestra
2721 5377 2876 5430 vellet
2891 5375 3081 5444 jubere
3101 5386 3157 5430 ut
3185 5376 3234 5429 hi
3251 5390 3471 5443 respon-

1893 5470 2083 5525 derent
2133 5467 2583 5539 prepositionibus
2640 5466 2854 5528 nostris,
2902 5474 2955 5520 tit
3008 5474 3188 5533 posset
3229 5464 3475 5531 judicare

1891 5575 2133 5630 qua-nam
2168 5558 2297 5611 fides
2326 5565 2467 5611 esset
2495 5554 2793 5609 retinenda.
2820 5554 2926 5609 Sed
2958 5555 3085 5608 nihil
3124 5570 3216 5607 rex
3249 5567 3473 5619 respon-

1892 5652 1990 5718 dit,
2038 5666 2212 5720 neque
2249 5650 2427 5703 caeteri
2460 5646 2640 5703 Ariani
2671 5648 2763 5716 qui
2816 5658 2967 5703 erant
3006 5661 3124 5701 cum
3169 5646 3294 5707 illo;
3334 5642 3473 5697 adeo

1892 5741 2170 5811 stupefacti
2199 5750 2351 5796 erant
2377 5740 2442 5795 de
2466 5740 2705 5795 doctrina
2732 5749 2785 5795 et
2813 5738 3068 5808 sapientia
3098 5735 3275 5789 domui
3309 5734 3466 5787 Aviti.
