4024 6176
552 313 644 367 591
687 333 690 335 λ

1249 305 1336 358 AD
1374 301 1885 358 SIRMONDIANAM
1929 302 2108 357 AVITI
2155 302 2526 358 EDITIONEM
2567 302 2972 359 AUCTARIUM
3690 308 3776 364 ἶ,θὲ-

551 425 651 488 Qui
697 437 816 478 cum
874 421 1078 475 videret
1127 433 1312 489 eorum
1363 417 1657 481 silentium,
1700 416 1979 484 subjunxit
2017 430 2033 468 :
2075 415 2131 469 Si
2162 422 2211 480 Α
2239 428 2475 486 pturam,
2507 434 2625 485 qua:
2658 418 2727 471 sit
2772 417 2959 470 fortior
2984 415 3240 470 omnibus
3278 416 3566 487 nrmstigiis,
3600 428 3647 472 et
3682 421 3773 475 tunc

553 515 713 571 vestri
737 529 842 567 non
868 520 1088 582 possunt
1113 509 1440 577 respondere
1465 508 1759 562 rationibus
1774 507 1995 573 nostris,
2011 506 2136 576 quid

555 607 730 658 obstat
759 618 856 657 cur
888 619 991 656 non
1030 615 1216 655 omnes
1259 600 1415 653 simul
1441 599 1829 653 conveniamus
1857 599 1909 652 in
1955 597 2139 652 eadem

556 695 693 749 fide?
722 693 868 746 Tunc
890 689 1345 745 murmurantibus
1378 688 1505 755 illis,
1531 688 1599 743 de
1644 703 1737 743 sua
1779 687 1883 741 [ide
1914 701 2137 742 securus

558 784 611 836 in
644 783 867 836 Domino
888 779 1129 834 addidit:
1170 778 1226 835 Si
1263 780 1501 833 rationes
1537 788 1733 833 nostra;
1783 793 1890 832 non
1923 787 2147 847 possunt

560 873 677 926 illos
702 872 1035 935 convincere,
1071 887 1175 924 non
1202 870 1389 924 dubito
1407 872 1534 935 quin
1562 870 1703 923 Deus
1722 868 1879 923 fidem
1907 877 2143 924 nostram

560 962 815 1017 miraculo
844 962 1126 1015 confirmet
1151 977 1164 1013 :
1198 960 1387 1030 jubeat
1424 960 1725 1015 sublimitas
1746 972 1920 1014 veStra
1949 969 2007 1015 ut
2039 969 2141 1014 tam

562 1053 637 1105 illi
666 1068 824 1122 quam
850 1067 948 1106 nos
968 1066 1151 1105 eamus
1181 1052 1245 1105 ad
1270 1051 1574 1119 sepulcrum
1608 1052 1837 1105 hominis
1862 1052 1951 1106 Dei
1983 1052 2140 1117 Justi,

565 1154 615 1197 et
640 1145 1031 1211 interrogemus
1062 1143 1206 1196 illum
1239 1143 1305 1197 de
1331 1142 1508 1197 nostra
1536 1142 1636 1196 fide
1657 1160 1671 1202 ;
1696 1144 1938 1197 similiter
1960 1154 2013 1197 ct
2044 1142 2145 1196 Bo-

564 1232 785 1285 nifacius
808 1231 874 1286 de
904 1246 996 1286 sua
1019 1250 1032 1283 :
1054 1241 1105 1285 ct
1133 1232 1389 1286 Dominus
1422 1233 1783 1299 pronuntiabit
1808 1248 1899 1301 per
1920 1247 1981 1286 os
2003 1232 2141 1286 servi

563 1320 644 1373 sui
676 1321 728 1373 in
750 1320 938 1390 quibus
966 1322 1320 1389 complaceat.
1372 1321 1484 1376 ilex
1510 1324 1770 1377 attonitus
1811 1337 2047 1376 annnere
2072 1323 2151 1376 vi-

565 1411 821 1476 debatur;
862 1412 956 1467 sed
998 1413 1287 1467 inclamare
1316 1425 1595 1482 cmperunt
1638 1414 1843 1479 Ariani,
1874 1422 1929 1469 et
1973 1414 2154 1470 dicere

566 1518 625 1557 se
664 1518 759 1571 pro
786 1502 889 1556 fide
920 1518 1013 1556 sua
1045 1504 1433 1561 manifestanda
1465 1506 1639 1561 facere
1682 1506 1826 1562 nolle
1860 1514 1916 1560 ut
1955 1508 2156 1560 l'ecetat

569 1592 719 1657 Saul,
751 1602 806 1645 et
836 1592 955 1646 ideo
981 1592 1294 1648 maledictus
1325 1597 1527 1660 fuerat;
1551 1604 1642 1650 aut
1667 1610 1944 1650 recurrere
1974 1595 2037 1647 ad
2068 1594 2153 1647 in-

566 1684 894 1736 cantationes
925 1691 979 1737 et
1004 1683 1217 1748 illicita;
1248 1686 1494 1740 sufﬁcere
1532 1687 1631 1740 sibi
1662 1702 1721 1741 sc
1761 1686 1958 1742 habere
1998 1686 2148 1742 Scri-

2242 524 2458 577 semprr
2486 518 2810 576 repetentes,
2834 518 2886 562 et
2906 508 3127 561 boantes
3153 507 3323 574 potius
3344 522 3493 575 quam
3516 508 3735 563 vocifera:
3755 538 3774 550 -

2244 606 2360 663 tes,
2394 615 2518 662 rex,
2543 599 2631 667 qui
2670 599 2781 666 jam
2832 604 3160 662 surrexerat,
3198 594 3465 665 accipiens
3499 612 3586 666 per
3619 613 3777 653 manus

2243 688 2500 743 domnum
2532 688 2859 756 Stephanum
2892 697 2946 741 et
2975 688 3228 741 domnum
3270 689 3502 752 Avitum,
3539 687 3673 741 duxit
3702 704 3779 743 ets

2249 792 2416 848 usque
2443 777 2510 831 ad
2535 777 2832 832 cubiculum
2864 792 3017 832 suum
3038 791 3052 841 ;
3075 785 3128 831 et
3149 792 3272 832 cum
3298 776 3516 831 intraret
3540 778 3780 846 amplexus

2252 878 2333 922 est
2361 882 2478 933 eos,
2512 868 2697 922 dicens
2728 877 2785 921 ut
2811 878 3031 921 orarent
3073 881 3169 936 pro
3192 882 3279 922 co.
3312 867 3663 934 Cognoverunt
3686 869 3781 937 qui-

2250 960 2373 1013 dem
2406 960 2479 1013 illi
2513 960 2914 1027 perplexitatem
2946 966 3000 1013 et
3035 960 3308 1027 angustias
3347 959 3517 1013 cordis
3543 960 3669 1026 ejus,
3704 962 3779 1013 sed

2251 1050 2373 1117 quia
2434 1048 2591 1102 Pater
2629 1063 2752 1103 eum
2799 1064 2907 1102 non
2954 1057 3189 1102 traxerat
3220 1046 3411 1117 (Ιοαη.
3453 1062 3517 1111 vt,
3546 1046 3659 1115 44),
3699 1065 3782 1101 non

2253 1139 2423 1206 potuit
2450 1138 2632 1190 venire
2661 1138 2726 1190 ad
2760 1137 2971 1203 Filium,
3004 1148 3061 1190 ut
3088 1137 3286 1191 veritas
3323 1137 3649 1206 impleretur:
3686 1139 3783 1191 Non

2249 1240 2323 1284 est
2346 1230 2577 1297 volentis,
2605 1247 2762 1296 neque
2784 1232 3091 1299 festinantis,
3114 1229 3203 1283 sed
3228 1230 3499 1283 miserentis
3527 1229 3611 1282 Dei
3636 1230 3782 1300 (llam.

2253 1336 2330 1385 Ix,
2366 1320 2473 1387 16).
2509 1321 2570 1373 Et
2597 1335 2663 1375 ex
2691 1335 2752 1374 ea
2776 1320 2863 1374 die
2910 1321 3119 1387 plurimi
3151 1319 3336 1374 Ariani
3374 1318 3435 1373 ad
3465 1322 3783 1388 pteniteutiam

2255 1420 2538 1475 venerunt,
2567 1420 2620 1464 et
2654 1420 2772 1479 post
2810 1410 3013 1479 aliquot
3055 1411 3171 1465 dies
3216 1410 3465 1478 baptizati
3516 1410 3719 1475 filerunt,
3744 1420 3786 1465 et

2256 1501 2611 1569 magnillcavit
2638 1500 2894 1555 Dominus
2920 1500 3078 1555 fidem
3110 1511 3350 1555 nostram
3380 1516 3473 1569 per
3500 1502 3786 1556 intercessio-

2258 1606 2380 1646 nem
2404 1591 2587 1647 domni
2612 1591 2747 1645 Justi
2780 1593 2831 1645 in
2858 1602 3147 1661 conspectu
3176 1594 3436 1646 omnium.

745 1902 1264 1983 SYMMACHI
1336 1908 1608 1984 PAP/E
1681 1910 1812 1984 AD
1892 1906 2291 1985 AVITUM
2370 1907 3018 1987 VIENNENSEM
3079 1909 3631 1986 EPISCOPUM

1916 2048 2502 2132 EPISTOLA.

1379 2184 1555 2255 (Hanc
1580 2186 1843 2255 epistolam
1866 2185 2071 2239 edemus
2089 2200 2202 2237 cum
2232 2193 2278 2238 et
2306 2182 2604 2254 Symmachi
2629 2197 2779 2252 papa:
2803 2187 3002 2252 apem.)

566 2307 3765 2337 mw

1466 2446 1923 2559 SEBMO
2010 2445 2422 2558 BEATl
2513 2445 2962 2586 AVlTl,

1602 2639 1809 2694 FERIA
1849 2638 2104 2694 TERTIA
2139 2638 2209 2694 IN
2248 2637 2773 2697 ROGATIONIBUS.

1764 2773 1866 2846 (Ex
1892 2790 2023 2830 mss.
2055 2774 2275 2845 majoris
2297 2774 2641 2847 Carthusitc.)

646 2998 895 3070 Legimus
933 2997 985 3054 in
1035 3000 1254 3056 historia
1298 3002 1500 3075 Regum
1547 3008 1832 3077 quemdam
1884 3013 2151 3070 celebrem
2186 3019 2229 3078 Β
2258 3024 2498 3085 tempore
2546 3016 2922 3085 pmnitentiam
2973 3019 3151 3087 debet,
3199 3037 3313 3077 non
3365 3032 3545 3079 renuat
3584 3022 3775 3079 triduum

573 3091 972 3163 prophetarum,
998 3095 1188 3163 exiguo
1212 3096 1429 3164 superni
1462 3108 1647 3165 pastus
1668 3101 1943 3169 alimento,
1972 3105 2152 3161 multis

572 3182 761 3238 diebus
804 3184 905 3239 iter
955 3184 1327 3255 longissimum
1369 3187 1486 3243 sine
1532 3190 1639 3244 ullo
1675 3192 2001 3251 adminiculo
2052 3196 2155 3252 cibi

576 3278 852 3332 terrestris
872 3278 1074 3347 egisse;
1109 3279 1244 3333 adeo
1276 3278 1441 3334 divini
1474 3282 1721 3339 beneficii
1747 3288 1917 3341 vittus
1952 3288 2004 3342 in
2035 3303 2156 3343 cor-

577 3380 708 3435 pore
734 3366 964 3422 humano
987 3378 1319 3437 sequestrata
1342 3370 1650 3427 infirmitate
1677 3377 1975 3443 praevaluit.
1998 3376 2156 3433 Com-

573 3456 780 3524 paratio
808 3468 983 3511 autem
1013 3459 1173 3512 modo
1205 3461 1319 3514 hmc
1360 3461 1415 3513 in
1440 3476 1691 3518 sermone
1728 3480 1832 3520 non
1863 3481 2021 3521 causa
2052 3480 2153 3522 est.

574 3548 666 3603 Sic
683 3562 809 3617 ergo
828 3549 986 3602 etiam
1022 3551 1174 3603 nobis
1199 3568 1434 3605 annuum
1457 3554 1723 3619 quoddam
1744 3558 1846 3612 iter
1863 3561 2152 3628 actionum,

577 3653 820 3704 casuum,
840 3638 1091 3694 timorum
1116 3640 1431 3697 diversitate
1450 3646 1805 3710 currentibus.
1824 3647 2037 3719 quidam
2064 3653 2152 3721 qui

577 3745 674 3785 nos
697 3730 833 3783 inter
857 3730 954 3783 ista
983 3732 1249 3786 confortet
1288 3733 1641 3803 Rogationum
1668 3738 1828 3792 veluti
1858 3742 1997 3795 coelo
2029 3758 2154 3809 por-

577 3830 754 3873 rectus
776 3820 1006 3873 sumitur
1030 3822 1180 3889 panis
1206 3837 1220 3875 :
1245 3822 1396 3890 cujus
1419 3824 1672 3878 fortitudo
1693 3837 1849 3896 atque
1870 3829 2155 3886 salubritas

576 3924 682 3963 nco
731 3910 903 3963 solum
943 3909 1177 3979 inopiam
1222 3913 1506 3981 praeteritae
1548 3917 1843 3972 sterilitatis
1888 3921 2153 3989 suppleat,

574 4013 757 4056 verum
798 4000 961 4055 etiam
998 4002 1295 4070 prriculum
1329 4005 1481 4060 famis
1508 4007 1577 4061 ab
1605 4008 1795 4077 spiritu
1824 4020 2009 4066 nostro
2047 4028 2155 4068 non

579 4090 635 4145 in
662 4105 799 4160 pane
826 4092 964 4160 solo,
984 4092 1076 4146 sed
1110 4093 1163 4146 in
1190 4093 1355 4150 verbo
1379 4095 1471 4150 Dei
1494 4097 1705 4152 vivente
1732 4100 1986 4156 seclutlat.
2003 4101 2155 4169 Quod

577 4182 624 4237 si
650 4183 930 4253 quisquam
962 4183 1287 4254 llogationes
1316 4199 1503 4243 nostro
1530 4194 1728 4246 saeculo
1756 4192 2029 4249 institutas
2050 4195 2153 4249 mi-

579 4283 747 4339 retur,
774 4291 907 4344 quas
938 4278 1098 4330 tantis
1126 4287 1250 4333 ante
1282 4281 1610 4347 temporibus
1633 4283 1991 4340 Ecclesiarum
2022 4287 2157 4342 mul-

2258 3105 2412 3172 Quod
2440 3106 2603 3161 etiam
2630 3108 2789 3174 pleno
2815 3110 3006 3167 ordine
3031 3121 3191 3182 atque
3211 3113 3424 3185 digesto
3439 3114 3685 3184 prophetia
3700 3128 3793 3184 qua

2257 3196 2395 3251 lecta
2425 3205 2532 3262 est,
2560 3198 2607 3253 si
2638 3199 2894 3269 gradibus
2928 3204 3040 3258 suis
3069 3204 3384 3272 replicetur,
3419 3206 3653 3274 insinuat,
3679 3206 3743 3260 sic
3770 3224 3791 3255 :n

2258 3286 2524 3356 principio
2554 3290 2821 3345 sermonis
2847 3305 3045 3347 exorsa
3074 3311 3087 3347 :
3126 3294 3263 3361 Vos,
3311 3296 3496 3366 inquit,
3535 3297 3714 3367 cognovi
3746 3308 3790 3347 ex

2258 3378 2487 3435 omnibus
2517 3382 2904 3449 cognationibus
2935 3394 3084 3440 terre
3103 3386 3280 3457 (Amos
3313 3404 3392 3454 ιιι,
3422 3389 3497 3458 2).
3541 3387 3627 3442 llic
3651 3388 3790 3442 statim

2257 3483 2318 3525 se
2364 3470 2676 3527 Iudaeorum
2726 3476 2974 3544 populus,
3025 3480 3074 3531 in
3121 3480 3410 3545 quamdam
3459 3479 3674 3551 rapinam
3711 3489 3794 3530 non

2257 3577 2464 3629 amore,
2490 3565 2583 3620 sed
2621 3567 2912 3623 ambitione
2940 3570 3256 3640 praecipitat,
3289 3584 3351 3627 ut
3371 3573 3435 3627 ad
3466 3571 3644 3627 divina:
3670 3568 3793 3624 fami-

2262 3653 2509 3712 liaritatis
2563 3657 2807 3714 notitiam
2856 3675 2966 3731 pne
3023 3664 3271 3719 omnibus
3329 3666 3565 3721 videatur
3613 3662 3789 3717 ascitas.

2260 3746 2365 3803 Sed
2396 3747 2622 3805 desistat
2646 3750 2768 3806 hinc
2788 3755 3161 3823 opportunitas
3189 3756 3557 3827 obstrependi,
3585 3753 3793 3824 quiaspo-

2258 3836 2363 3891 tius
2393 3838 2491 3893 sub
2518 3838 2719 3908 judicio
2746 3842 2974 3896 rationis
3002 3842 3027 3881 δ
3059 3843 3128 3899 de
3177 3848 3502 3914 proprietate
3535 3854 3793 3901 sermonum

2258 3942 2538 3983 causarum
2563 3939 2709 3985 certa
2734 3932 3001 3988 metienda
3030 3942 3175 3989 sunt.
3201 3934 3307 3990 Vos
3332 3936 3559 4008 cognovi,
3578 3948 3672 3989 non
3689 3929 3797 3985 dixit

2258 4016 2400 4072 Inter
2419 4032 2627 4085 omnes,
2655 4021 2750 4076 sed
2775 4021 2859 4075 Ea:
2879 4024 3112 4078 omnibus
3136 4027 3520 4096 cognationibus
3547 4035 3695 4079 terra.
3718 4018 3794 4086 Otii

2259 4118 2383 4163 sunt
2404 4119 2579 4163 autem
2603 4113 2692 4180 qui
2716 4114 3063 4181 acquiruntur
3080 4132 3147 4169 ex
3168 4118 3419 4177 omnibus
3437 4111 3796 4187 cognationibus

2260 4207 2417 4255 terra}
2431 4242 2447 4263 .
2466 4202 2566 4256 nisi
2583 4202 2672 4271 qui
2691 4203 2757 4257 ab
2778 4205 3124 4262 universitate
3137 4208 3377 4276 gentium
3398 4210 3446 4263 in
3468 4223 3621 4263 unum
3636 4200 3799 4260 redacti

2261 4291 2396 4348 flunt
2422 4308 2494 4348 ex
2520 4293 2745 4351 diversis
2771 4296 2949 4350 mundi
2982 4299 3222 4368 partibus
3253 4316 3392 4356 unus
3423 4299 3653 4370 populus,
3681 4304 3725 4349 et
3746 4294 3798 4344 de

580 4364 752 4458 titudo
803 4369 1046 4433 nescivit,
1096 4378 1307 4423 constat
1357 4371 1496 4425 hunc
1549 4388 1706 4441 posse
1749 4384 1804 4430 et
1848 4380 2161 4435 muneribus
2188 4386 2234 4449 C
2268 4386 2450 4440 multis
2479 4386 2734 4441 membris
2752 4389 2851 4441 sub
2871 4364 3085 4445 Christo
3104 4391 3280 4457 capite
3303 4364 3465 4445 unum
3486 4364 3798 4458 corpus'lCui

578 4457 988 4527 redemptionis,
1022 4475 1140 4525 qua:
1181 4460 1362 4513 mundi
1398 4476 1513 4515 aevo
1534 4461 1644 4530 jam
1678 4479 1812 4532 pene
1838 4480 2153 4538 consumpto

579 4548 631 4599 in
679 4550 997 4601 saculorutn
1043 4550 1148 4602 line
1191 4550 1378 4614 adfuit,
1416 4552 1691 4619 derogare.
1744 4555 1945 4611 Viderit
1974 4567 1998 4595 °
2036 4561 2157 4629 quis

577 4646 722 4691 certe
769 4638 893 4707 quid
945 4639 1162 4705 sentiat,
1212 4641 1519 4707 qualitatem
1568 4644 1938 4701 medicaminis
1986 4649 2155 4704 rideat

578 4729 917 4794 furibundus,
952 4730 1155 4783 nesciat
1184 4731 1521 4800 desperatus,
1561 4746 1813 4790 caeterum
1852 4738 1930 4793 fre
1951 4749 2157 4806 ptenter

577 4830 849 4889 expertus.
881 4821 984 4876 Sed
1012 4823 1131 4889 quis
1160 4831 1245 4877 est
1276 4824 1375 4878 iste
1404 4824 1480 4878 sic
1506 4826 1573 4879 ad
1602 4828 1862 4897 integrum
1892 4846 2071 4899 sanus,
2098 4843 2156 4887 ut

578 4910 858 4964 medicina:
881 4926 985 4965 non
1007 4924 1180 4980 egeat,
1201 4925 1255 4966 ut
1278 4915 1403 4968 nulli
1431 4918 1738 4985 aegrotantis
1761 4920 1950 4974 anima:
1970 4923 2156 4975 morbo

578 4999 911 5068 succumbat,
945 5010 1002 5055 ut
1025 5018 1129 5055 non
1160 5012 1252 5057 aut
1273 5005 1558 5073 cupiditate
1583 5008 1789 5072 ardeat,
1814 5020 1906 5063 aut
1930 5011 2155 5066 avaritia

582 5093 800 5163 palleat,
838 5104 929 5148 aut
961 5094 1155 5149 invidia
1200 5096 1373 5161 liveat,
1405 5105 1494 5150 aut
1520 5100 1768 5163 superbia
1807 5112 2024 5167 tumeat,
2064 5112 2156 5158 aut

579 5183 851 5239 iracundia
879 5186 1072 5253 caleat,
1116 5194 1207 5240 aut
1246 5188 1498 5256 obloquio
1525 5190 1762 5256 pruriat?
1800 5192 1854 5245 Si
1879 5195 1996 5261 quis
2026 5210 2154 5263 ergo

577 5290 641 5328 ex
674 5273 758 5328 his
784 5275 1011 5345 alicujus
1055 5276 1195 5330 tmdii
1236 5276 1337 5330 sibi
1385 5278 1633 5332 conscius
1683 5288 1766 5334 est
1829 5283 1919 5347 qui
1963 5295 2156 5340 cuncto

650 5453 755 5490 ala‘

650 5463 675 5490 ⁸
717 5453 840 5508 Fort
905 5472 968 5508 ts.

649 5522 676 5560 ιν
710 5523 812 5594 ,Hic
846 5468 997 5579 focus
1034 5523 1313 5594 manifeste
1342 5525 1680 5594 depravatus,
1720 5529 1927 5582 tametsi
1959 5542 2149 5585 sensus

579 5592 647 5666 sit
673 5593 878 5651 obvius.
902 5595 1037 5649 Dicit
1063 5593 1251 5649 Avitus
1280 5596 1388 5650 falli
1414 5592 1654 5661 'Judtcos,
1681 5600 1767 5666 qui
1801 5600 1956 5653 verba
1984 5606 2146 5656 Amos

579 5662 647 5716 de
671 5680 728 5718 se
750 5671 1378 5732 Interpretarentur,cum
1399 5681 1465 5724 ex
1488 5662 1941 5735 judicio'rationis
1971 5674 2145 5740 pctius

2264 4477 2599 4547 postmodum
2626 4480 2885 4536 vocationi
2916 4485 3269 4553 agnoscenda:
3297 4494 3460 4554 atque
3489 4476 3796 4554 praedicandi!)

2265 4567 2611 4623 beatissimus
2637 4570 2826 4625 Petrus
2850 4588 2944 4641 per
2967 4573 3159 4628 mentis
3184 4584 3458 4644 stuporem
3481 4574 3677 4628 deﬁxus
3697 4567 3797 4621 vidit

2262 4659 2484 4715 linteum
2518 4662 2781 4730 quoddam
2812 4666 2950 4719 etelo
2972 4667 3319 4733 descendere,
3348 4667 3486 4737 quod
3509 4674 3715 4735 quatuor
3731 4676 3784 4714 an

2264 4748 2404 4817 gulis
2435 4751 2552 4803 sinu
2588 4761 2831 4822 tnrgente
2856 4756 3201 4825 SlImeSSHm,
3229 4773 3387 4812 omne
3406 4772 3569 4828 genus
3596 4754 3732 4809 anius;
3752 4768 3797 4803 n-

2268 4842 2399 4894 tium
2443 4858 2564 4896 cum
2614 4844 2923 4901 volatilibus
2971 4858 3129 4917 atque
3178 4850 3456 4918 reptilibus
3501 4843 3797 4902 continebat,

2263 4934 2727 5003 commonitusque
2757 4946 2811 4989 ut
2843 4938 3161 4993 necessaria:
3200 4940 3472 4994 refectioni
3515 4936 3645 5007 quod
3672 4933 3800 4985 veliti

2264 5022 2377 5090 ipse
2423 5033 2716 5090 mactaret;
2760 5030 3051 5096 appetitum
3094 5030 3306 5099 quidem
3345 5031 3523 5095 talem,
3560 5043 3666 5082 cum
3704 5021 3799 5074 tali~

2264 5112 2503 5167 ciborum
2538 5116 2725 5169 modus
2758 5120 3183 5187 pr.rcipiebatur,
3225 5136 3321 5189 per
3351 5117 3716 5174 observantiam
3740 5112 3797 5163 lv-

2263 5204 2434 5272 galem
2478 5207 2788 5273 exhorruit;
2839 5213 2931 5263 sed
2975 5225 3092 5264 mox
3131 5212 3194 5265 ad
3240 5227 3359 5266 cum
3403 5225 3575 5264 sermo
3603 5206 3796 5261 divinus.

2267 5293 2395 5357 Qum
2436 5295 2597 5359 Deus,
2641 5296 2831 5367 inquit,
2874 5301 3155 5366 mandavit,
3188 5311 3241 5353 tu
3268 5299 3530 5353 immunda
3553 5314 3609 5350 ne
3641 5290 3802 5347 dixerit

2270 5478 2426 5537 quam
2457 5480 2521 5520 ex
2561 5481 2749 5521 vocum
2783 5470 3109 5537 proprietate
3145 5485 3206 5525 ea
3247 5469 3512 5526 metienda
3549 5469 3661 5522 sint.
3690 5463 3794 5537 Nam

2266 5538 2308 5614 si
2356 5534 2587 5617 litteram
2624 5533 2930 5617 sequamur,
2957 5542 3086 5617 haec
3122 5543 3336 5617 quidem
3383 5542 3449 5596 de
3487 5540 3601 5594 [iliis
3626 5533 3795 5609 Israel;

2350 5605 2609 5729 Ῑυίξίείυιη
2656 5605 2896 5674 “illunis,
2937 5610 3004 5667 de
3029 5605 3345 5669 Christianis
3370 5626 3492 5666 vere
3528 5621 3580 5664 et
3616 5605 3797 5677 proprie

2298 5689 2414 5728 tcun
2448 5690 2534 5730 or.
