4024 6176
231 232 325 285 593

946 227 1175 283 SERMO
1219 226 1272 279 Β.
1317 225 1493 282 AVlTl
1535 224 1599 279 IN
1643 224 1846 279 FERIA
1887 225 2133 279 TERTIA
2176 225 2237 279 lN
2280 224 2797 281 l’lOGt'l'iONlBllS.

3363 231 3425 288 3'9
3444 231 3463 283 ι

227 347 355 409 (Art.
387 358 437 406 κ,
472 341 583 407 15).
615 342 785 408 Atque
816 340 924 403 ille,
977 339 1040 392 1η
1069 341 1293 399 veritate,
1327 339 1515 405 inquit.
1546 338 1784 402 romp‘ri,
1822 342 1865 396 Α
1895 347 2170 405 vagantem
2224 354 2327 391 non
2388 341 2630 407 deslimit
2672 342 2955 408 inquirere.
3005 344 3189 409 (litera-
3242 351 3461 413 prtlium

225 437 338 502 quia
370 448 468 484 non
496 440 569 484 est
600 446 925 498 personarum
966 435 1186 498 acceptio
1210 429 1349 497 apud
1390 428 1590 491 Deum;
1622 429 1707 479 sed
1738 428 1785 479 it

224 524 354 576 eunti
392 523 580 591 populo
624 530 670 572 et
708 528 855 589 gente
889 520 976 587 qui
1021 521 1158 571 timet
1202 518 1363 570 Deum
1405 527 1449 570 et
1483 517 1790 570 voluntatem

224 616 322 682 ejus
351 613 492 679 facit,
525 619 758 676 acceptus
792 619 862 661 est
890 608 968 661 illi
998 607 1184 675 (lbid.,
1214 607 1327 676 54).
1366 608 1514 661 Tunc
1545 623 1669 674 ergo
1701 608 1787 674 qui

222 702 404 769 cogniti
432 711 553 753 sunt
584 714 647 752 ex
678 698 926 752 omnibus
966 698 1372 767 cognationibus
1420 707 1575 752 terrae
1617 698 1787 761 vides,

221 804 404 857 nempe
429 788 706 859 prophetis
736 795 895 853 atque
925 788 1203 854 apostolis,
1234 804 1335 856 qua
1366 788 1566 841 unitate
1592 801 1787 841 convc-

220 881 340 932 niat.
380 880 491 932 lloc
520 889 603 931 est
648 874 904 944 profecto,
946 878 1083 945 quod
1119 878 1278 931 etiam
1321 892 1459 931 nunc
1491 876 1649 931 lectio
1676 880 1786 930 ait:

220 970 465 1036 Nunquid
507 968 835 1020 ambulabunt
874 967 976 1019 duo
1016 968 1227 1035 pariter,
1272 967 1367 1019 nisi
1409 966 1691 1018 convenerit
1719 966 1789 1019 eis

220 1061 386 1129 (.tmos
428 1074 505 1122 ιιι,
551 1058 641 1127 5)?
689 1057 950 1112 Convenit
991 1067 1168 1111 autem
1210 1058 1437 1125 duobus,
1488 1056 1701 1110 Christo
1736 1065 1790 1110 et

219 1150 401 1219 Moysi,
434 1150 554 1217 quia
584 1148 649 1201 de
674 1149 775 1202 isxo
800 1148 886 1201 ille
913 1145 1144 1214 scripsit.
1171 1144 1431 1200 Convenit
1461 1145 1565 1214 legi
1596 1155 1646 1197 et
1667 1159 1787 1213 gra-

220 1244 315 1305 tia-,
349 1242 636 1305 quia.......
669 1240 758 1292 illa
786 1239 1077 1294 districuus
1118 1240 1387 1307 imposuit,
1418 1248 1476 1292 ut
1504 1238 1788 1307 pretiosius

217 1336 305 1386 ista
336 1332 563 1384 laxaret.
594 1331 857 1384 Convenit
886 1331 1092 1383 veritati
1120 1338 1173 1382 et
1198 1328 1510 1397 prophetize,
1541 1330 1661 1398 quia
1688 1328 1787 1382 ista

216 1427 417 1497 peperit
436 1426 579 1496 quod
612 1425 695 1478 illa
724 1425 985 1493 concepit.
1006 1423 1157 1493 Apud
1185 1424 1399 1478 Juda'os
1423 1424 1521 1477 ista
1550 1423 1657 1477 duo
1679 1438 1784 1477 non

215 1521 409 1588 pariter
454 1518 751 1582 ambulant,
786 1517 902 1569 ideo
944 1532 1050 1569 non
1093 1514 1441 1569 concordant.
1493 1514 1636 1568 Inter
1674 1514 1786 1582 ipsa

215 1612 343 1665 enim
382 1611 493 1663 duo
518 1609 863 1663 Testamenta
893 1605 1144 1673 quasdam
1176 1605 1427 1659 minutias
1452 1614 1673 1672 ponunt.
1706 1604 1785 1657 Ad

1892 438 2068 480 autem
2119 440 2197 481 est
2247 430 2793 495 diligentiusiutueti,
2846 434 2983 499 quod
3031 435 3143 487 illas
3181 440 3461 507 nonaginta

1892 536 2082 573 novun
2115 536 2246 588 quas
2274 523 2373 574 iste
2405 532 2581 588 pastor
2606 524 2655 575 in
2687 525 2954 579 montibus
2984 527 3215 594 reliquit,
3247 534 3465 584 manic-

1890 621 2060 664 smtus
2106 612 2155 663 in
2203 626 2384 679 carne,
2433 627 2535 665 non
2581 614 2812 668 deseruit
2849 632 3164 681 permanens
3193 620 3242 673 in
3276 623 3463 675 natiii—

1892 708 2017 753 tate.
2069 701 2388 768 Angelorum
2417 701 2561 755 enim
2596 700 2646 754 in
2680 704 2882 756 caelesti
2924 706 3200 762 altitudine
3228 709 3459 777 glorian-

1892 790 2018 842 titnn
2044 829 2059 853 ,
2093 791 2182 858 qui
2216 798 2393 859 utique
2420 794 2527 860 jam
2559 808 2740 847 (ξι-ποις)
2770 810 2873 846 non
2915 807 3153 865 possunt,
3188 801 3462 855 evidenter

1888 889 2081 948 gerunt
2104 881 2345 950 ﬁguram.
2372 882 2477 936 Leo
2501 884 2643 936 enim
2671 884 2735 936 de
2758 900 2861 951 quo
2886 901 3040 954 supra
3070 887 3322 953 diximus,
3345 904 3461 958 post

1890 970 2031 1023 illam
2054 972 2251 1040 proprii
2271 988 2426 1026 casus
2449 975 2655 1027 ruinam
2680 990 2780 1043 qua
2805 979 3128 1031 consortium
3158 980 3460 1036 Divinitatis

1890 1059 2162 1125 aliectans,
2213 1063 2371 1116 etiam
2425 1065 2639 1118 homine
2687 1066 2932 1121 miserior
2977 1069 3142 1124 factus
3184 1081 3286 1135 est,
3333 1073 3456 1125 dum

1889 1151 2202 1218 dedignatur
2219 1168 2338 1207 esse
2364 1154 2579 1207 inferior
2599 1156 2869 1218 Creatore,
2886 1160 3057 1212 omnis
3077 1163 3457 1230 archangelica:

1890 1242 2167 1308 potestatis
2188 1242 2441 1310 dignitate
2462 1244 2690 1300 nudatus
2710 1256 2809 1300 est.
2828 1248 2929 1301 Sed
2952 1248 3069 1303 huic
3099 1259 3271 1305 tamen
3294 1269 3459 1321 quan-

1891 1330 2262 1401 tulumcunque
2291 1343 2602 1401 potestatem
2640 1338 2934 1392 cu-lestium
2979 1341 3363 1408 ministrorum,
3394 1360 3459 1397 ne

1889 1423 2032 1476 solus
2054 1423 2273 1494 periret,
2305 1426 2453 1478 casui
2491 1442 2601 1479 sua;
2635 1427 2948 1495 dejectionis
2977 1431 3235 1486 innexuit.
3284 1434 3348 1487 Et
3379 1435 3459 1487 Itis

1890 1512 1990 1564 hoc
2027 1524 2201 1566 tamen
2245 1514 2311 1567 de
2354 1515 2444 1567 illo
2484 1517 2765 1570 eminentis
2799 1530 3056 1573 creatura:
3099 1524 3277 1590 vigore
3320 1540 3459 1578 nunc

1889 1614 2153 1668 superest,
2171 1613 2223 1655 ut
2244 1604 2634 1658 damnationem
2670 1606 2895 1660 futuram
2913 1604 3025 1676 jam’
3052 1614 3313 1678 patientes
3336 1614 3459 1667 dum

214 1717 366 1755 unum
404 1714 588 1753 verum
628 1700 792 1751 Deum
826 1697 927 1751 nisi
954 1711 1058 1750 uno
1096 1696 1287 1750 itinere
1325 1710 1429 1749 non
1462 1696 1585 1749 itur.
1634 1695 1789 1748 Certe
1822 1685 1867 1744 Β
1893 1697 2320 1759 praesciunt,cum
2338 1695 2546 1751 vivendi
2568 1699 2811 1752 meritum
2836 1701 3271 1767 perdiderunt,et
3293 1706 3460 1773 ipsum

164 1826 171 1833 -
213 1794 249 1846 si
284 1800 508 1859 propter
550 1803 893 1857 quascunque
936 1788 1066 1840 alias
1108 1800 1297 1840 causas
1335 1794 1512 1853 petest
1552 1783 1785 1849 diverso,

212 1886 435 1938 adverso
466 1896 572 1935 non
608 1890 799 1947 potest.
848 1878 1000 1947 Apud
1032 1893 1126 1931 nos
1154 1892 1281 1932 vero
1324 1877 1429 1931 ista
1456 1877 1560 1929 duo
1590 1876 1789 1943 pariter

213 1976 504 2045 iunguntur
531 1986 691 2041 atque
716 1971 1059 2026 conveniunt.
1110 1970 1205 2023 Est
1238 1978 1411 2023 tamen
1454 1971 1504 2021 in
1538 1968 1636 2021 hoc
1666 1983 1789 2035 pro-

212 2066 382 2133 pheta:
417 2063 582 2116 verbo
610 2062 764 2116 etiam
789 2061 927 2129 quod
963 2059 1306 2128 personaliter
1336 2058 1505 2125 accipi
1533 2064 1712 2125 queat,
1743 2056 1788 2110 si

213 2155 441 2209 dualitas
462 2154 577 2221 ipsa
605 2165 761 2221 quam
789 2150 1074 2205 convenire
1095 2163 1313 2203 necesse
1334 2158 1437 2215 εει,
1464 2147 1535 2201 sit
1562 2148 1788 2215 primum

213 2248 258 2303 iu
288 2246 511 2300 homine
539 2260 664 2309 uno,
691 2244 760 2299 sit
781 2242 974 2298 deinde
1002 2243 1051 2295 in
1074 2255 1269 2310 genere
1291 2237 1789 2308 humano.Spiritus

212 2341 344 2392 enim
378 2347 567 2390 noster
596 2346 651 2390 et
693 2349 887 2403 corpus
916 2341 1155 2387 ucstrum
1187 2347 1256 2387 ex
1287 2332 1513 2401 disparis
1542 2330 1789 2386 substan-

214 2432 293 2484 tia:
338 2427 607 2497 qualitate
645 2434 917 2495 compacta
966 2432 1110 2478 sunt.
1148 2422 1277 2490 Qua:
1323 2422 1430 2476 duo
1463 2421 1603 2476 viam
1633 2420 1788 2489 hujus

212 2521 391 2575 secuti
424 2532 641 2574 currere
672 2517 973 2571 nullatenus
999 2523 1220 2584 queunt,
1244 2514 1345 2568 nisi
1371 2513 1507 2567 inter
1533 2527 1591 2567 se
1610 2519 1789 2567 custo-

214 2613 311 2665 dita
342 2612 545 2665 divinae
573 2608 924 2664 ordinationis
961 2607 1078 2676 lege
1106 2606 1503 2661 consenserint.
1544 2605 1605 2662 Si
1647 2605 1787 2660 enim

214 2720 312 2756 non
342 2701 627 2769 subiaceat
671 2698 891 2767 Spiritus
926 2699 1126 2764 carnis,
1170 2698 1263 2752 sed
1306 2697 1373 2751 ad
1415 2695 1785 2751 refrenandam

213 2793 700 2863 concupiscentiam
725 2790 881 2846 cedat
911 2791 1085 2860 potius
1116 2790 1277 2844 menti
1306 2803 1450 2853 caro,
1482 2787 1626 2843 ducit
1656 2789 1788 2843 duos

214 2888 415 2954 pariter
444 2884 731 2938 concordia
767 2883 989 2937 rationis
1020 2898 1115 2951 per
1147 2884 1284 2936 viam
1315 2883 1445 2953 legis
1468 2882 1532 2935 ad
1562 2883 1787 2949 patriam

214 2976 554 3031 aeternitatis.
587 2976 643 3029 Si
672 2986 848 3030 autem
876 2974 999 3028 dum
1034 2989 1125 3042 per
1155 2974 1309 3043 hujus
1339 2975 1518 3029 saeculi
1547 2974 1646 3028 iter
1666 2961 1784 3028 cur-

214 3070 361 3131 rLtur,
391 3065 588 3134 spiritu
616 3065 938 3130 retardante,
964 3064 1192 3118 animam
1225 3079 1349 3117 caro
1374 3065 1709 3132 praevenerit,
1733 3074 1785 3119 et
1813 3045 1855 3106 Ο

216 3160 523 3212 facultatem
555 3160 676 3223 vite,
710 3158 965 3225 permissa
994 3157 1092 3211 sibi
1122 3159 1326 3225 peccati
1360 3157 1623 3220 libertate,
1656 3172 1792 3225 prte—

215 3250 462 3313 cluserit,
492 3249 691 3304 deserit
721 3251 835 3318 ipsa
857 3248 1105 3303 currendi
1132 3249 1426 3316 inqualitas,
1449 3263 1567 3315 quae
1591 3245 1793 3301 homini

216 3356 241 3393 a
272 3342 531 3397 Creatore
560 3341 886 3410 prmCipitur,
910 3347 964 3394 et
986 3339 1167 3408 incipit
1193 3337 1443 3405 impedita
1466 3337 1579 3405 lege
1598 3338 1792 3391 mentis

217 3432 416 3501 perire,
446 3441 505 3485 et
532 3446 680 3498 super
695 3431 929 3486 exaltare
976 3431 1090 3498 lege
1129 3430 1389 3497 corporis,
1437 3442 1532 3480 nec
1553 3428 1659 3494 jam
1688 3428 1793 3480 duo

220 3526 421 3591 pariter
456 3532 707 3591 pergunt,
752 3522 821 3575 ibi
844 3537 1014 3576 unum
1050 3523 1181 3589 jacet
1216 3530 1269 3574 et
1300 3520 1443 3575 aliud
1477 3519 1687 3587 premit.
1733 3519 1794 3571 Et

221 3614 349 3675 hac,
381 3613 524 3683 quod
558 3612 725 3681 magis
746 3611 1029 3666 dolendum
1061 3621 1163 3674 est,
1185 3619 1418 3664 nontam
1450 3609 1647 3678 ignaris
1669 3607 1794 3661 sub-

220 3717 433 3773 repunt,
479 3720 638 3772 quam
677 3704 1016 3757 dominantur
1049 3704 1233 3757 aliisis.
1288 3704 1450 3757 Docet
1478 3702 1577 3755 hoc
1616 3714 1795 3755 sermo

218 3797 301 3863 qui
333 3796 583 3864 sequitur
612 3811 624 3849 :
651 3792 775 3859 Leo,
802 3793 989 3861 inquit,
1021 3793 1243 3861 irrug'it,
1286 3793 1397 3857 quis
1426 3808 1526 3843 non
1559 3789 1796 3843 timebit?

220 3884 471 3938 Dominus
494 3890 687 3936 locutus
716 3894 810 3946 est,
836 3884 946 3952 quis
969 3899 1066 3935 non
1091 3873 1796 3948 prop.’tetabil(lbid.4)?Pec-

218 3985 393 4028 catum
430 3975 589 4042 longe
614 3982 852 4041 apparet,
886 3986 1049 4039 quare
1077 3986 1180 4024 non
1222 3968 1487 4038 fugimus?
1520 3968 1791 4037 Scriptura

218 4078 385 4132 prope
414 4064 631 4123 clamat.
666 4076 828 4130 quare
858 4076 961 4115 non
992 4059 1292 4115 credimus?
1329 4060 1459 4125 Quis
1487 4067 1567 4114 est
1592 4058 1678 4113 leo
1707 4075 1795 4111 ru-

218 4156 403 4223 giens,
447 4155 549 4208 nisi
597 4154 662 4207 de
701 4168 807 4223 quo
844 4153 1117 4223 apostolus
1146 4153 1293 4215 dicit,
1326 4154 1446 4221 quia
1477 4152 1795 4205 adversarius

219 4257 375 4298 tester
408 4245 640 4298 diabolus
661 4254 901 4312 tanquam
931 4245 1006 4297 leo
1035 4245 1237 4313 rugiens
1261 4245 1438 4296 circuit
1460 4258 1684 4309 qua’reus
1707 4244 1794 4297 de-

220 4352 401 4389 rorare
427 4353 513 4389 ros
544 4334 596 4403 (1
624 4335 835 4400 Petr.v,
865 4334 953 4405 8)?
986 4335 1134 4390 Facit
1164 4337 1357 4390 luroris
1386 4336 1789 4399 incontinentia,

1892 1783 2079 1834 saltem
2126 1783 2384 1837 moriendi
2431 1786 2723 1839 remedium
2756 1788 2953 1844 habere
2994 1804 3102 1845 non
3129 1794 3352 1861 possint.
3386 1798 3461 1848 Ab

1894 1870 1985 1925 illo
2008 1872 2207 1940 itaque,
2242 1882 2298 1927 ut
2327 1875 2455 1941 dixi,
2483 1891 2608 1929 casu
2635 1878 2856 1946 quisque
2883 1880 2935 1933 in
2968 1896 3153 1937 amore
3172 1885 3461 1939 conditoris

1894 1963 1975 2015 sui
2005 1971 2059 2016 et
2087 1964 2338 2031 angelica:
2368 1965 2712 2022 beatitudinis
2740 1968 2941 2024 honore
2979 1976 3295 2039 permansit,
3328 1976 3462 2030 ulte-

1894 2053 2004 2106 rius
2029 2055 2210 2109 seduci
2239 2071 2343 2110 non
2369 2060 2573 2125 potuit,
2600 2073 2660 2112 ac
2690 2064 2911 2130 pre?nde
2939 2079 3036 2118 nec
3066 2066 3379 2133 periclitari;
3412 2080 3464 2124 ct

1894 2144 2087 2197 factum
2112 2154 2195 2200 est
2224 2146 2275 2198 in
2305 2148 2561 2217 principio
2586 2148 2653 2203 de
2674 2151 2876 2219 angelis
2901 2154 3039 2221 quod
3071 2154 3137 2209 de
3161 2155 3465 2215 hominibus

1895 2233 1949 2286 in
1978 2236 2081 2289 ﬁne
2110 2235 2407 2291 faciendum
2443 2248 2544 2303 est,
2587 2251 2642 2293 ut
2682 2242 2923 2297 evolutus
2958 2245 3161 2301 scilicet
3198 2251 3384 2306 salutis
3412 2265 3464 2308 et

1895 2326 2205 2393 perditionis
2227 2342 2417 2383 cursus
2444 2340 2635 2383 exacto
2665 2331 2987 2403 impletoque
3032 2352 3255 2393 numero
3284 2345 3464 2397 termi‘

1896 2431 2069 2477 netur.
2118 2423 2249 2478 Istas
2286 2438 2413 2495 ergo
2444 2439 2691 2492 superna:
2720 2428 3050 2484 celsitudinis
3086 2447 3213 2487 oves
3254 2436 3463 2506 reliquit

1896 2526 2079 2583 pastor
2104 2515 2294 2582 bonus,
2322 2525 2375 2570 et
2404 2518 2544 2571 venit
2568 2518 2630 2571 ad
2654 2518 2793 2572 illam
2822 2536 2978 2575 unam
3003 2538 3153 2577 ovem
3184 2527 3460 2594 perditam,

1896 2609 1944 2661 iu
1971 2608 2122 2676 cujus
2148 2608 2444 2677 signatione
2470 2609 2680 2679 jacebat
2709 2626 2875 2681 genus
2904 2613 3213 2679 humanum,
3238 2626 3290 2671 ct
3320 2619 3463 2672 illam

1833 2707 1865 2751 ι’
1894 2714 2011 2768 quae
2032 2700 2099 2754 ab
2127 2702 2228 2755 isto
2260 2702 2414 2756 leone
2455 2718 2671 2758 corrosa
2705 2719 2798 2772 per
2838 2719 2897 2759 se
2941 2708 3227 2764 ascendere
3257 2711 3320 2764 ad
3351 2711 3463 2765 illas

1894 2792 2176 2859 nonaginta
2218 2807 2408 2847 novem
2453 2810 2557 2847 non
2586 2794 2838 2862 poterat,
2880 2797 2989 2850 suis
3030 2798 3266 2853 humeris
3299 2804 3463 2867 vexit,

1892 2879 2012 2949 quia
2043 2881 2093 2933 in
2126 2895 2224 2934 suo
2246 2896 2470 2950 corpore
2511 2882 2846 2938 sublevavit:
2899 2896 2951 2939 et
2982 2889 3193 2955 quando
3224 2903 3341 2942 cum
3376 2890 3465 2943 ho-

1895 2971 2039 3024 mine
2081 2972 2259 3025 carnis
2292 2982 2581 3041 assumptte
2627 2973 2692 3026 ad
2724 2989 2950 3042 superna
2983 2977 3239 3031 coclorum
3287 2980 3463 3041 rediit,

1892 3062 2133 3115 eamdem
2162 3063 2344 3131 utique
2377 3078 2494 3131 quae
2531 3064 2596 3117 de
2636 3065 2881 3129 paradiso
2921 3077 3215 3131 erraverat,
3261 3070 3463 3138 angelis

1894 3152 2094 3206 retulit.
2124 3151 2383 3217 Quocirca
2412 3152 2522 3221 jam
2554 3162 2696 3223 patet
2726 3153 2817 3222 qui
2848 3155 2915 3208 sit
2946 3164 3124 3221 pastor
3158 3159 3245 3226 qui
3276 3158 3464 3213 liberat

1893 3241 2000 3295 duo
2030 3256 2183 3295 crura
2210 3250 2264 3295 et
2292 3252 2491 3311 partem
2517 3244 2791 3308 auriculas,
2823 3252 2876 3298 et
2904 3245 2993 3313 qui
3023 3245 3090 3300 sit
3113 3247 3197 3301 leo
3219 3250 3307 3318 qui
3335 3253 3464 3307 reli-

1893 3348 2053 3401 qumn
2085 3334 2309 3389 deverat
2338 3348 2351 3385 :
2378 3332 2479 3387 hoc
2520 3343 2620 3398 est,
2658 3334 2758 3389 iste
2785 3333 3048 3403 Christus,
3080 3336 3172 3392 ille
3199 3338 3462 3395 diabolus.

1894 3424 2099 3477 Omissa
2128 3438 2256 3477 vero
2284 3433 2555 3493 utcunque
2577 3422 3007 3480 consideratione
3036 3428 3258 3496 carnali,
3282 3430 3464 3485 vidca-

1894 3531 2009 3568 mus
2034 3531 2151 3584 qme
2183 3516 2250 3570 sit
2278 3516 2496 3570 minima
2530 3529 2651 3584 pars
2679 3518 2921 3587 corporis
2943 3532 3060 3589 quae
3087 3518 3366 3577 devoranti
3396 3523 3467 3579 ιε.

1894 3608 2033 3668 gitur
2064 3607 2401 3660 remansisse.
2433 3606 2613 3675 Neque
2653 3609 2795 3662 enim
2827 3618 2954 3678 puto
2994 3613 3134 3681 quod
3173 3615 3262 3670 ille
3289 3625 3467 3683 pastor

1896 3698 2065 3750 bonus
2089 3712 2199 3750 rem
2224 3709 2327 3750 tam
2352 3697 2688 3752 dilaceratam
2707 3708 2761 3753 et
2778 3714 2912 3768 pene
2933 3713 3299 3773 consumptam
3320 3713 3465 3758 tanto

1895 3788 2072 3844 studio
2093 3788 2250 3843 vellet
2275 3804 2483 3854 eruere,
2514 3790 2614 3843 nisi
2644 3792 2915 3859 particula:
2946 3792 3046 3861 ipsi
3073 3793 3247 3849 adhuc
3268 3795 3467 3863 aliquid

1897 3880 2199 3951 palpitantis
2230 3881 2352 3934 vitae
2384 3879 2562 3934 inesse
2592 3892 2969 3963 cognosceret.
3002 3883 3126 3937 Ovis
3169 3884 3290 3951 ista,
3330 3888 3468 3941 sicut

1890 3970 2000 4037 jam
2029 3971 2294 4038 prolocuti
2318 3985 2524 4036 sumus,
2554 3971 2856 4040 quicunque
2877 3982 3123 4040 peccator
3154 3984 3235 4028 est
3266 3976 3464 4045 utique,

1895 4060 1938 4113 si
1982 4059 2049 4112 de
2088 4059 2255 4113 cautis
2294 4072 2352 4112 se
2392 4060 2788 4129 protegentibus
2818 4070 3068 4129 evagatus
3110 4072 3300 4131 suopte
3337 4067 3465 4120 vitio

1896 4149 2204 4201 iucursurus
2241 4147 2502 4213 bestiam,
2539 4164 2657 4201 cum
2690 4163 2718 4200 a
2750 4158 2964 4215 pastore
2992 4150 3298 4205 declinavit.
3334 4154 3464 4208 Dum

1894 4240 2037 4294 enim
2066 4239 2304 4292 ambulat
2334 4252 2429 4305 per
2463 4237 2697 4306 deserta,
2726 4236 2826 4291 hoc
2847 4249 2948 4303 est,
2980 4240 3103 4293 dum
3132 4242 3328 4309 cogitat
3355 4244 3465 4297 ina.

1895 4329 1981 4384 nia
2004 4329 2365 4399 perituraque,
2388 4328 2619 4383 occurrit
2640 4327 2714 4381 illi
2738 4327 3001 4393 diabolus,
3016 4340 3069 4383 et
3089 4330 3466 4400 cogitationem

221 4441 286 4480 ne
334 4436 519 4480 tacens
560 4426 845 4480 diseubitet
880 4426 971 4494 qui
1015 4426 1241 4494 rugitutn
1287 4426 1444 4494 longe
1483 4427 1790 4496 praemittit:
1824 4407 1876 4468 Ι)
1899 4418 2015 4489 ejus
2045 4435 2224 4475 morsu
2269 4419 2535 4487 pestiferae
2566 4418 2927 4487 persuasionis
2956 4419 3174 4474 invadit.
3215 4420 3316 4487 Qui
3346 4438 3467 4478 cum

223 4519 312 4571 sed
353 4518 505 4571 audit
550 4519 802 4585 rugitum,
850 4526 903 4571 et
947 4532 1051 4571 non
1090 4526 1243 4571 cavet
1272 4519 1356 4584 qui
1387 4528 1635 4587 przeceptt
1667 4533 1794 4572 con-

224 4612 503 4662 scientiam
534 4623 716 4662 sccum
751 4607 850 4660 fert
879 4607 944 4660 ad
977 4609 1190 4661 exordia
1220 4608 1446 4677 peccati,
1486 4608 1796 4664 confestim-

223 4716 324 4767 que
355 4700 545 4754 rabido
586 4698 851 4753 invaditur
879 4714 1082 4762 morsu,
1129 4699 1228 4753 nisi
1260 4702 1536 4768 praemisso
1564 4709 1795 4756 terretur

224 4791 438 4856 auditu;
486 4789 625 4859 quod
668 4803 851 4843 revera
897 4804 996 4843 nec
1036 4789 1267 4843 absurde
1303 4790 1638 4858 conjicimus,
1672 4805 1791 4843 nam

224 4882 399 4953 statim
466 4881 519 4931 in
579 4878 1028 4947 consequentibus
1084 4880 1310 4947 qunlitas
1364 4879 1528 4947 ipsius
1587 4894 1797 4933 morsus

224 4969 567 5021 ostenditur:
598 4967 886 5033 Quomodo,
930 4969 1115 5035 inquit,
1144 4968 1186 5019 si
1214 4978 1356 5019 eruat
1395 4977 1568 5037 pastor
1609 4969 1673 5021 de
1711 4985 1797 5021 ore

222 5057 383 5108 (cortis
413 5060 515 5109 duo
553 5072 701 5107 crura
730 5057 853 5119 ovis,
899 5065 983 5108 aut
1023 5067 1297 5108 extrenmm
1324 5065 1517 5125 partem
1555 5059 1799 5111 auricula:

221 5148 400 5210 (Amos
447 5164 524 5213 ut,
578 5148 689 5212 12).
742 5147 928 5201 Pastor
967 5146 1121 5201 nobis
1162 5148 1347 5216 procul
1391 5148 1552 5203 dubio
1597 5149 1688 5204 ille
1719 5161 1800 5205 est

224 5238 397 5291 bonus
437 5238 549 5306 qui,
598 5238 798 5291 relictis
843 5239 1126 5306 nonaginta
1167 5252 1353 5291 novem
1399 5239 1606 5305 ovibus,
1643 5257 1798 5297 unam

297 5395 321 5421 ι
369 5387 461 5439 llic
492 5387 788 5455 respexisse
817 5385 1025 5439 videtur
1056 5386 1242 5441 Avitus
1266 5388 1329 5441 ad
1356 5388 1500 5442 illum
1526 5405 1787 5446 canonem

220 5456 437 5527 concilii
478 5456 927 5527 Neoctesariensis
953 5472 967 5508 :
1110 5464 1218 5522 quis
1256 5461 1521 5526 concupita
1565 5462 1794 5527 muliere,

219 5524 379 5574 ezium
422 5526 711 5577 coveubitus
752 5528 863 5593 ejus
896 5525 1204 5578 desiderium
1244 5524 1439 5594 habeat,
1486 5546 1585 5582 non
1626 5524 1797 5585 autent

216 5596 551 5660 subsequatur
574 5595 801 5660 e/I‘ectue,
846 5596 1164 5663 mrmifes'um
1205 5608 1277 5651 est
1303 5615 1416 5653 eum
1456 5617 1544 5669 per
1572 5602 1794 5655 divinam

502 5684 753 5743 Ριτιιυι.
826 5683 893 5741 l.l
908 5682 986 5745 Χ.

1897 4511 2006 4579 jam
2035 4511 2514 4578 concupiscentiam
2540 4509 2733 4578 captivi
2764 4509 2992 4564 hominis
3012 4512 3063 4565 in
3096 4519 3354 4579 potestate
3375 4513 3466 4568 ha-

1901 4605 2029 4659 bere
2055 4604 2239 4671 coepit,
2276 4605 2506 4671 priorem
2529 4603 2920 4671 quodammodo
2943 4604 3054 4673 ejus
3075 4614 3279 4673 partem
3308 4621 3465 4660 vorax

1904 4696 2129 4749 laniatur
2156 4694 2453 4748 absorbuit.
2507 4694 2573 4748 Et
2603 4703 2778 4747 tamen
2811 4694 2855 4746 si
2900 4696 3387 4765 concupiscentiam
3418 4708 3468 4752 et

1904 4788 2268 4844 definitionem
2302 4787 2502 4855 peccati
2534 4802 2638 4840 non
2678 4795 2931 4855 sequatur
2959 4785 3199 4852 eti'cctus,
3235 4788 3470 4843 liberan-

1904 4892 1988 4934 tur
2033 4878 2181 4949 quasi
2218 4880 2321 4931 duo
2364 4892 2542 4942 crura,
2592 4877 2692 4930 hoc
2730 4886 2844 4941 est,
2886 4892 3007 4944 pars
3050 4880 3313 4945 posterior
3353 4895 3469 4948 qua:

1902 4969 2077 5024 adhuc
2106 4983 2317 5023 comesa
2348 4982 2452 5020 non
2486 4968 2675 5020 fuerat.
2706 4965 2838 5018 Nam
2861 4966 2959 5018 etsi
2984 4966 3239 5033 quosdam
3269 4970 3470 5035 priores

1903 5076 2012 5115 sua:
2034 5058 2368 5129 cogitationis
2394 5059 2554 5127 pedes
2585 5072 2679 5126 per
2707 5056 3193 5124 concupiscentiam
3221 5057 3274 5111 in
3320 5059 3468 5113 fauce

1904 5151 2076 5206 leonis
2113 5150 2310 5215 amisit,
2349 5160 2401 5203 et
2441 5148 2678 5201 residuos
2705 5160 2840 5215 quos
2866 5144 2931 5199 ad
2969 5145 3214 5201 ell‘ectum
3242 5161 3344 5200 nun
3372 5148 3468 5202 dc-

1905 5244 2055 5299 duxit
2084 5244 2262 5311 opcris
2292 5255 2505 5311 gressus
2540 5250 2565 5276 ⁸
2596 5240 2962 5295 misericordia
2998 5240 3225 5309 pastoris
3253 5241 3467 5309 eripuit.

1899 5396 2113 5466 gratiam
2137 5396 2293 5464 fuisse
2322 5394 2609 5466 liberatum.
2649 5395 2722 5447 lta
2767 5394 2818 5446 itt
2845 5403 3050 5466 vetusta
3076 5409 3333 5466 canonum
3360 5411 3468 5448 vcr-

1900 5464 2049 5587 ‘pione
2080 5482 2195 5534 qua:
2226 5466 2362 5518 Aviti
2403 5480 2515 5518 :evo
2550 5464 2856 5517 Latinarqu
2896 5464 3251 5521 Ecclesiarutu
3290 5465 3343 5518 in
3378 5481 3471 5521 usu

1927 5547 2017 5587 llll.

1927 5547 2017 5588 ΙΙΙῐ.

3002 5696 3073 5753 13
