4024 6176
1503 256 1530 268 “
1547 253 1562 272 '
1583 255 1599 282 ⁴
1619 253 1746 308 ίὋΝ
1757 253 1858 313 US.
1909 258 2486 318 PRULEGOMERON.

1781 381 1825 430 Α
1857 376 2037 431 nendi.
2075 378 2150 434 De
2175 389 2364 450 quarto
2391 396 2577 438 omnes
2608 396 2704 438 nus
2735 398 2826 452 per
2855 383 3114 439 Lazarum
3147 400 3425 442 recurren—

1696 663 1748 712 .t,

1661 755 1750 794 .il‘ll

1654 836 1750 885 :Hiil

1615 951 1618 954 -
1674 927 1750 975 la-

1611 1013 1753 1064 Chri-

1583 1113 1751 1156 morte

1553 1208 1623 1251 NP,
1656 1192 1749 1244 sed

1525 1280 1749 1348 i't‘iigiOSi

1491 1371 1494 1374 ’
1534 1370 1617 1422 ille
1647 1371 1752 1423 vir-

1475 1461 1743 1524 -;liCCiSUS,

1441 1591 1468 1604 .,
1517 1548 1751 1604 caelestis

1425 1657 1448 1688 ιι
1503 1642 1751 1696 l'ervcntis

1408 1745 1496 1781 ρης
1523 1770 1538 1792 ,
1587 1739 1635 1783 et
1661 1749 1754 1802 ap-

1385 1823 1434 1885 ῗι)
1451 1821 1470 1870 ‘2
1510 1821 1755 1890 Nunquid

1373 1927 1377 1934 ν
1412 1919 1584 1972 nocte,
1628 1911 1754 1966 dum

1371 2016 1424 2049 us
1448 2002 1754 2070 tuus.’quod

1335 2107 1391 2140 ηδ
1445 2104 1754 2158 persecutor

1328 2200 1442 2237 mus
1473 2199 1620 2240 suus.
1651 2186 1756 2242 L0-

1303 2305 1320 2320 --
1357 2278 1613 2342 intentus,
1653 2278 1754 2335 Ubi

1299 2369 1490 2430 ,επεὶὺο
1514 2379 1638 2424 ante
1675 2371 1753 2424 fa-

1273 2501 1276 2504 .
1314 2469 1554 2514 sanctum
1582 2461 1754 2532 lacry-

1278 2565 1360 2600 nm
1391 2549 1588 2604 Sancto
1609 2553 1754 2606 dica-

1253 2655 1368 2693 ziam
1402 2642 1751 2698 resuscitandi

1255 2735 1309 2784 iit
1354 2732 1754 2790 inﬁrmitatem?

1239 2833 1272 2872 ει
1325 2824 1456 2878 tales
1504 2826 1754 2896 lacryma:

1257 2913 1268 2962 i
1279 2928 1368 2974 pse
1393 2912 1628 2970 deﬂevit.
1676 2917 1751 2971 lbi

1233 3019 1355 3066 .um,
1389 3013 1647 3071 mortem;
1676 3006 1750 3062 ibi

3321 272 3424 326 398

1863 475 1961 529 tes,
1993 477 2048 520 ut
2074 471 2478 538 resuscitemur,
2528 485 2631 526 non
2662 472 2832 528 solum
2860 475 3146 530 miserendi
3177 475 3425 539 dulcedo.

1858 556 1952 608 sed
1979 556 2138 610 etiam
2172 558 2334 614 ﬂendi
2360 575 2494 630 opus
2521 570 2603 616 est
2631 561 2949 618 amaritudo.
3000 563 3126 618 Post
3152 565 3268 622 inec
3305 568 3425 636 quia

1859 645 1951 700 tali
1982 647 2288 715 magisterio
2312 653 2471 705 et’am
2501 666 2599 706 nos
2626 651 2807 707 docuit
2849 653 3129 723 plangere,
3159 655 3430 712 discerna-

1858 750 1977 790 mus
2021 738 2298 793 scientiam
2355 740 2784 812 imperitiamque
2837 742 3214 813 lacrymarum.
3286 746 3427 802 Ecce

1859 824 2016 881 hodie
2047 827 2113 881 ad
2137 829 2421 884 ecclesiam
2470 831 2792 887 conveniunt
2831 833 3004 901 multi,
3052 835 3099 888 si
3127 836 3427 906 quicunque

1856 916 2198 986 semetipsum
2236 919 2290 974 in
2331 922 2571 977 oratione
2615 932 2954 992 prosternens
2995 927 3158 996 cmpit
3205 937 3428 996 quanto-

1857 1006 1988 1061 libet
2013 1008 2137 1062 [letu
2163 1009 2365 1079 aliquid
2392 1012 2533 1081 quod
2563 1013 2628 1066 ad
2658 1015 2908 1069 saeculum
2958 1017 3219 1083 pertineat
3246 1033 3423 1086 orare,

1857 1107 1950 1150 aut
1979 1101 2401 1155 conversationis
2443 1103 2724 1157 mundana:
2751 1103 3080 1172 felicitatem,
3119 1116 3212 1162 aut
3252 1108 3427 1164 inimi-

1857 1199 2042 1239 corum
2074 1196 2326 1254 mortem,
2367 1199 2458 1244 aut
2486 1191 2788 1246 divitiarum
2819 1193 3303 1264 ampliﬁcationem,
3335 1209 3427 1252 aut

1859 1274 1981 1330 vitae
2013 1275 2167 1344 hujus
2206 1277 2611 1348 longitudinem,
2655 1291 2743 1336 aut
2794 1282 3050 1339 honorem
3092 1287 3425 1342 saecularium

1857 1368 2170 1438 dignitatum
2196 1386 2212 1427 :
2244 1373 2478 1442 nunquid
2507 1389 2612 1427 non
2642 1375 3006 1444 hujuscemodi
3056 1377 3302 1449 lacrymce
3331 1381 3426 1435 do-

1857 1469 1982 1514 cent
2013 1460 2282 1516 hominem
2332 1463 2540 1518 nescire
2581 1465 2705 1533 quid
2753 1465 2988 1536 plangat,
3038 1482 3170 1536 quas
3208 1470 3425 1526 inutiles

1857 1552 1988 1607 satis
2035 1553 2415 1625 imperitasque
2466 1556 2651 1624 procul
2706 1557 2868 1612 dubio
2917 1558 3176 1626 perdidit,
3222 1563 3428 1630 quoties

1860 1643 1936 1697 sic
1964 1643 2234 1713 profudit?
2280 1646 2431 1714 Quod
2481 1663 2586 1702 non
2619 1658 2724 1702 tam
2771 1654 3048 1719 miserum,
3095 1668 3252 1722 quam
3291 1655 3338 1710 si
3366 1669 3429 1712 ea

1784 1729 1832 1791 Β
1859 1733 2036 1790 ﬂendo
2066 1736 2155 1792 ille
2197 1737 2299 1793 sibi
2344 1749 2491 1808 petat
2539 1740 2722 1805 tribui,
2773 1757 2892 1811 qua:
2938 1744 3088 1798 mulli
3123 1746 3285 1801 Deum
3335 1763 3429 1803 ne-

1859 1828 2091 1884 scientes
2115 1831 2233 1885 sine
2273 1831 2393 1886 nllis
2441 1833 2688 1901 precibus
2737 1835 3006 1902 peccando
3048 1836 3292 1893 videntur
3318 1838 3428 1895 adi-

1859 1918 2012 1985 pisci.
2045 1918 2278 1973 Econtra
2309 1921 2454 1975 vides
2479 1922 2640 1975 alium
2664 1921 3098 1991 ingemiscentem
3122 1935 3176 1981 et
3196 1928 3428 1983 claman-

1857 2018 2003 2064 tem:
2039 2010 2282 2076 Domine,
2310 2013 2571 2082 pr0pitius
2607 2024 2722 2067 esto
2763 2015 2892 2068 mihi
2944 2019 3228 2086 peccatori,
3282 2021 3427 2088 plan-

1854 2113 1981 2168 gere
2007 2101 2166 2155 vitam
2197 2103 2414 2168 malam,
2448 2116 2688 2172 quaerere
2717 2102 2932 2171 bonam,
2968 2104 3155 2161 iisdem
3178 2106 3426 2177 lacrymis

1854 2189 2049 2259 quibus
2093 2192 2276 2262 irrigat
2318 2201 2564 2259 stratum,
2611 2194 2790 2250 lavare
2828 2193 3103 2262 delictum,
3142 2198 3428 2255 ostendero

1855 2279 1968 2334 Deo
1984 2279 2036 2333 in
2058 2282 2341 2349 gemitibus
2359 2281 2771 2338 imbecillitatem
2789 2284 2986 2349 carnis,
3005 2285 3250 2340 ardorem
3273 2301 3426 2342 men-

1855 2368 1941 2433 tis,
1985 2368 2258 2424 horrorem
2307 2371 2517 2436 mortis,
2566 2386 2803 2426 amorem
2852 2374 3280 2430 resurrectionis.
3330 2376 3428 2430 llic

1855 2458 2138 2528 plangendi
2176 2461 2402 2529 peritus,
2455 2463 2539 2516 hic
2568 2461 2908 2517 doctissimus
2960 2462 3121 2519 ﬂendi
3164 2475 3265 2520 est.
3312 2465 3428 2520 Non

1859 2550 1996 2606 cadit
2026 2551 2078 2607 in
2109 2560 2305 2608 terram
2336 2553 2570 2625 lacryma
2600 2555 2740 2623 talis,
2796 2554 2918 2623 quia
2949 2556 3320 2612 commendata
3346 2570 3428 2613 est

1854 2640 1983 2707 Deo,
2012 2643 2096 2698 cui
2117 2643 2312 2699 dicitur
2337 2662 2348 2697 :
2382 2643 2611 2699 Posuisti
2648 2645 2899 2716 lacrumas
2928 2661 3065 2700 meas
3086 2648 3138 2698 in
3165 2658 3428 2716 conspectu

1852 2740 1938 2786 tuo
1969 2732 2140 2804 (Psal.
2171 2751 2258 2799 LV,
2281 2735 2364 2804 9).
2411 2735 2692 2791 Postremo
2732 2736 2981 2805 quoniam
3027 2736 3072 2790 si
3103 2735 3428 2806 Rogationes

1854 2837 2052 2882 nostra:
2094 2827 2193 2882 rite
2230 2827 2526 2893 solvuntur,
2573 2829 2690 2884 sine
2719 2829 2932 2898 planctu
2965 2839 3234 2898 nequeunt
3262 2843 3428 2898 expe-

1855 2919 1979 2984 diri,
2024 2920 2303 2974 scientiam
2349 2918 2632 2988 plangendi
2681 2933 2839 2988 quam
2888 2926 3073 2988 potero
3115 2918 3427 2974 brevissimo

1855 3011 2178 3067 discernam.
2227 3010 2454 3064 Maxima
2503 3009 2692 3078 peritia
2729 3019 2813 3064 est
2842 3008 2929 3063 hic
2956 3008 3192 3077 impendi
3219 3008 3425 3072 ﬂetum,

1227 3112 1284 3158 II;
1328 3095 1399 3148 ibi
1441 3095 1747 3152 defunctum
1779 3082 1826 3145 Ο
1858 3111 1916 3156 ut
1943 3102 2121 3155 sanari
2149 3101 2316 3168 possit
2335 3114 2491 3168 quem
2515 3113 2674 3168 supra
2697 3098 2930 3153 diximus
2951 3098 3188 3152 dentium
3216 3107 3424 3166 stupor,

1227 3185 1523 3250 qualitatis;
1572 3185 1644 3240 ibi
1676 3187 1751 3239 la-

1207 3272 1537 3328 :edulitatem
1569 3290 1751 3330 resur-

1209 3379 1287 3416 κιο
1316 3363 1565 3418 defuncto
1589 3382 1603 3418 :
1631 3381 1750 3435 quae

1223 3471 1518 3510 :mlmarum
1565 3457 1750 3514 funere

1207 3564 1311 3608 Iun,
1336 3546 1627 3603 deﬁniendi
1658 3563 1747 3605 se-

1203 3643 1249 3691 in
1290 3641 1512 3695 crimine
1542 3656 1748 3711 perma-

1175 3801 1213 3831 τη
1249 3799 1343 3846 me,
1385 3783 1570 3850 inquit,
1599 3802 1752 3854 quam

1189 3865 1200 3900 ἵ
1242 3854 1421 3905 horum
1460 3856 1752 3921 miseratio;

1856 3209 2014 3265 quam
2043 3194 2150 3247 illic
2178 3191 2380 3248 servari
2404 3191 2494 3246 ubi
2517 3206 2784 3259 nunquam
2803 3190 3064 3246 ﬁniendus
3079 3199 3161 3246 est
3186 3190 3426 3245 dentium

1855 3286 2072 3340 stridor.
2105 3285 2235 3339 Nam
2268 3283 2373 3338 illis
2394 3282 2624 3337 dicitur:
2652 3281 2742 3336 Va:
2771 3281 2859 3350 qui
2891 3294 3032 3336 nunc
3069 3280 3264 3344 rident,
3305 3279 3425 3348 quia

1858 3374 2109 3444 lugebunt
2155 3373 2492 3442 llebuntqne;
2544 3370 2663 3426 istis
2689 3378 2903 3425 autem:
2937 3370 3104 3436 Beati,
3155 3369 3248 3438 qui
3285 3383 3426 3424 nunc

1856 3467 2019 3533 ﬁctis,
2066 3465 2188 3536 quia
2233 3462 2477 3520 ridebitis
2513 3472 2568 3518 et
2594 3461 2912 3531 gaudebitis,
2958 3469 3014 3516 et
3057 3459 3305 3532 gaudium
3336 3474 3425 3515 ve-

1858 3570 2023 3612 sxrum
2054 3570 2210 3610 nemo
2239 3555 2390 3610 tollet
2414 3569 2445 3608 a
2473 3552 2647 3608 vobis.

1862 3787 1985 3858 quid
2008 3787 2202 3858 simile.

1934 3868 1955 3896 ο
2007 3856 2330 3921 Religiosum
2380 3854 2670 3923 principem
2713 3853 2798 3906 hic
2843 3861 3017 3919 vocat,
3069 3863 3226 3923 quem
3269 3847 3426 3923 paulo

1857 3936 1982 3982 ante
2004 3920 2182 4000 regem
2214 3920 2960 4000 mundanumappellaverat,
3003 3920 3146 4000 quod
3171 3932 3298 3972 sane
3324 3920 3423 4000 mi-

1859 4011 1974 4066 rnm
2034 3992 2196 4048 videri
2250 4010 2360 4066 non
2404 3993 2598 4059 debet,
2651 4008 2769 4048 cum
2810 3992 3081 4066 Callienus
3133 3992 3422 4066 imperator

1855 4065 2134 4140 ὁσιώτεροί
2174 4068 2254 4118 καὶ
2299 4057 2712 4140 φιλοθεώςςροςη
2751 4057 3422 4140 religiosissimushﬂeique

1862 4124 2260 4188 amantissimus
2287 4124 2476 4198 magno
2503 4124 2751 4200 Dionysio
2772 4124 3140 4200 Alexandrino
3154 4126 3225 4200 sit
3250 4124 3422 4178 dictus

1863 4205 2000 4275 apud
2031 4203 2313 4257 Eusebium
2347 4195 2436 4257 lib.
2467 4217 2534 4255 vn
2562 4195 2695 4255 Hist.
2728 4200 2946 4265 eccles.,
2976 4212 3094 4266 cap.
3115 4195 3204 4249 25.

1163 3928 1411 3976 ..'i.’8imliﬂl
1440 3940 1628 3979 annum
1658 3941 1751 3980 su-

1168 4080 1201 4111 ;x
1215 4077 1290 4126 es,
1337 4077 1436 4117 nec
1467 4064 1750 4133 trajecerat

1177 4212 1252 4254 rte
1290 4203 1620 4272 respiciamus
1655 4213 1746 4258 aut

1157 4319 3423 4346 ..ψ-,Μ’

1185 4337 3422 4364 WW—

1401 4455 1570 4500 Διηκο
1611 4456 1838 4501 DOMINI
1881 4454 2202 4504 CCCCXCVI.

1135 4577 1387 4779 ΙΝ
1395 4574 1683 4781 ES
1773 4569 3032 4781 DIACONUS

1517 4836 1614 4909 (Ex
1643 4836 1781 4892 Bibl.
1807 4836 2077 4906 Galland.)

1339 5065 1928 5142 PBOLEGOM
1941 5068 2074 5140 EN
2080 5069 2219 5140 ΟΝ
2225 5102 2246 5135 ι

1339 5099 1928 5142 rnULILUUtu
1941 5099 2068 5140 nn
2080 5099 2209 5140 UH
2225 5102 2246 5135 s

1040 5099 1354 5431 Α
1375 5233 1446 5290 Id
1473 5233 1747 5290 Senarium
1773 5255 1826 5316 ι)
1850 5237 2164 5307 ignoramus.
2202 5235 2353 5290 Hanc
2384 5236 2644 5306 epistolam
2681 5235 2904 5287 eruimus
2934 5248 2998 5287 ea:
3036 5240 3226 5288 vetusto
3254 5234 3425 5289 codice

1040 5343 1042 5370 :
1321 5307 1424 5391 iii).
1465 5341 1486 5377 ι
1516 5323 1748 5379 "lustris
1851 5325 2124 5381 Christian:
2151 5330 2360 5398 reginae,
2386 5326 2472 5395 qui
2499 5326 2620 5378 olim
2647 5324 2742 5394 fuit
2771 5324 3063 5378 monasterii
3097 5325 3256 5378 nostri
3295 5322 3425 5378 Fer-

1025 5307 1424 5398 zrﬁ)‘.
1465 5341 1486 5377 ι
1516 5323 1748 5379 "lustris
1777 5307 1812 5316 —
1851 5325 2124 5381 Christian:
2151 5330 2360 5398 reginae,
2386 5326 2472 5395 qui
2499 5326 2620 5378 olim
2647 5324 2742 5394 fuit
2771 5324 3063 5378 monasterii
3097 5325 3256 5378 nostri
3295 5322 3426 5378 Fer-

1121 5099 1328 5192 ..ω

1029 5341 1042 5357 τ
1087 5301 1090 5304 _

1464 5429 1470 5431 ’
1512 5414 1744 5473 Joannes
1848 5420 2109 5474 rariensis.
2141 5417 2205 5470 In
2231 5435 2290 5470 ea
2323 5419 2554 5486 quaedam
2592 5427 2862 5471 occurrunt
2902 5416 3242 5472 obseruatione
3271 5417 3427 5486 digna

1531 5511 1738 5574 scribit,
1849 5511 1912 5563 de
1937 5510 2167 5562 ministro
2207 5508 2639 5575 conﬁrmationis;
2680 5506 2743 5560 de
2778 5518 2966 5578 septem
3011 5509 3281 5577 altaribus,
3312 5509 3427 5563 sab-

1520 5689 1522 5699 ι
1550 5648 1737 5705 69ο76.
1919 5645 1995 5715 (b)
2027 5645 2098 5700 Id.
2132 5644 2260 5700 ibid.
2287 5658 2441 5714 pagg.
2469 5641 2534 5698 76
2563 5659 2676 5714 seq.

3295 5776 3330 5782 η,
3350 5777 3404 5787 ς
