4016 6168
184 243 262 298 597
1078 251 1380 312 JOANNES
1438 255 1687 313 DIACON
1698 256 1798 316 US.
1850 261 2427 321 PRULEGOMEL‘RON.

3262 274 3364 327 593

180 367 357 420 historia
384 371 552 427 refert,
581 362 813 433 inspecta
846 373 872 402 δι
901 376 1019 436 post
1048 370 1327 427 victoriam
1351 373 1416 429 de
1446 376 1691 431 eminen-
1717 379 1768 436 A
1796 379 1977 435 neudi.
2016 381 2091 438 De
2115 394 2304 453 quarto
2332 399 2517 440 omnes
2548 399 2644 440 nis
2675 401 2766 454 per
2795 385 3054 440 Lazarum
3087 402 3365 444 recurren-

180 459 284 510 tiore
305 455 408 508 loco
452 456 878 511 numerosissima
908 461 992 513 sui
1035 464 1299 517 exercitus
1328 466 1687 529 multitudine.

178 548 477 616 lacrymasse;
507 547 589 613 qui
616 561 740 602 mox
769 564 799 602 a
825 552 1075 621 satrapis,
1107 569 1223 622 qua:
1254 555 1307 608 in
1349 558 1440 611 tali
1466 558 1693 614 beatitu-

177 639 273 691 dine
306 649 449 689 causa
482 635 637 690 ﬂendi
667 647 811 692 esset
838 640 1227 712 interrogatus;
1272 646 1453 711 istam,
1499 650 1692 719 inquit,

176 728 511 782 multitudinem
562 728 746 798 lugeo,
792 747 908 800 qua:
952 737 1243 802 quamlibet
1293 741 1506 805 victrix,
1558 743 1693 799 intra

177 836 258 874 non
279 820 453 873 multos
475 834 641 874 annos
661 825 834 878 omnis
850 828 1067 880 omnino
1100 838 1301 884 natura:
1324 832 1439 901 lege
1464 834 1692 889 ﬁnienda

177 921 256 966 est.
297 912 347 966 Si
387 913 446 965 ad
485 914 791 970 saecularem
841 920 1155 987 sapientiam
1189 920 1215 960 ι’
1440 939 1564 980 ecce
1612 926 1691 980 la-

176 1016 348 1068 crymas
373 1002 549 1071 dignas
577 1019 699 1072 rege
728 1006 1015 1072 mundano,
1042 1024 1198 1078 quam
1223 1011 1349 1066 libet
1368 1012 1526 1068 etiam
1548 1014 1694 1069 Chri-

175 1091 315 1144 stiano
341 1091 553 1158 principi
600 1096 909 1149 conveniret
954 1108 1073 1165 post
1103 1100 1399 1167 triumphos
1424 1103 1491 1157 de
1520 1116 1692 1160 morte

174 1182 309 1248 magis
326 1196 469 1250 quam
493 1183 560 1236 de
589 1184 823 1238 culmine
853 1188 1174 1255 cogitantem
1203 1205 1308 1244 non
1342 1199 1565 1258 tumere,
1596 1195 1690 1248 sed

173 1271 570 1339 plangerezquid
618 1274 663 1326 si
707 1288 862 1329 causa
907 1287 1172 1344 praesente
1216 1278 1375 1334 istum
1406 1291 1428 1319 ο
1459 1282 1691 1353 religiosi

172 1362 380 1428 principis
402 1360 577 1415 ﬂetum
609 1372 797 1417 testem
830 1366 1080 1432 sciamus,
1109 1382 1227 1421 cum
1277 1369 1440 1424 David
1471 1371 1559 1427 ille
1587 1374 1692 1427 vir-

172 1460 256 1505 tute
279 1467 496 1521 magnus,
544 1462 807 1521 potestate
838 1458 1107 1523 prmditue,
1151 1460 1345 1527 pietate
1374 1464 1684 1530 praecelsus,

171 1543 277 1595 inter
295 1556 443 1595 aurea
482 1553 627 1596 serta
673 1553 1044 1615 gemmataque
1090 1547 1411 1617 diademata,
1457 1551 1692 1608 ccclesiis

172 1631 303 1700 magis
345 1633 482 1702 regni
526 1648 780 1688 coronam
827 1637 1207 1695 instantissimo
1260 1651 1394 1697 aestu
1442 1645 1692 1700 ferventis

1803 476 1902 533 tes,
1934 480 1988 523 ut
2015 474 2418 541 resuscitcmur,
2468 488 2571 529 non
2602 475 2773 530 solum
2800 477 3087 531 misercndi
3118 478 3366 541 dulcedo.

1799 558 1892 612 sed
1920 559 2079 613 etiam
2112 562 2274 617 ﬂendi
2300 579 2434 632 opus
2462 573 2543 619 est
2572 564 2889 620 amaritudo.
2941 566 3067 621 Post
3093 566 3208 623 hac
3246 570 3366 637 quia

1800 648 1892 702 tali
1923 651 2228 717 magisterio
2253 656 2411 707 et’am
2441 669 2539 709 nos
2567 654 2746 709 docuit
2789 655 3069 726 plangere,
3100 657 3371 714 discerna~

1798 753 1918 792 mus
1962 740 2238 796 scientiam
2296 744 2724 814 imperitiamque
2778 745 3154 815 lacrymarum.
3227 749 3368 805 Ecce

1799 826 1957 883 hodie
1989 830 2054 883 ad
2078 832 2362 886 ecclesiam
2410 834 2732 889 conveniunt
2771 836 2945 904 multi,
2993 837 3039 891 si
3068 838 3368 909 quicunque

1797 919 2139 988 semetipsum
2178 923 2231 976 in
2272 925 2512 979 oratione
2555 935 2895 994 prosternens
2936 930 3100 997 coepit
3147 939 3369 998 quanto-

1798 1009 1928 1064 libet
1955 1010 2079 1065 ﬂetu
2104 1012 2305 1082 aliquid
2333 1015 2475 1083 quod
2503 1016 2568 1069 ad
2598 1017 2849 1071 szeculum
2899 1019 3160 1086 pertineat
3187 1036 3364 1088 orare,

1798 1110 1891 1153 aut
1919 1104 2342 1158 conversationis
2384 1105 2664 1159 mundanae
2692 1106 3021 1174 felicitatem,
3060 1118 3153 1163 aut
3193 1111 3368 1166 inimi-

1798 1202 1983 1243 corum
2016 1200 2266 1255 mortem,
2309 1201 2400 1246 aut
2427 1193 2729 1248 divitiarum
2760 1197 3244 1266 ampliﬁcationem,
3276 1211 3368 1254 aut

1800 1278 1922 1333 vitae
1954 1279 2108 1348 hujus
2147 1280 2551 1351 longitudinem,
2596 1294 2685 1338 aut
2736 1284 2990 1341 honorem
3033 1289 3366 1344 saecularium

1799 1372 2110 1442 dignitatum
2137 1390 2152 1430 :
2185 1376 2418 1445 nunquid
2448 1392 2552 1430 non
2583 1378 2947 1447 hujuscemodi
2996 1380 3243 1451 lacrymaa
3272 1383 3367 1437 do-

1798 1472 1923 1518 cent
1953 1463 2222 1519 hominem
2272 1467 2480 1521 nescire
2523 1468 2646 1536 quid
2694 1468 2929 1538 plangat,
2979 1485 3110 1539 quas
3149 1473 3365 1528 inutiles

1799 1556 1928 1611 εειιὶε
1976 1557 2355 1628 imperitasqne
2407 1559 2592 1627 procul
2647 1560 2808 1615 dubio
2859 1560 3117 1629 perdidit,
3163 1565 3369 1632 quoties

1801 1647 1877 1701 sic
1905 1647 2174 1717 profudit?
2220 1650 2372 1716 Quod
2422 1666 2526 1705 non
2560 1662 2664 1705 tam
2713 1658 2989 1721 miserum,
3036 1671 3193 1725 quam
3232 1657 3278 1712 si
3307 1672 3369 1713 ea

171 1721 371 1777 desiderii
396 1724 708 1791 suspiraret,
743 1727 960 1793 Quando
987 1731 1201 1797 veritam,
1255 1731 1480 1797 dicens,
1527 1743 1576 1788 et
1602 1753 1694 1806 ap-
1725 1734 1772 1795 Β
1800 1737 1976 1794 ﬂendo
2008 1740 2095 1794 ille
2138 1741 2240 1797 sibi
2285 1752 2431 1812 petat
2480 1744 2663 1808 tribui,
2714 1761 2833 1814 quae
2878 1747 3029 1801 multi
3053 1721 3225 1803 'Deum
3276 1766 3369 1805 ne-

171 1815 316 1881 parebo
351 1823 459 1867 ante
491 1815 679 1884 faciem
715 1816 807 1870 Dei
846 1820 945 1872 mei
970 1819 1148 1889 (Psal.
1178 1837 1286 1885 xu.
1320 1824 1413 1892 5)?
1450 1824 1695 1894 Nunquid

174 1918 255 1955 non
280 1903 518 1973 lacrytuas
549 1920 676 1958 suas
719 1905 903 1960 habuit
934 1922 1097 1975 panes
1128 1909 1215 1965 die
1260 1925 1322 1966 ac
1351 1922 1525 1976 nocte,
1569 1915 1695 1970 dum

171 1992 373 2047 licebant
394 1994 461 2046 illi
484 2009 579 2061 per
601 1994 834 2065 singulos
858 1998 1001 2052 dies:
1024 1998 1120 2053 Ubi
1134 2011 1205 2054 est
1230 2000 1366 2055 Deus
1387 2007 1540 2058 tuus.’
1556 2007 1694 2074 quod

171 2088 206 2137 ei
230 2092 352 2138 certe
372 2085 601 2151 dicebat,
634 2101 736 2140 noii
770 2103 965 2157 negare
1005 2092 1333 2161 compellens
1384 2108 1695 2164 persecutor

169 2186 395 2241 externus,
419 2179 511 2233 sed
548 2179 733 2235 videre
764 2184 1147 2252 concupiscens
1175 2189 1384 2244 animus
1412 2204 1561 2245 suus.
1592 2191 1696 2246 Lo-

168 2269 382 2337 quehatur
407 2273 544 2326 enim
579 2273 682 2326 sibi
715 2274 931 2342 spiritus
957 2278 1263 2333 caeleStibus
1293 2281 1553 2347 intentus,
1594 2283 1694 2340 Ubi

168 2370 229 2413 est
251 2361 372 2417 Deus
402 2366 556 2418 tuus?
588 2365 812 2430 Quando
842 2368 1051 2421 veniam
1084 2377 1138 2423 et
1161 2373 1430 2439 apparebo
1455 2385 1579 2429 ante
1616 2376 1694 2429 fa-

167 2450 273 2505 ciem
295 2452 430 2521 ejus?
458 2455 511 2509 Si
540 2456 840 2511 decuerunt
866 2457 1023 2529 igitur
1046 2475 1223 2530 regem
1252 2474 1494 2519 sanctum
1523 2466 1694 2538 lacry-

168 2556 244 2594 ma:
267 2545 402 2607 tales,
430 2545 550 2612 quid
600 2561 739 2601 nunc
759 2547 827 2602 de
854 2548 968 2618 ipso
997 2560 1302 2607 sanctorum
1331 2553 1528 2609 Sancto
1550 2558 1694 2611 dica-

167 2637 377 2704 mus,qui
405 2637 759 2705 quatriduano
806 2639 978 2696 funeri
1024 2649 1310 2713 antequam
1342 2647 1692 2702 resuscitandi

167 2725 367 2781 virtutem
393 2728 735 2795 ostenderet,
785 2729 946 2787 ﬂendi
992 2733 1252 2803 impendit
1293 2736 1695 2794 inﬁrmitatem?

166 2815 207 2867 la
230 2829 414 2872 summo
459 2818 642 2888 itaque
683 2821 851 2891 gradu
890 2825 1216 2880 conveniunt
1264 2828 1397 2883 tales
1444 2830 1695 2900 lacryma:

166 2902 478 2974 Redemptori.
524 2908 749 2964 Multum
792 2926 1019 2982 namque
1050 2914 1160 2969 illic
1195 2916 1309 2981 ipse
1334 2917 1569 2973 deﬂevit.
1617 2921 1692 2975 ibi

166 2995 267 3050 Adze
292 3011 584 3067 peccatum;
620 3001 690 3056 ibi
722 3005 923 3072 peccati
951 3004 1297 3073 stipendium,
1329 3018 1587 3075 mortem;
1617 3010 1690 3065 ibi

166 3085 400 3155 Lazarum,
440 3091 541 3147 hoc
570 3102 656 3148 est
688 3108 854 3162 genus
904 3095 1226 3163 humanum;
1268 3098 1341 3153 ibi
1381 3099 1687 3155 defunctum
1719 3086 1766 3149 (ἶ

167 3175 303 3244 lapide
326 3180 611 3247 obtectum,
655 3182 708 3237 id
754 3194 837 3238 est
888 3184 1137 3241 duritiam
1166 3188 1464 3257 qualitatis;
1514 3190 1584 3244 ibi
1617 3192 1691 3243 la-

167 3280 393 3336 crytnosos
417 3273 805 3341 consolatores,
851 3273 904 3329 id
935 3285 1016 3330 est
1053 3276 1478 3332 incredulitatem
1510 3295 1691 3334 resur-

168 3359 398 3424 rectionis;
446 3362 517 3417 ibi
545 3376 795 3434 quartam
839 3365 980 3420 diem
1015 3367 1229 3422 veniSse
1256 3367 1544 3423 defuncto:
1572 3386 1690 3439 qua:

167 3464 350 3515 quatuor
376 3456 621 3510 accidunt
668 3458 1030 3524 peccatoribus
1068 3459 1123 3511 in
1162 3474 1458 3515 animarum
1506 3462 1691 3518 funere

168 3543 458 3600 conclamatis
484 3565 496 3598 :
537 3548 711 3615 prima
738 3549 1003 3618 cogitandi
1035 3551 1252 3615 malum,
1277 3551 1567 3607 deﬁniendi
1599 3569 1688 3610 se-

168 3635 323 3704 cunda,
351 3640 685 3707 perpetrandi
720 3642 892 3707 tertia,
925 3653 1111 3712 quarta
1141 3644 1191 3697 in
1230 3645 1453 3699 crimine
1483 3661 1689 3715 perma-

166 3783 545 3858 tryrnasfundis!
586 3781 658 3858 _Et
684 3782 793 3846 ille,
841 3794 1157 3858 reputantem
1188 3802 1284 3849 me,
1326 3788 1511 3855 inquit,
1540 3807 1692 3858 quam

166 3848 293 3901 bretas
309 3854 365 3903 sit
388 3856 545 3905 omnis
574 3854 799 3925 humana
827 3848 950 3918 vita,
992 3855 1144 3909 subiit
1182 3848 1363 3909 horum
1392 3848 1693 3925 miseratio;

166 3932 341 3997 quorum
368 3938 475 3975 cum
504 3933 575 3975 tot
614 3923 735 3989 sint,
769 3940 912 3977 nemo
939 3926 1005 3978 ad
1027 3931 1352 3980 centesimum
1381 3944 1569 3982 annum
1599 3923 1691 3984 su;

193 3998 333 4041 ermt.

193 4002 333 4041 ermt.

165 4002 189 4132 Ti
218 4056 354 4177 ‘Flmo
385 4061 621 4115 nondum
662 4073 982 4133 pugnaverat
1008 4064 1231 4130 Xerxes,
1279 4082 1377 4122 nec
1407 4068 1692 4138 trajecerat

167 4140 205 4175 Ill
253 4143 489 4177 .ttronam.

167 4140 205 4175 In
217 4140 489 4196 Annropam.

217 4192 238 4231 δ
262 4192 400 4253 Deest
424 4200 507 4255 hic
534 4204 751 4273 aliquod
782 4204 1021 4268 verbum,
1061 4204 1194 4259 forte
1231 4208 1561 4277 respiciamus
1596 4218 1687 4261 aut

1800 1832 2031 1887 scientes
2056 1834 2174 1887 sine
2214 1836 2334 1889 ullis
2383 1836 2628 1905 precibus
2679 1838 2946 1905 peccando
2988 1839 3233 1895 videntur
3259 1841 3369 1897 adi-

1801 1922 1953 1989 pisci.
1986 1922 2219 1977 Econtra
2250 1925 2395 1978 vides
2420 1925 2581 1978 alium
2605 1925 3039 1993 ingemiscentem
3063 1937 3117 1983 et
3137 1930 3369 1985 claman-

1798 2022 1943 2068 tem:
1980 2014 2223 2080 Domine,
2251 2016 2512 2085 pr0pitius
2549 2027 2664 2070 esto
2705 2017 2833 2070 mihi
2885 2021 3169 2088 peccatori,
3224 2023 3368 2090 plan-

1795 2118 1921 2171 gere
1948 2105 2107 2159 vitam
2139 2107 2354 2171 malam,
2389 2120 2629 2175 quaerere
2658 2106 2873 2173 bonam,
2910 2107 3096 2164 iisdem
3120 2109 3367 2180 lacrymis

1796 2194 1989 2263 quibus
2034 2196 2217 2265 irrigat
2259 2206 2505 2263 stratum,
2552 2198 2731 2253 lavare
2770 2196 3044 2264 delictum,
3083 2201 3369 2257 ostendere

1797 2284 1909 2338 Deo
1925 2284 1977 2337 in
1999 2287 2281 2354 gemitibus
2299 2285 2712 2341 imbecillitatem
2730 2288 2927 2352 carnis,
2946 2288 3191 2343 ardorem
3214 2304 3367 2344 men-

1794 2373 1882 2438 tis,
1925 2373 2199 2429 borrorem
2248 2376 2458 2439 mortis,
2507 2390 2744 2429 amorem
2794 2377 3221 2432 resurrectionis.
3272 2379 3369 2433 llic

1795 2463 2078 2533 plangendi
2117 2465 2343 2534 peritus,
2396 2468 2480 2520 hic
2509 2464 2849 2520 doctissimus
2901 2466 3062 2522 ﬂendi
3105 2478 3206 2522 est.
3253 2468 3369 2523 Non

1800 2555 1936 2611 cadit
1966 2556 2019 2611 in
2050 2565 2245 2612 terram
2276 2558 2509 2628 lacryma
2541 2559 2681 2625 talis,
2737 2558 2859 2627 quia
2890 2559 3261 2615 commendata
3287 2573 3369 2617 est

1795 2645 1923 2712 Deo,
1953 2648 2036 2702 cui
2058 2647 2252 2703 dicitur
2278 2666 2289 2700 :
2322 2647 2551 2703 Posuisti
2588 2650 2839 2719 lacrymas
2870 2665 3006 2703 meas
3027 2652 3078 2702 in
3106 2662 3369 2720 conspectu

1793 2744 1878 2791 tuo
1910 2736 2081 2808 (Psal.
2112 2755 2198 2803 LV,
2221 2739 2304 2808 9).
2351 2739 2632 2794 Postremo
2673 2739 2922 2808 quoniam
2968 2740 3012 2793 si
3044 2739 3369 2809 Rogationes

1795 2841 1992 2885 nostra:
2034 2831 2133 2885 rite
2170 2830 2467 2897 solvuntur,
2514 2834 2630 2887 sine
2659 2832 2873 2901 planctu
2906 2842 3175 2901 nequeunt
3204 2847 3369 2902 expe-

1795 2923 1919 2987 diri,
1965 2924 2243 2977 scientiam
2290 2921 2572 2991 plangendi
2621 2937 2780 2991 quam
2830 2929 3014 2991 potero
3057 2922 3368 2977 brevissime

1796 3015 2119 3070 discernam.
2168 3014 2395 3068 Maxima
2444 3013 2633 3082 peritia
2671 3023 2754 3068 est
2784 3012 2871 3066 hic
2897 3012 3133 3081 impendi
3162 3011 3367 3075 ﬂetum,

1799 3115 1856 3161 ut
1884 3106 2062 3159 sanari
2091 3104 2256 3173 possit
2276 3118 2432 3172 quem
2457 3118 2615 3171 supra
2639 3102 2871 3157 diximus
2892 3101 3129 3156 dentium
3159 3110 3367 3169 stupor,

1798 3213 1955 3269 quatn
1984 3198 2091 3251 illic
2120 3195 2322 3252 servari
2346 3196 2435 3251 ubi
2458 3210 2725 3263 nunquam
2744 3194 3006 3250 ﬁniendus
3021 3203 3103 3249 est
3128 3194 3368 3249 dentium

1797 3290 2013 3344 stridor.
2046 3289 2176 3343 Nam
2210 3288 2314 3342 illis
2336 3287 2565 3341 dicitur:
2594 3286 2683 3341 Va:
2713 3286 2801 3355 qui
2833 3299 2974 3339 nunc
3010 3284 3206 3347 rident,
3248 3284 3367 3352 quia

1799 3379 2051 3449 lugebunt
2096 3378 2433 3447 ilebuntqne;
2485 3375 2604 3430 istis
2630 3383 2844 3429 autem:
2879 3374 3046 3440 Beati,
3098 3374 3190 3443 qui
3228 3387 3368 3428 nunc

1797 3472 1960 3538 ﬂetis,
2008 3471 2130 3540 quia
2175 3468 2418 3524 ridebitis
2455 3476 2509 3522 et
2535 3466 2854 3535 gaudebitis,
2899 3474 2955 3521 et
2999 3464 3247 3537 gaudium
3279 3479 3367 3520 ve-

1799 3575 1964 3617 Strum
1995 3575 2152 3615 nemo
2180 3560 2331 3615 tollet
2355 3574 2385 3613 a
2415 3557 2588 3613 vobis.

1842 3792 1926 3847 uid
1950 3792 2143 3845 simile.

1803 3809 1926 3900 qui?
1948 3809 2271 3925 iisiiﬁosum
2302 3858 2612 3931 principem
2654 3857 2738 3931 hic
2785 3865 2958 3922 vocat,
3011 3868 3167 3931 quem
3211 3852 3368 3931 paulo

1798 3940 1923 3985 ante
1946 3924 2124 4006 regem
2155 3924 2901 4006 mundanumappellaverat,
2945 3924 3087 4003 quod
3113 3924 3365 4006 sanemif

1799 4016 1915 4053 rum
1976 3996 2137 4052 videri
2192 4014 2300 4068 non
2346 3997 2539 4061 debet,
2592 4011 2711 4049 cum
2754 3996 3023 4068 Callienus
3075 3996 3365 4068 imperator

1796 4069 2076 4143 summa;
2116 4072 2195 4121 καὶ
2241 4059 2654 4143 φιλοθεώεξρος,.
2694 4059 3364 4143 religiosissimushﬁeique

1804 4126 2201 4191 amantissimus
2229 4126 2417 4200 magno
2444 4126 2693 4202 Dionysio
2714 4126 3080 4202 Alexandrino
3097 4128 3167 4202 sit
3192 4126 3364 4181 dictus

1804 4209 1942 4279 apud
1972 4207 2254 4261 Eusebium
2288 4197 2376 4260 lib.
2408 4220 2476 4259 vu
2503 4197 2637 4258 Hist.
2670 4202 2889 4267 eccles.,
2918 4214 3036 4268 cap.
3058 4197 3147 4252 23.

168 4320 3366 4350 MM

170 4340 3365 4367 Ἤ

1342 4459 1510 4504 ANNO
1552 4460 1779 4505 DOIllNl
1822 4458 2143 4507 CCCCXCVI.

418 4397 432 4410 ’
503 4458 2303 4784 ,ΙΟΑΝΝέἕἨῘΧΟ
2320 4573 2975 4785 ONUS

1458 4840 1555 4913 (Ex
1584 4841 1723 4896 Bibl.
1749 4840 2019 4911 Galland.)

1283 5071 1871 5146 PROLEGOM
1883 5072 2015 5143 EN
2022 5073 2159 5143 ON
2165 5106 2186 5138 ι

214 5226 252 5279 I.
284 5229 486 5286 Joannis
514 5234 573 5289 S.
608 5236 670 5289 Il.
700 5234 764 5290 E.
798 5237 995 5291 diaconi
1024 5237 1289 5308 epistolam
1318 5239 1385 5291 ad
1416 5238 1690 5293 Sertorium
1716 5259 1767 5319 ι)
1793 5240 2105 5310 ignoramus.
2143 5239 2295 5293 Hanc
2326 5239 2585 5309 epistolam
2623 5238 2846 5290 eruimus
2876 5251 2940 5289 ea:
2978 5242 3167 5289 vetusto
3195 5236 3365 5289 codice

158 5314 291 5369 rirum
323 5320 563 5376 illustrem
605 5324 852 5396 evulgavit
895 5326 1225 5381 Mabitlonius
1266 5329 1364 5399 (α).
1408 5347 1426 5380 ι
1459 5327 1690 5383 Illustris

156 5415 240 5468 ut,
278 5410 425 5479 inquit
471 5416 538 5466 ct.
580 5416 738 5468 editor
777 5416 879 5484 (b),
927 5417 1153 5486 epistola:
1193 5420 1414 5488 scriptor
1455 5420 1686 5476 Joannes

155 5495 395 5555 diaconus'
433 5507 521 5559 sed
564 5508 677 5572 quis
704 5509 765 5562 sit
796 5509 880 5563 ille
910 5510 1152 5566 Senarius
1191 5513 1259 5565 ad
1292 5529 1439 5582 quem
1475 5515 1679 5579 scribit,

209 5636 275 5707 (ο)
305 5640 490 5701 Μιὺίιι.
518 5647 652 5703 Mus.
680 5648 792 5704 Ital.
818 5661 942 5705 tom.
968 5650 1015 5712 1,
1048 5662 1181 5720 part.
1213 5650 1280 5717 2,
1313 5665 1463 5721 pagg.
1492 5651 1679 5707 69-76.

1792 5329 2066 5384 Christina:
2093 5333 2301 5400 regina,
2327 5329 2413 5398 qui
2440 5329 2561 5380 olim
2590 5328 2685 5396 fuit
2713 5325 3003 5379 monasterii
3036 5326 3196 5378 nostri
3235 5323 3365 5377 Fer-

1789 5423 2051 5477 rariensis.
2082 5420 2146 5473 In
2172 5438 2232 5473 ea
2265 5421 2495 5488 quaedam
2534 5428 2803 5471 occurrunt
2844 5417 3181 5470 obseruatione
3210 5415 3365 5481 digna

1791 5514 1853 5566 de
1878 5514 2108 5565 ministro
2149 5510 2581 5577 conﬁrmationis;
2622 5508 2685 5560 de
2720 5518 2907 5576 septem
2951 5507 3218 5571 altaribus,
3249 5504 3364 5556 sab-

1861 5648 1937 5718 (b)
1969 5647 2040 5702 Id.
2074 5646 2201 5701 ibid.
2229 5658 2382 5715 pagg.
2410 5642 2475 5697 76
2504 5658 2618 5712 seq.
