4016 6168
530 176 644 229 5⁸9

1868 172 2151 229 .lOANMS
2193 173 2457 227 DIACUNI

3684 174 3784 228 £00

536 290 652 339 bato
696 292 871 337 sancto
920 284 971 335 in
1017 283 1243 336 Ecclesia
1284 281 1513 337 Romana
1559 284 1682 353 erigi
1728 299 1785 335 ac
1826 284 2107 335 consecrari
2140 292 2179 344 Λ
2217 284 2505 337 llunericus
2547 283 2760 335 Ariuuus
2791 284 3114 349 African-ex.
3152 280 3272 333 llwc
3301 288 3457 350 coepta
3484 296 3618 333 anno
3643 281 3785 334 Chri-

537 377 733 442 solitis;
782 375 938 445 deque
977 375 1277 427 inunistione
1318 373 1462 426 lactis
1506 385 1550 425 et
1597 374 1762 427 mellis
1810 374 1863 427 in
1901 374 2109 427 calicem

540 466 710 517 eodem
739 466 857 517 die:
885 466 1030 535 cujus
1072 466 1327 532 utriusque
1365 464 1602 531 postremi
1643 464 1768 515 ritus
1806 462 2001 515 nullam
2032 465 2110 515 in-

534 556 767 607 ttnttt'mus
809 554 1104 605 mentionem
1129 554 1284 604 etiam
1318 553 1371 605 in
1404 551 1595 606 Ordine
1636 553 1893 605 Romano.
1930 551 2045 604 Nisi
2074 554 2116 604 si

544 646 814 699 benedictio
840 644 981 697 lactis
1004 653 1048 696 et
1073 643 1256 713 mellis,
1286 660 1396 714 quae
1430 657 1538 713 post
1568 644 1969 698 benedictionem
1998 645 2117 713 agni

545 737 595 786 in
631 734 713 787 die
754 742 925 785 sancto
956 730 1169 785 Paschte
1194 732 1556 800 prwscribitur,
1589 734 1687 785 huc
1726 734 1994 801 referenda
2023 743 2114 785 est.

546 823 692 887 Quod
723 824 895 875 attinet
934 822 1001 873 ad
1030 820 1316 888 Joannem,
1345 823 1417 873 vir
1447 821 1544 889 [uit
1579 837 1669 889 pro
1705 838 1796 872 sua
1840 829 1987 873 (etate
2029 821 2119 872 do-

546 916 793 968 ctissimus
838 926 986 979 atque
1021 923 1259 966 accurato
1284 914 1485 983 judicio
1521 914 1784 983 praeditus,
1815 921 1868 964 ut
1906 913 2118 982 probant

546 1008 660 1060 libri
689 1016 902 1074 quatuor
916 1008 976 1057 ab
999 1020 1058 1057 eo
1087 1006 1277 1057 conditi
1298 1008 1362 1058 de
1393 1006 1501 1056 l’ita
1523 1006 1683 1057 sancti
1715 1004 1949 1073 Gregorii
1976 1019 2121 1071 papce

547 1100 607 1167 I,
648 1099 735 1167 qui
782 1097 1137 1150 recentioribus
1182 1097 1514 1165 scriptoribus
1562 1097 1688 1148 ritas
1733 1106 2021 1148 sanctorum
2062 1108 2123 1145 ea:

548 1192 765 1261 prapriis
803 1205 973 1242 eorum
1011 1189 1211 1255 scriptis
1252 1188 1549 1239 contexendi
1579 1187 1865 1254 exemplum
1894 1185 2115 1252 prtcbue-

549 1292 686 1335 runt.
716 1300 733 1330 ι
772 1280 1031 1332 Hactenus
1066 1280 1504 1347 virdoctissimus
1532 1288 1636 1329 tum
1665 1279 1727 1330 de
1755 1277 1977 1346 epistola:
2010 1292 2124 1347 pre-

551 1373 642 1437 tio,
673 1383 774 1423 tum
799 1369 861 1422 de
888 1370 997 1436 eius
1023 1377 1244 1421 auctore.
1282 1366 1346 1420 In
1378 1366 1663 1420 Mabillonii
1694 1366 1990 1419 sententiam
2009 1406 2025 1432 ,
2058 1365 2124 1416 ad

552 1463 702 1532 hujus
734 1459 956 1529 epistola:
1001 1459 1293 1527 scriptorem
1333 1458 1466 1526 quod
1510 1458 1716 1521 attinet,
1760 1456 2003 1509 concessit
2051 1456 2126 1507 vir

554 1550 917 1603 eruditissimus
958 1546 1262 1601 Edmundus
1305 1545 1583 1600 Martenius
1617 1548 1718 1615 ta).
1760 1545 1935 1615 Neque
1974 1544 2123 1598 aliter

556 1640 826 1694 Fabricius
850 1640 921 1708 (ὁ)
948 1638 1157 1707 aliique.

627 1731 708 1783 II.
752 1732 814 1782 At
852 1746 966 1782 vero
1010 1730 1168 1781 multo
1209 1729 1538 1797 antiquiorem
1584 1728 1831 1780 exstitisse
1873 1734 2126 1779 auctorem

558 1838 650 1889 quo
682 1822 743 1874 de
783 1821 1000 1889 agimus,
1033 1818 1244 1887 pervidit
1277 1828 1451 1871 nostro
1485 1818 1684 1885 quidem
1712 1819 1911 1887 judicio
1940 1818 2131 1869 doctis-

556 1913 713 1964 simus
752 1908 803 1962 Μ
814 1909 1063 1961 uratorius
1089 1924 1106 1960 :
1134 1908 1280 1977 cujus
1311 1908 1519 1976 proinde
1557 1908 1701 1960 verba
1733 1907 1814 1960 hic
1854 1907 2130 1959 describere

558 2000 695 2051 haud
722 1999 939 2051 otiosum
969 1996 1333 2049 existimamus.
1368 1995 1457 2051 Sic
1490 1997 1645 2067 igitur
1674 1997 1761 2050 ille
1792 1998 1842 2050 in
1880 1995 2132 2067 praeclara

561 2090 621 2139 de
657 2091 801 2139 rebus
848 2085 1095 2154 liturgtcis
1143 2084 1524 2151 dissertatione,
1553 2103 1707 2153 quant
1740 2086 1808 2138 ad
1848 2086 2130 2155 Liturgiam

563 2179 845 2229 Romanam
882 2186 1091 2229 veterem
1121 2176 1435 2245 prcemissam
1464 2176 1660 2227 exhibet
1694 2174 1765 2244 (c)
1792 2192 1804 2228 :
1846 2193 1862 2225 (
1892 2174 2134 2227 Asseutiri

559 2285 659 2319 non
708 2280 946 2336 possum,
994 2266 1184 2335 inquit,
1225 2265 1530 2317 doctissimis
1574 2266 1693 2317 viris
1740 2264 2047 2318 Mabillonio
2084 2273 2133 2319 et

563 2359 813 2426 Martene,
845 2359 967 2411 dum
997 2356 1261 2427 epistolam
1290 2356 1356 2409 ad
1385 2355 1660 2411 Senarium
1689 2356 1917 2410 tribuunt
1944 2356 2134 2410 Joanni

562 2453 640 2505 illi
682 2454 919 2515 diacono,
957 2451 1043 2518 qui
1084 2450 1272 2502 swculo
1317 2448 1509 2503 Christi
1550 2465 1601 2502 ιι
1641 2466 1703 2503 ex
1752 2448 1862 2502 Vita
1906 2448 2136 2520 Gregorii

564 2543 743 2611 Magni
785 2542 997 2610 aliisque
1024 2539 1168 2592 libris
1200 2556 1302 2592 non
1344 2540 1645 2593 mediocrem
1680 2540 1901 2593 nominis
1929 2539 2134 2593 etlebri-

565 2643 715 2686 tatem
746 2632 840 2685 sibi
868 2631 1183 2700 conquisivit.
1211 2629 1352 2683 Num
1392 2631 1443 2683 in
1475 2631 1706 2684 Romana
1742 2628 1971 2684 Ecclesia
2007 2645 2136 2682 unus

565 2725 662 2791 fuit
699 2720 921 2775 Joannes
964 2721 1243 2774 diaconus?
1285 2718 1662 2774 Intellexissent
1703 2720 1766 2785 ii,
1800 2719 1947 2793 longe
1985 2721 2137 2774 nimis

565 2815 887 2869 vetustiorum
909 2812 1066 2882 fuisse
1096 2812 1255 2865 altero
1290 2814 1377 2864 illo
1407 2822 1663 2865 auctorem
1709 2814 1932 2883 epistola:
1960 2814 2136 2884 hujus,

566 2906 741 2974 siqua:
779 2904 914 2957 idem
959 2903 1129 2956 scribit
1168 2904 1229 2956 de
1264 2905 1648 2971 conﬁrmatione
1692 2921 1781 2973 per
1820 2905 2138 2975 presbyteros

2217 375 2279 426 sti
2310 375 2435 435 483,
2464 375 2631 425 acrius
2654 372 2837 425 deinde
2861 371 3111 436 eﬂ'erbnit.
3144 369 3286 422 Tunc
3315 370 3367 422 in
3397 371 3630 422 exsilium
3657 371 3785 421 actis

2219 464 2462 530 episcop's
2500 462 2781 522 catholicis.
2809 477 2869 513 et:
2902 460 3193 514 necessitate
3236 458 3540 528 presbyteris
3565 459 3787 511 chrisma

2218 556 2444 623 conferre
2474 554 2769 623 permissum
2801 553 2826 619 ί
2827 554 2915 603 uit.

2294 663 2311 695 ι
2354 643 2471 697 ΙΙΙ.
2505 642 2645 696 Fieri
2690 644 2841 695 etiam
2881 651 3039 709 potest
3088 651 3140 692 ut
3179 650 3295 693 ante
3345 639 3521 692 eadem
3566 648 3789 704 tempora

2218 736 2447 805 ﬂoruerit
2478 733 2704 786 Jo::nnes
2732 734 2817 785 ilic
2848 732 3108 785 diaconus.
3142 731 3383 799 Repetere
3409 730 3490 780 hic
3515 729 3659 782 liceat
3680 743 3789 796 qua!

2221 826 2466 878 habentur
2489 824 2540 876 in
2569 821 2974 893 Carthaginiensi
3000 820 3217 873 concilio
3238 819 3360 871 anni
3388 818 3489 873 397
3522 818 3591 887 (ε)
3621 835 3634 869 :
3671 837 3687 867 ι
3723 817 3788 871 Ut

2226 937 2244 969 ι
2285 920 2335 971 in
2374 916 2699 970 sacramentis
2742 914 2967 983 corporis
3009 922 3055 965 et
3094 911 3359 980 sanguinis
3412 908 3617 962 Domini
3666 910 3790 960 nihil

2228 1026 2246 1058 ι
2284 1006 2508 1075 amplius
2532 1004 2779 1071 o/feratur
2801 1019 2951 1069 quant
2979 1002 3114 1072 quod
3142 1003 3248 1068 ipse
3284 999 3534 1052 Dominus
3562 1000 3790 1057 tradidit,

2232 1116 2248 1147 ι
2286 1099 2379 1149 hoc
2401 1105 2471 1148 est
2500 1096 2646 1165 panis
2674 1104 2716 1145 et
2744 1095 2911 1145 vinum
2939 1109 3070 1158 aqua
3102 1094 3332 1145 mixtum.
3368 1089 3617 1143 Primitia:
3656 1106 3789 1153 vero,

2232 1207 2248 1237 ι
2287 1203 2375 1240 seu
2427 1187 2523 1238 mel
2560 1194 2603 1237 et
2643 1184 2745 1247 lac,
2774 1185 2907 1251 quod
2938 1185 3019 1236 die
3058 1182 3423 1235 solemnissimo
3452 1184 3502 1235 in
3543 1180 3793 1248 infantum

2233 1295 2250 1327 ι
2289 1276 2525 1344 mysterio
2555 1276 2756 1342 (nempe
2787 1270 3061 1341 baptismo)
3094 1270 3221 1324 solet
3255 1270 3459 1338 offerri,
3490 1270 3715 1339 quamris
3744 1270 3791 1320 in

2234 1385 2251 1416 ι
2289 1366 2443 1418 altari
2481 1363 2749 1428 olferatur,
2773 1379 2915 1416 suam
2950 1372 3114 1414 tamen
3146 1362 3324 1413 habent
3354 1362 3607 1430 propriam
3649 1359 3792 1411 bene-

2234 1475 2251 1505 ι
2291 1457 2602 1522 dictionem,
2650 1464 2704 1506 ut
2748 1471 2778 1505 a
2819 1460 3134 1505 sacramento
3177 1451 3403 1521 corporis
3450 1460 3496 1502 et
3540 1449 3795 1518 sanguinis

2235 1568 2254 1601 ι
2296 1551 2695 1619 distinguantur.
2730 1564 2748 1597 ι
2782 1544 2908 1601 Cum
2932 1544 3154 1598 Joannes
3186 1545 3430 1597 diaconus
3469 1558 3571 1595 non
3613 1543 3796 1610 impro-

2163 1633 2210 1692 Β
2235 1644 2364 1697 barit
2395 1641 2803 1694 commixtionem
2831 1640 2972 1691 lactis
2998 1648 3042 1691 et
3070 1637 3233 1689 mellis
3262 1651 3374 1688 cum
3417 1635 3662 1704 sanguine
3693 1632 3795 1684 Do-

2231 1736 2385 1799 mini,
2412 1752 2444 1787 a
2474 1731 2712 1785 Patribus
2729 1728 3227 1799 Carthaginiensibus
3255 1725 3608 1793 improbatam,
3639 1725 3798 1790 suspi-

2232 1832 2309 1881 cio
2329 1826 2585 1880 suboritur
2613 1825 2757 1877 illum
2787 1822 2959 1875 eodem
2987 1820 3171 1873 sa'culo
3196 1816 3383 1872 Christi
3409 1831 3459 1869 tv
3495 1814 3748 1884 ﬂoruisse.
3780 1834 3793 1859 ι

2234 1918 2499 1971 Hactenus
2534 1913 2595 1966 V.
2620 1911 2678 1968 C.

2310 2006 2409 2060 IV.
2447 2003 2609 2057 Porro
2652 2018 2713 2055 ea:
2753 1999 2951 2052 duabus
2983 1998 3153 2051 allatis
3188 1997 3282 2050 viri
3326 1996 3459 2050 docti
3505 1993 3801 2061 conjecturis

2235 2099 2296 2151 de
2331 2107 2552 2165 tempore
2580 2110 2677 2163 quo
2703 2093 2823 2145 vixit
2859 2092 3086 2159 epistola:
3115 2099 3309 2149 auctor,
3352 2090 3569 2155 priorem
3606 2087 3799 2155 quidm:

2235 2189 2567 2250 admittimus,
2599 2184 2847 2255 posterior
2878 2198 2991 2236 vero
3021 2181 3163 2235 nobis
3204 2181 3368 2233 minus
3410 2180 3674 2246 probatur.
3704 2174 3800 2229 Illa

2236 2279 2369 2332 enim
2394 2276 2639 2328 sententia
2670 2289 2767 2340 qua
2798 2280 2966 2324 noster
3000 2268 3227 2323 Joannes
3266 2271 3355 2322 sub
3388 2268 3537 2336 ﬁnem
3574 2265 3746 2320 saeculi
3772 2280 3799 2315 ν

2236 2367 2484 2419 exstitisse
2525 2363 2830 2433 perhibetur,
2858 2376 2921 2413 ere
2941 2376 2999 2414 eo
3031 2359 3344 2427 potissimum
3371 2356 3637 2418 astruitur,
3675 2356 3802 2420 quod

2237 2456 2446 2525 epistola
2472 2452 2689 2507 Senario
2720 2453 2827 2505 viro
2854 2450 3041 2504 illustri
3069 2449 3368 2517 comperitur
3393 2446 3658 2515 inscripta.
3692 2443 3799 2497 Sci-

2239 2546 2354 2599 licet
2393 2544 2667 2597 Senaiium
2697 2542 2843 2595 illum
2876 2556 3023 2610 quem
3062 2554 3265 2607 prorsus
3291 2537 3539 2607 ignoravit
3574 2534 3804 2588 Mabillo-

2242 2637 2377 2699 nius,
2416 2644 2469 2687 ut
2508 2635 2717 2705 ipsemet
2764 2634 3049 2703 proﬁtetur,
3082 2630 3417 2699 prarteriitque
3465 2626 3802 2684 Muratorius,

2243 2730 2497 2784 desinente
2538 2727 2739 2780 demum
2778 2726 2963 2779 sevcqu
3004 2740 3033 2775 ν
3072 2722 3346 2777 admodum
3390 2720 3633 2773 claruisse
3674 2734 3803 2770 com-

2241 2833 2436 2892 pertum
2483 2821 2735 2873 habemus.
2781 2816 2958 2885 Neque
3005 2816 3136 2867 enim
3182 2811 3315 2865 ullus
3360 2809 3626 2864 dubitandi
3676 2810 3805 2861 locus

2234 2915 2355 2982 jure
2384 2912 2602 2982 suppetit
2642 2910 2759 2977 quin
2803 2909 3049 2963 Senarius
3085 2907 3170 2959 ille
3211 2906 3285 2957 vir
3308 2904 3517 2957 illustris
3559 2903 3625 2953 ad
3668 2916 3807 2966 quem

566 2995 771 3061 collata,
800 2994 1041 3049 attentius
1071 2994 1557 3049 animadvertissent.
1588 2995 1668 3049 En
1695 2998 1807 3067 ejus
1832 2996 1982 3049 verba
2014 2996 2093 3068 (tl)
2120 3012 2135 3051 :
2164 2992 2212 3055 C
2243 3002 2510 3070 epistolam
2550 3016 2692 3054 suam
2734 3000 2934 3069 scripsit
2974 2996 3198 3050 Joannes
3240 2995 3302 3050 S.
3344 2995 3409 3048 R.
3445 2992 3509 3048 E.
3542 2993 3805 3055 diurnum.

571 3105 585 3135 ι
620 3085 723 3141 Sed
763 3101 853 3138 nec
882 3085 1009 3137 illud
1046 3093 1218 3155 tangat
1259 3086 1518 3152 animum,
1549 3085 1682 3154 quod
1713 3086 1808 3139 sibi
1851 3086 2131 3155 aliquando

570 3196 586 3225 ι
627 3177 861 3245 quaedam
898 3177 972 3229 vis
1022 3176 1329 3229 necessitatis
1381 3178 1596 3230 assumit
1640 3178 1809 3247 (quod
1862 3192 1994 3231 NUNC
2046 3192 2134 3246 per

570 3287 589 3319 ι
627 3268 849 3337 Africam
879 3268 987 3335 ﬁeri
1014 3265 1222 3335 dicitur)
1253 3276 1306 3319 ut
1344 3267 1620 3337 presbyteri
1647 3276 1876 3320 sanctum
1915 3268 2135 3321 chrisma

571 3375 587 3405 ι
628 3356 895 3422 conﬁciant
921 3356 1093 3424 :quod
1122 3356 1297 3409 merito
1336 3364 1581 3421 moveret,
1605 3357 1649 3409 si
1684 3358 1830 3411 istam
1867 3359 2137 3425 pontiﬁca-

573 3464 590 3497 ι
629 3446 692 3499 lis
729 3447 1004 3499 auctoritas
1031 3446 1284 3498 licentiam
1314 3462 1416 3498 non
1444 3445 1687 3499 dedisset.
1714 3464 1732 3497 ›
1766 3446 1968 3501 Steculo
1991 3445 2139 3501 Chri-

571 3538 632 3590 sti
669 3552 718 3589 ιχ
745 3536 913 3589 excisa
943 3536 1144 3587 omnino
1177 3545 1283 3587 erat
1317 3536 1369 3587 in
1408 3536 1586 3605 Africa
1611 3536 1902 3591 Christiana
1934 3538 2135 3609 relig'o,

572 3625 952 3693 circumquaque
976 3624 1045 3676 ibi
1084 3623 1271 3689 diffuso
1307 3625 1514 3692 imperio
1538 3635 1584 3678 et
1621 3629 1973 3695 superstitione
2007 3630 2139 3681 Ara-

572 3714 691 3767 biae
726 3714 903 3782 gentis.
940 3714 1063 3778 Quae
1092 3715 1248 3784 igitur
1288 3714 1371 3768 hic
1400 3717 1543 3785 legis,
1571 3716 1819 3772 Joannem
1858 3719 1994 3774 hunc
2026 3722 2137 3774 dia-

573 3819 751 3856 conum
775 3804 1106 3874 referendum,
1124 3817 1325 3859 monent
1349 3807 1416 3857 ad
1438 3807 1588 3874 ﬁnem
1611 3809 1781 3861 sa'culi
1808 3825 1859 3874 ν,
1883 3826 1983 3880 quo
2011 3820 2137 3866 tem-

574 3911 694 3964 pore
721 3895 774 3948 in
810 3892 1083 3950 catholicos
1121 3896 1430 3951 barbaricam
1466 3903 1861 3967 persecutionem
1900 3906 2134 3960 excitavit

632 4027 729 4106 la)”
750 4026 970 4106 Mat-ten.
994 4025 1061 4106 de
1081 4025 1260 4096 Antiq.
1279 4027 1420 4106 Eccl.
1446 4029 1591 4106 ritib.
1614 4030 1707 4086 lib.
1740 4048 1785 4098 ι,
1813 4049 1931 4103 cap.
1960 4040 2008 4104 1,
2033 4048 2139 4095 art.

578 4096 854 4172 ιδςεῇιϐ,
888 4096 1092 4172 tout_._|_,
1124 4111 1246 4172 pug.
1272 4098 1370 4153 156
1396 4100 1524 4153 edit.
1554 4096 1811 4172 Antucrp.
1845 4096 2003 4163 1756,

578 4166 958 4289 Ι1³(Ιίῖὶ)ὺξ“ειίιι·ἰ‹;.
987 4166 1120 4220 Bibl.
1147 4167 1261 4220 Lat.
1290 4172 1430 4221 med.
1461 4182 1589 4224 tom.
1621 4171 1706 4238 IV,
1738 4166 1857 4245 pug.
1882 4178 1979 4233 197
2005 4179 2137 4235 edit.

648 4306 717 4425 (c)
751 4303 937 4358 Murat.
964 4305 1031 4386 de
1058 4304 1195 4387 Reb.
1220 4305 1392 4375 liturg.
1416 4309 1638 4390 .dissert.
1670 4326 1787 4378 cap.
1816 4316 1867 4376 5,
1900 4331 2019 4386 pag.
2048 4319 2137 4374 δὲ.

650 4377 666 4425 l
716 4380 729 4425 i
759 4374 912 4425 Joan.
934 4377 1066 4425 dlaC.
1097 4385 1252 4425 emst.
1279 4376 1303 4425 δ
1332 4380 1383 4425 8.
1415 4384 1545 4425 litim
1576 4381 1677 4425 ml.
1703 4384 1825 4425 tm-

650 4374 729 4444 (ά)
759 4374 912 4428 Joan.
934 4375 1066 4445 (liae.
1097 4378 1252 4443 epist.
1279 4376 1304 4445 §
1332 4374 1383 4440 8,
1415 4380 1545 4431 intra
1576 4381 1678 4432 col.
1703 4374 1826 4436 404.

650 4444 722 4512 (e)
752 4445 912 4498 Cone.
938 4444 1182 4512 Carthag.
1212 4460 1295 4509 ιιι,
1328 4461 1444 4499 cun.
1473 4448 1561 4504 Ἦ.

596 4599 2831 4626 mw.

2237 3094 2369 3147 idem
2400 3094 2466 3145 sit
2505 3108 2614 3144 cum
2642 3090 2876 3153 Senario,
2908 3101 2954 3141 et
2978 3090 3083 3141 viro
3108 3088 3313 3157 quidem
3342 3084 3560 3146 illustri,
3589 3084 3673 3135 cui
3706 3092 3805 3134 tum

2239 3185 2371 3237 Aviti
2401 3182 2696 3237 Viennensis
2720 3182 2810 3251 (Ῑ),
2835 3190 2942 3234 tum
2984 3179 3205 3231 Ennodii
3238 3176 3511 3230 Ticinensis
3541 3175 3618 3244 ly)
3663 3174 3807 3225 varice

2241 3284 2519 3327 noscuntur
2565 3270 2793 3340 epistolae
2843 3271 3117 3338 inscriptas.
3169 3266 3422 3319 Patricius
3459 3279 3686 3338 namque
3733 3262 3805 3313 hic

2245 3366 2372 3434 fuit,
2400 3373 2445 3415 et
2473 3365 2707 3415 comitiva
2742 3361 3035 3431 patrimonii
3073 3376 3103 3411 a
3147 3357 3451 3411 Theoderico
3488 3371 3605 3425 rege
3639 3362 3807 3406 auctus

2244 3471 2377 3507 anno
2418 3456 2546 3516 5H,
2580 3464 2633 3505 ut
2678 3453 2819 3505 docet
2861 3450 3211 3505 Cassiodorius
3259 3451 3366 3519 (h),
3410 3449 3473 3500 de
3517 3462 3621 3516 quo
3662 3446 3806 3497 etiam

2244 3549 2377 3602 idem
2406 3557 2608 3600 senator
2637 3546 2759 3599 alibi
2790 3544 2938 3612 plura
2975 3542 3060 3612 li).
3104 3540 3386 3595 Prtrclaras
3414 3538 3631 3592 illustris
3662 3537 3808 3606 hujus

2250 3640 2343 3694 eiii
2374 3640 2548 3692 laudes
2575 3638 2772 3691 exhibet
2798 3634 3110 3705 epitaphium
3142 3650 3172 3684 a
3216 3632 3366 3684 Petro
3388 3629 3588 3683 Pithaeo
3609 3629 3663 3680 in
3688 3628 3807 3679 libro

2245 3744 2297 3783 tv
2343 3728 2724 3783 Poematioum
2777 3727 3031 3788 relatum,
3075 3725 3209 3791 quod
3258 3723 3430 3775 recitat
3478 3730 3524 3772 et
3572 3718 3805 3774 Sirmon-

2246 3822 2340 3875 άιιδ
2371 3820 2475 3891 (1')-

2318 4040 2393 4111 (ί)
2426 4041 2571 4111 ᾼνίιο
2601 4038 2760 4111 epist.
2788 4036 2875 4099 56,
2906 4033 3353 4111 ειιῃιλῆίξοιηξὸἓ.

2270 4181 2300 4193 η
2430 4099 2774 4193 Ennodfnlvib.
2805 4122 2853 4173 ι,
2882 4099 3040 4176 epist.
3068 4102 3163 4169 25;
3204 4103 3295 4158 lib.
3324 4118 3410 4167 ιιι,
3441 4102 3599 4170 epist.
3631 4099 3723 4164 il;
3763 4105 3811 4153 et

2247 4177 2425 4244 libfv,
2457 4180 2617 4248 epist.
2652 4177 2743 4232 15.

2318 4252 2399 4319 (Ιι)
2428 4248 2669 4305 Cassiod.
2695 4248 2782 4319 lib.
2812 4244 3120 4319 thVariar"
3146 4243 3302 4312 epist.
3328 4244 3382 4297 ’5.

2316 4317 2389 4389 (ί)
2411 4320 2485 4373 Id.
2511 4317 2825 4389 ibidsepist.
2851 4317 2884 4368 ι
2911 4325 2964 4389 ρι
2994 4317 3044 4366 7.

2321 4376 2787 4511 Zj')dSirmond.'ad
2827 4385 2968 4438 Avit.
3001 4384 3159 4452 epist.
3209 4382 3299 4448 '56,
3343 4394 3501 4449 Supra
3546 4380 3648 4434 col.
3688 4376 3808 4440 252,

2252 4470 2365 4513 not.
2432 4498 2444 4511 .

2830 4597 3763 4621 Μ

1395 4713 2193 4829 JOANNIS
2256 4713 3017 4828 DIACONI

1900 4902 2518 5008 EPISTOLA

1521 5087 1626 5146 AD
1669 5087 2070 5148 SENARIUM
2113 5089 2368 5151 VIRUM
2420 5089 2888 5151 ILLUSTREM.

927 5233 1013 5293 De
1043 5232 1233 5293 variis
1268 5232 1493 5292 ritibus
1523 5233 1603 5294 ad
1629 5232 1997 5311 baptismum
2027 5232 2512 5312 pertinentibus,
2538 5242 2591 5293 et
2621 5233 2766 5294 aliis
2798 5232 3223 5294 observatione
3250 5228 3483 5307 dignis.

663 5472 700 5523 l.
744 5469 965 5521 Domino
992 5467 1181 5520 merito
1239 5465 1461 5531 illustri,
1511 5480 1828 5536 semperque
1872 5470 2153 5539 magniﬁco
2181 5468 2232 5529 ῐ)
2338 5466 2695 5522 Sublimitalis
2726 5476 2915 5519 vestrm
2940 5464 3183 5532 paginam
3213 5462 3321 5517 ﬁlio
3341 5470 3526 5516 nostro
3562 5456 3828 5526 spectabili

588 5562 703 5615 ωιο
729 5561 969 5624 Sensi-in,
1001 5559 1229 5614 Joannes
1257 5558 1533 5612 diaconus.

2271 5560 2386 5613 viro
2420 5557 2621 5610 Renato
2643 5556 2917 5610 deferente
2938 5555 3295 5624 suscepimus,
3317 5555 3369 5608 in
3413 5568 3516 5623 qua
3537 5563 3587 5608 et
3608 5553 3829 5617 antiquae
