4024 6176
192 374 267 430 ιρι
592 389 599 396 -
1378 367 1707 421 EPISTULA
1750 367 1837 417 an
1878 367 2243 423 sanantur.
3282 379 3375 429 ,ίοιξ

189 489 342 558 gratia:
359 485 793 553 nobisjucundam
822 483 1023 536 fecistis
1054 483 1386 548 memoriam,
1412 494 1463 536 et
1481 494 1708 550 quantus
1740 490 1784 541 Α
1816 484 1985 549 justus
2015 496 2290 553 appareat,
2324 486 2385 539 ad
2420 498 2743 554 postremum
2788 491 2927 543 ﬁlius
2970 494 3054 544 liat
3084 507 3147 543 ex
3183 505 3342 545 ενι-νυ
3370 511 3380 543 ;

192 578 357 647 pectori
383 588 550 630 vestro
576 575 734 629 divini
756 574 927 627 cultus
972 574 1132 627 ardor
1176 572 1421 634 insideat,
1454 572 1711 625 catholica
1817 582 1869 625 ut
1900 573 1988 641 qui
2024 576 2074 625 in
2105 576 2274 641 primo
2305 585 2521 641 parente
2553 580 2787 645 perditus
2831 582 3023 647 fuerat,
3055 582 3271 636 secundi
3305 599 3384 636 τες

190 666 505 722 sollicitudine
524 680 623 717 uou
652 664 882 718 cetastis.
916 663 1070 729 Nam,
1121 673 1179 716 ut
1204 672 1397 717 vestrae
1428 662 1713 731 loquuntur
1823 672 2037 729 paratus
2061 665 2341 729 beneﬁcio,
2367 666 2689 722 hereditatis
2714 677 2946 737 paterna:
2976 684 3251 740 possessor
3277 674 3382 726 exi-

192 762 365 819 litterm,
394 754 621 822 qumdam
652 752 803 806 vobis
832 751 987 805 seribi
1008 792 1021 817 ,
1056 752 1299 818 qnazdam
1327 750 1482 819 dirigi
1535 759 1707 805 trans-
1817 765 1936 811 stat.
1969 756 2295 810 Exsulnatus
2326 759 2484 827 igitur
2513 763 2864 827 exorcizatur,
2922 776 2999 831 ut,
3050 766 3226 835 fugato
3274 768 3383 821 dia-

191 848 326 914 cripta
354 843 596 896 voluistis.
620 840 726 895 Sed
751 841 800 893 in
830 841 1235 894 trauscribendo
1264 854 1446 894 curam
1476 849 1710 893 nostram
1816 848 1961 910 botu,
1983 846 2198 903 Christo
2231 852 2337 904 Deo
2370 862 2552 906 "ostro
2575 865 2790 920 paretur
2819 858 3063 911 inn-uitus
3093 868 3183 919 ςθι
3229 875 3256 911 u
3289 874 3383 927 ρο.

192 947 416 1002 utcunque
445 930 762 984 notariorum
796 931 944 984 labor
963 930 1165 997 adjuvit
1194 948 1207 993 ;
1241 932 1292 983 in
1334 930 1416 985 his
1446 945 1574 984 vero
1595 945 1712 998 qua:
1818 946 2008 991 testate
2056 949 2239 993 erutus
2286 942 2644 1007 tenebrarum,
2679 948 3029 1001 transferatur
3070 948 3121 1000 in
3168 964 3382 1017 regnum

189 1023 426 1079 scribenda
445 1030 585 1085 sunt,
613 1021 834 1074 multum
867 1018 1037 1073 fateor
1056 1020 1252 1072 laboris
1273 1019 1529 1082 indicitis,
1550 1030 1606 1074 et
1624 1034 1713 1072 su—

1814 1026 1999 1093 glnria’:
2029 1029 2265 1083 caritatis
2297 1030 2385 1083 Dei
2414 1047 2427 1084 :
2460 1040 2515 1083 ut
2540 1034 2627 1101 qui
2659 1035 2861 1088 dudum
2904 1052 2997 1088 vas
3038 1038 3208 1091 fuerat
3236 1041 3383 1094 Sata-

191 1117 439 1184 pcraddere
470 1112 566 1165 hoc
594 1126 898 1165 mensuram
934 1125 1105 1164 meam
1136 1110 1364 1164 adducta
1414 1109 1585 1163 fronte
1624 1124 1713 1162 rc-
1818 1129 1919 1177 ure,
1964 1116 2055 1169 ﬁat
2078 1132 2214 1171 nunc
2238 1117 2564 1174 domicilium
2600 1123 2909 1178 Salvaturis.
2942 1125 3264 1181 Emumatur
3291 1129 3385 1181 ila-

187 1225 207 1261 s
236 1206 400 1258 audeo.
430 1200 836 1270 Primum,quod
858 1216 941 1266 ea,
974 1202 1110 1254 sicut
1134 1214 1268 1269 opus
1298 1208 1397 1266 est,
1426 1200 1710 1264 disserere,
1816 1221 1938 1271 que,
1968 1207 2088 1270 quia
2114 1208 2203 1260 tali
2234 1208 2425 1276 dignus
2444 1220 2526 1265 est
2548 1212 2833 1279 ignominia
2857 1214 3099 1270 desertcr
3120 1219 3385 1287 antiquus.

188 1312 269 1349 non
305 1297 386 1354 ita.
408 1304 457 1347 ut
478 1293 645 1347 credit
681 1292 837 1346 amici
864 1292 1168 1359 mstimatio,
1198 1306 1375 1345 meum
1408 1290 1548 1345 valet
1568 1290 1713 1359 iuge—
1819 1297 2169 1351 Exorcizatur
2197 1310 2393 1362 autem,
2426 1301 2476 1354 id
2506 1312 2583 1356 est
2607 1304 2935 1371 conjuratnr,
2961 1315 3017 1359 ιιι
3048 1318 3199 1361 exeat
3226 1318 3279 1361 ei,
3309 1324 3386 1362 το.

186 1391 321 1442 nium.
354 1387 558 1439 Fallitur
582 1387 725 1440 enim
778 1388 1071 1440 amantium
1111 1401 1254 1454 saepe
1288 1386 1712 1454 judicium,cum
1816 1389 1990 1455 cedat,
2021 1391 2162 1443 illius
2183 1405 2477 1458 agnoscens
2520 1396 2830 1459 adventum,
2878 1412 3031 1460 cu,us
3073 1409 3302 1454 erectam
3336 1406 3384 1453 in

188 1486 279 1544 plus
296 1478 545 1532 dilectioni
581 1478 938 1546 tribuitquam
964 1477 1169 1531 meritis
1198 1480 1425 1533 dilectus
1454 1479 1709 1534 ostendit.
1820 1479 2047 1547 paradisi
2076 1481 2326 1536 felicitate
2345 1484 2625 1551 imaginem
2658 1501 2816 1552 prava
2869 1489 3117 1542 suasione
3170 1488 3379 1556 dejecc-

190 1572 366 1626 Accedit
403 1569 587 1625 deinde
630 1569 771 1637 quod
796 1570 1034 1623 inﬁrmus
1082 1585 1347 1639 corpore,
1397 1580 1453 1625 ut
1486 1571 1587 1624 alia
1640 1580 1714 1625 ta-
1817 1582 1916 1624 rat.
1948 1570 2183 1640 Accipiet
2216 1572 2323 1641 jam
2354 1575 2766 1631 catcchumenus
2817 1578 3152 1633 benedictum
3183 1581 3284 1644 sal,
3337 1582 3387 1633 in

184 1676 323 1724 ceam,
342 1659 701 1714 ecclesiastico
725 1659 924 1728 jugiter
959 1660 1228 1730 astringor
1269 1660 1467 1715 ofﬁcio.
1501 1661 1715 1715 Postre-
1818 1676 1923 1724 quo
1946 1660 2205 1729 signatur,
2232 1665 2353 1731 quia
2388 1665 2525 1718 sicut
2545 1668 2718 1719 omnis
2746 1682 2872 1720 caro
2894 1668 3004 1721 sale
3030 1668 3240 1721 condita
3272 1683 3386 1721 scr-

189 1765 254 1801 mo
277 1750 481 1803 otiosmn
523 1759 734 1818 tempus
756 1764 843 1803 res
887 1751 1135 1817 postulat,
1182 1758 1242 1804 ut
1279 1752 1538 1821 majorum
1572 1752 1717 1806 volu-
1820 1756 1992 1814 vatur,
2041 1751 2110 1803 ita
2143 1751 2257 1805 sale
2286 1754 2559 1818 sapientia:
2589 1764 2643 1809 et
2688 1757 3082 1823 prauiicatiouis
3111 1758 3255 1811 verbi
3298 1758 3387 1811 Dei

187 1840 298 1893 mina
332 1840 721 1894 recensentibus
745 1839 869 1907 quid
907 1841 974 1895 de
1005 1856 1318 1910 unaquaque
1370 1858 1428 1897 re
1474 1844 1577 1897 dici
1619 1846 1711 1898 de-
1741 1837 1790 1898 B
1817 1855 1965 1895 mens
1997 1840 2243 1895 fluctibus
2265 1845 2445 1897 saeculi
2473 1845 2678 1898 madida
2710 1860 2756 1900 et
2785 1848 2922 1900 ﬂuxa
2953 1848 3223 1913 conditur,
3250 1851 3386 1901 utad

186 1932 295 1993 beat,
324 1929 517 1983 illorum
560 1939 674 1983 tuta
713 1930 984 1997 juvamine
1028 1934 1281 1999 procedat
1324 1934 1516 1987 oratio.
1573 1934 1709 2001 Quid
1815 1929 2139 1983 soliditatem
2172 1932 2649 2000 stahilitatisatpie
2666 1940 3054 2001 permansionis
3073 1938 3278 2006 digesto
3302 1954 3388 2005 pc-

184 2022 310 2087 igitur
333 2022 380 2075 iu
412 2021 519 2075 hmo
558 2036 879 2091 possumus,
912 2024 1013 2079 nisi
1064 2027 1198 2080 forte
1222 2029 1365 2095 quod
1417 2044 1502 2082 me
1555 2044 1712 2097 posse
1817 2022 1964 2075 nitus
1988 2024 2347 2089 corruptionis
2374 2025 2597 2080 humore
2627 2026 2790 2081 divini
2831 2029 2957 2081 satis
2978 2033 3238 2085 suavitate
3267 2047 3389 2099 pcr-

184 2122 276 2166 voti
302 2114 661 2184 desideriaquc
688 2126 859 2169 vestra
902 2118 1287 2185 pra-stiterint?
1334 2118 1535 2175 Idcirco
1563 2136 1711 2190 qua:-

1817 2109 2011 2164 veniat.
2064 2110 2175 2164 Hoc
2199 2128 2326 2180 ergo
2348 2114 2453 2181 agit
2486 2115 2731 2183 frequens
2788 2117 3056 2185 impo~itio
3104 2135 3309 2181 manus,
3339 2131 3391 2175 ct

184 2210 262 2263 sita
290 2209 501 2263 breviter
528 2209 770 2265 conabor
798 2211 1091 2280 attingere,
1138 2227 1204 2267 ne
1258 2212 1303 2268 si
1366 2215 1584 2268 omnino
1631 2223 1709 2267 ta-

1818 2201 2117 2253 revcrcntia
2170 2201 2467 2267 Trinitatis,
2494 2214 2548 2257 et
2600 2206 2842 2260 invocata
2888 2222 3050 2276 super
3092 2219 3248 2277 caput
3275 2210 3390 2278 ejus

184 2314 320 2362 ccam,
362 2300 668 2353 infructuosi
718 2300 913 2357 silentii
952 2316 1134 2370 poenas
1173 2303 1455 2372 excipiam.
1488 2303 1711 2358 Conﬁdo

1077 2318 1134 2357 us
1173 2303 1455 2372 excipiam,
1488 2303 1711 2358 Conﬁdo
1819 2289 1975 2343 tertio
2004 2290 2303 2346 benedictio
2342 2294 2663 2348 Conditoris.

184 2390 295 2442 enim
316 2390 636 2445 orationibus
663 2394 765 2446 tuis
792 2408 878 2447 me
932 2408 1088 2461 posse
1116 2394 1310 2462 juvari,
1360 2396 1449 2465 qui
1498 2404 1555 2449 ut
1602 2396 1713 2448 ha'c

1889 2379 1976 2433 IV.
2028 2382 2233 2437 Dehinc
2274 2384 2502 2451 quodam
2537 2385 2774 2451 profectu
2802 2397 2961 2452 atque
2998 2397 3268 2454 provectu,
3302 2388 3392 2442 ille

185 2482 391 2537 auderem
423 2494 523 2538 tam
556 2484 725 2539 ardua
777 2487 1099 2554 compulisti.
1135 2487 1285 2543 Unde
1336 2504 1518 2557 quazso
1548 2498 1605 2542 ut
1637 2490 1716 2543 ni-

1817 2473 1903 2541 qui
1930 2473 2128 2526 dudum
2153 2474 2462 2527 exsufﬂatus
2507 2476 2783 2531 diabolicis
2839 2479 3040 2547 laqueis
3082 2480 3394 2549 pompisque

186 2572 241 2626 [ul
267 2573 309 2626 in
336 2589 413 2629 me
437 2576 778 2644 eloquentum
810 2577 940 2631 nihil
964 2593 1184 2633 summa,
1223 2578 1479 2633 δορυ-ειη
1506 2581 1716 2635 (inside-
1820 2561 2243 2628 renuntiaverat,
2267 2564 2493 2633 symholi
2527 2566 2592 2619 ab
2618 2568 2871 2633 apostolis
2911 2569 3087 2623 traditi
3125 2569 3232 2637 jam
3285 2586 3395 2625 mc-

185 2677 274 2727 res;
299 2664 404 2731 quia
433 2681 526 2719 nec
555 2666 636 2720 illi
670 2667 823 2734 plene
844 2665 1037 2729 studui.
1066 2675 1119 2721 et
1146 2667 1325 2722 doceri
1349 2668 1523 2722 adhuc
1552 2670 1710 2733 malo,

1820 2662 1964 2707 retur
1996 2654 2154 2707 verba
2187 2656 2458 2722 suscipere
2491 2674 2501 2707 :
2546 2666 2598 2709 ut
2629 2660 2715 2725 qui
2758 2661 2918 2728 paulo
2954 2672 3079 2716 ante
3107 2666 3278 2716 solum
3307 2679 3396 2717 ca-

186 2770 309 2820 uuum
332 2757 553 2813 ducturi,
597 2774 789 2814 nomen
813 2759 1019 2813 nuduu.
1056 2759 1216 2829 [gitur
1251 2762 1293 2813 si
1334 2762 1382 2812 in
1410 2761 1507 2814 huc
1538 2762 1712 2827 inuui-
1822 2746 2172 2798 techumenns
2197 2746 2495 2809 dicebatur,
2519 2763 2659 2802 nunc
2688 2752 2848 2803 etiam
2906 2762 3126 2806 vocetur
3174 2769 3395 2822 compc-

186 2846 365 2914 juiuue,
407 2864 540 2913 mea,
572 2851 961 2918 qualiscunque
984 2860 1085 2914 est.
1116 2852 1289 2919 placet
1319 2862 1406 2905 aut
1438 2862 1717 2919 exsnuuju-
1772 2830 1781 2839 ’
1820 2848 1939 2890 tens
1973 2838 2053 2891 vel
2085 2838 2307 2891 cleatus.
2337 2839 2641 2908 Conceptus
2670 2842 2811 2893 cnim
2840 2844 2994 2896 estin
3033 2854 3184 2898 utero
3212 2846 3397 2899 matris

187 2944 253 2988 lnl'
268 2940 439 3002 oratio,
460 2938 567 3006 jam
606 2956 747 2994 nunc
767 2940 834 2994 de
871 2940 1094 3008 singulis
1120 2956 1236 3008 qua:
1285 2952 1408 2995 sunt
1451 2943 1715 3010 proposita
1824 2930 2097 2991 Ecclesim,
2127 2937 2181 2983 et
2210 2930 2515 2999 viverejam
2552 2932 2754 2997 incipit,
2787 2933 2945 2986 etiam
2970 2936 3011 2987 si
3043 2938 3276 2989 nondum
3306 2950 3396 2989 sa-

186 3027 439 3084 \‘idcamtts.
474 3029 610 3083 Illud
653 3032 849 3085 interea
904 3030 1195 3099 prudentia:
1239 3042 1434 3086 vestra:
1466 3033 1715 3101 praedico,

1821 3022 1897 3075 cri
1940 3031 2121 3088 partus
2152 3030 2360 3087 tempus
2385 3022 2636 3086 explevit.
2682 3022 2829 3075 Tunc
2850 3024 2981 3077 ﬁunt
3029 3024 3138 3089 illa,
3192 3041 3310 3094 qua:
3332 3028 3396 3079 ab

188 3121 690 3189 quiainquisilionum
738 3122 891 3188 ordo,
937 3138 1040 3175 non
1074 3123 1162 3185 ita,
1218 3133 1272 3175 ιιι
1312 3133 1485 3176 vestra
1528 3124 1718 3192 legitur
1822 3113 2181 3168 ecclesiastica
2210 3114 2597 3166 consuetudine
2622 3115 2872 3167 scrutinia
2912 3115 3242 3171 dictitantur.
3274 3117 3399 3170 Per-

188 3213 338 3275 paglna
361 3221 714 3281 coiisequetur
747 3228 760 3272 ;
792 3212 884 3265 sed
920 3222 972 3263 ut
1002 3227 1059 3265 se
1084 3228 1410 3281 unaqna‘que
1435 3228 1712 3282 suggesse-
1740 3204 1777 3267 C

1816 3211 2112 3257 scrutamur
2135 3203 2274 3255 enim
2292 3217 2475 3255 corum
2506 3203 2663 3257 cordi
2707 3220 2797 3269 per
2825 3205 2999 3268 ﬁdem,
3018 3215 3191 3260 utrum
3235 3209 3398 3261 menti

189 3300 256 3361 rit,
284 3300 602 3355 absolutione
632 3316 863 3370 congrua
896 3303 1281 3357 terminaliitur.
1316 3303 1494 3372 Itaque
1544 3305 1719 3374 inqui-
1820 3308 1928 3346 Si"?
1958 3306 2075 3361 Ροδι
2107 3292 2553 3347 ιὀηιιηιίθῑῖοηθιη
2587 3292 2782 3346 diam“
2829 3310 2976 3347 sacra
3002 3297 3160 3350 verb"
3202 3296 3402 3352 (189⁸⁸⁸

187 3388 359 3442 sitionis
384 3400 480 3443 ιιιω
499 3392 668 3445 verba
706 3392 776 3445 ita
812 3407 871 3447 se
894 3392 1107 3447 habent,
1824 3388 1965 3449 rint;
1991 3395 2167 3439 utrum
2212 3387 2521 3454 agnoverint
2573 3385 2800 3439 futuram
2830 3389 3051 3456 gratiam
3084 3387 3403 3459 Redempto-

244 3480 296 3535 ll.
333 3481 560 3551 Requiro,
592 3484 790 3553 inquis,
828 3500 859 3537 a
886 3486 1045 3551 vobis,
1102 3502 1255 3553 quare
1297 3495 1567 3555 antequam
1596 3488 1716 3556 bap-
1823 3484 1928 3545 ris;
1983 3491 2157 3535 utrum
2189 3496 2249 3537 se
2292 3481 2514 3536 credere
2560 3481 2827 3536 fateantur
2882 3484 2931 3537 in
2992 3484 3156 3537 Deum
3186 3482 3403 3538 Patrem

189 3570 309 3624 tisma
332 3574 435 3641 quis
485 3584 849 3642 consequatur,
885 3576 1281 3630 catechumenus
1310 3577 1407 3645 fuit
1433 3594 1451 3639 ;
1482 3578 1557 3629 vel
1601 3577 1721 3641 quid
1823 3575 2263 3641 omnipotentem.
2306 3572 2371 3625 Et
2400 3587 2519 3627 cum
2551 3574 2663 3626 hac
2690 3574 2757 3625 ita
2788 3588 2907 3628 esse
2934 3573 3145 3627 illorum
3179 3589 3400 3642 respon-

190 3660 264 3712 sibi
294 3662 454 3717 habeat
496 3667 593 3718 hoc
638 3666 932 3718 vocabulum
972 3660 1069 3719 aut
1089 3666 1195 3719 Ιηῑό
1232 3666 1583 3729 catechizatio,
1633 3675 1721 3719 aut
1824 3665 1975 3719 sione
2024 3664 2293 3726 claruerit,
2341 3664 2464 3732 quia
2512 3666 2766 3732 scriptum
2819 3675 2899 3719 est
2936 3682 2950 3721 :
2994 3665 3156 3719 Corde
3183 3667 3404 3719 creditur

188 3766 268 3814 qua
286 3752 445 3823 regula
484 3756 533 3807 in
594 3754 765 3807 Veteri
812 3754 1130 3808 Testamento
1175 3757 1437 3823 pra'missa
1484 3758 1590 3819 sit;
1634 3766 1722 3809 aut
1832 3758 1899 3807 ad
1913 3758 2187 3827 justitiam,
2222 3772 2307 3809 ore
2334 3766 2503 3809 autem
2532 3758 2781 3827 confessio
2805 3758 2862 3825 ﬁt
2890 3759 2939 3810 in
2969 3759 3179 3811 salutem
3229 3758 3401 3827 (Rom.

190 3852 309 3905 certe,
326 3847 361 3897 si
384 3847 578 3900 novella
601 3848 774 3917 regula
804 3859 893 3910 est,
916 3858 960 3899 et
981 3849 1139 3915 magis
1166 3865 1197 3899 a
1224 3847 1368 3900 Novo
1403 3848 1724 3902 Testamento
1828 3862 1881 3907 κ,
1913 3847 1999 3914 10)
2026 3862 2039 3910 ;
2070 3856 2357 3914 tanguntur
2387 3848 2823 3902 sanetiticationis
2850 3849 2968 3901 oleo
3001 3862 3159 3901 aures
3197 3863 3400 3906 eorum.

189 3936 367 4002 sumpsit
400 3939 685 3990 exordium.
744 3936 913 3991 Simul
954 3937 1106 3990 etiam
1137 3939 1435 3991 scrutinium
1478 3940 1600 3999 qu’d
1636 3938 1721 3995 sit,
1831 3944 2125 4003 tanguntur
2154 3944 2208 3989 ct
2238 3949 2395 3989 nares
2422 3952 2436 3999 ;
2467 3938 2560 3990 scd
2584 3952 2743 3991 aures
2770 3936 2910 4001 idea,
2957 3937 3076 4002 quia
3107 3952 3200 4004 per
3226 3952 3315 3989 eas
3338 3938 3404 3989 ad

189 4032 259 4072 aut
280 4041 422 4091 quare
445 4030 592 4080 tertio
616 4038 732 4079 ante
752 4026 865 4079 Post
884 4028 948 4080 Ita
973 4029 1314 4080 scrutinentur
1344 4030 1564 4094 infantes
1593 4044 1611 4092 ,°
1638 4037 1724 4079 aut
1830 4025 2153 4077 intellectum
2198 4025 2325 4077 ﬁdes
2348 4025 2663 4091 ingreditur,
2697 4025 2951 4092 Apostolo
2979 4025 3187 4078 dicente
3217 4023 3407 4077 :Fides

190 4112 286 4173 quid
328 4114 415 4166 sibi
469 4117 577 4169 tunc
632 4116 880 4167 districtio
932 4117 1008 4169 vel
1064 4117 1350 4170 sollicitudo
1403 4116 1726 4169 scrutantinis
1830 4126 1993 4165 autem
2020 4130 2107 4183 per
2129 4114 2379 4177 auditum,
2410 4115 2617 4166 auditus
2647 4130 2763 4168 vero
2788 4114 3359 4182 perverbumDei(lbid
3389 4157 3405 4175 ,

191 4201 528 4264 tindicet,etc.
1836 4206 1920 4269 17)
1956 4215 2049 4266 ςιιι
2094 4204 2243 4272 quasi
2292 4202 2520 4271 quodam
2568 4203 3001 4257 sanctificationis
3054 4220 3207 4259 muro
3251 4221 3408 4259 aures

246 4289 318 4343 Ill.
354 4293 429 4346 Ad
461 4294 666 4348 inscita
691 4294 1008 4361 resiiondco.
1033 4293 1276 4348 Studium
1301 4306 1536 4348 vestrum
1571 4308 1727 4348 nosse
1832 4297 2122 4357 instructio,
2162 4294 2290 4347 nihil
2341 4294 2583 4360 noxium,
2642 4294 2769 4348 nihil
2802 4295 2942 4364 quod
2975 4304 3119 4349 retro
3158 4311 3408 4351 revocare

191 4383 510 4441 conﬁdimus:
538 4387 663 4456 quia
687 4402 842 4440 omne
882 4400 1048 4455 genus
1079 4384 1365 4439 humanum
1395 4386 1448 4439 in
1490 4385 1639 4453 ipsis,
1673 4394 1728 4439 ut
1836 4386 1999 4451 possit
2021 4385 2320 4437 admittant.

194 4472 247 4523 ita
281 4474 458 4543 dicam,
486 4477 671 4532 mundi
696 4476 971 4530 cunabulis
992 4476 1427 4545 praivaricatione
1461 4475 1613 4543 primi
1636 4476 1729 4528 ho-
1906 4476 1966 4528 V.
2007 4474 2137 4528 Cum
2168 4490 2295 4528 vero
2326 4480 2609 4541 tanguntur
2656 4488 2810 4527 nares
2848 4465 3064 4540 eorum,
3114 4475 3409 4529 admonen-

194 4562 324 4619 mittis
348 4568 394 4620 in
446 4578 622 4623 morte
666 4568 821 4621 fuerit
864 4568 983 4634 jure
1029 4566 1355 4634 collapsum;
1414 4580 1515 4620 nec
1564 4566 1632 4619 ab
1669 4581 1729 4619 ea
1762 4562 1807 4619 Ι)
1837 4576 1920 4620 ιιιι·
1946 4568 2063 4619 sine
2083 4566 2263 4629 dubio,
2297 4576 2353 4619 ut
2383 4564 2615 4631 quandiu
2645 4565 2888 4633 spiritum
2917 4565 3041 4619 vita:
3071 4565 3225 4633 hujus
3271 4568 3412 4618 nari-

196 4666 323 4715 t'ns-e
350 4658 551 4723 redimi,
587 4658 686 4709 nisi
707 4657 911 4709 aiTuerit
934 4657 1097 4725 gratia
1121 4655 1413 4710 Salvatoris
1442 4672 1457 4708 :
1486 4656 1575 4725 qui
1600 4654 1723 4709 dum
1831 4658 1929 4710 bus
1965 4657 2201 4720 trahunt,
2233 4657 2283 4708 in
2313 4655 2405 4709 Dei
2448 4655 2668 4709 servitio
2700 4655 3071 4724 mandatisque
3102 4655 3412 4723 perdurent.

192 4754 291 4797 ante
315 4750 497 4801 smcula
530 4748 743 4817 genitus
773 4760 917 4801 esset
970 4763 1031 4798 ex
1064 4744 1243 4815 Patre,
1275 4756 1491 4814 propter
1526 4760 1621 4798 nos
1662 4759 1726 4796 ex
1833 4746 1984 4802 Unde
2007 4746 2099 4801 ille
2145 4747 2223 4799 vir
2268 4755 2483 4799 sanctus
2513 4745 2728 4800 dicebat
2759 4762 2771 4798 :
2827 4745 2961 4798 Vivit
3012 4744 3281 4811 Dominus,
3325 4747 3413 4813 qui

192 4824 287 4886 sola
304 4849 459 4891 matre
490 4839 605 4891 ﬁeri
631 4853 733 4891 non
754 4847 835 4891 est
882 4837 1199 4906 dedignatus
1235 4838 1285 4889 in
1331 4848 1585 4904 tempore.
1617 4836 1729 4889 Non
1833 4838 2317 4908 abstuliljudicium
2340 4854 2523 4901 meum,
2550 4847 2598 4891 ct
2632 4838 2954 4906 omnipotens
2996 4838 3083 4906 qui
3110 4837 3177 4890 ad
3224 4839 3414 4890 amari-

190 4934 256 4975 est
282 4942 397 4996 ergo
422 4930 641 4981 duhiunt
673 4928 813 4997 quod
860 4930 1002 4996 prius
1025 4944 1159 4995 ,uatn
1201 4929 1392 4997 aliquis
1425 4936 1734 4981 renascatur
1840 4930 2065 4983 tudinem
2094 4928 2305 4981 adduxit
2335 4929 2561 4981 animam
2592 4944 2750 4980 meam
2780 4942 2800 4981 :
2828 4928 2945 4996 quia
2989 4928 3149 4980 donec
3192 4938 3415 4993 superest

193 5009 236 5061 in
256 5011 473 5078 Christo,
514 5017 790 5071 diabolica:
838 5018 1083 5084 potestati
1143 5027 1385 5070 teneatur
1436 5018 1684 5070 astrictus
1717 5032 1729 5067 :
1842 5021 2035 5073 halitus
2059 5021 2111 5073 in
2139 5036 2217 5071 me
2244 5031 2290 5072 et
2310 5020 2518 5088 spiritus
2551 5018 2645 5073 Dei
2689 5020 2739 5072 in
2771 5020 2977 5072 naribus
3008 5020 3152 5082 meis,
3194 5035 3291 5070 non
3339 5018 3415 5071 lo-

189 5104 316 5171 ctljus
345 5108 544 5176 laqueis
567 5109 664 5161 nisi
694 5108 832 5161 inter
872 5111 982 5175 ipsa
1008 5109 1250 5175 primitus
1278 5108 1397 5161 lidci
1438 5108 1733 5161 rudimenta
1841 5120 2060 5178 qucntur
2087 5108 2223 5161 labia
2245 5125 2354 5161 mea
2380 5109 2712 5175 iniquitatem,
2760 5124 2849 5160 nec
2889 5109 3066 5177 lingua
3112 5124 3222 5161 mea
3263 5109 3417 5161 medi~

193 5198 345 5251 veraci
377 5202 703 5268 professione
733 5202 1046 5254 renuntiatis
1096 5209 1338 5262 exuatur,
1385 5199 1451 5252 ad
1492 5199 1738 5253 salutaris
1846 5198 2039 5251 labitur
2060 5197 2379 5251 mendacium
2417 5198 2556 5267 (Job.
2582 5213 2745 5261 xxvii,
2780 5197 2918 5267 2-4).
2950 5197 3109 5251 Aliud
3137 5213 3344 5266 quoque
3366 5198 3417 5250 in

190 5281 357 5340 lavacri
409 5290 631 5356 gratiam
678 5306 783 5344 non
823 5288 1049 5343 act-edit.
1093 5290 1158 5343 lit
1202 5290 1321 5344 ideo
1362 5289 1499 5342 hunc
1533 5297 1741 5353 oportet
1850 5290 2057 5343 narium
2098 5291 2347 5343 unctione
2398 5289 2635 5357 signatur
2667 5304 2680 5341 :
2712 5296 2769 5340 ut
2816 5288 2937 5357 quia
2986 5288 3112 5341 illud
3162 5289 3335 5340 oleum
3368 5288 3418 5340 in

192 5378 317 5440 prius
331 5383 830 5435 mtechumcnorum
864 5381 1188 5434 auditorium
1215 5379 1455 5434 introire.
1484 5380 1740 5434 Cateche-
1850 5380 2065 5433 nomine
2094 5378 2433 5433 benedictum
2453 5387 2532 5430 est
2560 5376 2871 5439 Salvatoris,
2901 5376 2964 5430 ad
2994 5376 3283 5445 spiritalem
3304 5375 3419 5441 ejus

186 5467 251 5520 sis
276 5472 409 5523 enim
442 5471 626 5526 Grazce
650 5472 929 5526 instructio
952 5470 1165 5523 dicitur.
1200 5469 1483 5524 instruitur
1515 5485 1739 5538 namque
1845 5472 2066 5525 odorem
2097 5470 2325 5539 quadam
2363 5467 2616 5522 ineffabili
2642 5467 2924 5521 interiores
2950 5483 3139 5522 sensus
3159 5469 3419 5518 suavitate

189 5561 529 5615 ecclesiastico
557 5564 851 5616 ministerio
883 5577 978 5629 per
1010 5562 1434 5616 benedictionem
1465 5562 1740 5629 itupoueu-
1847 5563 2131 5619 ducantur,
2165 5569 2221 5611 ut
2252 5555 2494 5611 delectati
2525 5564 2741 5609 cantent
2772 5573 2785 5609 :
2833 5554 3155 5623 Unguentum
3206 5552 3420 5617 c/I'usum

191 5648 247 5697 tis
277 5666 503 5715 manum,
533 5653 862 5719 utinlelligat
891 5651 1009 5717 quis
1044 5652 1128 5716 sit,
1169 5652 1354 5717 quisve
1384 5651 1587 5705 futurus
1639 5654 1739 5713 sit;
1848 5662 1917 5701 est
1950 5666 2125 5701 nomen
2161 5658 2300 5699 tuum
2332 5663 2348 5710 ;
2408 5654 2516 5715 post
2573 5646 2778 5699 odorem
2821 5654 3187 5713 unguentorum
3220 5650 3420 5695 tuorum

191 5733 279 5789 hoc
298 5752 396 5802 est,
429 5742 550 5807 quia
588 5758 647 5795 ex
698 5740 982 5795 damnabili
1024 5748 1237 5795 sanctus
1286 5740 1394 5805 fiat,
1429 5757 1490 5794 cx
1546 5740 1743 5808 injusto
1848 5756 2107 5794 curramus
2142 5738 2311 5808 (fiant.
2341 5752 2377 5806 ι,
2406 5739 2461 5804 2,
2482 5735 2535 5806 3)
2565 5753 2576 5799 ;
2605 5750 2708 5806 quo
2733 5735 2983 5806 mysterio
3002 5746 3188 5788 sensus
3211 5733 3421 5789 narium
