4016 6168
588 356 593 363 ‘
609 370 713 424 tos

1948 370 2227 429 JOANNIS
2266 376 2535 435 DIACONI

3770 391 3857 446 401

610 481 974 549 ιπνηιιιηὶιυε,
1024 480 1149 535 nihil
1204 479 1575 549 νοιυβῖυοευῐῐι
1629 481 1833 547 5300"".
1870 482 2001 539 nihil
2048 486 2190 555 quod
2219 491 2267 549 Δ
2297 506 2501 563 mento,
2526 505 2582 552 ιιι
2608 498 2710 553 alia
2741 509 2962 559 taceam.
3000 500 3160 556 etiam
3216 501 3642 559 indumentorum
3693 506 3857 563 habitu

609 584 840 627 mentem
870 572 1139 626 resolvere
1167 580 1346 640 queat,
1375 571 1546 638 possit
1583 572 1891 628 admittere.

684 665 767 718 Vl.
812 664 1014 718 Dehinc
1040 671 1224 731 pectus
1254 676 1438 715 eorum
1477 662 1599 716 oleo
1626 665 2046 719 consecrationis
2076 681 2197 734 per-

610 757 850 825 ungitur,
889 756 940 807 in
980 769 1087 822 quo
1135 760 1217 807 est
1260 752 1416 806 sedes
1460 761 1514 807 et
1555 753 1914 808 habitaculum
1966 757 2145 810 cordis
2179 774 2191 809 :

607 860 661 900 ut
690 847 987 915 intelligant
1021 846 1167 899 ﬁrma
1213 860 1272 899 se
1301 846 1629 899 conscientia
1666 855 1719 900 et
1746 861 1882 915 puro
1911 848 2075 902 corde
2103 848 2195 902 de-

605 940 733 992 bere
783 938 1126 1005 promittere,
1166 934 1305 1004 quod
1351 935 1457 1002 jam
1506 935 1693 989 relicto
1730 936 1947 991 diabolo
1996 937 2192 992 Christi

607 1028 856 1082 mandata
884 1035 1173 1081 sectentur.
1216 1025 1281 1079 Hi
1311 1025 1473 1079 etiam
1525 1025 1686 1079 nudis
1729 1025 1955 1094 pedibus
2002 1027 2194 1096 juben-

606 1128 693 1172 tur
723 1117 995 1183 incedere,
1050 1125 1109 1170 ut
1150 1115 1409 1182 depositis
1454 1116 1761 1169 morticinis
1806 1125 1859 1170 et
1890 1118 2192 1173 carnalibus

606 1209 957 1278 indumentis,
1002 1216 1293 1277 agnoscant
1330 1221 1388 1261 se
1436 1206 1576 1260 illius
1634 1207 1731 1259 via:
1776 1206 1877 1261 iter
1918 1208 2190 1277 arripere,

606 1302 660 1355 in
692 1316 793 1370 qua
824 1298 959 1354 nihil
988 1312 1260 1367 asperum,
1291 1295 1423 1349 nihil
1450 1303 1623 1363 potest
1652 1295 1879 1351 inveniri
1921 1299 2187 1353 nocivum.

609 1392 734 1446 Haec
760 1390 921 1460 igitur
945 1387 1304 1445 ecclesiastica
1367 1385 1671 1441 sollicitudo
1701 1402 1796 1455 per
1823 1390 2190 1445 successiones

606 1496 904 1554 temporum
932 1490 1084 1536 cauta
1103 1481 1454 1551 dispositione
1476 1481 1755 1536 constituit
1780 1498 1795 1536 :
1819 1485 2066 1552 quamvis
2091 1485 2189 1538 ho-

606 1594 724 1633 rum
755 1575 972 1645 vestigia
996 1582 1149 1629 vetus
1174 1575 1360 1643 pagina
1390 1588 1494 1627 non
1525 1574 1791 1628 ostendat.
1816 1574 2047 1631 Proinde
2067 1591 2185 1631 cum

606 1670 724 1725 istis
752 1667 903 1738 quasi
922 1666 1187 1722 vehiculis
1212 1664 1545 1734 spiritalibus
1575 1663 1780 1717 electus
1806 1665 1919 1719 sive
1939 1666 2188 1719 catechu-

608 1775 796 1815 menus
826 1760 881 1813 in
912 1758 1015 1813 ﬁde
1042 1756 1385 1827 processerit,
1433 1764 1558 1810 tunc
1586 1764 1639 1809 et
1666 1769 1887 1810 necesse
1916 1767 1998 1810 est
2042 1757 2183 1812 unici

2300 586 2665 643 differebant:
2704 590 2772 643 ita
2830 598 2887 644 ut
2928 591 3232 647 sacerdotes
3282 601 3510 663 quatuor
3556 596 3856 664 quibusdam

2299 679 2537 747 mysticis
2569 680 2803 735 vestibus
2848 690 3123 736 uterentur
3150 698 3267 751 qua:
3298 684 3402 738 illis
3445 700 3565 739 cum
3623 686 3857 755 pontiﬁce

2297 770 2613 826 videbantur
2666 787 2787 827 esse
2841 766 3198 839 communes;
3248 784 3303 829 at
3352 776 3592 842 pontifex
3644 789 3857 846 quatuor

2297 860 2418 916 aliis
2447 862 2711 924 utebatur,
2736 863 2929 932 quibus
2955 862 3100 917 indui
3137 865 3501 920 sacerdotibus
3534 868 3744 934 penitus
3765 884 3853 922 non

2296 950 2507 1006 licebat.
2535 951 2793 1020 Adjicitur
2812 952 2973 1006 etiam
3004 953 3141 1021 quod
3170 953 3222 1007 in
3247 965 3426 1009 sancta
3462 970 3763 1010 sanctorum
3788 971 3856 1011 sc-

2296 1042 2398 1096 mel
2422 1042 2475 1095 in
2505 1056 2647 1097 anno
2669 1043 2815 1097 solus
2846 1041 3081 1112 pontifex
3128 1043 3358 1098 habebat
3393 1060 3684 1100 accessum.
3722 1048 3854 1102 Unde

2289 1130 2398 1197 jam
2427 1131 2478 1184 in
2508 1146 2645 1185 novo
2675 1133 2871 1201 populo
2900 1133 3178 1201 episcopus
3202 1134 3482 1188 ordinandi
3526 1136 3853 1206 presbyteros

2293 1221 2487 1275 meruit
2538 1231 2875 1290 potestatem.
2948 1223 3110 1280 Recte
3169 1224 3325 1293 igitur
3373 1224 3755 1281 benedictionis
3811 1238 3853 1281 et

2292 1313 2557 1369 unctionis
2619 1314 3014 1383 quodammodo
3089 1325 3323 1385 potestas
3396 1320 3687 1387 aposmlica
3745 1320 3853 1374 huic

2293 1405 2563 1460 traditioni
2618 1416 2883 1473 servatur,
2937 1423 3093 1477 quam
3136 1418 3343 1464 constat
3371 1411 3847 1468 ecclesiasticarum

2288 1497 2536 1551 ordinum
2568 1505 2749 1552 tenere
2776 1500 3111 1567 principium.

2360 1589 2491 1643 VIII.
2532 1588 2669 1643 Illud
2714 1605 2925 1660 quoque
2975 1605 3078 1645 non
3146 1593 3571 1658 praetereundum
3620 1594 3843 1660 videtur,

2290 1688 2312 1716 ο
2340 1680 2425 1748 qui
2462 1694 2559 1734 nec
2585 1680 2772 1734 eadem
2802 1680 3189 1736 benedictionis
3209 1682 3369 1736 verba
3399 1684 3716 1754 presbyterii
3742 1700 3849 1738 con-

2284 1769 2514 1825 secratio
2545 1780 2896 1839 promeretur,
2939 1787 3059 1842 quae
3087 1772 3407 1841 pontiﬁcalis
3427 1789 3558 1843 apex
3581 1778 3846 1831 consuevit

605 1852 801 1907 lavacri
850 1849 1170 1920 baptismate
1208 1848 1535 1913 consecrari,
1587 1848 1637 1901 in
1691 1862 1799 1916 quo
1850 1857 2183 1904 Sacramenta

2290 1860 2497 1916 audire.
2529 1861 2659 1915 Nam
2691 1862 2735 1915 si
2770 1862 2901 1916 nihil
2938 1863 3170 1932 speciale
3205 1874 3529 1919 reservatum
3568 1876 3714 1920 esset
3751 1869 3848 1934 epi-

604 1944 904 2014 baptizatus
926 1942 1061 1997 trina
1084 1928 1421 1996 demersione
1450 1940 1747 2009 perﬁcitur.
1773 1939 1835 1994 Et
1868 1949 2030 1996 recte.
2057 1941 2186 1996 Nam

603 2040 697 2107 qui
726 2038 779 2093 in
802 2038 1017 2091 nomine
1042 2034 1320 2090 Trinitatis
1369 2032 1721 2102 baptizandus
1746 2032 1972 2099 accedit,
2019 2034 2186 2103 ipsam

604 2133 788 2201 utique
816 2128 1129 2183 Trinitatem
1164 2126 1303 2181 tritta
1349 2125 1509 2179 debet
1547 2125 1818 2179 mersione
1859 2126 2088 2194 signare,
2136 2133 2189 2180 et

606 2224 748 2279 illius
768 2237 828 2278 se
857 2234 1149 2291 agnoscere
1172 2216 1445 2273 beneﬁciis
1467 2215 1763 2271 debitorem
1791 2217 1881 2283 qui
1906 2216 2059 2271 tertia
2093 2231 2188 2285 pro

604 2330 671 2372 eo
696 2315 783 2370 die
822 2311 1115 2367 resurrexit
1161 2325 1189 2362 a
1233 2309 1481 2363 mortuis.
1524 2306 1763 2375 Sumptis
1818 2306 2012 2362 dehinc
2051 2308 2186 2363 albis

603 2407 863 2469 vestibus,
894 2414 1049 2472 caput
1068 2402 1186 2470 ejus
1212 2402 1348 2455 sacri
1381 2399 1688 2453 chrismatis
1716 2402 1967 2455 unctione
1992 2416 2186 2469 perun-

602 2504 746 2570 g‘tur
780 2514 793 2562 ;
841 2508 897 2549 ut
946 2494 1202 2563 intelligat
1240 2492 1539 2561 baptizatus
1590 2507 1809 2562 regnum
1842 2493 1893 2547 in
1924 2508 1983 2549 se
2009 2509 2072 2549 ac
2101 2509 2187 2549 sa-

603 2588 873 2644 cerdotale
928 2587 1245 2640 ccttVt-nisse
1288 2584 1618 2654 mysterium.
1670 2583 1988 2641 Chrismatis
2044 2588 2183 2641 enim

604 2682 725 2735 oleo
755 2677 1061 2733 sacerdotes
1084 2685 1138 2731 et
1177 2678 1443 2743 principes
1466 2677 1830 2745 ungebanlur,
1864 2685 1921 2730 ut
1949 2678 2021 2732 illi
2051 2677 2185 2733 oﬁ‘e-

605 2771 771 2827 rendo
798 2768 1082 2833 sacriﬁcia,
1113 2767 1184 2821 illt
1248 2766 1455 2836 p0pulis
1498 2767 1844 2836 imperarent.
1891 2768 1971 2822 Ad
2000 2768 2215 2845 imagig

603 2878 725 2919 nem
764 2863 958 2932 quippe
988 2857 1271 2914 sacerdotii
1298 2857 1506 2928 plenius
1543 2858 1968 2927 exprimendam,
1999 2874 2183 2914 renas-

600 2955 772 3010 centis
799 2961 959 3019 caput
984 2950 1132 3005 lintei
1155 2949 1348 3005 decore
1368 2948 1726 3019 componitur.
1774 2949 1903 3003 Nam
1935 2950 2182 3005 sacerdo-

601 3057 681 3102 tes
719 3045 862 3101 illius
888 3043 1142 3113 temporis
1168 3040 1401 3111 quodam
1447 3042 1676 3111 mystico
1720 3040 1985 3095 velamine
2024 3050 2183 3108 caput

600 3151 813 3207 semper
836 3134 1101 3190 ornabant
1131 3148 1146 3196 ;
1178 3130 1355 3187 cuncti
1385 3145 1513 3186 vero
1544 3131 1840 3200 regenerati
1862 3130 2000 3185 albis
2021 3130 2179 3184 vesti-

2290 1965 2474 2020 scopo,
2503 1950 2698 2020 gradus
2730 1951 3040 2008 indifferens
3091 1967 3210 2009 esse
3236 1955 3546 2010 videbatur:
3608 1973 3707 2012 nec
3734 1974 3848 2025 opus

2289 2051 2433 2095 esset
2461 2041 2672 2097 diverso
2701 2043 2979 2108 vocabulo,
3009 2043 3149 2113 quod
3181 2045 3364 2099 eadem
3410 2045 3712 2100 benedictio
3738 2062 3848 2101 con-

2287 2144 2541 2188 secraret.
2592 2134 2695 2189 Sed
2742 2150 2840 2190 nec
2870 2136 2994 2190 illud
3045 2144 3224 2207 tangat
3258 2137 3534 2203 animum,
3596 2140 3735 2207 quod
3765 2142 3847 2193 sibi

2289 2224 2574 2294 aliquando
2625 2225 2871 2294 quaedam
2924 2225 3003 2280 vis
3050 2227 3385 2281 necessitatis
3413 2229 3653 2293 assumit,
3704 2231 3847 2283 veluti

2287 2316 2454 2386 (quod
2504 2332 2647 2371 nunc
2697 2331 2790 2386 per
2841 2316 3075 2373 Africam
3125 2318 3237 2373 ﬁcri
3285 2317 3498 2387 dicitur)
3550 2328 3609 2372 ut
3647 2321 3848 2390 presby-

2287 2408 2385 2460 teri
2416 2416 2655 2461 sanctum
2686 2407 2919 2462 chrisma
2962 2407 3252 2463 conﬁciant
3280 2425 3295 2463 :
3321 2410 3459 2477 quod
3502 2410 3696 2465 metito
3747 2427 3848 2464 mo-

2286 2506 2457 2563 veret,
2482 2498 2526 2552 si
2559 2498 2712 2552 istam
2762 2498 3079 2566 pontiﬁcalis
3125 2500 3414 2555 auctoritas
3458 2501 3728 2555 licentiam
3758 2518 3848 2557 non

2284 2588 2539 2646 dedisset.
2586 2590 2738 2645 Unde
2784 2600 2989 2646 constat
3037 2593 3194 2646 etiam
3267 2607 3406 2647 nunc
3452 2609 3479 2645 a
3527 2595 3848 2662 pontiﬁcibus

2285 2677 2684 2747 quodammodo
2716 2679 2828 2734 ﬁeri
2851 2724 2865 2747 ,
2892 2681 3030 2748 quod
3059 2681 3109 2734 in
3139 2690 3279 2735 tanta
3312 2697 3485 2736 rerum
3519 2686 3846 2748 necessitate,

2287 2776 2341 2819 ut
2372 2781 2400 2820 a
2432 2767 2761 2838 presbyteris
2785 2768 2927 2823 efﬁci
2968 2772 3157 2838 possit,
3207 2772 3451 2840 superior
3497 2773 3629 2828 ordo
3664 2776 3847 2829 consti-

2283 2860 2405 2913 tuit.

2355 2950 2444 3005 IX.
2488 2951 2619 3005 lllttd
2648 2951 2806 3007 etiam
2830 2953 2989 3009 vultis
3015 2954 3175 3021 scire,
3219 2970 3355 3021 quos
3387 2955 3622 3011 Ecclesia
3671 2958 3845 3012 catho-

2284 3043 2379 3097 lica
2412 3045 2699 3099 redeuntes
2740 3059 2845 3100 non
2903 3047 3131 3114 baptizet
3172 3046 3451 3101 hmreticos
3492 3048 3516 3100 7
3562 3047 3711 3113 Quod
3757 3064 3845 3117 ego

2283 3146 2378 3201 pro
2409 3149 2527 3187 meo
2558 3134 2775 3189 modulo
2804 3135 2948 3190 brevi
2979 3136 3327 3205 responsione
3344 3137 3657 3192 concludam
3684 3157 3696 3190 :
3730 3139 3843 3193 illos

598 3230 700 3281 lius
723 3205 1015 3280 induuntur
1057 3223 1124 3277 ad
1152 3222 1505 3277 ministerium
1534 3220 1858 3291 resurgentis
1901 3218 2173 3289 Ecclesite,
2204 3205 2249 3265 Ο
2282 3227 2556 3286 venientes
2584 3228 2836 3298 baptizari
2885 3242 3018 3299 quos
3068 3244 3170 3286 non
3213 3230 3513 3284 constiterit
3557 3232 3607 3285 in
3640 3233 3844 3286 nomine

598 3319 737 3373 sicut
776 3316 891 3386 ipse
939 3314 1194 3368 Dominus
1246 3320 1301 3367 et
1351 3313 1594 3369 Salvator
1637 3328 1815 3367 coram
1859 3314 2171 3382 quibusdam

600 3409 875 3478 discipulis
917 3422 980 3461 ac
1020 3406 1297 3476 prophetis
1352 3406 1421 3458 ita
1467 3406 1520 3459 in
1560 3413 1743 3460 monte
1771 3406 2176 3474 transﬁguratus

601 3512 703 3566 εει,
727 3510 783 3553 ιιι
803 3500 1071 3553 diceretur
1094 3515 1107 3549 :
1135 3497 1462 3563 Rerplenduit
1485 3497 1638 3566 facies
1666 3497 1775 3566 ejus
1799 3496 1931 3549 velut
1950 3496 2027 3549 so!
2054 3513 2073 3561 ;
2096 3513 2177 3549 ve-

601 3598 834 3648 stimen'a
854 3606 969 3644 vero
996 3592 1109 3660 ejus
1136 3590 1273 3658 facta
1300 3599 1415 3642 sunt
1435 3587 1655 3641 candida
1677 3589 1808 3641 sicut
1851 3589 1941 3641 nix
1962 3586 2174 3657 (Matth.

602 3700 707 3741 xvtt
728 3723 743 3750 ,
771 3683 852 3747 (Ξ).
885 3680 1001 3749 Quo
1042 3679 1181 3733 facto
1201 3676 1540 3748 splendorem
1571 3685 1627 3730 ut
1650 3675 1849 3730 dictum
1871 3684 1971 3743 est,
1997 3691 2178 3731 resur-

602 3773 778 3844 gentis
815 3773 866 3826 in
911 3772 1143 3825 futurum
1198 3766 1444 3837 ﬁguravit
1485 3766 1760 3830 Ecclesiae,
1799 3765 1867 3821 de
1894 3781 1998 3835 qua
2049 3768 2174 3821 item

604 3870 859 3935 scriptum
912 3872 994 3919 est
1028 3880 1039 3915 :
1079 3862 1207 3928 Qua:
1255 3870 1326 3913 est
1378 3861 1474 3914 ista
1515 3875 1628 3928 qua:
1672 3860 1898 3913 ascendit
1944 3860 2178 3914 dealbata

604 3962 781 4027 (Cant.
816 3976 905 4021 Ill,
946 3959 1010 4024 6;
1056 3973 1174 4020 vnt,
1221 3954 1321 4026 5)?
1372 3955 1600 4010 Utuntar
1643 3955 1801 4022 igitur
1844 3954 1979 4009 all:is
2020 3956 2180 4010 vesti-

605 4054 728 4117 bus,
758 4062 1059 4121 utquorum
1093 4046 1275 4117 ptima:
1324 4045 1614 4100 nativitatis
1661 4044 1931 4099 infantiam
1987 4046 2179 4101 vetusti

605 4144 804 4200 erroris
834 4155 1040 4212 pannus
1068 4141 1387 4201 fuscaverat,
1421 4137 1634 4191 habiius
1664 4137 1913 4192 secundae
1960 4153 2181 4207 genera-

606 4237 767 4291 tionis
797 4235 982 4304 gloria:
1005 4232 1243 4303 proferat
1287 4230 1655 4284 indumentum
1689 4271 1704 4295 ,
1737 4240 1794 4283 ut
1833 4228 1899 4282 ad
1942 4244 2178 4284 mensam

606 4329 788 4396 Sponsi
816 4326 1049 4383 caelestis
1079 4322 1300 4392 nuptiali
1328 4331 1474 4377 veste
1512 4320 1871 4375 circumdatus
1898 4319 2056 4373 homo
2081 4336 2179 4374 no-

606 4435 705 4474 vus
733 4425 998 4474 0c0ttrrat.

678 4508 789 4562 Vll.
832 4506 963 4561 lllud
989 4514 1163 4559 autem
1190 4518 1255 4557 ne
1283 4498 1695 4570 prmtermissum
1745 4498 2005 4562 videatur,
2056 4509 2179 4554 ante

604 4599 962 4669 prmdicimus,
994 4595 1134 4664 quod
1179 4595 1276 4647 ista
1319 4592 1494 4644 omnia
1542 4590 1700 4643 etiam
1750 4590 1979 4656 parvulis
2030 4589 2175 4653 ﬁant,

605 4691 695 4757 qui
727 4689 898 4742 adhuc
924 4700 1023 4754 pro
1050 4685 1215 4752 ipsius
1242 4682 1414 4735 aetatis
1461 4679 1752 4747 primordio
1799 4677 1930 4731 nihil
1980 4678 2179 4732 intelli-

605 4789 757 4847 gunt.
787 4777 936 4833 Unde
964 4776 1103 4830 scire
1132 4773 1358 4833 debetis,
1390 4771 1510 4839 quia
1541 4770 1664 4822 dum
1698 4784 1725 4821 a
1752 4769 2061 4837 parentibus
2091 4778 2183 4823 aut

606 4884 636 4921 a
659 4866 1120 4936 quibuslibetaliis
1146 4863 1460 4925 offeruntur,
1512 4859 1682 4912 aliena
1725 4872 1819 4911 cos
1850 4858 2181 4925 professione

606 4958 799 5012 salvari
824 4969 1043 5011 necesse
1071 4965 1173 5017 est,
1223 4953 1310 5020 qni
1359 4949 1567 5004 fuerant
1607 4948 1782 5003 alieno
1820 4962 2003 5002 errore
2031 4948 2181 5002 dam-

607 5052 738 5106 nati.
772 5052 850 5104 Ac
900 5046 1121 5116 proinde
1162 5043 1404 5113 adjungis
1452 5052 1509 5096 ut
1555 5041 1750 5109 dicam,
1805 5056 1902 5095 cur
1939 5050 2178 5095 sanctum

607 5141 839 5196 chrisma
868 5138 969 5191 soli
1003 5135 1233 5205 pontiﬁci
1288 5135 1441 5187 liceat
1468 5147 1805 5198 consecrare,
1857 5132 1995 5199 quod
2028 5146 2178 5202 pres-

607 5235 791 5302 bytero
817 5246 925 5285 non
947 5230 1152 5283 videtur
1181 5241 1302 5281 esse
1323 5241 1656 5281 concessum.
1687 5227 1751 5280 Et
1783 5226 1976 5279 merito
2003 5242 2016 5278 :
2057 5226 2179 5295 quia

606 5326 886 5393 ορίεοονιιε
916 5320 1111 5375 summi
1140 5320 1407 5390 pontiﬁcis
1447 5319 1669 5388 gradum
1710 5320 1934 5386 obtinet,
1960 5318 2183 5388 presby-

609 5430 689 5472 ter
715 5432 840 5471 vcro
870 5414 1087 5469 secundi
1118 5412 1397 5467 sacerdotii
1431 5413 1605 5466 locum
1638 5413 1871 5466 retinere
1896 5411 2181 5481 cognosci-

606 5519 712 5563 tur.
743 5506 927 5561 Omnis
948 5506 1090 5559 eoim
1129 5501 1363 5573 pontifex
1394 5510 1480 5556 est
1516 5502 1794 5567 sacerdos,
1847 5516 1951 5555 non
2010 5502 2183 5555 omnis

605 5598 854 5654 sacerdos
876 5596 1108 5667 pontifex
1139 5595 1242 5650 dici
1273 5603 1463 5663 potest.
1497 5594 1627 5649 Nam
1680 5594 1733 5649 in
1766 5593 1947 5649 Veteri
1994 5593 2179 5648 Testa-

681 5788 703 5813 ⁸
746 5779 1048 5847 Legendum
1080 5778 1283 5834 videtur
1336 5778 1472 5846 quia.

2278 3318 2557 3375 Trinitatis
2585 3336 2736 3391 teque
2762 3324 2969 3391 suscepi
3003 3338 3061 3377 se
3091 3320 3426 3393 mysterium.
3461 3320 3588 3379 Nam
3620 3326 3735 3380 sive
3762 3323 3845 3380 Pa.

2279 3416 2415 3463 trem
2441 3411 2614 3464 solum
2637 3413 2757 3481 quis
2807 3412 3140 3477 conﬁteatur,
3175 3429 3373 3482 negans
3402 3415 3588 3469 Filium
3639 3427 3693 3470 et
3734 3418 3842 3485 Spi-

2278 3501 2436 3556 ritum
2459 3515 2726 3571 sanctum,
2756 3505 3105 3574 baptizandus
3132 3508 3351 3559 omnino
3371 3515 3454 3561 est
3479 3524 3492 3572 ;
3525 3509 3633 3562 sive
3662 3508 3839 3561 Filium

2277 3594 2565 3661 conﬁtens,
2599 3609 2756 3664 neget
2786 3595 2997 3667 Patrem
3046 3597 3130 3651 vel
3163 3596 3420 3666 Spiritum
3449 3609 3706 3664 sanctum,
3732 3602 3841 3653 sine

2278 3684 2439 3739 dubio
2466 3688 2719 3757 consequi
2750 3687 2907 3741 debet
2929 3689 3260 3757 baptismatis
3310 3702 3694 3746 sacramentum
3720 3709 3733 3757 ;
3760 3693 3839 3745 vel

2279 3774 2325 3829 si
2370 3776 2623 3845 Spiritum
2653 3788 2893 3833 sanctum
2938 3780 3231 3850 denegans,
3275 3782 3483 3837 Patrem
3528 3782 3748 3838 fateatur
3782 3798 3840 3838 ac

2279 3867 2496 3935 Filium,
2530 3887 2702 3940 teque,
2732 3882 2789 3926 ttt
2812 3874 3172 3939 meminimus,
3196 3877 3420 3947 mystico
3438 3876 3581 3932 fonte
3611 3877 3839 3945 purgabi-

2282 3968 2387 4023 tur,
2414 3959 2559 4027 juxta
2594 3960 2736 4015 illam
2772 3962 2976 4016 Domini
3025 3965 3259 4031 regulam
3290 3965 3554 4020 dicentis:
3590 3966 3685 4031 Ite,
3724 3968 3840 4035 bap-

2282 4050 2431 4103 tizata
2452 4066 2623 4105 omnes
2648 4061 2821 4122 gentes
2843 4053 2894 4105 in
2919 4055 3120 4107 nomine
3139 4053 3335 4118 Patris,
3359 4065 3406 4108 et
3445 4054 3594 4120 Filii,
3640 4068 3687 4109 et
3726 4055 3839 4124 Spi-

2278 4140 2411 4193 ritus
2433 4142 2593 4193 sancti
2619 4140 2829 4211 (Matth.
2858 4158 3044 4210 xxvnt,
3072 4144 3184 4213 19).
3234 4145 3428 4199 Verum
3483 4146 3529 4199 si
3580 4145 3840 4199 Trinitatis

2281 4246 2474 4286 nomen
2497 4235 2719 4301 accepit,
2748 4232 3118 4303 inrequalitatis
3176 4236 3414 4304 quolibet
3466 4236 3625 4291 modo
3655 4237 3840 4290 faciens

2280 4325 2655 4390 differentiam,
2687 4326 2845 4380 veluti
2865 4326 2952 4394 qui
2971 4327 3058 4381 illo
3084 4328 3135 4381 in
3160 4337 3396 4395 tempore
3425 4328 3609 4382 Arium
3633 4338 3745 4382 sunt
3764 4341 3839 4380 se.

2281 4416 2412 4479 cuti,
2432 4415 2683 4483 baptizari
2707 4416 2923 4469 omnino
2947 4431 3051 4471 non
3075 4427 3329 4484 possunt:
3359 4418 3480 4486 quia
3512 4418 3654 4472 illam
3683 4416 3837 4470 domi-

2284 4505 2453 4558 nicam
2470 4506 2739 4560 consecuti
2761 4514 2884 4558 sunt
2904 4507 3160 4575 regulam,
3191 4508 3317 4561 licet
3346 4508 3622 4562 vidcantur
3648 4519 3835 4561 errare.

2288 4593 3125 4658 Undehujusmodidocendisunt
3147 4597 3320 4664 potius
3345 4612 3499 4665 quam
3524 4594 3833 4666 baptizandi,

2284 4692 2336 4736 et
2356 4683 2727 4751 incorporandi
2743 4684 2927 4737 matris
2941 4683 3195 4739 Ecclesia:
3214 4685 3508 4740 visceribus
3530 4683 3839 4740 benedictio-

2285 4789 2354 4828 ne
2382 4775 2699 4829 succedente
2734 4774 2995 4843 pontiﬁcis
3029 4792 3043 4827 :
3078 4785 3132 4828 ut
3161 4791 3258 4845 per
3282 4776 3557 4830 caritatem
3584 4791 3681 4845 qua
3701 4774 3839 4842 .Deus

2285 4866 2661 4934 proximusque
2697 4880 2823 4919 vere
2866 4865 3134 4935 diligitur,
3165 4866 3289 4935 quid
3322 4867 3493 4921 minus
3536 4864 3804 4919 habuerint
3825 4903 3839 4927 ,

2285 4956 2477 5025 quidve
2502 4957 2553 5010 itt
2582 4957 2660 5010 eis
2680 4956 2998 5025 completum
3024 4957 3201 5019 fuerit,
3227 4967 3629 5027 recognoscant.
3662 4959 3722 5011 De
3744 4956 3843 5010 Pe-

2281 5046 2506 5115 lagianis
2529 5055 2704 5099 autem
2728 5086 2742 5111 ,
2773 5046 3117 5117 Eutychianis
3159 5048 3270 5102 sive
3301 5048 3627 5102 Nestorianis
3670 5054 3844 5113 aperta

2284 5146 2341 5191 et
2372 5137 2581 5205 vulgata
2627 5146 2750 5190 sunt
2794 5137 2993 5202 omnia,
3038 5153 3156 5206 quae
3198 5137 3250 5191 in
3282 5137 3418 5191 libro
3463 5138 3529 5192 de
3558 5134 3844 5192 literesihus

2285 5241 2406 5281 cum
2444 5227 2699 5296 tegeritis,
2734 5228 2941 5297 plenius
2972 5229 3211 5297 poteritis
3237 5228 3536 5284 advertere.

2357 5317 2425 5372 Χ.
2459 5318 2706 5388 Acolythi
2729 5333 2904 5371 autem
2932 5320 3212 5373 exorcistis
3252 5318 3349 5372 hoc
3376 5318 3562 5373 ordine
3585 5315 3845 5377 dific-runt,

2288 5408 2428 5476 quod
2452 5409 2738 5461 exorcistis
2769 5408 3010 5476 portandi
3038 5418 3390 5472 sacramenta,
3420 5423 3587 5474 eaque
3610 5401 3847 5460 sacerdo-

2290 5499 2429 5552 tibus
2475 5497 2811 5551 ministrandi
2866 5506 3053 5566 negata
3112 5507 3347 5567 potestas
3386 5507 3503 5561 est;
3548 5503 3847 5559 tantumque

2293 5606 2479 5646 manus
2510 5590 2835 5660 itnpositioni
2876 5600 3107 5657 vacent,
3142 5600 3357 5661 propter
3401 5589 3537 5659 quod
3577 5583 3849 5642 exorristas
