4016 6168
243 385 340 439 1115
1389 372 1715 428 EPISTULA

1774 372 1864 425 AD
1912 371 2281 425 SENARIUM.

3395 367 3495 417 41νῖ

238 499 502 557 dicuntur;
533 491 613 545 vel
641 500 831 546 cetera
863 504 979 557 quae
1006 489 1139 540 intra
1164 486 1530 555 acolythorum
1562 484 1802 537 ordinem
1835 488 1879 541 Α
1909 483 2194 537 decantare
2226 502 2237 535 :
2284 483 2469 557 Quam
2498 480 2666 535 dulcia
2699 483 2930 551 {auribus
2974 481 3096 534 meis
3142 479 3343 542 eloqui-1
3388 486 3497 538 tua,

238 603 350 640 csse
379 585 692 653 probantur.
733 582 951 649 explere
983 580 1254 633 festinent.
1290 576 1535 645 Acolythi
1569 590 1697 628 vero
1728 590 1810 627 sa-

236 687 621 733 cramentorum
648 672 905 740 portanda
935 685 1055 721 vasa
1087 668 1402 736 suscipiunt,
1428 675 1484 720 et
1503 665 1810 718 ministran-

236 770 284 821 di
312 764 679 820 sacerdotibus
717 761 956 813 ordinem
1004 769 1218 828 gerunt.
1270 757 1499 824 Ideoque
1542 754 1806 808 exoreista

238 859 350 913 ﬁeri
381 865 557 926 potest
580 853 891 923 acolythus;
936 852 1034 903 iste
1066 865 1191 902 vero
1222 848 1285 901 ad
1317 848 1705 901 exorcistarum
1732 846 1801 896 of-

239 951 413 1004 licium
460 948 600 1001 nulla
652 946 860 1012 penitus
908 942 1238 1011 promotione
1277 937 1591 999 descendit;
1635 937 1723 1003 qui
1765 937 1809 988 si

238 1041 436 1109 optime
463 1052 617 1091 suntm
649 1035 881 1089 officium
927 1030 1379 1091 tninistravcrint,
1418 1027 1482 1080 ad
1525 1026 1810 1080 subdit-co-

238 1139 390 1185 natus
433 1130 652 1199 gradum
702 1132 947 1194 poterunt
996 1123 1307 1191 pervenire:
1341 1120 1495 1187 cujus
1542 1118 1627 1172 hic
1670 1116 1808 1180 apud

240 1237 330 1276 nos
357 1221 493 1274 ordo
533 1228 634 1281 est,
676 1227 729 1269 ut
770 1224 990 1283 accepto
1018 1212 1382 1266 sacratissimo
1424 1210 1592 1265 calice
1624 1209 1674 1262 iu
1708 1224 1812 1275 quo

236 1311 513 1365 censuevit
541 1307 772 1377 pontifex
807 1305 1058 1360 dominici
1091 1301 1367 1371 sanguinis
1394 1300 1669 1353 immolare
1697 1314 1813 1367 my-

235 1403 474 1464 sterium,
500 1397 979 1466 subdiaconusjatn
1005 1396 1236 1449 dicatur.
1261 1394 1359 1457 Qui
1384 1392 1424 1445 si
1454 1406 1639 1446 rursus
1664 1393 1811 1444 nu‘lo

237 1496 474 1547 luscatus
513 1492 643 1545 vitio
688 1487 1022 1557 inculpabilis
1078 1497 1412 1555 perseverat,
1462 1484 1525 1537 ad
1582 1484 1809 1539 diacouii

237 1587 313 1638 vc-l
339 1582 659 1655 presbyterii
708 1579 1093 1636 sacratissimas
1136 1577 1419 1646 dignitates
1460 1577 1655 1645 poterit
1692 1590 1812 1644 per-

239 1680 439 1731 Vt‘n'l‘t'.

306 1768 395 1822 XI.
435 1765 587 1833 Quod
628 1765 695 1818 de
724 1774 925 1833 septem
971 1760 1227 1814 altaribus
1282 1758 1574 1827 inquisisti,
1607 1773 1723 1827 qum
1758 1758 1807 1810 in

1917 576 2161 639 Domine,
2190 592 2347 645 super
2382 577 2481 628 mel
2510 586 2552 627 et
2578 577 2745 643 favum
2771 573 2943 642 (Psal.
2965 588 3123 627 cxvut
3146 613 3157 635 ,
3177 572 3312 633 105;
3342 584 3497 629 xvm,

1920 668 2032 737 11).
2062 668 2164 721 Lac
2187 683 2317 735 ergo
2348 676 2399 719 et
2441 667 2541 719 mel
2574 675 2600 702 ιι
2636 675 2911 734 portantur
2938 664 3058 715 novi
3106 661 3349 714 homines
3380 669 3498 727 post

1916 774 2095 812 amara
2122 759 2346 813 delicta:
2380 768 2435 811 ut
2463 758 2551 826 qui
2600 759 2648 810 in
2695 757 2861 825 prima
2894 754 3170 807 nativitate
3198 752 3494 818 corruptio-

1914 849 1998 903 nis
2030 850 2165 903 Iacte
2212 850 2393 903 nutriti
2425 858 2566 910 sunt,
2604 859 2654 903 et
2700 846 3066 900 amaritudinis
3118 844 3380 911 lacrymas
3416 843 3495 894 iu-

1914 942 2195 1003 choarunt,
2227 939 2459 992 secunda
2492 938 2836 1004 generatione
2866 935 3015 988 laetis
3045 948 3107 986 ac
3150 931 3321 986 mellis
3370 930 3489 983 dulo

1914 1031 2154 1086 cedinem
2204 1031 2255 1083 in
2304 1029 2556 1083 Ecclesia
2608 1028 2902 1083 visceribus
2946 1032 3178 1084 sumant,
3214 1032 3269 1073 ut
3309 1020 3490 1074 nutriti

1915 1121 2106 1175 talibus
2152 1122 2501 1175 sarramentis
2530 1122 2783 1188 incorrup
2809 1117 2945 1172 iouis
2989 1124 3257 1185 perpetua:
3286 1121 3488 1181 myste—

1914 1212 2007 1265 riis
2036 1220 2383 1265 consecrentu

1986 1304 2124 1359 XIII.
2170 1304 2300 1357 Illud
2346 1304 2503 1357 etiam
2536 1302 2674 1371 quod
2730 1301 3060 1368 interrogare
3097 1298 3344 1366 dignatus
3388 1309 3446 1348 es
3475 1336 3489 1359 ,

1913 1414 2008 1451 cur
2037 1397 2258 1451 Alleluia
2284 1410 2453 1464 usque
2475 1396 2540 1447 ad
2573 1396 2924 1448 Pentecosten
2957 1394 3007 1445 in
3036 1391 3270 1445 Ecclesia
3294 1389 3493 1442 decan-

1916 1499 2073 1554 tatur,
2108 1490 2245 1542 seire
2277 1503 2370 1541 vos
2401 1488 2650 1541 convenit
2679 1487 2781 1540 alia
2812 1500 2931 1539 esse
2961 1485 3012 1537 in
3060 1483 3162 1536 fide
3191 1481 3446 1537 catholica
3471 1525 3484 1545 ,

1912 1580 2105 1648 quibus
2134 1593 2227 1647 per
2255 1587 2418 1632 totum
2450 1577 2702 1631 mundum
2730 1575 2902 1629 omnis
2930 1573 3263 1627 Christianus
3293 1573 3489 1623 astrin-

1912 1676 2071 1743 gitur,
2130 1674 2291 1728 veluti
2346 1682 2428 1726 est
2474 1673 2761 1726 auctoritas
2800 1670 2933 1724 Novi
2978 1682 3041 1722 ac
3068 1666 3274 1721 Veteris
3304 1665 3488 1735 Testa-

1913 1769 2113 1831 menti;
2155 1767 2256 1819 alia
2284 1780 2467 1820 ru'sus
2498 1780 2618 1820 esze
2661 1763 2901 1817 instituta
2947 1762 3184 1822 Patrum,
3236 1774 3263 1811 a
3296 1757 3489 1825 quibus

241 1862 366 1914 urbe
392 1859 561 1911 Roma
586 1855 806 1910 sabbato
826 1853 1043 1907 Paschm
1068 1852 1233 1905 moris
1258 1859 1340 1904 est
1358 1850 1680 1913 consecrari.
1712 1849 1811 1902 hoc
1846 1833 1889 1892 Β
1918 1859 2041 1912 nulli
2065 1858 2188 1911 licet
2214 1857 2481 1910 catholico
2502 1856 2738 1914 deviare,
2771 1853 2933 1907 veluti
2983 1851 3181 1904 Nicmni
3229 1864 3482 1905 rationes.

235 1952 379 2013 dico,
415 1950 540 2019 quia
572 1947 806 2015 majores
839 1942 1027 2012 nostri,
1062 1942 1173 1995 sive
1200 1943 1253 1994 in
1281 1940 1604 2009 septifnrmis
1633 1940 1815 2009 gratiae

234 2043 431 2109 Spiritu
455 2036 791 2094 decreverint
810 2034 1124 2097 iaciendum,
1150 2032 1260 2087 sive
1284 2032 1401 2100 quia
1421 2039 1621 2097 septem
1644 2030 1813 2096 regio-

236 2132 388 2184 nibus
417 2128 778 2183 ecclesiastica
818 2122 953 2192 apud
984 2138 1079 2176 nos
1117 2122 1301 2176 militia
1331 2120 1635 2174 continetur
1661 2134 1687 2172 a
1713 2135 1813 2188 qua

236 2222 348 2275 ha‘c
377 2220 493 2288 ipsa
520 2228 773 2287 parantur
797 2214 1004 2277 altaria,
1032 2224 1082 2267 ut
1117 2212 1338 2281 singulis
1360 2211 1663 2265 benedicuo
1688 2227 1816 2278 pne-

234 2321 510 2367 staretur:
542 2325 610 2362 au
637 2308 753 2377 quia
806 2306 1141 2375 septenarius
1190 2304 1307 2372 ipse
1340 2320 1593 2358 numerus
1634 2304 1814 2374 mysu-

232 2420 322 2459 cus
347 2414 404 2458 et
434 2411 675 2456 sacratus
698 2410 797 2459 est.
828 2400 948 2469 quia
982 2399 1032 2452 in
1079 2398 1359 2452 Trinitatis
1407 2399 1621 2452 nomine
1672 2399 1816 2453 orbis

232 2495 397 2549 credit
428 2492 729 2552 universus,
758 2491 845 2560 qui
890 2500 1117 2557 quatuor
1150 2488 1388 2554 partibus
1425 2488 1491 2541 ab
1539 2488 1813 2551 Scriptura

232 2600 372 2655 smpe
402 2583 760 2643 describitur;
804 2596 865 2635 ac
896 2595 989 2648 per
1020 2579 1119 2633 hoc
1167 2578 1435 2633 tertiarius
1475 2580 1816 2648 qnaternario

233 2678 446 2744 junctus
475 2674 836 2739 septenarium
868 2671 1081 2735 efficiat,
1114 2671 1203 2737 qui
1235 2673 1383 2740 quasi
1430 2671 1569 2725 inter
1600 2672 1684 2725 illa
1730 2687 1817 2726 8t-

235 2782 318 2820 cra
364 2762 626 2819 terribilia
680 2765 840 2817 totius
887 2762 1067 2816 mundi
1119 2770 1465 2830 reprazsentat
1497 2764 1815 2831 imaginem;

235 2874 296 2909 au
323 2857 431 2909 alia
457 2855 681 2923 quadam
728 2854 932 2907 ratione
977 2854 1324 2907 constitutum
1366 2854 1455 2915 sit,
1506 2866 1653 2909 certe
1691 2854 1815 2908 mihi

238 2948 465 3002 habetur
495 2945 839 3015 incognitum.
880 2944 1005 2998 Illud
1036 2955 1213 2999 tamen
1244 2946 1393 3000 firma
1438 2957 1616 3001 mente
1640 2958 1820 3002 eusto-

236 3039 340 3102 dio,
373 3040 519 3108 quod
561 3053 665 3091 non
694 3053 723 3091 a
772 3036 1062 3105 majoribus
1094 3038 1282 3091 tradita
1313 3038 1610 3093 custodiret
1641 3040 1819 3096 Eccle-

237 3134 333 3195 sia,
367 3131 471 3184 nisi
503 3138 648 3183 certa
674 3128 755 3182 sui
785 3129 917 3181 ratio
940 3129 1288 3197 p0po~cisset.
1316 3129 1423 3183 Nec
1451 3145 1511 3185 ea
1537 3146 1819 3199 possumus

1918 1961 1967 2005 et
2018 1951 2060 2003 si
2105 1949 2229 2017 quid
2282 1947 2579 2013 hujusmodi
2621 1955 2734 2005 est;
2797 1947 3032 2012 itemque
3078 1942 3179 1995 alia
3224 1956 3343 1994 esse
3371 1956 3490 2007 qua:

1919 2057 2248 2110 unaqumque
2308 2040 2541 2093 Ecclesia
2594 2046 2839 2107 tanquam
2892 2036 3101 2103 propria
3135 2033 3348 2095 retinet,
3379 2042 3425 2085 et
3462 2046 3491 2084 a

1916 2136 2028 2189 Suis
2061 2131 2348 2202 majoribus
2379 2130 2570 2184 tradita
2618 2129 2715 2183 sibi
2749 2126 2999 2190 custodit,
3032 2140 3148 2193 qua:
3193 2123 3336 2177 salva
3390 2121 3492 2174 fide

1918 2240 1969 2284 et
2004 2243 2131 2294 pace
2161 2226 2421 2280 catholica
2454 2240 2573 2276 cum
2606 2222 2823 2277 alterius
2850 2220 3082 2289 regionis
3113 2234 3216 2270 non
3241 2217 3492 2270 observat

1922 2319 2185 2381 Ecclesia,
2216 2326 2273 2371 ut
2300 2327 2378 2371 est
2411 2315 2673 2377 Romana,
2706 2329 2822 2380 quce
2853 2310 3087 2366 sabbatis
3125 2309 3372 2363 omnibus
3412 2308 3493 2373 je-

1914 2409 2088 2477 junat,
2121 2409 2261 2477 quod
2292 2407 2579 2463 Orientalis
2616 2406 2790 2460 facere
2827 2420 2932 2459 non
2960 2403 3205 2465 videtur;
3238 2400 3320 2455 vel
3353 2400 3491 2467 quod

1922 2503 2007 2557 hic
2045 2511 2247 2569 septem
2289 2500 2476 2554 altaria
2523 2507 2911 2568 componuntur
2937 2538 2951 2562 ,
2996 2495 3134 2563 quod
3165 2493 3285 2547 alibi
3320 2492 3492 2545 nullus

1919 2600 2177 2655 attentat;
2205 2600 2259 2645 et
2295 2604 2481 2644 rursus
2512 2589 2639 2642 fiant
2677 2588 2779 2641 alia
2807 2588 2954 2651 alibi,
2987 2601 3102 2652 qua:
3128 2584 3212 2639 hic
3243 2582 3353 2636 fieri
3389 2596 3493 2633 nnn

1920 2683 2234 2751 probantur.
2266 2679 2389 2734 Ilmc
2417 2688 2592 2733 autem
2620 2678 2798 2732 omnia
2847 2678 2916 2731 ita
2961 2675 3189 2729 diversis
3241 2671 3493 2727 Ecclesiis

1919 2773 2133 2827 diverso
2158 2770 2317 2824 modo
2360 2768 2524 2827 fiunt:
2563 2778 2617 2822 ut
2670 2777 2843 2822 tamen
2887 2780 3074 2820 omnes
3121 2765 3263 2822 illius
3294 2762 3491 2831 reginae

1919 2871 2122 2917 vestem
2158 2861 2351 2914 faciant
2395 2860 2461 2913 de
2492 2874 2589 2926 qua
2637 2860 2835 2911 dictum
2880 2867 2963 2912 est
2996 2875 3005 2908 :
3044 2856 3215 2908 Astitit
3261 2854 3437 2923 regina
3465 2868 3493 2903 a

1921 2952 2112 3006 dextris
2141 2952 2244 3004 tuis
2291 2950 2343 3002 in
2372 2951 2545 3001 vestitu
2598 2949 2845 3001 deaurato
2878 2988 2892 3009 ,
2925 2945 3303 2999 circumamicta
3334 2945 3493 2994 varie-

1921 3049 2022 3094 tate
2049 3039 2220 3107 (Psal.
2248 3054 2390 3103 xuv,
2426 3037 2535 3104 10).
2564 3036 2701 3090 Nihil
2744 3051 2870 3105 ergo
2900 3042 3130 3099 moveat,
3162 3048 3281 3086 cum
3310 3031 3495 3086 viden—

1926 3141 2008 3185 tur
2043 3131 2128 3184 hic
2178 3130 2348 3198 aliqua
2376 3131 2428 3181 in
2463 3130 2551 3183 Dei
2580 3128 2822 3181 laudibus
2882 3127 3017 3189 ﬁeri,
3074 3139 3192 3194 qua}
3216 3124 3339 3177 alibi
3390 3124 3493 3177 alio

237 3224 415 3277 dicere
448 3223 624 3275 inania
657 3219 823 3274 videri
871 3235 932 3274 ac
960 3220 1169 3285 frivola,
1216 3222 1337 3290 quia
1368 3236 1551 3276 eorum
1599 3222 1818 3279 minime
1844 3197 1889 3257 (ἶ
1922 3222 2082 3277 modo
2119 3220 2230 3275 fieri
2268 3220 2704 3287 comprobantur.
2746 3220 2868 3274 Sive
2894 3217 3035 3273 enim
3068 3232 3233 3286 usque
3260 3216 3323 3268 ad
3359 3216 3494 3269 Pen-

241 3316 505 3368 rationem
534 3312 859 3380 accepimus.
893 3310 1021 3365 Nam
1070 3312 1231 3365 multa
1274 3313 1363 3382 qui
1428 3314 1667 3382 proxime
1696 3324 1819 3368 ante

242 3419 334 3457 nos
360 3404 598 3465 fuerunt,
622 3412 675 3455 et
707 3415 825 3457 nos.
857 3410 908 3454 ut
956 3402 1113 3454 nobis
1155 3400 1290 3454 ratio
1322 3376 1621 3469 persuadet,
1655 3404 1706 3456 in
1732 3418 1822 3458 cc-

240 3496 417 3548 clesiis
449 3492 690 3563 quaedam
738 3506 870 3544 nova
920 3493 1219 3545 sancimus:
1250 3507 1366 3561 qua:
1398 3492 1522 3546 dum
1552 3494 1616 3546 ad
1647 3503 1821 3560 postc-

250 3599 335 3637 ros
360 3582 770 3636 transmittimns
797 3580 1151 3644 observanda,
1180 3582 1385 3637 etiamsi
1420 3599 1517 3651 qua
1542 3583 1590 3636 id
1616 3584 1823 3639 ratione

245 3688 270 3726 a
303 3674 460 3727 nobis
488 3672 686 3725 factum
719 3672 805 3729 sit.
835 3672 988 3739 longe
1018 3672 1282 3741 posterior
1304 3681 1431 3726 artas
1456 3675 1681 3741 ignoret,
1718 3690 1821 3729 non

247 3764 453 3831 putabit
480 3772 657 3817 tamen
686 3761 880 3828 inania,
908 3762 949 3815 si
974 3762 1025 3815 in
1051 3762 1217 3816 Deum
1251 3762 1388 3829 piam
1412 3762 1821 3829 pr:rcedentium

245 3855 512 3923 intelligat
557 3853 903 3905 voluntatem.
963 3851 1073 3905 IIoc
1143 3867 1271 3921 ergo
1316 3852 1472 3905 modo
1525 3854 1681 3907 etiam
1726 3867 1824 3907 nos

250 3945 489 4014 quod....
520 3943 779 4009 majorum
810 3941 942 3994 ratio
969 3941 1084 4010 ipsa
1114 3956 1220 3995 non
1245 3944 1388 3995 venit
1414 3961 1424 3994 :
1456 3958 1575 3996 nam
1598 3958 1821 4012 quorum

246 4037 514 4106 pervenit,
532 4045 586 4090 et
610 4038 719 4104 ipsa
738 4042 982 4088 tenentur
1003 4043 1056 4087 et
1080 4049 1193 4099 res;
1213 4049 1437 4103 quorum
1460 4044 1636 4088 autem
1664 4049 1823 4089 causa

248 4130 395 4194 late“,
429 4137 486 4183 et
514 4141 601 4182 res
629 4126 747 4180 Iidei
799 4139 900 4179 non
940 4125 1192 4189 resultat,
1224 4124 1498 4179 observari
1549 4140 1612 4178 ac
1654 4125 1825 4180 teucri

251 4235 477 4276 necesse
503 4228 605 4273 est.

321 4314 436 4367 XII.
476 4310 628 4377 Quod
660 4319 835 4365 autem
878 4310 1162 4379 quesistis,
1196 4323 1290 4361 cur
1317 4308 1367 4362 in
1396 4308 1818 4363 sacratissimum

251 4406 473 4459 calicem
502 4405 584 4458 lac
611 4406 853 4457 mittatur
874 4411 925 4456 et
954 4402 1077 4467 mel,
1114 4412 1165 4456 et
1196 4401 1411 4455 Pascha:
1452 4402 1676 4457 sabbato
1706 4417 1826 4455 cum

254 4496 530 4549 sacrificiis
554 4494 843 4549 offeratur?
875 4493 1005 4547 Illud
1031 4494 1081 4546 in
1112 4508 1269 4547 causa
1293 4504 1397 4559 est,
1419 4494 1538 4561 quia
1571 4496 1825 4563 scriptum

1925 3321 2161 3367 tecosten
2193 3312 2417 3367 Alleluia
2440 3319 2705 3374 cantetur,
2738 3309 2877 3378 quod
2907 3309 3042 3376 apud
3075 3323 3171 3362 nos
3220 3307 3337 3361 fieri
3387 3322 3497 3361 ma-

1924 3407 2174 3462 nifestum
2204 3417 2315 3471 est;
2365 3408 2478 3461 sive
2530 3406 2654 3459 alibi
2710 3414 2821 3459 toto
2859 3420 2999 3458 anno
3023 3404 3261 3467 dicatur;
3315 3401 3497 3455 Iaudes

1928 3498 2019 3553 Dei
2046 3506 2224 3551 cantat
2255 3496 2506 3551 Ecclesia.
2532 3495 2636 3551 Sed
2665 3505 2973 3550 reservatur
2995 3494 3191 3563 aliquid
3229 3494 3365 3563 apud
3399 3508 3496 3546 nos

1928 3590 2161 3660 paschali
2212 3590 2545 3654 reverentim,
2581 3598 2637 3644 ut
2676 3590 2962 3658 majoribus
3009 3590 3235 3658 gaudiis,
3268 3599 3321 3643 et
3349 3590 3497 3658 quasi

1927 3683 2192 3738 mentibus
2220 3682 2487 3737 innovatis
2516 3681 2579 3735 ad
2604 3682 2811 3735 laudem
2844 3682 2935 3736 Dei
2963 3690 3202 3735 recurrat
3235 3680 3493 3743 affectus;

1928 3784 2142 3844 propter
2168 3772 2310 3842 quod
2341 3773 2593 3838 Alleluia,
2629 3772 2815 3826 Latino
2841 3787 3089 3826 sermone
3126 3772 3356 3825 Laudate
3386 3770 3497 3822 Do-

1928 3882 2123 3921 minum
2150 3865 2361 3919 dicitur.
2392 3864 2699 3932 Quanquam
2742 3874 2793 3916 et
2825 3864 2945 3917 aliis
2978 3863 3151 3917 verbis
3184 3862 3232 3915 id
3261 3861 3498 3930 quotidie

1930 3956 2245 4026 populorum
2275 3970 2374 4009 vox
2424 3956 2715 4009 dicentium
2762 3962 2978 4007 resonet
3012 3972 3022 4003 :
3057 3951 3292 4005 Laudare
3328 3950 3499 4003 Domi-

1929 4063 2049 4100 num
2080 4047 2142 4100 de
2169 4045 2305 4099 cwlis
2324 4085 2337 4109 ,
2370 4044 2578 4097 laudate
2602 4060 2715 4097 eum
2742 4043 2793 4095 in
2821 4041 3030 4095 excelsis
3063 4039 3231 4110 (Psal.
3263 4054 3456 4092 ομνια
3481 4082 3495 4103 ,

1932 4138 2008 4205 1).
2034 4138 2268 4204 Itemque
2302 4154 2314 4188 :
2349 4135 2581 4189 Laudate
2613 4133 2921 4197 Dominum,
2971 4147 3142 4187 omnes
3190 4132 3357 4200 angeli
3393 4134 3498 4199 ejus

1932 4230 2091 4301 (Ibid.
2120 4270 2135 4294 ,
2164 4229 2242 4299 2).
2275 4230 2337 4283 Et
2358 4229 2547 4282 iterum
2578 4244 2591 4284 :
2624 4226 2852 4279 Lautlate
2887 4223 3159 4276 Dominum
3188 4238 3357 4276 omnes
3379 4238 3499 4295 gen—

1931 4333 2002 4378 tes
2043 4322 2213 4393 (Psal.
2238 4338 2390 4383 cxvr,
2447 4319 2523 4388 1).
2555 4318 2777 4383 Semper
2802 4331 2930 4385 ergo
2958 4330 3077 4369 cum
3112 4315 3248 4369 Deus
3286 4330 3501 4383 quoquo

1932 4413 2091 4467 modo
2122 4412 2261 4467 ﬁdeli
2290 4410 2450 4466 corde
2479 4410 2745 4475 laudatur,
2781 4407 2998 4461 Alleluia
3028 4416 3287 4460 cantatur.

2006 4504 2142 4558 XIV.
2187 4504 2370 4556 Restat
2402 4516 2542 4555 nunc
2568 4500 2693 4555 illud
2721 4499 2858 4568 quod
2888 4495 3315 4565 interrogandum
3347 4504 3501 4563 puta-

256 4596 337 4642 rst
366 4588 418 4641 in
449 4586 630 4642 Veteri
672 4586 1012 4640 Testamento
1043 4594 1096 4639 et
1125 4600 1265 4647 novo
1302 4585 1498 4653 populo
1546 4562 1819 4654 figuraliter

1939 4596 2037 4650 stis
2071 4613 2083 4647 :
2114 4594 2168 4649 Si
2200 4594 2502 4662 baptizatus
2541 4593 2658 4646 sine
2696 4590 3002 4645 chrismatis
3031 4588 3282 4641 unctione
3312 4601 3375 4641 ac
3416 4587 3503 4640 bc-

255 4679 637 4747 repromissum
667 4696 679 4729 :
716 4676 1043 4729 Introdttcam
1075 4693 1159 4729 vos
1190 4677 1239 4727 in
1268 4686 1455 4729 terram
1476 4678 1833 4746 repromissio-

258 4775 370 4837 m‘s,
397 4778 584 4823 terram
611 4770 848 4837 ﬂuentem
880 4766 956 4819 lae
977 4776 1023 4818 et
1053 4767 1151 4820 mel
1178 4766 1362 4837 (Leuit.
1396 4782 1461 4819 xx
1481 4808 1494 4832 ,
1528 4766 1641 4835 24).
1666 4767 1830 4821 Terra

259 4877 385 4931 ergo
414 4858 848 4929 repromissionis
898 4868 1034 4911 terra
1083 4867 1166 4911 est
1204 4858 1612 4912 resurrectionis
1636 4898 1652 4923 ,
1683 4867 1737 4913 ct
1778 4858 1829 4911 in

260 4958 346 5010 illa
389 4956 639 5009 felicitate
684 4968 895 5021 semper
942 4952 1345 5019 permanentis,
1394 4966 1514 5019 qum
1568 4950 1695 5004 nihil
1751 4960 1835 5005 est

258 5047 400 5099 aliud
431 5060 589 5115 quam
638 5053 778 5098 terra
826 5043 1063 5110 corporis
1103 5041 1302 5106 nostri,
1347 5056 1466 5109 qua:
1498 5040 1548 5093 in
1582 5054 1828 5094 resurre-

261 5139 436 5190 ctione
488 5144 814 5190 mortuorum
870 5132 1283 5201 incorntptiouis
1326 5131 1576 5200 pacisque
1610 5130 1832 5201 gloriam

263 5233 636 5294 consequetur.
668 5224 955 5292 Baptizatis
984 5236 1111 5291 ergo
1162 5221 1262 5274 hoc
1302 5222 1619 5275 sacramenti
1668 5236 1836 5290 genus

261 5315 501 5380 ol'l‘ertur,
534 5324 591 5369 ut
613 5312 1047 5381 intelligantquia
1071 5326 1175 5364 nou
1205 5310 1324 5375 alii,
1350 5312 1442 5366 sed
1474 5311 1572 5379 ipsi
1604 5312 1689 5381 qui
1717 5327 1839 5382 par-

265 5406 450 5473 ticipes
480 5406 611 5458 fiunt
660 5404 898 5472 corporis
925 5413 979 5458 et
1026 5402 1297 5471 sanguinis
1350 5402 1589 5465 Domini,
1639 5412 1836 5458 terram

264 5495 695 5563 repromissionis
731 5494 1008 5561 accipient,
1042 5493 1193 5560 cujus
1219 5492 1319 5547 iter
1342 5492 1686 5560 inchoantes,
1723 5502 1837 5547 tan-

263 5601 425 5655 quam
448 5584 649 5654 parvuli
681 5584 814 5639 lactc
860 5583 1162 5637 nutriuntur
1189 5592 1241 5640 ct
1288 5584 1465 5649 melle,
1500 5592 1553 5637 ut
1579 5582 1833 5652 incipiant

345 5794 373 5821 ⁸
401 5785 477 5838 An
505 5785 778 5853 putantur?

1942 4684 2245 4739 nedictione
2273 4681 2536 4749 pontificis
2564 4696 2623 4733 ex
2670 4678 2769 4732 hac
2808 4679 2909 4731 vita
2960 4676 3296 4745 migraverit,
3329 4685 3503 4728 utrum

1940 4778 1986 4832 ei
2018 4775 2154 4829 obsit
2186 4774 2406 4842 aliquid,
2449 4787 2516 4825 an
2562 4770 2701 4824 non?
2750 4770 2822 4823 De
2850 4784 2952 4837 qua
2997 4783 3053 4822 re
3083 4768 3246 4837 magis
3276 4782 3303 4819 a
3336 4767 3506 4820 doctis

1938 4868 2148 4937 plenius
2201 4866 2389 4921 audire
2436 4864 2661 4928 vellem,
2712 4877 2867 4931 quam
2908 4862 3021 4927 ipse
3068 4858 3262 4928 aliquid
3306 4857 3505 4915 dicere.

1939 4958 2075 5025 Quid
2109 4968 2285 5012 tamen
2318 4956 2445 5009 mihi
2475 4955 2734 5015 videatur,
2784 4953 2926 5005 salva
2957 4950 3177 5006 meliore
3206 4949 3507 5017 intelligcm

1940 5050 2006 5101 tia
2040 5060 2093 5102 et
2140 5047 2403 5115 majorum
2456 5045 2609 5113 plena
2654 5043 2947 5105 srntcntia,
2990 5042 3128 5111 quod
3159 5041 3212 5096 in
3264 5043 3509 5095 omnibus

1938 5137 2258 5206 supradictis
2307 5138 2430 5191 volo
2476 5146 2693 5198 tenere;
2728 5136 2849 5205 quia
2906 5135 2974 5187 ita
3022 5141 3214 5188 vestra:
3253 5132 3510 5186 voluntati

1938 5243 2125 5295 parere
2157 5226 2371 5291 studui,
2412 5234 2470 5279 ut
2520 5234 2699 5279 tamen
2731 5225 2797 5277 de
2848 5222 3093 5277 omnibus
3142 5222 3265 5290 quid
3321 5222 3509 5275 melius

1940 5317 2102 5386 (quod
2148 5331 2252 5370 non
2279 5314 2484 5384 dubito)
2512 5329 2539 5367 a
2571 5312 2860 5382 majoribus
2887 5312 3082 5365 dictum
3113 5318 3212 5373 est,
3238 5310 3339 5363 hoc
3372 5320 3509 5365 utcn

1940 5422 2043 5474 que
2086 5420 2379 5460 servemus.
2412 5403 2547 5469 Quid
2594 5416 2720 5469 ergo
2756 5402 2995 5455 videatur
3045 5400 3277 5456 breviter
3314 5399 3509 5453 dicam.

1942 5494 2177 5548 Ducatur
2201 5508 2331 5559 ergo
2360 5489 2652 5545 similitudo
2681 5488 2748 5541 ab
2792 5490 2890 5543 hac
2922 5490 3088 5557 prima
3139 5487 3412 5541 nativitate
3460 5488 3510 5541 iu

1940 5598 2039 5652 qua
2073 5582 2173 5636 orti
2204 5597 2405 5643 sumus
2444 5590 2493 5631 ut
2530 5578 2887 5648 intelligzuuus
2928 5580 3073 5634 illam
3122 5575 3409 5631 secundum
3444 5592 3512 5633 ett
