4024 6176
531 372 633 430 407

1855 373 2092 428 SANCTI
2136 374 2451 431 FAUSTINI

3668 381 3758 438 408

531 507 631 559 qua
661 506 782 546 vero
809 492 1039 547 vivimus
1067 502 1119 547 et
1148 494 1197 546 in
1237 507 1336 561 qua
1383 491 1656 561 jnstiticati
1710 507 1916 546 sumus.
1969 493 2101 546 Cum
2130 506 2178 562 Α
2207 493 2444 562 grandis,
2479 493 2563 548 hic
2595 509 2805 561 parvus;
2839 511 2955 562 qum
2982 503 3101 546 sunt
3134 493 3756 560 a'cidentiumvocabula,

2213 599 2315 637 non
2366 593 2589 638 naturm.
2641 586 2694 638 Si
2731 599 2859 654 ergo
2887 585 3132 638 accidant
3173 585 3476 653 adjumenta
3502 585 3565 637 ad
3605 589 3758 640 tetatis

2211 686 2543 742 provectum,
2575 676 2813 745 nunquid
2853 675 3116 744 adjectum
3144 686 3226 728 est
3259 675 3459 740 aliquid
3487 675 3758 730 deﬁnitioni

2209 764 2556 818 substantiae?
2584 767 2773 819 Misit:
2809 770 2928 833 quia
2957 780 3060 818 noa
3090 764 3392 818 extenditur
3421 773 3510 818 aut
3531 766 3758 818 minuitur

2207 863 2409 907 natura:
2449 853 2883 922 proprietas......
2915 853 3109 908 Catera
3141 857 3342 908 desunt.

533 592 685 638 natus
726 583 883 637 fuerit
929 584 1122 651 inl'aus,
1165 595 1218 639 et
1265 585 1397 638 lueis
1430 583 1588 650 hujus
1641 582 2100 651 participationem

528 674 835 741 contigerit,
871 675 1160 741 perlectum
1188 675 1454 727 hominem
1485 682 1664 725 natum
1696 686 1815 726 esse
1850 673 2098 738 dicimus,

526 772 579 814 et
606 771 688 817 est
711 761 948 830 ejusdem
993 763 1305 816 substantiae
1332 761 1486 830 cujus
1514 770 1594 816 est
1627 761 1716 814 ille
1759 762 1846 830 qui
1874 763 2097 831 genuit,

528 852 629 907 hoc
671 863 748 908 est
774 893 790 919 ,
823 853 1018 906 animal
1067 853 1322 907 rationale
1368 853 1631 910 mortale:
1664 866 1969 921 quanquam
2013 853 2100 906 ille

577 999 643 1006 ψ--
663 998 682 1004 -
2207 994 2986 1005 ._____..._.__._____

532 992 3744 1047 Μ

1707 1155 2004 1198 EXEUNTE
2049 1153 2302 1197 δεουιο
2345 1153 2603 1204 QUINTO.

801 1292 3553 1600 SANCTUSjéUSTINUS.

1157 1705 1705 1793 EDMONDI
1779 1701 2342 1784 MARTENE
2419 1697 3112 1781 ADMONITIO.

584 1989 710 2053 Quis
756 1989 907 2058 fuerit
955 1988 1040 2041 ille
1089 1987 1149 2041 S.
1186 1985 1466 2040 Itaustinus
1517 1986 1726 2038 necdum
1779 1996 1915 2037 certo
1966 1987 2094 2040 scire
2123 1988 2171 2048 B
2197 1983 2488 2054 episcopus,
2520 1986 2666 2054 cujus
2700 1983 2961 2037 homiliam
2991 1985 3247 2038 dominica
3287 1997 3407 2037 ante
3445 1984 3760 2055 quadragesi-

511 2080 638 2134 ηιξ]ιὶ
661 2078 822 2132 licuit.
861 2077 1107 2148 Equidem
1135 2077 1330 2147 reperio
1359 2075 1497 2142 apud
1523 2073 1846 2128 Gennadium
1868 2075 1998 2128 libro
2026 2075 2088 2129 de

510 2171 808 2225 lllustribus
840 2169 1084 2224 Ecclesia
1112 2167 1457 2238 Scriptoribus
1499 2165 1805 2220 Faustinum
1833 2167 2089 2237 presbyte-

509 2279 644 2326 rum,
685 2263 770 2332 qui
819 2261 1020 2331 scripsit
1066 2261 1134 2314 ad
1176 2275 1442 2328 personam
1475 2257 1736 2312 Flaccillrc
1766 2261 1950 2328 reginae
1993 2259 2089 2311 ad-

509 2369 707 2407 uersum
737 2353 954 2405 Arianos
985 2362 1031 2404 et
1066 2349 1461 2404 Macedonianos
1492 2349 1647 2401 libros
1674 2358 1898 2416 septem,
1923 2351 2086 2402 editos

510 2445 564 2498 in
593 2443 902 2497 Bibliotheca
935 2441 1187 2505 Patrum;
1237 2452 1280 2494 et
1309 2443 1523 2493 alterum
1573 2441 1757 2493 librant
1802 2457 1947 2509 quem
1983 2441 2089 2495 Va-

512 2532 789 2585 lentiniano
822 2544 867 2586 et
909 2531 1188 2585 Theodosio
1235 2542 1280 2584 et
1311 2532 1533 2584 Arcadio
1559 2531 1947 2599 imperatoribus
1991 2550 2086 2602 pro

510 2619 802 2688 defensione
831 2636 1042 2674 suorum
1074 2636 1188 2673 cum
1235 2619 1536 2674 Marcellino
1566 2621 1854 2690 presbytero
1885 2622 2082 2676 obtulit.

517 2707 702 2762 Verum
731 2709 813 2761 hic
838 2707 1120 2763 Faustinus
1167 2727 1264 2763 non
1296 2711 1392 2780 fuit
1423 2721 1642 2776 sanctus,
1692 2711 1793 2765 imo
1823 2712 2084 2765 schismati

511 2797 833 2868 Luciferiano
881 2810 1050 2871 aperte
1079 2803 1351 2854 consensit.
1409 2800 1530 2856 Fuit
1567 2812 1611 2856 et
1641 2802 1772 2855 alter
1807 2802 2084 2858 Faustinus

2195 2093 2332 2130 mam
2361 2075 2556 2129 Λὶηεασ
2587 2074 2897 2129 Parisiensis
2917 2075 2970 2129 in
3002 2075 3128 2129 libro
3151 2077 3390 2130 adversus
3415 2075 3620 2130 (ἔνατος
3647 2075 3758 2142 Spi-

2194 2167 2361 2236 cilegii
2404 2177 2526 2219 tant.
2559 2164 2670 2230 VII,
2707 2182 2827 2235 pag.
2859 2167 2950 2230 86,
2981 2168 3103 2220 citat
3129 2181 3148 2219 .'
3174 2182 3326 2229 quam
3355 2166 3618 2219 homiliam
3646 2167 3756 2218 ἔπιες

2192 2272 2338 2325 grant
2387 2257 2573 2325 reperit
2633 2264 2805 2308 noster
2845 2256 3088 2309 Acherius
3138 2258 3190 2309 in
3243 2258 3594 2327 manuscrith
3642 2253 3755 2309 Cor-

2192 2347 2401 2412 beiensi,
2451 2363 2667 2416 eumque
2717 2349 2951 2401 eumdem
2979 2365 3088 2403 esse
3129 2365 3242 2401 cum
3271 2347 3465 2402 Fausto
3504 2349 3757 2419 Rhegiensi

2192 2439 2448 2510 episcOpo,
2502 2439 2784 2492 arbitratur
2832 2457 2893 2494 ex
2939 2442 3231 2511 conjectura
3284 2451 3504 2495 tantum.
3539 2441 3612 2493 An
3655 2454 3756 2492 rere

2187 2530 2320 2583 idem
2361 2531 2513 2594 fuerit
2545 2546 2656 2582 cum
2689 2529 2942 2585 Faustino
2989 2533 3242 2602 sequentis
3282 2531 3510 2586 homilia:
3550 2541 3756 2594 auctore,

2187 2639 2278 2676 nec
2310 2624 2588 2692 afﬁrmare,
2645 2641 2734 2678 nec
2787 2642 2974 2693 negare
3019 2626 3204 2680 audeo.
3251 2625 3614 2698 Cujuscunque
3656 2636 3754 2679 tan-

2187 2714 2302 2765 dem
2330 2711 2421 2764 illa
2444 2712 2528 2776 sit,
2555 2727 2674 2765 sane
2698 2713 3034 2775 antiquissimi
3055 2716 3278 2767 auctoris
3307 2731 3414 2768 esse
3447 2725 3592 2768 extra
3611 2715 3758 2768 aleam

2185 2814 2285 2859 est.

517 2937 3732 2973 _.._____._____________________________________________

1432 3062 1994 3169 SANCTI
2118 3065 2842 3171 FAUSTINI

1823 3257 1829 3264 ’
1898 3270 2401 3355 HOMILIA

1198 3449 1395 3556 DE
1479 3446 2308 3559 PASSIONE
2400 3447 3085 3560 DOMINI.

1384 3642 1582 3712 (Edidit
1605 3643 1845 3699 Martcne
1873 3643 1954 3697 E1
1982 3659 2084 3699 ms.
2112 3642 2171 3698 S.
2202 3642 2357 3696 lllidii
2386 3641 2886 3715 Claromonlensis.)

577 3910 839 3967 Beneﬁcia
872 3910 964 3966 Dei
1004 3909 1170 3965 nostri
1201 3924 1319 3964 cum
1353 3924 1538 3980 magna
1577 3924 1638 3964 ac
1669 3910 1892 3964 miriﬁca
1938 3911 2074 3978 sint,
2109 3915 2154 3977 C
2188 3927 2315 3968 sona
2347 3913 2471 3967 dum
2503 3928 2567 3967 ex
2599 3913 2728 3966 Adae
2758 3913 2914 3981 primi
2966 3911 3197 3967 hominis
3226 3922 3371 3968 costa
3420 3921 3595 3968 mater
3639 3928 3756 3968 cun~

505 4015 684 4058 tamen
715 4015 815 4055 nec
845 4014 983 4054 nova
1022 3999 1318 4070 probantur
1346 4013 1466 4054 esse
1509 4014 1609 4054 nec
1639 4001 1846 4066 subita;
1889 4003 1980 4056 sed
2011 4001 2080 4056 ab

505 4094 656 4150 initio
673 4094 877 4161 smculi,
907 4100 960 4148 et
989 4093 1239 4162 praedicta
1258 4093 1506 4159 oraculis,
1533 4102 1586 4147 et
1616 4095 1947 4163 praeﬁgurata
1967 4110 2080 4166 my-

502 4184 702 4240 steriis.
735 4184 949 4240 Sacram
991 4183 1201 4238 Domini
1245 4184 1543 4252 passionem
1583 4184 1649 4238 ab
1680 4184 1848 4252 ipsius
1896 4185 2077 4239 mundi

502 4274 856 4330 coalescentis
910 4274 1145 4328 exordiis
1188 4273 1394 4328 Veteris
1448 4273 1772 4329 Testamenti
1825 4291 2079 4344 responsa

504 4365 830 4428 cecinerunt,
874 4373 928 4418 ct
957 4365 1076 4419 ideo
1101 4362 1368 4420 Christum
1417 4364 1698 4418 Dominum
1731 4366 2076 4434 praedicatum

503 4466 661 4526 atque
698 4457 996 4512 nuntiatum
1024 4456 1220 4511 Iudaeis
1247 4465 1430 4526 aperte
1457 4473 1519 4511 es
1553 4458 1785 4526 ipsorum
1832 4459 1984 4513 libris
2024 4467 2078 4514 et

503 4549 861 4604 Voluminibus
899 4547 1213 4612 asserimus,
1255 4548 1442 4601 validis
1468 4548 1668 4617 absque
1703 4549 1864 4603 dubio
1893 4550 2078 4604 nititur

504 4641 814 4710 privilegiis,
832 4639 921 4708 qui
939 4653 1151 4693 causam
1179 4640 1246 4693 de
1277 4647 1303 4675 ει
1325 4640 1642 4695 adversariis
1668 4642 1856 4697 asserit
1880 4643 2077 4696 instru-

505 4732 720 4788 mentis.
745 4731 998 4799 Speciosa
1023 4729 1241 4786 victoria
1267 4739 1348 4784 est
1363 4731 1683 4797 contrariam
1703 4740 1907 4800 partem
1924 4733 2078 4787 char-

506 4824 633 4879 tulis
658 4824 770 4878 suis
791 4824 937 4878 velut
963 4822 1190 4891 propriis
1215 4822 1416 4892 laqueis
1439 4821 1647 4876 irretire
1670 4831 1722 4876 et
1746 4823 2073 4877 testimonio-

506 4930 625 4970 rum
652 4929 870 4970 suorum
887 4914 1106 4968 vocibus
1131 4914 1405 4970 confutare
1425 4923 1478 4968 et
1499 4915 1747 4968 a-mulum
1771 4913 1797 4952 ι)
1824 4915 1941 4969 telis
1965 4919 2075 4970 suis

507 5005 864 5071 cvincere,ut
884 5004 1187 5074 pugnatoris
1219 5004 1292 5056 tui
1315 5013 1627 5072 argumenta
1659 5003 1762 5057 tuis
1785 5004 2077 5072 probentur

508 5105 531 5132 ε
569 5094 882 5150 utilitatibus
925 5094 1175 5149 militare.
1221 5094 1401 5163 itaque
1432 5093 1483 5148 in
1517 5093 1726 5148 Domini
1761 5086 1927 5150 nostri
1960 5111 2080 5163 pcr-

576 5284 600 5311 ιι
627 5272 715 5328 Sic
745 5271 1002 5340 prmelare
1023 5271 1348 5340 Augustinus
1373 5268 1424 5323 in
1449 5270 1583 5336 psal.
1615 5285 1678 5340 tit.
1711 5287 1722 5322 :
1761 5269 2077 5340 Proferimus
2104 5273 2159 5334 D

503 5345 699 5400 codices
720 5337 1037 5402 Iudteorum,
1071 5337 1246 5405 nempe
1265 5337 1434 5393 Judaei
1450 5339 1639 5392 inimici
1662 5341 1824 5393 nostri
1840 5337 1975 5394 sunt.
2007 5340 2079 5394 De

501 5414 690 5468 chartis
719 5410 907 5465 inimici
937 5410 1249 5463 convincitur
1277 5411 1613 5463 adversarius.

570 5482 598 5522 δ
619 5483 708 5539 Sic
733 5484 920 5537 iterum
943 5481 999 5532 S.
1029 5482 1350 5548 Augustinus
1372 5489 1526 5534 tract.
1553 5480 1806 5534 adversus
1823 5479 2070 5533 Jndteos:

503 5554 583 5607 De
620 5552 806 5607 sanctis
843 5549 1144 5617 Scripturis,
1197 5567 1414 5619 quarunt
1445 5561 1490 5604 et
1533 5552 1670 5616 apud
1723 5552 1860 5619 ipsos
1891 5566 2079 5620 magna

504 5622 714 5677 habetur
761 5621 1052 5683 auctoritas,
1101 5621 1344 5672 sumenda
1372 5631 1486 5672 sunt
1515 5623 1826 5685 testimonia,
1859 5637 2073 5688 quorum

503 5692 593 5744 etsi
621 5692 782 5745 nolint
807 5691 973 5745 oblata
989 5689 1201 5743 utilitate
1225 5689 1414 5755 sanari,
1442 5701 1620 5758 aperta
1653 5692 1844 5759 possj'nt
1867 5691 2075 5744 veritate

504 5776 748 5814 σοηυειιςι.

2187 4019 2393 4061 olorum
2441 4005 2730 4060 viventium
2767 4007 2876 4060 Eva
2925 4004 3254 4074 producitur,
3302 4020 3367 4059 ex
3421 4004 3583 4073 lmjus
3615 4018 3760 4058 saevo

2186 4098 2352 4153 latere
2377 4113 2439 4154 ac
2477 4099 2692 4152 salutari
2726 4097 2948 4152 vulnere
2977 4095 3214 4150 Ecclesia
3253 4095 3491 4150 omnium
3525 4096 3757 4150 ﬁdelium

2189 4207 2383 4261 parens
2413 4188 2708 4259 reparanda
2737 4198 3084 4243 monstratur.
3117 4187 3173 4241 In
3211 4187 3327 4255 ejus
3357 4194 3484 4257 typo
3507 4187 3642 4240 Abel
3675 4185 3758 4254 ju-

2189 4294 2302 4337 sms
2333 4281 2611 4344 occiditur,
2637 4289 2687 4332 et
2715 4280 2970 4334 innocens
3000 4278 3232 4332 fraterna
3256 4286 3509 4347 tanquam
3537 4278 3753 4332 Judaica

2190 4371 2460 4440 impietate
2483 4380 2760 4424 mactatur.
2793 4369 2888 4423 llic
2927 4368 3064 4423 idem
3094 4367 3350 4422 Dominus
3377 4367 3428 4420 in
3471 4367 3756 4420 novissima

2185 4459 2364 4514 mundi
2407 4459 2736 4514 senescentis
2778 4467 2934 4513 aetate
2964 4472 3058 4526 per
3084 4456 3302 4522 figuram
3351 4457 3492 4511 beati
3532 4455 3757 4510 Abrahm

2185 4551 2411 4620 longaevi
2453 4550 2617 4619 patris
2647 4550 2886 4603 offertur.
2918 4548 3033 4614 Quo
3065 4556 3305 4614 tempore
3340 4546 3463 4600 dum
3508 4560 3652 4600 novo
3679 4559 3757 4597 sa-

2185 4643 2388 4697 erilicio
2415 4642 2466 4696 in
2494 4643 2633 4696 unici
2664 4643 2741 4696 sui
2763 4641 3002 4712 jugulum
3029 4641 3142 4710 pius
3171 4639 3432 4710 parricida
3460 4636 3757 4706 consurgit,

2182 4749 2247 4788 ex
2280 4733 2567 4804 improviso
2589 4734 2726 4787 aries
2746 4732 2914 4786 oculis
2937 4731 3052 4800 ejus
3074 4731 3338 4800 apparuit,
3364 4731 3499 4782 sicut
3524 4731 3758 4798 loquitur

2179 4839 2359 4879 sermo
2403 4823 2656 4878 divinus:
2694 4823 2759 4876 Et
2804 4823 2928 4877 vidit
2959 4821 3215 4875 Abraham
3247 4821 3453 4873 arietem
3498 4821 3634 4873 inter
3682 4834 3760 4870 re-

2185 4931 2296 4985 pres
2326 4916 2600 4969 lucrentem
2625 4914 2856 4967 cornibus
2880 4912 3030 4983 (Gen.
3057 4927 3182 4976 χχιι,
3212 4912 3320 4979 l3).
3355 4911 3500 4964 Inter
3540 4923 3758 4978 vepres,

2187 5005 2396 5074 inquit;
2427 5006 2760 5074 requiramus
2786 5020 2904 5075 qua:
2951 5007 3020 5060 sit
3068 5005 3166 5058 ista
3210 5005 3439 5067 novitas,
3497 5001 3548 5054 id
3580 5013 3666 5055 est
3711 5003 3762 5054 in

2189 5095 2527 5151 multitudine
2569 5094 3026 5150 circumstantium
3081 5101 3436 5164 peccatorum,
3467 5090 3761 5145 haerentem

2257 5283 2278 5310 ο
2312 5272 2447 5326 Hinc
2495 5281 2581 5340 est
2605 5272 2746 5340 quod
2806 5271 2944 5326 idem
3003 5269 3060 5324 S.
3088 5269 3274 5340 doctor
3301 5267 3352 5320 in
3405 5267 3601 5340 psalm.
3635 5285 3720 5324 Lvt
3752 5290 3762 5321 :

2180 5339 2373 5400 Iudici.
2419 5339 2608 5410 inquit,
2659 5342 2851 5395 librarii
2899 5341 3056 5393 nostri
3086 5339 3205 5409 facti
3251 5347 3389 5390 sunt.
3420 5339 3482 5390 Et
3526 5339 3593 5410 in
3626 5345 3764 5408 psa'.

2182 5428 2285 5466 XL:
2317 5408 2748 5466 Nobis—serviunt
2791 5411 2988 5475 Judaii,
3044 5421 3284 5477 tanquam
3338 5408 3554 5477 capsarii
3603 5414 3764 5462 nostri

2179 5483 2306 5550 facti
2334 5492 2468 5543 sunt,
2493 5482 2810 5537 studentibus
2839 5482 2980 5534 nobis
3000 5481 3198 5533 codices
3219 5487 3441 5550 portant.
3460 5478 3532 5550 lit
3561 5477 3664 5532 lib.
3694 5494 3763 5532 xu

2180 5547 2368 5604 contra
2411 5551 2616 5617 Faust.,
2652 5567 2700 5607 c.
2739 5553 2808 5604 25
2840 5568 2853 5605 :
2891 5550 3027 5616 Quid
3058 5558 3130 5602 est
3179 5547 3322 5599 aliud
3368 5548 3618 5614 hodieque
3647 5563 3769 5616 gens

2178 5621 2310 5689 ipsa,
2359 5623 2454 5674 nisi
2478 5621 2710 5691 quaedam
2741 5621 3009 5675 scriniaria
3057 5618 3490 5691 Christianorum,
3525 5619 3770 5691 baiulgus

2182 5686 2338 5758 legem
2389 5701 2436 5744 et
2478 5686 2751 5761 pmphetas
2807 5693 2873 5745 ad
2920 5687 3261 5744 testimonium
3311 5688 3610 5742 assertiOnis
3666 5686 3762 5740 Ec-

2174 5764 2361 5817 clcsitr.
