4016 6168
238 432 328 488 309
1277 422 1548 478 llOMILlA
1592 419 1678 472 DE
1723 420 2046 475 PASSlONlC
2090 421 2337 474 DOlllNl.

1946 315 2084 329 τηε-..-

3368 418 3471 472 Η)

236 537 491 603 cornibus,
523 537 574 592 id
628 546 709 591 est
752 535 816 591 ad
868 536 1042 589 crucis
1067 549 1263 590 cornua
1309 534 1581 588 clavorum
1626 534 1791 586 conli-
1822 536 1868 594 Α
1897 533 1951 587 ld
1981 545 2061 587 est
2109 535 2292 587 vivens
2325 548 2483 587 unam
2515 535 2821 588 Judteorum
2873 543 3084 601 gentem
3130 531 3336 585 salvari:
3365 546 3470 584 non

235 632 376 683 xinne
400 627 746 696 pendentem,
776 627 912 679 sicut
931 626 983 678 iu
1007 625 1114 678 alio
1144 625 1262 678 loco
1285 624 1510 693 legimus
1540 639 1553 676 :
1588 622 1791 675 Cornua

234 721 530 772 inmanibus
555 720 662 787 ejus
688 727 806 770 sunt
835 716 1060 785 (Ilabac.
1106 731 1159 769 ut
1180 757 1194 779 ,
1251 716 1330 780 4).
1363 716 1473 769 Hoc
1509 715 1629 767 ideo
1669 715 1791 781 quia

234 804 553 861 venerandas
575 816 761 858 manus
782 806 897 872 eius
927 803 1146 873 patibuli
1174 802 1388 857 brachia
1413 813 1789 870 susceperunt.

233 897 359 951 lnter
408 896 592 964 spinas
640 903 815 948 autem
857 894 1140 961 deputatus
1184 901 1298 956 est,
1339 891 1551 958 quando
1606 892 1792 959 Spinco

231 997 363 1042 serto
397 987 721 1041 innocentizc
773 994 825 1039 et
860 984 1080 1053 iustitia:
1119 994 1268 1038 actor
1317 981 1502 1037 illusus
1542 990 1642 1036 est.
1687 980 1790 1035 Sed

232 1079 376 1130 altius
394 1077 747 1144 introspicere
775 1075 1032 1128 debemus
1056 1073 1306 1141 quidnam
1334 1072 1404 1125 sit
1425 1072 1564 1138 quod
1600 1073 1743 1123 Isaac
1763 1085 1791 1122 a

233 1168 374 1220 l’atre
420 1165 676 1219 altaribus
720 1165 1059 1226 admovetur,
1091 1176 1154 1215 ac
1181 1161 1359 1216 subito
1403 1160 1542 1214 aries
1593 1173 1688 1228 pro
1727 1174 1794 1211 eo

232 1272 323 1312 non
365 1265 570 1309 mutata
611 1255 703 1308 sed
727 1254 990 1322 duplicata
1022 1251 1289 1306 oblatione
1317 1249 1654 1318 supponitur.
1687 1246 1794 1302 Ge-

231 1349 356 1401 mina
395 1346 481 1399 hic
505 1344 776 1398 adoranda
816 1342 1112 1397 substantia
1146 1341 1518 1409 Redemptoris
1547 1339 1789 1394 ostendi-

231 1448 321 1503 tur,
355 1438 450 1491 Dei
480 1437 622 1490 enim
655 1435 953 1504 unigenitus
977 1432 1220 1498 otl‘ertur,
1253 1441 1308 1486 et
1337 1431 1562 1500 Virginis
1598 1430 1794 1498 primo-
1851 1426 1855 1430 ’

230 1528 430 1596 genitus
472 1527 796 1580 innuolatur.
839 1524 948 1578 lloc
997 1538 1207 1593 quoque
1257 1522 1538 1577 dominica:
1587 1523 1790 1589 passio.

230 1623 299 1674 nis
359 1617 735 1686 praeﬁgurabat
787 1615 1044 1685 insignia,
1105 1615 1246 1683 quod
1303 1614 1526 1682 legimus
1576 1612 1792 1665 beatunt

232 1712 472 1764 lilis'eum
527 1709 814 1778 sepulchro
869 1707 1138 1761 conditum
1179 1705 1386 1775 ingesto
1444 1719 1474 1756 a
1527 1704 1794 1758 latruncu-

230 1803 284 1855 lis
325 1803 591 1855 cadavere
640 1801 775 1854 intra
816 1799 1074 1853 tumulum
1124 1813 1276 1853 suum
1309 1812 1501 1867 corpus
1550 1796 1792 1850 exstincti

1898 626 2074 691 potui;
2109 625 2326 689 moriar,
2360 634 2413 679 et
2443 624 2720 678 universus
2751 625 2979 678 mundus
3016 638 3131 676 mea
3163 635 3336 676 morte
3364 622 3472 674 sal-

1896 723 2066 767 vetur.
2093 715 2280 769 Jonam
2303 723 2451 768 cetus
2469 716 2628 782 piscis
2651 717 2855 783 excepit
2882 715 3212 772 immersum,
3247 711 3339 766 sed
3366 726 3470 763 non

1894 805 2116 875 contigit
2157 806 2500 867 devoratum;
2533 816 2587 860 et
2615 822 2770 874 quem
2816 805 3011 859 maliti.
3046 805 3316 858 hominum
3352 819 3471 869 per—

1896 897 2058 962 didit,
2096 898 2260 952 bestia
2312 900 2555 952 esuriens
2607 899 2908 952 custodivit.
2945 899 3122 952 Plenis
3178 897 3469 950 viSccribus

1897 985 2089 1040 famem
2121 989 2338 1055 patitur,
2364 1001 2417 1042 et
2455 990 2508 1042 in
2538 990 2767 1056 praedam
2815 1005 2971 1059 quam
3018 989 3310 1049 absorbuit,
3340 987 3468 1040 nihil

1895 1077 1994 1130 sibi
2023 1077 2183 1132 licere
2211 1081 2454 1132 miratur.
2497 1080 2626 1143 Quis
2667 1090 2748 1133 est
2778 1081 2874 1134 iste
2903 1080 2989 1150 qui
3022 1080 3158 1133 intra
3186 1079 3369 1132 avidos
3399 1079 3468 1131 ri-

1895 1178 2012 1223 ctus
2041 1172 2239 1243 assumi
2270 1181 2466 1239 potest,
2494 1173 2739 1226 consumi
2787 1187 2890 1226 non
2937 1172 3145 1240 potest?
3173 1171 3330 1224 Cibus
3362 1181 3464 1234 est,

1895 1261 2168 1328 corruptio
2217 1276 2323 1315 non
2355 1271 2456 1323 cst,
2489 1263 2713 1316 traditur
2741 1261 3054 1330 perditionis
3101 1261 3383 1329 profundo,
3416 1270 3468 1313 et

1897 1363 2143 1404 servatur
2176 1352 2342 1419 ipsius
2374 1353 2562 1405 mortis
2587 1353 2861 1422 obsequio.
2887 1353 3015 1417 Quis
3033 1361 3111 1404 est
3135 1351 3230 1404 iste
3259 1351 3346 1419 qui
3379 1367 3467 1401 vn-

1896 1441 2159 1494 stissimas
2197 1442 2345 1494 sinus
2387 1443 2740 1510 periculorum
2774 1453 2913 1496 totus
2941 1442 3254 1510 ingreditur,
3287 1452 3339 1494 et
3368 1441 3468 1494 sub

1897 1532 2176 1588 altitudine
2205 1534 2487 1588 conclusus
2512 1535 2768 1588 immensa
2799 1543 2956 1602 atque
2988 1533 3281 1600 mortifera,
3320 1533 3465 1586 vitali

1896 1637 2018 1677 aere
2067 1624 2322 1692 pascitur,
2363 1634 2418 1679 et
2464 1622 2720 1679 dimis'sus
2749 1626 2800 1678 iu
2831 1624 3059 1677 alienam
3103 1637 3280 1677 rerum
3319 1631 3469 1674 uatu-

1898 1729 2041 1779 rain,
2093 1714 2146 1768 in
2188 1714 2310 1769 vita:
2351 1715 2622 1780 exsilium,
2668 1729 2786 1769 cum
2836 1714 2939 1767 vita
2981 1713 3366 1782 peregrinatur,
3413 1719 3469 1763 t-t

1898 1806 2085 1858 mortis
2106 1815 2376 1872 superSIes
2398 1807 2969 1859 annuutiatventuram
3003 1803 3180 1856 mundi
3212 1800 3465 1856 Salutem?

230 1903 353 1946 tactu
390 1891 531 1946 sacri
579 1891 816 1958 corporis
845 1891 1150 1944 suscitasse:
1185 1888 1313 1956 Quis
1357 1888 1442 1942 hic
1469 1887 1606 1940 alius
1651 1899 1790 1953 prae-

1899 1897 2034 1950 Puto
2063 1898 2202 1967 quod
2234 1899 2318 1952 hic
2367 1907 2448 1952 est
2478 1899 2732 1952 Dominus
2765 1905 2945 1970 noster
2987 1896 3144 1949 Jcsus
3189 1893 3465 1958 Christus,

229 1986 566 2054 ﬁgurabatur,
625 1984 726 2036 nisi
784 1982 1034 2035 Dominus
1084 1988 1267 2035 uoster
1321 1979 1476 2034 Jesus
1515 1965 1789 2037 Christus,

231 2077 308 2142 qni
339 2074 792 2128 resurrectionem
821 2072 887 2126 de
931 2080 1102 2126 morte
1141 2071 1382 2140 largitur,
1413 2077 1466 2124 et
1505 2069 1665 2122 vitam
1703 2081 1793 2121 se-

226 2166 395 2234 pultus
424 2165 714 2233 operatur?
745 2163 799 2217 lu
839 2163 1048 2217 latrone
1079 2177 1228 2216 reum
1270 2160 1550 2225 mundum,
1584 2160 1634 2212 in
1664 2172 1792 2228 pro-

228 2261 392 2323 phctte
449 2255 730 2308 virtutibus
785 2251 1054 2307 Christum
1109 2253 1388 2306 Dominum
1448 2263 1791 2319 recognosce.

227 2345 408 2399 Adhuc
452 2344 802 2400 celeberrime
841 2360 932 2412 per
959 2344 1262 2414 Scripturas
1301 2353 1513 2397 sanctas
1557 2342 1793 2396 etiamin

227 2438 361 2492 Jnna:
397 2438 670 2507 propheta:
709 2437 978 2492 laboribus
1007 2448 1061 2492 et
1107 2436 1358 2491 aerumnis
1384 2435 1578 2490 Christi
1620 2436 1794 2505 passio

227 2545 275 2588 ct
305 2535 632 2590 resurrectio
663 2534 1068 2602 primiguautur.
1105 2532 1200 2586 llic
1249 2532 1431 2598 Jonas,
1485 2532 1625 2594 quod
1673 2531 1795 2586 tidei

228 2634 421 2679 nostra:
449 2639 555 2678 non
603 2625 921 2677 arbitramur
965 2623 1312 2690 incognitum,
1371 2631 1551 2692 typum
1583 2621 1794 2676 Domini

225 2714 450 2783 gessisse
474 2713 853 2782 prtescribitur.
889 2713 1004 2781 Ipse
1032 2714 1172 2767 enim
1222 2713 1478 2766 Dominus
1509 2711 1673 2766 dicit:
1707 2714 1796 2767 Si-

226 2816 301 2858 cut
327 2808 428 2874 fuit
457 2805 624 2858 Jonas
649 2805 699 2858 in
729 2814 898 2859 ventre
927 2805 1023 2858 ceti
1050 2805 1205 2858 tribus
1233 2803 1406 2858 diebus
1436 2813 1480 2856 et
1511 2805 1669 2857 tribus
1704 2821 1795 2858 no-

223 2896 398 2959 ctibus,
432 2898 504 2948 ita
533 2897 625 2948 erit
654 2895 821 2950 Filius
867 2897 1084 2950 hominis
1113 2897 1166 2949 in
1211 2897 1364 2950 corde
1399 2905 1547 2950 teme
1575 2895 1791 2966 (Matth.

223 2986 483 3057 xu,40).
545 2987 670 3050 llic,
728 2987 976 3054 inquam,
1043 2986 1205 3041 Jonas
1269 2987 1334 3039 ad
1401 2986 1793 3055 prtedicandum

221 3075 470 3130 Ninivitis
496 3075 590 3129 irae
618 3077 850 3130 ccelestis
880 3076 1158 3140 oﬂ‘ensam,
1189 3076 1411 3130 Domino
1436 3076 1676 3145 iubente,
1709 3076 1785 3130 di-
1805 3111 1822 3140 ι

221 3170 432 3238 rigitur;
466 3168 561 3222 sed.
592 3170 845 3237 przcscius
868 3169 1070 3223 tristem
1096 3169 1430 3238 prOphetiam
1463 3170 1639 3238 populi
1667 3184 1794 3224 con-

1897 2003 2056 2056 quem
2087 2004 2225 2043 saiva
2252 2005 2416 2054 mors,
2448 1988 2782 2056 inexplebilis
2812 1988 3001 2054 bellua,
3038 1988 3088 2040 in
3117 2001 3292 2040 escam
3316 2000 3465 2038 suam

1899 2081 2094 2148 rapuit,
2121 2089 2177 2134 et
2202 2079 2431 2149 pratdam
2459 2095 2607 2133 suam
2644 2079 2852 2147 captiva
2876 2078 3215 2131 contremuit.
3241 2076 3466 2129 Contre-

1900 2173 2052 2240 muit,
2104 2173 2338 2242 inquam,
2397 2187 2516 2224 nam
2563 2170 2609 2224 si
2649 2179 2864 2225 noverat
2901 2167 3234 2230 crucifixum,
3288 2175 3463 2220 tamen

1897 2277 2053 2330 quem
2080 2278 2184 2316 non
2215 2262 2529 2316 meminerat
2555 2275 2725 2325 reum,
2751 2274 2854 2312 non
2881 2265 3083 2326 poterat
3108 2267 3288 2311 tenere
3317 2255 3465 2309 dam-

1897 2362 2078 2408 natum
2124 2371 2136 2406 :
2181 2354 2302 2423 quia
2355 2353 2563 2419 culpam
2610 2367 2715 2406 non
2758 2352 2878 2405 facit
2925 2365 3100 2419 ptena,
3142 2349 3235 2403 sed
3282 2363 3460 2404 causa.

1897 2445 2060 2512 Quasi
2100 2445 2314 2500 solitum
2343 2444 2518 2499 cibum
2548 2444 2811 2512 perditmn
2845 2444 2894 2496 iu
2928 2441 3108 2495 mundi
3137 2441 3340 2510 origine
3371 2439 3465 2493 ho-

1898 2535 2096 2590 minem
2148 2535 2447 2598 devoravit;
2478 2533 2568 2589 sed
2608 2548 2851 2603 magnam
2893 2548 3010 2588 esse
3051 2533 3154 2585 cibi
3194 2531 3357 2600 ipsius
3386 2530 3464 2583 di-

1896 2627 2148 2697 gnitatem
2201 2629 2478 2696 pra'focata
2537 2627 2819 2696 cognovit,
2876 2637 3035 2695 atque
3083 2624 3202 2679 ideo
3253 2624 3465 2677 divinus

1896 2733 2077 2774 sermo
2099 2728 2518 2774 commemorat:
2551 2718 2616 2770 Et
2655 2718 2889 2788 prtecepit
2942 2715 3190 2769 Dominus
3237 2715 3384 2784 pisci,
3417 2724 3466 2766 et

1896 2812 2115 2863 evomuit
2141 2811 2332 2863 Jonam
2361 2811 2414 2862 in
2446 2810 2645 2861 aridam
2674 2808 2817 2876 (Jan.
2844 2823 2900 2872 ti,
2935 2807 3046 2876 ll).
3073 2806 3182 2859 lloc
3209 2805 3465 2858 debemus

1896 2902 2138 2969 accipere
2165 2900 2303 2970 quod
2332 2915 2396 2954 ex
2445 2899 2565 2952 imis
2587 2899 2879 2952 visceribus
2919 2897 3106 2950 mortis
3136 2895 3326 2949 victrix
3357 2893 3462 2948 vita

1897 2991 2170 3055 remeavit,
2196 2998 2355 3059 atque
2386 3005 2500 3042 eam
2531 3004 2595 3042 ex
2631 2990 2748 3042 imis
2779 2987 3088 3056 przecordiis
3115 2985 3305 3040 inferni
3339 2999 3462 3053 pcr-

1895 3081 2026 3135 ditio
2065 3080 2371 3134 exulcerata
2432 3078 2679 3133 reddidit.
2725 3078 2980 3131 Videmus
3023 3077 3198 3144 itaque
3243 3075 3294 3128 in
3343 3089 3464 3142 pro-

1898 3173 2069 3239 pheta!
2115 3169 2489 3224 afﬂictionibus
2541 3167 2876 3238 apertissime
2907 3167 3294 3237 pra-figuratam
3322 3178 3464 3219 mor-

222 3260 469 3314 versione
489 3259 848 3321 vacuandam,
877 3258 1233 3328 profugusque
1261 3259 1523 3312 Tharsum
1557 3257 1792 3328 petebat,
1822 3255 1866 3316 C
1901 3271 2004 3316 tem
2056 3261 2255 3326 pariter
2313 3269 2367 3314 et
2424 3259 2894 3314 resurrectionem.
2938 3259 3271 3325 Quapropter
3322 3256 3463 3324 quod

222 3354 509 3423 ingreditur
532 3355 729 3419 navim,
773 3353 866 3408 sed
899 3354 1072 3406 nantis
1118 3361 1299 3407 exorta
1334 3345 1649 3419 tempestate
1682 3361 1793 3404 tur-

220 3441 366 3510 batis,
397 3455 548 3499 sorte
573 3444 820 3498 ﬂuctibus
846 3443 1019 3509 datur,
1053 3454 1105 3498 et
1133 3443 1373 3498 faucibus
1394 3443 1498 3497 ceti
1527 3443 1684 3510 piscis
1705 3442 1759 3495 di
1778 3472 1790 3482 -

219 3549 425 3590 mersus
445 3536 744 3604 excipitur;
775 3535 866 3590 sed
898 3535 1040 3603 pisce
1071 3535 1294 3589 illaesum
1326 3543 1602 3590 eructantc
1627 3533 1792 3603 depo-

220 3624 398 3690 situm,
436 3627 591 3680 tertia
621 3625 706 3680 die
755 3631 912 3679 terris
939 3625 1260 3680 refunditur.
1294 3625 1478 3680 Videte
1510 3626 1790 3681 Dominum

220 3716 372 3768 etiam
401 3715 458 3769 in
481 3716 660 3771 Veteri
690 3716 1031 3771 Testamento
1053 3717 1104 3770 in
1123 3716 1263 3772 servi
1289 3718 1453 3771 forma
1477 3717 1791 3771 mirabiliter

220 3819 497 3874 apparere.
533 3806 718 3862 Videte
759 3807 1026 3876 quomodo
1062 3821 1120 3862 se
1148 3815 1274 3862 ante
1309 3807 1442 3861 actis
1471 3806 1680 3860 sacculis
1705 3806 1794 3876 ju-

219 3895 409 3950 dicavit
436 3897 731 3951 secundum
760 3899 970 3952 servilis
996 3898 1180 3951 formae
1209 3898 1563 3951 humilitatem
1594 3909 1788 3952 ventu-

219 4000 351 4039 rum.
384 3986 554 4040 Jonas
591 3988 723 4040 iram
755 3988 967 4041 Domini
999 3989 1379 4057 prtndicaturus
1428 3987 1496 4040 ad
1542 4002 1787 4056 mag-am

217 4076 566 4130 Ninivitarum
615 4080 821 4143 urbem,
881 4079 1120 4132 dicturus
1162 4097 1174 4131 :
1214 4079 1398 4132 Adhuc
1449 4080 1790 4150 quadraginta

219 4167 317 4219 dies
345 4179 392 4219 et
426 4167 613 4222 Ninit'e
655 4169 968 4221 subvertetur
1016 4167 1163 4239 (Jan.
1199 4184 1287 4233 ιιι,
1319 4168 1411 4238 4);
1445 4178 1499 4222 et
1549 4169 1791 4223 Christus

219 4255 278 4309 ad
308 4260 490 4311 munzli
522 4260 746 4312 mittitur
773 4262 1064 4322 civitatem,
1099 4268 1156 4312 ut
1197 4261 1338 4315 diem
1368 4261 1556 4316 salutis
1577 4270 1628 4315 ct
1656 4278 1790 4330 pra}-

222 4347 424 4402 liuitum
455 4351 634 4416 iudicii
663 4361 870 4418 tempus
898 4352 1200 4406 annuntiet.
1226 4351 1388 4406 Jonas
1420 4354 1597 4406 navim
1629 4368 1790 4420 expe-

220 4433 309 4498 tit,
362 4437 607 4490 C-htis‘tus
659 4439 974 4491 Eettlcsiam.
1032 4438 1194 4493 Jonas
1243 4439 1487 4493 ﬂuctibus
1536 4443 1783 4510 agitatur,

221 4527 460 4581 Christus
483 4529 663 4582 mundi
693 4529 990 4582 turbinibus
1011 4537 1311 4585 exercetur.
1342 4531 1450 4584 Nisi
1473 4530 1638 4585 Jonas
1668 4548 1789 4600 pcr-

1900 3351 2172 3419 impletum
2203 3349 2380 3405 cernis
2409 3350 2461 3404 in
2491 3365 2666 3409 servo,
2708 3348 2927 3404 credere
2967 3364 3072 3402 non
3102 3347 3368 3402 cuncteris
3411 3347 3463 3400 in

1895 3440 2132 3496 domino.
2173 3441 2300 3508 Quae
2329 3455 2451 3496 cum
2475 3441 2548 3495 ita
2569 3442 2695 3506 sint,
2731 3441 2990 3510 perspice,
3031 3455 3063 3492 ο
3091 3439 3269 3504 homo,
3300 3453 3465 3506 quau-

1897 3542 2004 3586 tnm
2036 3533 2214 3588 Valeas
2237 3543 2290 3588 et
2312 3533 2580 3603 perpende
2603 3533 2729 3602 quid
2760 3533 2979 3588 debeas.
3010 3532 3260 3602 Pcrspice
3293 3545 3464 3599 quan-

1894 3633 2004 3679 tum
2029 3624 2240 3691 valcas,
2264 3634 2321 3678 ut
2352 3625 2563 3680 tandem
2595 3624 2711 3680 vilis
2750 3639 2868 3680 esse
2897 3624 2989 3679 tibi
3016 3623 3246 3693 desinas,
3294 3633 3351 3677 ut
3382 3623 3466 3678 vel

1898 3731 1991 3783 per
2049 3717 2149 3771 hoc
2199 3715 2580 3771 erubescendis
2624 3715 2901 3784 subiacere
2948 3717 3088 3770 vitiis
3136 3715 3463 3785 dedigneris,

1894 3805 2016 3858 dum
2041 3807 2449 3875 generositatem
2481 3815 2623 3860 tuam
2646 3806 2713 3860 de
2739 3804 3008 3860 Creatoris
3033 3817 3083 3859 et
3127 3805 3466 3875 Reparatoris

1895 3897 2061 3949 nostri
2113 3895 2369 3964 dignitate
2408 3896 2630 3950 metiris.
2677 3895 2846 3949 [labet
2888 3910 3075 3949 causas
3119 3896 3308 3963 qubus
3352 3895 3466 3961 ipse

1891 3984 2248 4039 confundatur
2295 4000 2392 4040 cur
2419 3986 2648 4054 indignis
2687 3985 2917 4039 dominis
2949 3985 3090 4037 victo
3136 3984 3296 4036 corde
3341 3984 3458 4036 sub-

1892 4075 2071 4140 datur,
2106 4076 2190 4129 cui
2223 4075 2392 4145 gloria
2423 4087 2626 4129 mterna
2670 4075 3017 4142 promittitur,
3053 4088 3113 4126 ac
3149 4075 3224 4126 sic
3253 4073 3466 4140 gt'llllllo
3539 4135 3544 4140 ,

1894 4165 2190 4234 privilegio,
2218 4167 2307 4234 qni
2335 4165 2532 4219 dudum
2560 4165 2752 4218 divina:
2783 4165 3028 4232 imaginis
3057 4164 3471 4234 participatione

1892 4259 2120 4312 cfliceris
2150 4257 2308 4310 etiam
2359 4255 2660 4310 commercii
2707 4256 2980 4310 nobilitate
3017 4256 3301 4324 pretiosus.
3338 4254 3474 4308 Vide

1891 4361 2047 4416 quam
2091 4345 2244 4399 fortis
2274 4360 2393 4399 esse
2420 4345 2598 4414 possis
2625 4354 2809 4398 contra
2841 4346 3046 4399 hostem
3089 4355 3257 4410 tuum,
3302 4347 3467 4400 inter-

1894 4450 2020 4504 roga
2072 4445 2268 4490 statum
2299 4443 2468 4500 tuum,
2497 4435 2637 4504 quod
2671 4434 2764 4488 tibi
2812 4436 3066 4489 Dominus
3094 4437 3156 4489 ad
3193 4437 3468 4491 debellan-

1892 4529 2014 4582 dum
2057 4529 2107 4584 in
2132 4529 2384 4583 membris
2415 4530 2522 4582 tuis
2548 4526 2730 4580 mundi
2755 4527 3043 4596 principem
3076 4541 3137 4582 ac
3161 4528 3466 4596 Spirituales

218 4615 380 4670 ditnm
408 4618 585 4686 detur,
617 4618 882 4688 naufraga:
910 4621 1058 4675 navis
1082 4622 1376 4691 periculum
1403 4636 1507 4676 non
1540 4623 1782 4688 sedatur;
1814 4615 1865 4675 Ι)
1894 4621 2157 4690 nequitias
2186 4620 2516 4690 superandus
2546 4619 2765 4674 liberam
2797 4619 3020 4672 contulit
3050 4619 3380 4684 facultatem;
3405 4634 3468 4674 ac

220 4706 304 4760 Sic
324 4725 427 4762 non
444 4710 693 4763 liberatur
711 4710 972 4777 Ecclesia,
988 4713 1085 4766 nisi
1107 4711 1304 4766 Christi
1331 4721 1500 4766 morte
1521 4713 1779 4768 salvetur.

222 4795 405 4854 Nautze
443 4800 714 4855 dnnissuri
743 4803 931 4857 Jonam
969 4814 1145 4858 tamen
1177 4813 1428 4858 verentur
1470 4813 1524 4859 et
1563 4804 1782 4860 dicunt:

218 4883 454 4958 Domine,
477 4908 538 4945 ne
561 4893 652 4944 des
671 4909 829 4957 super
843 4909 934 4947 nos
953 4896 1247 4964 sanguinem
1258 4895 1570 4949 innocentem
1585 4895 1726 4965 (Jon.
1744 4913 1782 4963 ι,

221 4976 326 5047 Η).
362 4981 544 5036 Nonne
575 4983 726 5036 vobis
758 4983 966 5038 videtur
991 4996 1269 5039 nautarum
1300 4987 1610 5055 imprecatio
1629 4985 1784 5042 Pilati

216 5083 333 5123 esse
362 5072 647 5138 confessio,
679 5074 766 5143 qui
796 5077 1014 5129 tradidit
1033 5076 1334 5145 Christum,
1362 5087 1418 5132 et
1444 5087 1619 5132 tamen
1642 5078 1785 5133 lavat

221 5175 410 5218 manus
426 5179 568 5228 suas,
585 5177 638 5220 et
657 5167 812 5220 dicit:
839 5168 1064 5222 Mundus
1090 5186 1182 5239 ego
1202 5187 1316 5223 sum
1343 5187 1374 5222 a
1395 5172 1644 5240 sanguine
1657 5171 1792 5241 justi

212 5251 367 5326 hujus
404 5257 614 5321 (Matth.
651 5275 817 5327 xxvn,
841 5261 975 5332 2i)?
1005 5263 1172 5329 Quam
1213 5278 1451 5332 congrue
1479 5277 1574 5331 per
1606 5277 1790 5331 perso-

212 5363 334 5403 nam
361 5359 389 5387 ι
407 5356 653 5421 gentilein
674 5355 804 5409 tides
822 5357 1058 5425 gentium
1078 5357 1427 5425 prtedicatur!
1454 5356 1588 5410 Dicit
1611 5357 1788 5425 itaque

209 5435 376 5492 Jonas
405 5441 450 5494 in
465 5444 708 5497 oratione
747 5460 840 5498 sua
869 5463 882 5498 :
916 5445 1059 5500 Tolle
1078 5447 1252 5515 igitur,
1282 5446 1518 5512 Domine,
1549 5446 1772 5498 animam

208 5540 398 5595 meum,
415 5535 530 5603 quia
550 5537 728 5590 melior
745 5547 816 5591 est
842 5537 964 5592 mihi
984 5555 1119 5592 mors
1139 5555 1290 5607 quam
1312 5539 1411 5592 vita
1435 5536 1577 5606 (Jon.
1601 5552 1672 5606 tv,
1693 5538 1768 5606 5).

335 5819 439 5877 l‘er
459 5826 704 5889 gentilem
734 5841 1013 5891 personant
1047 5828 1291 5894 intelligit
1321 5828 1566 5882 Pilatum.

1894 4715 1972 4767 sic
2002 4713 2330 4782 impossibile
2363 4727 2465 4765 non
2495 4720 2670 4781 putes,
2719 4719 2771 4766 ut
2823 4710 3096 4767 transferri
3126 4712 3368 4767 obtineas
3413 4713 3470 4766 iui

1893 4805 2159 4879 angelicas
2187 4805 2566 4869 beatitudines,
2598 4819 2717 4859 cum
2741 4805 2839 4860 hoc
2862 4805 3058 4860 smculo
3079 4807 3345 4876 angelicas
3375 4806 3470 4862 de-

1895 4900 2092 4956 viceris
2119 4907 2432 4970 potestates.
2459 4899 2570 4954 Nou
2593 4914 2720 4969 ergo
2748 4908 2798 4954 te
2828 4899 3142 4969 degenerem
3185 4915 3247 4955 ac
3272 4901 3472 4968 deSpe-

1891 5003 2034 5048 ctum
2063 4994 2219 5046 faciat
2242 4991 2369 5055 vita,
2400 5006 2555 5060 quem
2583 4991 2664 5043 vel
2689 4991 2888 5045 factura
2919 4991 3175 5058 probatur
3204 4991 3472 5045 illustrem

1899 5082 2182 5152 protulisse
2222 5081 2304 5136 vel
2343 5083 2532 5152 gratia,
2583 5081 2676 5135 sed
2708 5095 2920 5134 cursum
2951 5081 3132 5136 fideles
3159 5079 3356 5135 Christi
3401 5082 3468 5134 ad

1897 5187 2128 5242 superna
2160 5172 2480 5225 fiducialiter
2508 5170 2792 5224 extollant.
2838 5171 2966 5223 Nam
3015 5171 3104 5240 qui
3158 5185 3216 5226 se
3261 5171 3466 5227 cmlcsti

1899 5264 2076 5334 pretio
2106 5263 2289 5318 vident
2339 5264 2646 5331 redemptos
2695 5261 2760 5316 ad
2789 5261 3026 5315 coelestia
3081 5277 3186 5317 non
3226 5262 3469 5317 dubitant

1894 5365 2241 5426 praeparatos.

2220 5446 2448 5516 Eapticit
2477 5445 2686 5499 liomilia
2705 5445 2862 5498 sancti
2887 5443 3145 5500 Faustini.
