4024 6176
509 419 603 473 HI
1753 407 2083 462 JUI.I.\NUS

2212 406 2490 460 BIICIIIES.
3664 405 3758 458 ΗΞ

1121 514 3721 550 W

507 523 1834 561 ψ

1928 542 2288 551 —_————

1699 632 1993 674 EXEUNTE
2038 631 2287 675 Μίδεω
2332 631 2570 684 ρωπτο

784 724 3469 1074 JULIANU§_I_’_{)MERIUS.

1699 1180 2277 1252 PROLEGOM
2292 1180 2535 1251 ENA.

1755 1446 2082 1508 NOTITIA
2127 1445 2241 1504 EX
2285 1439 2522 1504 CAVE.

584 1565 820 1618 lulianus
852 1557 1136 1620 Pomerius,
1167 1563 1314 1625 gente
1356 1551 1591 1624 Maurus,
1622 1551 1673 1602 in
1694 1548 1921 1602 Galliam
1958 1564 2079 1618 pro-
2115 1551 2164 1610 Α
2193 1545 2338 1599 libris
2359 1545 2393 1599 8
2414 1545 2476 1596 de
2493 1525 2682 1595 Anima
2710 1542 2814 1609 fere
2839 1537 3064 1606 excerpti
3083 1546 3220 1590 sunt.
3247 1533 3465 1604 Scripsit
3492 1531 3639 1584 etiam
3667 1539 3766 1625 tra-A

515 1661 674 1728 lectus
703 1653 754 1705 in
786 1650 986 1704 civitate
1025 1643 1306 1699 Arelatensi
1349 1642 1575 1695 schola-tt
1618 1639 1923 1694 rhetoricam
1958 1654 2084 1707 ape-

519 1745 635 1805 ruit,
680 1759 739 1794 ac
769 1741 973 1792 denutm
1014 1737 1268 1804 presbgter
1309 1735 1572 1786 ordinatus
1608 1740 1700 1786 est.
1729 1728 1926 1784 Claruit
1951 1730 2088 1782 circa

515 1853 601 1886 an.
629 1834 751 1888 498.
787 1831 922 1883 Eum
955 1828 1217 1881 sanctitate
1247 1826 1362 1878 vita:
1386 1833 1432 1878 et
1459 1823 1662 1891 scriptis
1688 1822 1913 1890 quotidie
1938 1822 2090 1874 editis

513 1923 781 1977 entinuisse
817 1920 973 1987 ﬁdem
1015 1917 1136 1986 facit
1183 1915 1479 1968 Gennadius
1529 1913 1630 1982 (De
1668 1912 1860 1982 Script.
1900 1927 1946 1964 ι’.
1971 1911 2083 1979 98),

514 2033 612 2082 quo
651 2024 874 2081 tempore
923 2009 1225 2078 Catalogum
1275 2024 1418 2059 suum
1467 2007 1558 2059 iste
1599 2005 1800 2058 clausit.
1869 2002 2091 2071 Scripsit

517 2106 673 2157 libros
696 2103 728 2157 8
756 2102 817 2155 de
839 2102 1050 2165 Anima,
1093 2114 1308 2168 quorum
1335 2106 1635 2165 argumenta
1675 2094 1941 2162 sigillutim
1971 2110 2092 2146 enu-

517 2203 708 2248 mrrant
732 2192 1026 2246 Gennadius
1052 2200 1097 2244 et
1136 2188 1368 2243 Isidorus
1400 2186 1501 2256 (De
1525 2188 1715 2256 Script.
1741 2203 1789 2239 c.
1819 2186 1929 2256 I2),
1955 2195 2004 2239 et
2036 2188 2088 2239 in

518 2289 645 2340 libro
686 2287 908 2339 secundo
945 2285 1007 2337 de
1047 2283 1390 2353 Corporeitate
1435 2282 1620 2332 anima:
1668 2281 1953 2348 disputasse
1991 2295 2086 2331 no-

517 2387 644 2430 tant.
677 2377 932 2440 Quantum
956 2389 1071 2428 vero
1091 2389 1154 2426 ea:
1181 2371 1488 2441 argumentis
1513 2371 1648 2422 hisce
1672 2371 1949 2440 conjectari
1978 2371 2094 2422 lict

518 2468 668 2537 (opus
693 2468 825 2519 enim
867 2480 998 2517 nunc
1039 2480 1139 2516 non
1170 2461 1422 2530 superest)
1452 2461 1535 2512 isti
1575 2461 1716 2523 libri,
1769 2477 1831 2513 ex
1864 2459 2090 2512 Nemesii

2195 1644 2387 1689 ctutum
2413 1635 2474 1686 de
2497 1633 2796 1701 Contemptu
2823 1629 3001 1682 mundi
3018 1645 3076 1681 ac
3095 1642 3263 1680 rerum
3291 1625 3683 1677 transiturarum
3704 1621 3768 1671 ad

2201 1730 2541 1801 Principium,
2562 1738 2605 1780 et
2625 1728 2782 1781 alium
2802 1728 2863 1778 de
2885 1724 3033 1777 Vitiis
3046 1731 3092 1775 et
3113 1721 3418 1780 Virtutibus,
3436 1717 3658 1770 libellum
3681 1715 3771 1765 ad-

2199 1823 2294 1875 huc
2311 1823 2374 1875 de
2393 1821 2686 1890 Virginibus
2708 1818 3050 1880 instituendis,
3073 1830 3186 1884 quis
3209 1813 3525 1865 interierunt.
3553 1808 3769 1861 Unicum

2199 1916 2310 1984 ejus
2325 1922 2552 1981 superest
2581 1927 2708 1980 opus
2725 1913 2786 1963 de
2812 1909 2925 1962 Vita
2943 1905 3351 1973 contemplativa,
3372 1904 3474 1956 sive
3502 1902 3565 1955 de
3590 1904 3772 1969 futuris

2205 2004 2337 2058 Vita:
2363 2005 2816 2073 contemplatione,
2862 2003 2938 2054 vel
2969 2001 3032 2052 de
3070 1998 3258 2051 actuali
3307 1995 3683 2048 conversatione
3723 1995 3770 2043 in

2196 2107 2295 2150 tres
2323 2097 2475 2150 libros
2498 2096 2750 2161 divisum;
2778 2093 2914 2163 quod
2949 2091 3203 2161 Prospero
3218 2088 3369 2156 vulgo
3401 2100 3662 2156 perperam
3700 2084 3772 2134 in-

2195 2191 2464 2259 scriptum,
2502 2189 2634 2242 inter
2670 2204 2822 2252 opera
2852 2186 2998 2238 istius
3025 2183 3201 2236 haberi
3223 2183 3370 2243 solet,
3422 2195 3482 2232 ac.
3513 2177 3606 2231 sub
3638 2177 3774 2229 illius

2198 2281 2400 2332 nomine
2420 2281 2629 2332 seorsim
2657 2277 2842 2345 prodiit
2865 2292 2998 2328 anno
3018 2274 3153 2328 148⁸7
3172 2281 3217 2326 et
3242 2272 3422 2325 Calen.
3457 2269 3593 2322 1536
3615 2266 3772 2320 in-8°.

2205 2369 2488 2439 Prologum
2517 2369 2680 2440 aperis
2711 2370 2858 2422 istius
2887 2367 3166 2421 secundum
3186 2365 3379 2434 primus
3403 2362 3558 2416 edidit
3581 2360 3774 2413 Dache-

2203 2463 2307 2514 rius
2333 2462 2581 2533 Spicileg.
2611 2472 2734 2515 tom.
2759 2460 2896 2515 XIII.

658 2561 3698 2607 ________________________

1830 2685 1894 2752 A
1914 2681 2452 2758 DMONITIO

1061 2854 1470 2957 LIBRIS
1535 2854 1692 2954 DE
1750 2850 2056 2957 VITA
2123 2849 3223 2958 CONTEMPLATIVA

1683 3046 1731 3093 Δ
1757 3045 2242 3094 MANGBAN'I‘IO
2277 3045 2618 3094 PleA

1221 3172 1288 3228 IN
1325 3171 1458 3230 SUA
1496 3173 1550 3230 S.
1595 3172 1928 3230 PROSPERI
1966 3175 2292 3242 AQUITANI
2330 3177 2704 3234 PABISIENSI
2742 3177 3074 3236 EDITIONE.

595 3429 658 3481 In
690 3425 1023 3494 appendicem
1068 3421 1330 3491 rejicimus
1359 3421 1522 3487 primo
1552 3421 1661 3472 loco
1691 3419 1847 3472 libros
1874 3419 2003 3472 duos
2033 3420 2095 3473 de
2126 3425 2172 3484 B
2197 3422 2291 3475 αξινὶ
2312 3421 2668 3491 scriptoribus.
2701 3419 3051 3474 Nihilominus
3078 3427 3247 3472 tamen
3265 3419 3417 3474 hodie
3441 3429 3636 3474 constat
3655 3421 3788 3473 inter

532 3517 650 3571 Vita
679 3515 1087 3583 contemplativa,
1125 3527 1251 3580 Opus
1279 3511 1392 3563 licet
1414 3511 1616 3580 elegans
1645 3518 1690 3560 et
1723 3524 1847 3576 pene
1873 3510 2100 3562 onmium

523 3607 760 3661 laudibus
781 3602 1252 3666 celebratissimum,
1279 3608 1431 3669 atque
1459 3601 1523 3652 ab
1546 3600 1696 3653 annis
1715 3601 2014 3670 octingentis
2033 3601 2101 3653 ad

525 3707 752 3751 uestram
794 3709 951 3762 usque
983 3701 1178 3746 (etatem
1207 3699 1384 3744 sancto
1428 3691 1688 3757 Prospero
1733 3701 2000 3744 assertum.
2027 3692 2100 3746 Ab

522 3800 699 3843 octavo
724 3799 942 3854 namque
970 3781 1156 3836 stvculo
1179 3783 1342 3834 medio
1369 3781 1636 3851 scriptores
1659 3781 1848 3834 inventi
1875 3791 1992 3834 sunt
2014 3783 2102 3852 qui

523 3879 616 3934 sub
639 3877 859 3931 auctoris
889 3875 1048 3928 nostri
1079 3875 1280 3927 nomine
1310 3890 1438 3941 Opus
1460 3874 1592 3926 istud
1621 3874 1913 3927 laudavere.
1935 3872 2100 3928 Chro-

524 3972 793 4039 dcqangus
833 3968 967 4020 enim
1009 3963 1250 4018 Metensis
1297 3965 1595 4034 episcopus,
1649 3966 1739 4032 qui
1777 3964 1868 4018 illo
1915 3966 2102 4019 sa’culo

524 4064 759 4132 ﬂorebat,
789 4070 837 4114 et
867 4059 1036 4112 studio
1077 4057 1328 4126 regularis
1365 4057 1680 4121 disciplince,
1711 4056 1794 4108 cui
1833 4058 2103 4110 canonicos

525 4153 769 4207 Ecclesia:
799 4167 904 4206 sua:
944 4151 1089 4204 subdi
1130 4149 1321 4213 voluit,
1372 4148 1649 4202 admodum
1691 4149 2104 4206 commendabilis

523 4246 734 4310 exstitit,
759 4245 811 4296 in
834 4244 1011 4314 regula
1035 4243 1417 4309 canonicornm,
1445 4239 1752 4311 Prosperum
1783 4242 2024 4296 librorum
2041 4243 2105 4297 de

537 4335 654 4388 Vita
699 4335 1089 4402 contemplativa
1130 4342 1387 4386 auctorem
1433 4332 1656 4400 agnovit.
1700 4330 1848 4385 Idem
1898 4342 2100 4400 praz.tat

525 4425 689 4479 Jonas
727 4424 1106 4477 Aurelianensis
1131 4423 1418 4492 episcopus,
1453 4422 1540 4490 qui
1574 4422 1749 4490 ﬂoruit
1777 4422 1871 4475 sub
1896 4424 2106 4493 pontiﬁ-

526 4528 644 4571 catu
670 4517 885 4588 Eugenii
910 4513 970 4567 II
991 4524 1035 4567 et
1051 4513 1283 4584 Gregorii
1312 4511 1430 4576 III,
1454 4513 1820 4584 imperantibus
1851 4513 2105 4568 Ludovico

530 4607 626 4662 Pio
647 4619 693 4662 et
715 4606 899 4662 Carolo
928 4605 1103 4669 Calvo,
1127 4603 1182 4656 id
1211 4612 1283 4657 est
1312 4603 1499 4657 sa'culo
1527 4605 1772 4673 sequenti,
1808 4605 1859 4658 in
1889 4605 2016 4658 libro
2041 4606 2103 4659 de

529 4698 705 4752 laicali
742 4695 1093 4753 Institutione.
1124 4693 1208 4763 qui
1244 4694 1464 4760 primum
1499 4694 1664 4748 editus
1708 4706 1779 4749 est
1808 4696 1860 4748 in
1881 4696 2046 4750 lucem
2068 4713 2099 4750 a

2204 3511 2431 3564 eruditos
2459 3526 2562 3564 non
2584 3527 2690 3564 esse
2724 3509 2964 3581 Prosperi
2993 3509 3146 3562 hocce
3173 3525 3300 3578 opus
3323 3509 3385 3562 de
3421 3508 3537 3563 Vita
3563 3519 3783 3562 contem—
3849 3497 3852 3503 ’

2203 3601 2414 3669 plativa,
2447 3617 2536 3654 nec
2562 3602 2625 3654 iis
2649 3601 2826 3672 religio
2858 3603 2952 3671 fuit
2973 3610 3075 3653 tam
3111 3601 3337 3671 antiquis
3366 3610 3566 3668 tamque
3593 3601 3782 3654 idoneis

2205 3692 2413 3745 testibus
2438 3693 2590 3760 ﬁdem
2621 3695 2884 3765 derogare,
2909 3704 2956 3748 et
2988 3695 3142 3748 libros
3181 3696 3412 3763 proxime
3443 3693 3786 3764 subjiciendus

2206 3784 2403 3852 parenti
2433 3784 2582 3836 alteri
2609 3787 2895 3850 ascribere;
2920 3783 3133 3839 Iuliano
3163 3785 3350 3839 scilicet
3387 3786 3471 3838 cui
3506 3801 3786 3856 cognomen

2205 3883 2314 3927 erat
2345 3873 2602 3937 Pomerio,
2634 3877 2839 3929 natione
2877 3875 3059 3928 Mauro
3079 3916 3094 3940 ,
3127 3877 3216 3945 qui
3244 3876 3447 3929 Arelate
3481 3875 3789 3929 rhetoricam

2204 3980 2318 4016 cum
2349 3981 2532 4034 magna
2559 3967 2713 4030 {anne
2755 3966 2909 4020 laude
2950 3967 3156 4032 docuit,
3193 3967 3572 4036 auditoremque
3613 3967 3788 4018 habuit

2204 4051 2486 4106 Camurium
2521 4052 2766 4124 Magnum
2796 4056 3022 4125 ejusdem
3057 4056 3195 4110 urbis
3235 4066 3410 4124 postea
3457 4058 3786 4126 episcOpum,

2205 4151 2260 4194 ut
2280 4150 2493 4196 testatur
2521 4144 2743 4212 ejusdem
2769 4147 2930 4198 sancti
2959 4146 3213 4215 pontiﬁcis
3252 4146 3380 4200 Vita:
3408 4147 3553 4200 liber.

2278 4233 2456 4303 Hujus
2498 4251 2652 4302 porro
2697 4238 2958 4291 sententia:
3009 4239 3328 4309 probationes
3367 4248 3643 4308 suppetunt
3686 4255 3789 4292 non

2207 4340 2405 4391 pauca}.
2435 4324 2596 4390 Nam,
2627 4327 2747 4380 I°ut
2767 4342 2833 4381 ea:
2855 4327 3118 4396 ipsiusmet
3142 4330 3361 4383 auctoris
3389 4330 3675 4382 testimonio
3700 4346 3783 4382 ar.

2206 4425 2504 4487 gumentum
2527 4418 2752 4489 primum
2779 4419 3043 4485 ducamus,
3067 4429 3246 4473 auctor
3272 4423 3366 4475 iste
3388 4423 3546 4492 (quod
3579 4423 3780 4475 solerter

2208 4517 2326 4562 ante
2344 4524 2515 4563 omnes
2537 4510 2812 4564 observavit
2833 4509 2950 4564 Jac.
2976 4511 3282 4568 Sirmondus
3304 4515 3356 4568 in
3373 4517 3504 4569 notis
3525 4519 3593 4569 ad
3608 4517 3788 4585 Aquis-

2206 4613 2456 4668 granense
2481 4600 2774 4671 concilium)
2811 4601 3007 4658 Hilarii
3032 4606 3362 4675 Arelatensis,
3393 4609 3479 4675 qui
3507 4608 3629 4662 obiit
3653 4625 3788 4660 anno

2206 4689 2335 4757 449,
2367 4693 2544 4746 laudes
2579 4695 2825 4762 contexit,
2868 4695 2957 4749 lib.
2989 4712 3045 4760 ll,
3077 4714 3196 4768 cap.
3235 4698 3302 4764 9,
3330 4701 3479 4769 quasi
3499 4701 3609 4764 eius
3643 4716 3791 4765 quem

530 4787 819 4840 doctissimo
855 4786 961 4837 viro
995 4783 1058 4838 D.
1106 4783 1244 4836 Luca
1267 4784 1482 4837 Acheria
1510 4785 1758 4838 monacho
1790 4787 2102 4857 Sangerma-
2136 4791 2183 4855 ρ
2213 4784 2361 4854 longe
2393 4794 2510 4839 ante
2556 4786 2689 4840 diem
2737 4804 3034 4856 supremum
3078 4792 3260 4845 abiisse
3304 4791 3548 4859 supponit
3597 4807 3617 4845 :
3655 4794 3791 4859 quod

530 4876 696 4940 nensi,
719 4875 913 4927 ordinis
945 4872 1005 4927 S.
1037 4871 1300 4926 Benedicti
1331 4875 1737 4945 congregationis
1761 4874 1822 4929 S.
1852 4875 2024 4929 Mauri
2051 4878 2105 4930 in

527 4979 667 5020 tomo
697 4964 722 5018 Ι
757 4966 834 5018 sui
864 4964 1167 5032 scriptorum
1200 4972 1420 5017 veterum
1451 4964 1735 5032 Spicilegii.
1778 4965 1904 5018 Tum
1939 4968 2109 5020 conci-

528 5059 655 5112 lium
685 5057 1088 5126 Aquisgranense
1119 5055 1212 5108 sub
1243 5054 1418 5107 eodem
1458 5055 1714 5108 Ludovico
1747 5055 1842 5123 Ilio
1872 5059 1924 5111 in
1953 5074 2106 5111 causa

527 5149 755 5222 ejusdem
777 5148 1136 5201 canonicorum
1161 5147 1495 5200 institutionis
1515 5147 1815 5202 celebratum
1844 5166 1980 5205 anno
2002 5151 2106 5207 818

528 5239 648 5294 huic
685 5240 913 5311 Opinioni
951 5240 1115 5309 favere
1143 5239 1372 5303 videtur,
1415 5255 1532 5292 cum
1579 5239 1728 5294 hosce
1758 5251 2005 5297 tractatus
2052 5254 2107 5298 ut

532 5331 902 5396 Prosperianos
945 5339 1180 5399 usurpat,
1210 5345 1310 5383 non
1347 5345 1488 5383 secus
1525 5347 1586 5383 ac
1627 5331 1903 5386 concilium
1937 5332 2102 5388 Pari-

528 5423 694 5476 siense
713 5431 907 5475 sextum
933 5420 1023 5473 sub
1052 5420 1226 5475 eodem
1255 5421 1558 5489 imperatore
1592 5430 1705 5492 post
1732 5439 1895 5477 annos
1939 5426 2107 5478 trede—

528 5513 626 5563 cim
647 5519 893 5564 coactum.
929 5509 1063 5576 Quin
1092 5511 1243 5563 etiam
1271 5510 1392 5564 huic
1418 5514 1560 5582 Operi
1588 5514 1886 5583 inscriptum
1917 5517 2108 5586 legitur

535 5600 661 5653 Pros
668 5603 772 5670 peri
793 5618 971 5656 nomen
993 5603 1044 5655 in
1066 5604 1370 5672 manuscript
1380 5605 1420 5657 is
1441 5605 1696 5659 codicibus
1717 5607 1944 5675 ejusdem
1976 5618 2108 5663 a'ta-

532 5691 614 5752 tis,
637 5703 680 5743 et
706 5694 760 5745 in
780 5693 927 5748 editis
963 5694 1330 5763 antiquioribus
1358 5694 1568 5748 habetur
1594 5697 1864 5750 insertum.
1893 5699 1984 5754 Ita
2013 5703 2100 5756 de-

532 5782 677 5848 nique
693 5785 956 5854 creditum,
973 5785 1114 5841 nullo
1135 5789 1441 5856 refragante,
1463 5790 1521 5841 ob
1552 5789 1783 5844 omnibus
1807 5793 2100 5861 posterioris

2210 4886 2343 4930 certe
2355 4880 2568 4948 aequalis
2583 4879 2788 4933 Hilario
2809 4879 3030 4951 Prosper
3043 4899 3267 4937 asserere
3286 4883 3604 4951 nequivisset.
3622 4885 3793 4936 Addes

2210 4968 2382 5035 etiam,
2405 4970 2446 5023 si
2464 4971 2688 5037 libuerit,
2707 4987 2816 5024 eam
2836 4973 3082 5026 rationem
3095 4984 3399 5044 quamurget
3423 4973 3474 5027 II
3485 5016 3497 5028 .
3525 4973 3791 5036 Norisius,

2210 5061 2347 5130 quod
2377 5077 2554 5133 nempe
2583 5062 2808 5134 Prosper
2837 5082 2938 5119 non
2959 5066 3029 5119 ita
3051 5066 3323 5120 liberaliter
3352 5083 3465 5120 eum
3511 5067 3793 5129 laudasset,

2209 5169 2356 5221 quem
2386 5154 2496 5224 ipse
2539 5155 2590 5208 in
2633 5156 2815 5210 litteris
2844 5158 2913 5210 ad
2950 5159 3289 5230 Augustinum
3315 5169 3525 5214 testatur
3547 5162 3598 5212 in
3628 5160 3796 5212 sancti

2215 5243 2448 5296 doctoris
2470 5245 2655 5314 gratia:
2678 5245 3149 5303 doctrinamminus
3173 5264 3481 5320 prepensum
3498 5268 3519 5315 ;
3539 5260 3586 5303 et
3601 5251 3643 5302 si
3658 5252 3798 5301 alias

2213 5337 2407 5390 meritis
2446 5339 2676 5406 clarum,
2713 5345 2984 5410 pra’cipua:
3011 5341 3350 5408 auctoritatis,
3381 5351 3427 5395 et
3450 5341 3799 5412 spiritualium

2210 5429 2498 5483 studiorum
2531 5432 2695 5486 virum
2724 5433 2881 5501 fuisse
2908 5435 3234 5502 proﬁteatur.

2282 5522 2410 5575 Aliae
2431 5523 2636 5594 insuper
2656 5533 2933 5594 suppetunt
2959 5527 3211 5592 rationes,
3237 5540 3354 5596 qua:
3381 5526 3501 5580 dum
3527 5541 3651 5594 opus
3675 5541 3798 5578 vero

2210 5615 2405 5665 auctori
2428 5615 2716 5681 restituunt,
2752 5619 3034 5671 necessario
3057 5617 3190 5671 illud
3230 5619 3464 5686 deinceps
3493 5637 3524 5672 a
3553 5618 3799 5689 Prospei

2213 5703 2446 5768 operibus
2487 5721 2689 5758 omnino
2734 5718 3019 5761 secernunt.
3065 5709 3136 5762 Ac
3173 5710 3393 5779 primum
3442 5711 3500 5766 S.
3556 5711 3797 5764 Isidorus

2211 5793 2338 5847 libro
2369 5795 2428 5848 de
2464 5795 2808 5865 Scriptor-ibus
2853 5800 3222 5867 ecclesiasticis,
3267 5817 3382 5869 cap.
3419 5801 3505 5868 I2,
3538 5804 3799 5870 explicate
