4016 6168
292 403 391 458 M3

1698 414 2231 473 PBOLEGOMENA.

3439 437 3544 490 ΔΗ

289 516 437 567 libras
459 515 573 567 illos
601 515 815 568 Iuliano
841 514 1074 573 Pomerio
1104 523 1328 586 ascribit,
1353 524 1431 577 his
1459 526 1653 579 verbis:
1676 545 1693 577 ι
1718 526 1858 579 Alios
1891 528 1936 584 Α
1967 527 2121 594 giosa:
2160 529 2421 583 sodalitati
2466 533 2695 601 defuncti
2741 535 2935 588 abbatis
2975 538 3083 591 loco
3114 539 3409 607 suffectum,
3445 562 3545 599 non

290 620 479 672 quoque
495 615 589 657 tres
613 605 768 659 libros
788 608 945 661 edidit
966 610 1231 676 defutura:
1253 616 1367 666 vita:
1388 613 1857 681 Contemplatione,

289 697 360 749 rel
382 700 596 751 actualis
624 704 1026 766 conversatione,
1064 722 1155 757 nec
1195 723 1293 759 non
1333 709 1483 759 etiam
1526 710 1589 761 de
1632 707 1783 759 Vitiis
1815 718 1860 759 et

297 786 613 841 Virtutibus:
648 809 666 840 ι
690 807 790 859 qua
826 803 956 845 certe
984 796 1266 848 recensione
1296 800 1456 850 omnis
1486 814 1662 865 aperte
1688 798 1859 850 distri-

290 882 420 934 butio
440 892 487 934 et
514 885 667 936 totius
697 895 939 937 tractatus
962 887 1104 939 istius
1147 900 1499 957 argumentum
1533 892 1856 954 describitur,

292 983 339 1022 ut
360 987 419 1023 e1:
440 972 556 1023 libri
570 973 702 1025 tertii
724 975 1023 1041 praefatione
1046 976 1231 1028 clarius
1252 978 1599 1045 perspicietur.
1625 977 1685 1029 2"
1712 976 1863 1029 Lau-

291 1069 437 1116 datus
475 1065 583 1133 jam
625 1064 928 1118 Sirmondus
956 1067 1175 1119 codicem
1216 1084 1311 1120 ms.
1346 1070 1529 1122 vidisse
1557 1086 1610 1122 se
1642 1080 1858 1122 testatur

290 1152 371 1220 qni
398 1155 561 1220 fuerat
590 1154 719 1206 alias
748 1155 810 1209 S.
852 1155 1131 1209 Saluatoris
1158 1158 1460 1211 vicecomitis
1480 1198 1496 1224 ,
1527 1171 1700 1224 postea
1741 1177 1855 1213 vero

292 1244 383 1310 fuit
424 1243 750 1295 illustrissimi
796 1245 1165 1312 doctiss'mique
1196 1247 1565 1317 archiepiscopi
1618 1248 1857 1303 Tolosani

292 1331 458 1384 Caroli
477 1334 538 1385 de
570 1332 852 1397 Montchal,
882 1335 935 1386 in
958 1352 1056 1403 quo
1102 1334 1221 1388 libri
1251 1337 1351 1400 illi,
1382 1337 1587 1390 Iuliani
1624 1338 1859 1393 Pomerii

288 1426 489 1477 nomine
509 1424 907 1492 prwtitulantur.
932 1425 996 1476 Et
1023 1428 1196 1479 eodem
1223 1427 1326 1494 fide
1358 1428 1657 1495 dignissimo
1690 1446 1861 1484 asser-

289 1530 424 1584 tore,
461 1521 513 1572 in
558 1518 863 1573 Collectione
914 1535 1167 1572 canonum
1214 1520 1401 1573 codicis
1446 1523 1851 1591 Andegavensis,

286 1620 461 1665 sancta
486 1610 742 1674 Pomerio,
767 1612 842 1663 sic
856 1612 986 1663 enim
1012 1619 1170 1675 vocat,
1198 1627 1377 1664 rursus
1397 1614 1717 1666 ascribuntur
1747 1625 1855 1667 tra-

284 1701 733 1755 ctacusillinostri.
764 1703 988 1754 Alterura
1012 1703 1223 1754 subinde
1244 1711 1447 1755 nactum
1474 1719 1526 1756 se
1548 1714 1761 1757 testatur
1791 1705 1853 1761 Ρ.

288 1792 589 1857 Qiusnetlus
632 1791 684 1844 in
732 1790 1032 1844 bibliotheca
1074 1792 1291 1844 abbatite
1341 1792 1498 1845 beata:
1559 1793 1743 1848 Maria:
1795 1798 1859 1850 de

287 1880 494 1949 Trappa
513 1921 527 1943 ,
557 1896 671 1948 qua:
700 1897 762 1932 ea;
796 1881 1005 1933 obscuro
1035 1882 1390 1933 monasteriola
1412 1882 1465 1935 in
1509 1884 1859 1937 numerosissi-

282 1987 419 2022 mum
464 1972 936 2041 sanctissimumque
981 1973 1275 2025 asceterium
1324 1973 1586 2041 derepente
1640 1976 1857 2028 evadens

280 2063 649 2132 religiosissimi
677 2064 867 2119 abbatis
901 2065 1071 2117 studio
1095 2082 1156 2117 ac
1197 2065 1397 2131 pietate,
1423 2082 1569 2118 suum
1599 2076 1745 2120 (etate
1773 2085 1859 2121 no-

279 2167 385 2209 stra
417 2154 702 2209 Gallicana:
742 2154 982 2209 Ecclesia:
1020 2155 1373 2221 Bernardum,
1418 2174 1561 2209 suam
1592 2156 1858 2212 Bernardo

279 2246 503 2299 reddidit
534 2246 738 2300 Clarum
772 2247 989 2302 Vallem.
1017 2247 1227 2301 Duobus
1248 2248 1383 2302 hisce
1411 2248 1624 2302 oculatis
1654 2251 1858 2306 testibus

278 2340 397 2390 addi
416 2356 469 2391 re
500 2340 643 2392 l'ceat
680 2341 880 2392 tertium
912 2357 1011 2393 non
1048 2341 1260 2393 minoris
1303 2342 1617 2393 auctoritatis
1660 2352 1850 2410 testem,

278 2429 471 2481 scilicet
524 2430 870 2483 doctissimum
919 2438 965 2484 et
1008 2431 1278 2483 clarissimi
1331 2432 1547 2484 nominis
1596 2442 1855 2485 auctorem

279 2518 607 2574 Bibliotheca:
639 2537 779 2573 navie
815 2532 1078 2573 auctarum
1107 2521 1591 2587 ecclesiasticarum,
1621 2525 1706 2591 qui
1731 2526 1856 2577 tomi

276 2611 355 2664 sui
378 2612 514 2663 tertii
537 2620 679 2679 parte
698 2617 917 2664 secanda
943 2621 1131 2675 monet,
1157 2613 1380 2667 audiisse
1408 2631 1461 2666 se
1488 2615 1538 2683 (a
1560 2616 1661 2681 fide
1689 2617 1854 2686 dignis

278 2699 457 2762 procul
478 2700 648 2766 dubia)
670 2701 918 2753 asservari
940 2702 1217 2753 etiamnum
1240 2703 1292 2754 in
1320 2702 1619 2756 bibliotheca
1640 2706 1854 2772 capituli

276 2790 491 2855 insignis
514 2788 755 2843 Ecclesia:
780 2789 1167 2857 Bellovacensis,
1188 2803 1522 2860 pervetustum
1554 2811 1647 2848 ms.
1682 2795 1730 2848 in
1754 2813 1852 2867 quo

275 2890 374 2934 tres
420 2881 533 2933 libri
578 2882 639 2932 de
694 2881 811 2934 Vita
850 2882 1236 2950 contemplativa
1273 2883 1474 2938 Iuliani
1523 2884 1747 2940 Pomerii
1797 2896 1851 2941 ut

274 2974 397 3024 certi
428 2973 651 3026 auctoris
671 2975 872 3025 nomine
898 2973 1260 3042 insigniunlur.

345 3063 460 3116 Nec
490 3065 619 3133 forte
645 3065 853 3117 alterius
880 3066 1050 3132 operis
1082 3063 1305 3117 Pamerii
1332 3067 1619 3121 meminisse
1641 3084 1847 3123 censen-

275 3156 368 3206 dus
400 3168 470 3207 est
496 3152 793 3207 Gennadius
833 3157 885 3207 in
921 3153 1167 3225 Catalago
1194 3155 1258 3208 de
1283 3156 1400 3209 viris
1424 3156 1727 3224 illustribus,
1759 3176 1846 3213 seu

1966 620 2106 671 inani
2139 622 2268 689 forte
2320 626 2609 693 conjectura
2653 628 2926 694 inferemus
2967 630 3114 683 illum
3144 632 3357 687 Juliano
3385 640 3545 708 magi-

1964 719 2070 762 stro
2100 713 2354 779 quondam
2385 729 2477 766 suo
2498 714 2593 767 hoc
2615 717 2667 767 in
2691 733 2897 770 munere
2920 734 3255 775 successorem
3284 725 3495 777 electum
3526 744 3542 778 :

1963 814 2106 863 quem
2136 800 2335 867 quidem
2358 801 2453 854 hoc
2483 812 2707 872 tempore
2716 806 2831 874 jam
2859 808 3007 861 annis
3027 826 3227 877 gravem
3257 814 3542 867 existimare

1963 904 2265 955 consequens
2301 893 2414 946 erit.
2451 893 2600 956 Quod
2641 897 2791 947 etiam
2844 897 2957 964 ipse
2976 900 3140 951 innuit
3169 900 3461 956 Gennadius
3489 908 3539 955 in

1962 978 2205 1047 Catalogo
2254 998 2370 1044 cap.
2402 984 2491 1048 98,
2543 1002 2689 1051 quem
2734 990 3037 1041 concinnans
3084 1001 3172 1042 aut
3211 994 3534 1061 amplificans

1963 1072 2097 1124 circa
2118 1090 2305 1127 annum
2334 1076 2469 1141 49i,
2500 1078 2568 1129 ait
2601 1094 2619 1130 :
2655 1084 2677 1128 ι’
2714 1078 2991 1147 Scripsisse
3036 1092 3083 1135 et
3128 1084 3229 1136 alia
3256 1086 3459 1147 dicitur,
3493 1098 3539 1139 et

1962 1161 2131 1213 adhuc
2157 1164 2488 1220 scribere.....
2518 1168 2633 1219 vivit
2657 1184 2811 1237 usque
2840 1168 2989 1223 hodie
3030 1176 3405 1227 conversatione
3434 1175 3538 1227 Deo

1962 1251 2139 1322 digna,
2166 1263 2285 1322 apta
2322 1258 2627 1323 professioni
2662 1267 2709 1309 et
2738 1258 2943 1327 gradui.
2984 1278 3003 1311 ι
3043 1261 3233 1324 Quibus
3260 1265 3418 1315 verbis
3449 1282 3538 1332 po-

1960 1344 2177 1407 stremis,
2200 1352 2248 1396 et
2276 1346 2634 1399 monac/tatam
2656 1347 2796 1399 illius
2818 1358 2863 1402 et
2886 1350 3222 1403 sacerdotium
3249 1354 3537 1422 designasse

1950 1432 2077 1501 jure
2107 1431 2359 1483 credetur.

2035 1520 2277 1590 Inscripti
2313 1532 2427 1575 sunt
2456 1533 2623 1575 autent
2663 1524 2778 1577 libri
2810 1526 2887 1577 illi
2923 1526 3135 1579 Iuliano
3163 1531 3418 1598 episcopi,
3449 1548 3501 1583 se

1960 1611 2211 1663 incertum
2243 1614 2393 1681 cujus
2432 1612 2562 1664 sedis
2592 1614 2744 1678 fuerit
2776 1615 3058 1684 episcopus.
3092 1616 3397 1671 Obscrt'alur
3418 1636 3537 1672 sane

1964 1700 2116 1769 hujus
2148 1702 2366 1753 nominis
2388 1702 2617 1770 pontifex
2647 1702 3120 1771 Carpentaratensis
3151 1709 3202 1760 in
3249 1707 3537 1778 Epaonenj

1964 1790 2177 1841 concilio
2207 1794 2327 1842 anni
2350 1793 2453 1845 517
2484 1791 2823 1861 subscriptus,
2851 1796 2932 1847 cui
2958 1805 3010 1847 ut
3042 1798 3135 1849 hoc
3163 1814 3288 1867 opus
3316 1800 3537 1851 dicatum

1893 1883 1938 1942 Β
1964 1879 2218 1945 iudicetur
2245 1896 2343 1931 non
2376 1880 2573 1933 videtur
2615 1884 2816 1936 obstare
2845 1895 2950 1937 tum
2978 1887 3108 1938 ratio
3138 1892 3405 1958 temporis,
3433 1901 3535 1942 tuin

1962 1970 2221 2039 regionum
2249 1970 2490 2022 distantia
2522 1988 2539 2023 :
2571 1973 2658 2025 sed
2681 1984 2731 2025 ut
2762 1986 2865 2026 erat
2894 1976 2988 2027 hac
3018 1993 3197 2030 nomen
3226 1981 3301 2031 his
3341 1982 3535 2033 sa'culis

1960 2074 2244 2126 commune,
2270 2060 2359 2114 alii
2382 2063 2531 2114 etiam
2552 2079 2659 2115 esse
2678 2073 2884 2133 potuere
2899 2064 3116 2131 Juliani,
3149 2085 3363 2137 quorum
3389 2069 3534 2121 alteri

1961 2151 2338 2205 lucubrationes
2381 2168 2497 2205 suas
2552 2165 2890 2223 nuncupasset
2937 2155 3225 2211 Pomerius.
3280 2158 3449 2224 Nam,
3491 2161 3533 2212 si

1960 2242 2085 2308 ﬁdes
2106 2242 2305 2295 auctori
2343 2241 2469 2294 Vita:
2493 2242 2552 2295 S.
2587 2242 2843 2295 Honorati
2863 2262 2976 2314 qua:
3007 2247 3382 2314 circumfertur,
3406 2252 3533 2302 sedit

1960 2335 2089 2387 inter
2144 2333 2387 2403 Forojuli
2418 2351 2529 2388 nses
2578 2336 2731 2407 hujus
2784 2340 3001 2390 nominis
3052 2341 3280 2410 pontifex
3328 2357 3347 2394 :
3387 2360 3531 2412 quem

1960 2440 2073 2476 cum
2095 2424 2185 2477 iste
2210 2424 2435 2494 ejusdem
2472 2423 2729 2478 Honorati
2760 2436 2805 2479 et
2836 2428 3067 2497 Caprasii
3098 2446 3162 2481 ex
3201 2429 3358 2482 Italia
3383 2433 3534 2484 redu-

1956 2530 2072 2566 cum
2104 2514 2349 2581 hospitem
2388 2524 2594 2578 narret;
2631 2525 2810 2568 auctor
2830 2518 3032 2571 dissert.
3077 2520 3138 2571 de
3170 2518 3338 2572 lnitiis
3367 2518 3534 2572 Foro-

1958 2608 2161 2674 juliens.
2192 2604 2450 2669 Ecclesiae,
2475 2607 2700 2659 eumdem
2715 2624 2828 2659 cum
2856 2609 3127 2675 Quillinio,
3148 2611 3214 2662 ad
3233 2628 3377 2679 quem
3400 2612 3532 2663 data:

1956 2708 2153 2751 exstant
2180 2697 2380 2766 Leporii
2402 2700 2778 2751 retractationis
2805 2700 3005 2765 litterie,
3030 2702 3187 2770 fuisse
3212 2706 3530 2773 conjecerat:

1954 2800 2006 2844 at
2032 2790 2148 2858 quia
2190 2789 2681 2843 consarcinatoribus
2715 2790 2933 2845 solemne
2973 2801 3044 2845 est
3083 2792 3374 2845 remotiores
3408 2803 3531 2845 tem-

1953 2898 2134 2952 porum
2170 2881 2387 2947 epochas
2414 2882 2747 2951 conjungere,
2782 2882 2857 2934 rel
2892 2883 3192 2950 coniunctas
3220 2883 3526 2946 distrahere,

1955 2973 2117 3042 potuit
2146 2972 2234 3024 ille
2262 2970 2529 3023 lulianum
2575 2972 2866 3041 episcopum
2887 2975 3017 3025 inter
3054 2972 3163 3026 hcec
3192 2982 3413 3043 tempora
3436 2975 3526 3025 tle-

1953 3061 2319 3129 prehendisse;
2363 3069 2474 3128 post
2514 3060 2826 3113 Victorinum
2872 3063 3069 3129 utique,
3118 3063 3204 3131 qui
3247 3079 3382 3115 anno
3420 3062 3526 3117 506

1950 3157 2225 3226 Agat/iensi
2251 3158 2461 3210 concilia
2489 3158 2719 3226 intenfuit
2749 3158 3031 3227 :cujusque
3045 3168 3207 3211 exstat
3223 3158 3437 3226 epistola
3459 3160 3525 3211 ad

273 3248 333 3299 de
352 3246 704 3299 ecclesiasticis
728 3247 1077 3314 scriptoribus,
1099 3264 1213 3299 cum
1235 3250 1477 3301 recensita
1498 3264 1647 3315 opere
1676 3252 1724 3303 in
1746 3268 1844 3321 quo
1874 3234 1921 3296 (ἶ
1952 3247 2219 3301 Ruricium
2250 3247 2669 3313 Lemovicensem,
2694 3258 2739 3301 et
2770 3249 2915 3301 istius
2945 3250 3013 3301 ad
3053 3249 3381 3303 Victorinum.
3416 3250 3524 3303 ls'o

273 3345 456 3388 auctor
484 3337 571 3388 ille
611 3336 1034 3406 interrOgantibus
1070 3349 1115 3390 et
1149 3338 1443 3407 rogantibus
1484 3338 1695 3393 Iuliano
1742 3342 1847 3409 cpi-

272 3443 427 3495 scopo
454 3437 501 3479 et
537 3427 666 3479 Vero
681 3430 988 3498 presbytero,
1009 3430 1325 3500 dialogorum
1341 3447 1479 3484 more
1499 3434 1809 3497 respondens
1829 3450 1849 3497 ;

272 3528 380 3569 arte
428 3518 693 3570 dialectica
723 3526 780 3571 et'
809 3535 1035 3571 sermone
1074 3521 1275 3586 ingenio
1311 3531 1428 3591 apto
1477 3525 1759 3591 composuit
1786 3524 1849 3577 de

275 3608 479 3661 Natura
498 3612 683 3662 aniinae
702 3623 748 3663 et
767 3610 1027 3675 Qualitate
1045 3612 1177 3679 ejus,
1196 3620 1316 3677 ctc.,
1341 3612 1492 3665 libros
1514 3624 1655 3677 octo;
1678 3616 1847 3668 subdit

273 3702 567 3755 Gennadius
594 3719 612 3755 :
645 3722 661 3753 ι
701 3703 911 3754 Memini
933 3703 1110 3771 legisse
1132 3719 1207 3755 me
1234 3704 1353 3755 olim
1377 3705 1486 3773 ejus
1508 3706 1751 3757 dictatum
1778 3708 1845 3757 al

276 3793 546 3860 quemdam
574 3795 772 3847 nomine
808 3792 1151 3861 Principium,
1179 3803 1302 3861 etc.,
1325 3802 1370 3846 et
1397 3796 1575 3861 alium,
1603 3800 1664 3849 de
1696 3796 1846 3849 Vitiis

269 3892 313 3933 et
338 3882 624 3935 Virtutibus
659 3884 1043 3950 pratitulatum.
1076 3900 1095 3932 ι

338 3972 453 4026 Nec
480 3975 660 4027 inutile
689 3976 779 4027 erit
811 3977 891 4027 hic
917 3975 1111 4043 aliquid
1137 3975 1287 4026 etiam
1315 3976 1375 4025 de
1394 3973 1596 4028 Iuliani
1622 3976 1844 4031 Pomerii

268 4064 405 4130 fama
429 4068 748 4134 fortunisque
787 4066 999 4118 breviter
1038 4066 1264 4134 pra'fari.
1300 4065 1421 4118 Fuit
1451 4083 1602 4136 porro
1632 4070 1714 4121 hic
1748 4068 1844 4123 Ju-

267 4156 434 4208 lianus
469 4155 763 4219 Pomeiius,
798 4158 919 4209 dum
944 4158 1048 4209 lucc
1071 4158 1292 4226 scripsit,
1318 4173 1380 4211 ex
1400 4158 1659 4212 rhetoricis
1689 4160 1842 4213 disci-

266 4248 315 4310 pl
339 4248 417 4300 nis
447 4249 515 4300 ad
553 4250 911 4302 ecclesiasticos
938 4250 1127 4319 gradus
1168 4260 1439 4319 provectus
1469 4266 1487 4304 :
1514 4267 1669 4321 neque
1705 4253 1840 4305 enim

265 4339 465 4389 credere
487 4354 581 4407 par
600 4350 673 4390 est
695 4338 960 4392 lulianum
983 4341 1296 4409 episc0pum,
1321 4344 1469 4411 cujus
1479 4344 1630 4409 jussu
1649 4342 1838 4410 stylum

263 4426 508 4492 arripuit,
538 4440 797 4481 auctorem
826 4428 906 4481 illi
942 4428 1120 4498 fuisse,
1154 4439 1207 4481 ut
1240 4432 1301 4483 de
1335 4432 1634 4485 clericorum
1660 4433 1837 4500 officiis

264 4524 494 4568 tractaret
524 4530 791 4588 antequam
813 4534 871 4571 eo
899 4519 1063 4588 gradu
1092 4530 1271 4573 auctus
1300 4530 1447 4585 esset,
1481 4522 1562 4572 cui
1606 4520 1835 4575 Ecclesia

264 4607 626 4674 magisterium,
648 4618 694 4659 et
724 4609 941 4661 aliorum
972 4610 1333 4661 institutionem
1361 4611 1623 4678 permittit.
1659 4611 1762 4663 Sed
1784 4622 1829 4664 et

264 4695 553 4748 Gennadius
581 4696 717 4749 hunc
757 4699 1099 4766 presbyterum
1139 4699 1433 4751 ordinatum
1468 4700 1645 4755 tradit.
1676 4698 1831 4753 Hanc

263 4782 525 4840 Ennodius
548 4787 828 4842 Ticinensis
853 4790 1119 4857 episcopus
1159 4789 1409 4858 exquisite
1440 4789 1619 4842 laudat
1649 4789 1739 4843 lib.
1770 4806 1828 4856 tt,

258 4877 637 4947 epist.6,quam
663 4880 761 4945 ipsi
790 4879 1035 4944 inscribit,
1059 4879 1145 4931 ubi
1164 4879 1271 4932 ha'c
1292 4880 1383 4932 sub
1405 4880 1555 4947 finem
1579 4895 1597 4933 :
1627 4900 1644 4932 ι
1677 4880 1831 4934 Nune

258 4969 382 5030 ra'e,
414 4970 481 5019 mi
520 4971 742 5034 domine,
788 4982 833 5022 et
864 4971 999 5022 circa
1030 4986 1107 5022 me
1153 4969 1506 5023 ecclesiastica:
1542 4971 1831 5041 disciplima

256 5060 419 5126 magis
447 5076 620 5113 exerce
657 5062 924 5129 fautorem,
958 5080 975 5111 ι
1006 5072 1101 5116 etc.
1134 5062 1213 5113 Ad
1243 5062 1472 5115 eumdem
1517 5062 1668 5115 etiam
1697 5063 1827 5115 duas

255 5151 492 5217 epistolas
543 5154 878 5206 transmisisse
923 5154 1105 5222 legitur
1148 5152 1384 5205 Ruricius
1434 5151 1823 5205 Lenioricensis.

255 5242 394 5295 Nam
418 5254 461 5296 et
490 5245 599 5311 ipse
631 5244 880 5298 JEonium
913 5247 1255 5299 Arelatensem
1284 5256 1450 5314 rogat,
1485 5245 1573 5298 lib.
1606 5261 1664 5312 ll,
1707 5261 1823 5312 Cap.

252 5334 302 5397 8,
328 5346 378 5386 ut
406 5334 693 5388 Pomerium
718 5337 783 5389 ad
811 5353 861 5389 se
889 5340 1055 5389 venire
1080 5338 1277 5407 jubeat.
1312 5336 1468 5389 Hunc
1499 5346 1671 5390 autem
1706 5352 1822 5389 cum

250 5432 368 5476 tunc
396 5426 621 5479 abbatem
659 5428 909 5494 appellet,
940 5439 1234 5497 argumento
1277 5436 1347 5480 est
1380 5444 1497 5481 eum
1526 5430 1588 5479 ab
1623 5425 1819 5480 /Eonio

251 5518 539 5569 monasterii
572 5518 824 5586 regimini,
867 5530 976 5587 post
1008 5520 1248 5589 adeptum
1273 5518 1640 5572 sacerdotalem
1679 5521 1822 5572 ordi-

248 5625 359 5659 nem
381 5611 535 5673 fuisse
556 5612 901 5679 prtcpositum,
923 5611 1345 5679 quemadmodum
1362 5610 1571 5679 ipsemet
1593 5610 1824 5677 pontifex

246 5704 522 5757 Cresarium
549 5708 653 5772 iant
674 5706 864 5775 factum
894 5708 1234 5774 presbyterum
1267 5706 1559 5757 monasterii
1586 5704 1819 5757 abbatem

246 5798 439 5856 pariter
470 5798 811 5852 constituerat.
852 5798 985 5851 Dum
1020 5814 1131 5852 vero
1163 5798 1346 5852 dicitur
1385 5798 1664 5854 Cius-arium
1692 5798 1816 5853 reli.

1949 3348 2119 3391 autem
2163 3337 2422 3408 Forojulii
2466 3339 2685 3405 sedente,
2709 3337 2976 3391 lulianum
3004 3341 3275 3409 provincia:
3294 3342 3524 3409 regiones

1950 3430 2297 3493 collustrasse,
2328 3436 2373 3480 et
2396 3445 2511 3481 cum
2544 3429 2932 3489 provincialibus
2978 3432 3365 3483 necessitudines
3393 3448 3521 3484 con-

1949 3509 2162 3571 traxisse
2198 3517 2481 3588 singulares
2525 3518 2766 3584 probatur
2806 3520 2858 3571 in
2897 3518 3114 3574 Secretis
3150 3519 3517 3573 Lirinensibus.

1950 3606 2032 3659 EI.
2061 3608 2156 3659 hac
2175 3616 2341 3659 autem
2366 3610 2475 3677 ejus
2501 3607 2555 3659 in
2590 3607 2668 3659 his
2697 3608 2924 3675 partibus
2968 3610 3347 3675 consuetudine,
3380 3610 3519 3663 haud

1948 3701 2099 3753 dubie
2144 3701 2364 3770 afflatum
2419 3701 2498 3753 illi
2555 3701 2896 3769 opinationem
2933 3702 3181 3767 suspicari
3230 3714 3519 3772 promptam

1948 3800 2042 3854 est,
2086 3808 2185 3859 qua
2211 3808 2273 3845 ea:
2315 3792 2455 3843 citati
2483 3789 2674 3843 lsidori
2714 3792 2996 3844 testimonio
3024 3791 3289 3856 discimus,
3330 3809 3441 3845 eum
3468 3794 3519 3845 in

1946 3891 2059 3933 octo
2081 3881 2223 3934 libris
2245 3882 2307 3933 de
2329 3881 2531 3934 Natura
2551 3883 2734 3933 anima:
2754 3897 2880 3949 quos
2903 3882 3219 3948 conscripsit,
3244 3883 3517 3935 secundum

1947 3971 2249 4023 Tertulliani
2274 3973 2526 4024 erroribus
2554 3971 2913 4039 labefactasse,
2945 3971 3067 4022 dum
3096 3986 3204 4023 eam
3225 3986 3518 4035 corpoream

1945 4061 2214 4131 fallacibus
2254 4064 2407 4114 etiam
2452 4061 2761 4129 argumentis
2803 4067 3029 4111 astruere
3070 4060 3345 4113 contendit.
3378 4058 3516 4111 Nam

1944 4164 2049 4207 tum
2082 4170 2265 4222 magna
2302 4156 2452 4223 fama:
2492 4151 2645 4204 laude
2683 4149 3024 4203 celebrabatur
3068 4148 3293 4203 Faustus
3336 4166 3515 4203 mona-

1942 4247 2078 4300 sterii
2096 4244 2395 4308 Lirinensis,
2410 4245 2460 4295 iu
2477 4242 2822 4311 Forojuliensi
2836 4240 3089 4293 territorio
3103 4249 3212 4307 post
3230 4238 3514 4293 Maximum

1944 4337 2204 4391 Reiensem
2226 4347 2333 4388 tum
2363 4335 2674 4403 episcopum,
2706 4330 2992 4397 abbas;qui
3012 4329 3213 4399 quidem
3254 4331 3515 4383 sententia:

1942 4443 2067 4495 pene
2093 4425 2404 4493 consepulta:
2434 4426 2623 4477 cineres
2661 4421 2908 4475 suscitare
2936 4435 3037 4472 non
3066 4418 3369 4486 detrectans,
3402 4435 3516 4473 eam

1940 4520 2092 4571 etiam
2118 4518 2317 4585 scriptis
2342 4517 2482 4570 libris
2520 4516 2706 4567 acriter
2727 4512 3009 4581 defendisse
3028 4512 3315 4581 perhibetur
3346 4527 3363 4565 :
3392 4528 3514 4564 con-

1941 4621 2018 4663 tra
2049 4626 2194 4677 quem
2219 4625 2281 4661 ex
2307 4610 2513 4659 adverso
2541 4606 2673 4659 stetit
2718 4603 3029 4658 Claudianus
3079 4601 3376 4656 Viennensis
3415 4602 3513 4655 Ec-

1938 4704 2104 4757 clesite
2121 4704 2400 4770 presbyter,
2425 4701 2619 4767 litisque
2636 4698 2901 4751 arbitrium
2921 4712 2973 4749 se
2996 4695 3109 4766 legit
3131 4693 3513 4763 Pra'feclorium

1944 4794 2259 4853 Patricium,
2308 4790 2657 4845 doctissimum
2699 4789 2897 4852 virum,
2940 4795 2984 4838 et
3034 4796 3138 4851 apt.
3181 4782 3239 4837 C.
3289 4783 3510 4838 Sollium

1941 4885 2211 4940 Sidonium
2242 4899 2261 4937 :
2282 4885 2358 4936 his
2398 4882 2532 4935 enim
2561 4880 2863 4943 nominibus,
2902 4878 2953 4930 in
2985 4875 3201 4943 epistola
3242 4876 3381 4928 libris
3407 4878 3509 4928 suis

1942 4978 2153 5045 praeﬁxa
2185 4976 2331 5027 illum
2371 4972 2618 5025 convenit.
2664 4969 2921 5022 Arbitrum
2966 4968 3109 5018 illum
3137 4974 3305 5019 autem
3336 4966 3511 5017 statuit

1937 5067 2133 5121 Fausto
2159 5069 2273 5119 licet
2300 5064 2678 5123 amicissimum,
2708 5060 2794 5113 sed
2820 5060 2905 5127 qui
2932 5058 3221 5110 amiciorem
3262 5055 3357 5109 sibi
3384 5056 3511 5108 veri-

1935 5170 2085 5213 tatem
2116 5157 2239 5212 satis
2286 5154 2539 5207 cumulate
2585 5160 2793 5203 testatus
2819 5165 2922 5202 esse
2960 5149 3177 5210 videtur,
3208 5146 3329 5197 dum
3357 5145 3509 5197 libros

1933 5254 2072 5319 illos,
2107 5262 2178 5304 tot
2214 5249 2473 5320 exquisisis
2502 5242 2767 5316 pra'coniis
2795 5240 3056 5294 celebravit
3082 5238 3135 5290 in
3155 5253 3247 5289 sua
3277 5236 3421 5289 tertia
3442 5236 3510 5287 ad

1933 5345 2277 5399 Claudianum
2300 5338 2447 5408 epist.
2483 5338 2569 5389 lib.
2597 5350 2671 5387 Iv.

2006 5434 2254 5487 thterum
2285 5447 2405 5485 suos
2436 5431 2498 5481 de
2528 5428 2708 5479 Anima
2764 5423 2917 5476 libros
2966 5418 3255 5481 Pomerius,
3287 5420 3355 5470 ad
3374 5420 3508 5487 ejus-

1932 5525 2269 5580 demJuliani
2292 5520 2537 5589 episcopi,
2569 5519 2651 5571 cui
2682 5516 2835 5569 libros
2878 5515 2941 5566 de
2974 5512 3088 5566 Vita
3118 5509 3369 5576 conterrth
3406 5509 3508 5560 tiva

1930 5616 2204 5683 inscripsit,
2240 5611 2531 5678 petitionem
2563 5608 2797 5677 digessit,
2821 5605 2994 5657 eodem
3024 5608 3274 5652 assertore
3304 5596 3508 5650 Genna-

1928 5708 2035 5769 dio,
2062 5705 2148 5774 qui
2170 5703 2332 5756 alium
2360 5701 2705 5769 presbyterum
2728 5699 2925 5750 nomine
2948 5693 3129 5745 Verum
3145 5700 3388 5742 memorat
3414 5691 3506 5742 lm-

1924 5797 2008 5868 jus
2034 5799 2194 5871 operis
2215 5794 2396 5851 edendi
2422 5788 2760 5844 cumJuliano
2783 5792 3145 5853 proauctorem.
3167 5781 3329 5847 Atque
3342 5782 3403 5837 de
3417 5783 3507 5835 hoc
