4016 6168
456 383 560 436 415

1853 380 2110 434 Nil.lei
2157 380 2432 436 ιιολιΕιὶιι
3602 391 3698 446 H5

465 494 593 564 Vero
620 510 735 546 cum
755 492 850 546 huc
877 510 1030 563 usque
1061 494 1142 546 via:
1170 494 1438 563 quidquam
1465 495 1871 562 deprehendatur
1917 497 2027 546 aui-
2060 499 2106 556 Α
2139 508 2219 548 tur
2248 496 2460 565 pra’sul,
2494 513 2641 566 quem
2671 498 2732 549 ab
2758 499 2852 551 isto
2881 508 3053 551 nostro
3083 499 3330 552 diversum
3355 516 3460 554 esse
3489 502 3571 554 vix
3597 518 3698 555 cre-

457 586 772 638 madversum
793 627 807 649 ,
833 601 930 637 non
959 585 1087 652 forte
1115 583 1384 653 infeliciter
1409 585 1692 652 conjectum
1727 584 1790 637 ab
1828 593 2033 639 auctore

458 677 824 728 dissertationis
853 676 1078 744 septimw
1109 675 1172 727 de
1215 677 1490 742 suppositis
1523 674 1585 729 S.
1624 673 1877 742 Prospero
1905 676 2033 727 scri-

459 768 559 833 ptis
588 778 633 819 et
681 767 972 819 tractatibus
996 808 1010 832 ,
1051 767 1237 819 Verum
1265 768 1414 818 istum
1446 769 1509 820 ab
1536 783 1595 820 eo
1633 783 1733 819 non
1778 767 2034 819 diversum

459 873 596 920 esse,
628 873 771 924 quem
804 867 905 908 tam
937 858 1199 926 exquisitis
1243 858 1506 922 prwconiis
1549 861 1873 909 commendat
1913 855 2037 910 Sal-

459 946 640 999 vianus
670 947 721 999 in
748 946 957 1016 epistola
985 964 1078 998 sua
1125 948 1358 1015 septima,
1399 947 1561 1000 eidem
1603 957 1646 999 et
1679 947 1816 1015 Apro
1844 947 2030 998 inscri-

462 1046 549 1106 pta
577 1052 596 1089 :
619 1053 731 1106 qua:
755 1039 958 1106 quidem
989 1048 1128 1091 tanto
1157 1040 1400 1108 majorem
1444 1039 1538 1090 viri
1580 1037 1918 1091 celebritatem
1946 1053 2034 1090 ar-

462 1139 640 1196 guunt,
683 1139 871 1196 quanto
904 1130 1069 1197 major
1107 1130 1214 1198 ipse
1253 1128 1546 1191 Salvianus,
1581 1138 1627 1179 et
1659 1132 1711 1180 in
1757 1128 1835 1180 his
1886 1128 2034 1179 etiam

463 1215 698 1270 laudibus
745 1225 947 1287 parcior
973 1221 1131 1288 fuisse
1160 1219 1374 1270 videtur.
1425 1217 1528 1272 Sed
1559 1220 1665 1270 lucc
1708 1234 1906 1283 rursus,
1949 1233 2036 1270 seu

463 1306 751 1375 Iulianum,
781 1326 869 1363 seu
911 1307 1092 1363 Verum
1119 1320 1260 1363 extra
1285 1310 1633 1378 provinciam,
1661 1310 1738 1362 vel
1765 1313 1878 1378 ejus
1919 1309 2040 1361 vici-

467 1400 600 1450 niam
631 1400 929 1467 quterendos
960 1418 1055 1452 non
1088 1417 1195 1453 esse
1210 1402 1332 1452 satis
1361 1409 1650 1468 arguerent.
1682 1401 1745 1451 At
1783 1414 1874 1467 pro
1905 1397 2035 1452 Vero

467 1490 598 1543 illud
621 1491 776 1543 etiam
803 1495 970 1562 majus
997 1493 1235 1556 occurrit,
1260 1491 1395 1558 quod
1440 1492 1571 1543 inter
1600 1493 1707 1543 ha’c
1736 1499 1962 1556 tempora
1985 1491 2037 1543 in

2140 591 2337 655 dibile;
2368 607 2467 643 non
2510 592 2600 644 illo
2627 593 2862 660 quidem,
2897 596 3044 663 cujus
3093 610 3272 646 nomen
3316 595 3609 664 inscriptum
3639 599 3705 650 le-

2138 684 2304 748 ginnas
2352 683 2579 749 epistola:
2611 685 2998 751 provincialium
3031 687 3380 752 episcoporum
3404 691 3471 739 ad
3496 687 3706 742 Leonem

2137 788 2230 840 pro
2278 773 2648 825 instauratione
2701 775 2901 843 jurium
2949 776 3256 828 Arelatensis
3303 777 3526 844 cpismpi
3575 781 3705 843 (cum

2139 871 2326 914 constet
2357 860 2664 926 Eutropium
2690 862 3050 914 Arausicanum
3077 867 3365 928 episcopum
3394 864 3512 916 Veri
3543 867 3711 920 deces-

2139 966 2299 1002 sorem
2322 951 2496 1004 sa'culi
2518 953 2676 1017 quinti
2703 953 2921 1006 mediam
2950 965 3147 1018 partem
3186 961 3623 1022 pra'terg'essum,
3656 957 3707 1001 ut

2138 1041 2223 1109 qui
2247 1039 2310 1092 ab
2333 1039 2519 1094 Hilaro
2544 1042 3011 1109 ponti/icevttaatimo
3032 1059 3122 1094 nec
3173 1058 3270 1093 non
3304 1060 3334 1094 a
3363 1041 3578 1094 Sidonio
3598 1043 3709 1107 jam

2141 1131 2373 1198 episcOpo
2392 1131 2583 1182 litteras
2595 1131 2908 1199 susceperit),
2926 1136 3012 1184 sed
3025 1135 3113 1183 illo
3135 1132 3289 1191 Vero,
3307 1133 3389 1195 qui
3405 1144 3511 1197 post
3530 1131 3710 1183 Eutro-

2143 1219 2280 1286 pium
2308 1220 2456 1282 sedit,
2485 1220 2576 1272 hoc
2589 1232 2795 1273 exeunte
2823 1222 3025 1283 sa'culo,
3050 1226 3194 1291 cujus
3224 1231 3269 1274 et
3303 1221 3471 1273 Vitam
3492 1224 3704 1290 scripsit,

2145 1316 2268 1361 teste
2297 1309 2581 1378 Sigeberto.
2613 1307 2767 1362 Istius
2797 1311 2932 1362 enim
2981 1312 3166 1379 optime
3193 1312 3448 1363 concurrit
3478 1313 3710 1378 temporis

2143 1401 2331 1465 epoclte
2359 1399 2684 1453 cumJuliani
2708 1418 2767 1453 ac
2800 1401 3050 1466 Salviani,
3081 1420 3111 1454 a
3141 1402 3320 1470 quibus
3360 1403 3596 1455 laudatur
3620 1420 3704 1473 qe-

2143 1495 2253 1545 stis.
2289 1493 2351 1545 Et
2379 1494 2485 1545 hwc
2511 1494 2710 1558 quidem
2734 1494 2786 1545 in
2813 1494 2994 1546 librum
3013 1495 3240 1562 proxime
3255 1493 3617 1564 sulj’ciendum
3650 1506 3707 1545 ex

2145 1583 2550 1636 doctissimorum
2585 1584 2871 1636 criticorum
2901 1585 3101 1652 scriptis
3135 1585 3318 1637 inserta
3345 1584 3606 1652 sufﬁciant.

465 1581 895 1634 Ara-tsicanorum
920 1584 1190 1650 primulum
1213 1586 1358 1646 serie,
1388 1584 1604 1636 nominis
1627 1584 1778 1647 huius
1807 1583 2037 1637 observe-

488 1711 3640 1730 mm

1372 1839 2012 1942 JULIANI

2143 1837 2803 1940 ΡΟΜΕΙΠΙ

791 2053 1056 2193 DE
1147 2049 1615 2199 VITA
1715 2045 3400 2195 CONTEMPLATIVA

1855 2273 2066 2334 LIBRI
2109 2272 2330 2332 TBES.

1496 2525 1964 2632 LIBER
2045 2479 2693 2632 pmMU's.

1080 2684 1459 2740 PROLOGUS.

548 2782 598 2835 1.
646 2779 745 2833 Diu
776 2779 1089 2846 multumque
1137 2778 1328 2830 renisus
1360 2792 1470 2828 sum
1521 2774 1765 2827 voluntati
1817 2783 1944 2836 tum,
1979 2775 2048 2825 mi

480 2873 684 2924 tloin'ne
704 2869 1072 2923 studiosissime
1093 2868 1390 2938 pontificum
1407 2866 1643 2928 .lnliane;
1665 2881 1764 2918 non
1788 2866 1917 2918 velut
1933 2881 2045 2930 per-

476 2962 708 3014 tinaciter
727 2961 909 3024 durus,
939 2960 1025 3012 sed
1055 2960 1274 3026 proprite
1295 2957 1714 3029 impossibilitatis
1737 2956 2047 3011 admonitus.

487 3051 761 3106 Videbatur
785 3052 918 3104 enim
957 3048 1114 3116 mihi,
1141 3059 1186 3102 et
1206 3050 1327 3119 jure
1355 3049 1568 3119 forsitan
1598 3046 1881 3112 videbatur,
1914 3049 2051 3117 quod

479 3145 627 3194 etiam
659 3143 753 3212 ipsi
779 3141 1224 3211 prtesumptionem
1255 3155 1415 3193 uuam
1448 3140 1732 3207 potuissetis
1754 3139 2052 3208 improvidae

479 3235 769 3287 temeritatis
797 3249 1028 3304 arguere,
1083 3235 1125 3286 si
1159 3243 1347 3286 tantam
1391 3249 1528 3298 rem,
1569 3247 1685 3302 qua:
1732 3232 1900 3298 utique
1928 3244 2052 3284 esset

479 3341 688 3390 operose
737 3328 1022 3390 tractanda,
1072 3323 1222 3393 facile
1266 3340 1326 3375 ac
1365 3325 1472 3376 sine
1527 3323 1636 3376 ulla
1693 3321 2054 3375 deliberatione

478 3424 503 3450 ει
529 3416 834 3480 susciperem
857 3431 874 3467 :
901 3431 1016 3466 cum
1044 3431 1119 3468 me
1145 3423 1394 3481 oporteret
1417 3415 1556 3480 prius
1577 3413 1736 3480 ipsius
1763 3413 1834 3463 rei
1854 3412 2055 3479 pondus

479 3506 614 3558 unde
635 3507 900 3558 dicendum
925 3507 1074 3572 foret,
1106 3507 1382 3575 expendere
1403 3505 1572 3574 [Alius
1592 3502 1865 3572 experiri];
1889 3511 1936 3556 et
1958 3503 2051 3568 sic,

475 3597 753 3667 adjuvante
794 3596 1032 3661 Domino,
1061 3597 1106 3649 si
1125 3599 1252 3649 vires
1290 3597 1510 3665 facultas
1554 3595 1813 3665 explorata
1844 3596 2056 3662 proruit-

479 3693 627 3749 teret,
675 3685 742 3737 ad
789 3685 884 3738 hoc
932 3687 1301 3756 arripiendnm,
1332 3687 1465 3754 quod
1505 3686 1743 3752 juberetis
1796 3685 2051 3738 accedere.

484 3779 531 3832 11
541 3781 582 3832 is
611 3788 656 3832 ct
679 3778 864 3832 talibus
893 3780 1108 3832 sollicita
1135 3778 1540 3832 consideratione
1564 3778 1855 3847 perspectis,
1885 3793 2058 3829 neces—

481 3873 670 3924 sarium
689 3873 841 3937 duxi,
891 3883 944 3924 ut
980 3888 1057 3924 me
1095 3871 1395 3935 aliquandiu
1435 3888 1464 3922 a
1503 3870 1752 3923 scribendi
1807 3885 2055 3939 prensum-

485 3964 650 4027 ptione
689 3962 1062 4032 suspxnderem.
1114 3961 1216 4016 Sed
1255 3963 1375 4032 quia
1407 3963 1534 4013 sicut
1560 3960 1830 4032 cogitanda
1852 3961 1948 4030 fuit
1977 3960 2054 4013 in-

2079 2687 2120 2743 B
2151 2685 2233 2735 bat
2255 2726 2271 2748 ,
2297 2684 2432 2747 quod
2450 2698 2748 2752 magnarum
2773 2697 2946 2735 rerum
2976 2697 3188 2754 magnus
3213 2683 3318 2750 ipse
3347 2691 3553 2735 conatus
3572 2694 3715 2747 esset,

2150 2777 2345 2830 etiamsi
2391 2776 2560 2828 nullus
2615 2785 2635 2813 ε
2684 2777 3024 2843 disputantem
3062 2784 3349 2845 sequeretur
3375 2774 3600 2842 effectus.
3636 2775 3714 2830 Si~

2152 2869 2352 2936 quidem
2391 2869 2785 2920 necessariarum
2816 2868 3047 2920 tractatio
3089 2867 3455 2936 qutes:ionum,
3495 2866 3586 2919 etsi
3621 2882 3714 2918 non

2152 2959 2349 3014 instruit
2379 2957 2405 2996 ιι
2434 2975 2533 3012 non
2567 2958 2870 3013 invenientis
2885 2958 3018 3030 quod
3043 2959 3220 3028 quierit
3249 2958 3498 3021 animum,
3529 2967 3718 3010 exercet

2152 3053 2328 3104 saltem
2343 3051 2607 3118 qutcrentis
2627 3053 2920 3121 ingenium:
2945 3061 2995 3103 ut
3026 3062 3111 3104 aut
3140 3052 3330 3104 noverit
3357 3067 3409 3104 se
3427 3051 3716 3119 querrerido,

2153 3157 2200 3198 et
2225 3144 2351 3196 nihil
2379 3145 2672 3197 inveniendo
2698 3145 2886 3197 nescire
2909 3144 3046 3212 quod
3066 3160 3118 3197 se
3139 3144 3268 3213 forte
3303 3159 3447 3195 nosse
3477 3157 3719 3210 praesum-

2156 3246 2368 3306 pserat;
2413 3246 2455 3288 et
2509 3236 2813 3305 ignorantia:
2856 3252 2962 3289 sua:
3009 3245 3363 3303 consequenter
3409 3233 3719 3293 admonitus,

2154 3327 2289 3396 quod
2316 3328 2409 3379 sibi
2433 3327 2602 3379 deesse
2621 3326 2819 3390 viderit,
2847 3337 3074 3396 quterat;
3101 3325 3235 3393 quod
3261 3324 3500 3376 invenerit
3531 3332 3720 3382 teneat;

2156 3429 2201 3470 et
2227 3419 2360 3486 quod
2391 3419 2622 3482 tenuerit,
2653 3426 2676 3455 °
2705 3426 3072 3486 perseveranter
3098 3423 3323 3468 exerceat
3347 3427 3366 3467 :
3393 3422 3477 3464 aut
3519 3414 3563 3464 si
3591 3410 3720 3478 quod

2157 3509 2250 3562 sibi
2281 3511 2342 3562 de
2394 3509 2576 3561 divinis
2624 3508 2830 3560 Litieris
2858 3506 3172 3574 propositum
3213 3510 3412 3576 fuerat,
3459 3504 3722 3556 salubriter

2156 3608 2397 3665 tractare,
2432 3609 2478 3653 et
2509 3599 2806 3667 sufﬁcienter
2827 3597 3076 3664 explicare
3107 3594 3124 3633 ί
3158 3595 3408 3665 potuerit;
3440 3611 3536 3646 non
3567 3593 3630 3645 de
3650 3594 3723 3644 in-

2157 3693 2388 3744 ventione
2414 3699 2439 3737 8
2472 3690 2695 3743 veritatis
2733 3690 2958 3753 inﬂetur,
3005 3687 3095 3741 sed
3140 3689 3190 3739 in
3219 3686 3454 3750 Domino,
3497 3685 3581 3752 qui
3615 3700 3723 3736 eum

2157 3783 2295 3835 intus
2325 3780 2661 3843 i.'luminavit,
2710 3787 2764 3831 ut
2804 3775 2830 3814 ¹ι
2865 3777 3203 3830 illuminanda
3232 3783 3578 3845 cognosceret,
3623 3773 3724 3839 glo-

2158 3874 2336 3926 rietur.
2373 3869 2791 3937 Quandoquidem
2835 3867 3043 3919 scientia
3093 3867 3220 3918 sicut
3270 3866 3377 3916 sine
3416 3863 3552 3915 dono
3607 3859 3724 3920 Dei,

2161 3966 2300 4035 quot!
2332 3973 2402 4017 est
2448 3962 2655 4024 caritas,
2685 3961 2852 4028 inﬂat,
2897 3959 2967 4010 ita
2988 3957 3032 4009 si
3074 3956 3118 4009 ei
3146 3955 3329 4008 caritas
3358 3953 3722 4012 admisceatur,

485 4054 645 4121 junc.i
688 4055 855 4122 operis
903 4055 1190 4122 difficultas,
1216 4053 1287 4104 ita
1319 4054 1530 4123 cogitari
1555 4052 1722 4106 debuit
1747 4053 2054 4123 injungcntis
2081 4043 2128 4104 C
2159 4056 2380 4122 nidificat
2420 4051 2470 4123 (I
2505 4050 2623 4105 Cor.
2655 4049 2791 4118 vnn).
2826 4050 2895 4102 Ac
2925 4064 3014 4119 per
3058 4047 3187 4110 hoc,
3237 4047 3325 4112 qui
3365 4045 3428 4098 de
3464 4045 3570 4096 Deo
3597 4043 3725 4110 loqui

478 4146 777 4210 auctoritas,
805 4162 892 4199 nec
913 4144 1050 4199 volui
1070 4186 1084 4210 ,
1119 4161 1210 4199 nec
1232 4145 1380 4200 debui
1411 4162 1764 4215 usquequaque
1801 4147 2050 4207 resistere,

483 4247 649 4288 certus
671 4237 806 4304 quod
859 4237 986 4289 vires
1012 4253 1146 4288 meas
1195 4238 1353 4290 multo
1406 4238 1626 4306 amplius
1659 4239 1926 4308 adjuvaret
1967 4247 2055 4289 tua

485 4328 819 4397 pra'cipientis
844 4329 1028 4395 oratio,
1074 4345 1228 4397 quam
1255 4340 1484 4396 gravaret
1509 4327 1671 4398 ipsius
1700 4329 1926 4381 materia:
1949 4344 2057 4380 ma-

481 4419 716 4490 gnitudo.
771 4417 967 4471 Deinde
997 4419 1085 4471 ila
1118 4419 1455 4472 consideratio
1488 4423 1714 4471 animum
1756 4435 1923 4472 meum
1951 4419 2058 4472 suis

482 4512 672 4566 viribus
706 4513 1030 4580 difﬁdentem,
1071 4511 1124 4564 in
1163 4512 1433 4564 audaciam
1465 4513 1735 4565 subeunda:
1764 4510 2060 4579 praeceptio-

483 4602 562 4654 nis
588 4609 764 4655 vestrm
787 4600 1065 4666 perduxit;
1104 4601 1240 4668 quod
1283 4602 1398 4669 jam
1437 4616 1535 4652 non
1583 4601 1880 4653 humilitatis
1933 4607 2057 4653 esset

485 4700 857 4760 perseveranter
893 4701 1059 4745 tenere
1098 4693 1373 4754 silentium,
1397 4695 1485 4744 sed
1531 4694 1780 4758 superbiat
1815 4693 1950 4745 ultra
1977 4708 2057 4744 re-

487 4800 657 4847 nuere,
689 4784 916 4850 quamvis
947 4783 1163 4851 inﬁrmis
1189 4784 1461 4836 cert-icilius
1491 4782 1518 4820 ι)
1545 4800 1670 4836 imus
1714 4785 2002 4850 impositum
2036 4800 2052 4843 ;

486 4874 570 4926 cui
589 4875 728 4927 oneri
748 4875 1066 4937 sustinendo,
1079 4875 1168 4927 etsi
1189 4891 1299 4926 mea
1313 4891 1388 4925 me
1405 4875 1656 4927 rusticitas
1681 4873 2052 4942 faciebatinva-

484 4965 669 5027 lidum,
697 4975 861 5019 vestra
891 4968 1003 5032 ﬁeri
1029 4966 1217 5019 credidi
1247 4967 1346 5025 ﬁde
1375 4967 1458 5030 qui
1481 4965 1764 5035 jubebutis,
1795 4965 2052 5020 idoneum.

555 5055 608 5109 ‘2.
655 5055 767 5109 lloc
813 5073 1005 5126 quoque
1049 5056 1172 5110 mihi
1201 5057 1424 5109 audendi
1450 5057 1646 5125 aliquid
1673 5057 1918 5124 fiduciam
1963 5057 2057 5108 da-

560 5285 586 5312 ιι
628 5276 751 5328 Mss.
784 5274 933 5338 dum,
966 5274 1156 5342 Regius
1187 5290 1322 5327 unus
1359 5284 1412 5328 et
1442 5271 1911 5341 Camberoncnsis,
1943 5289 2054 5327 sus-
2088 5277 2134 5336 ι)

487 5361 722 5399 ceuertm.

544 5364 722 5468 1mg:
743 5428 868 5467 mss.
917 5413 1148 5481 quinque
1175 5427 1293 5465 cum
1325 5411 1455 5466 edit.
1507 5412 1674 5482 Lugd.
1719 5414 1874 5468 13539.
1925 5413 2056 5467 Mss.

485 5487 592 5539 duo
622 5495 671 5538 el
701 5484 827 5539 edd.
864 5483 1028 5535 Duac.
1054 5493 1107 5534 ct
1145 5483 1331 5536 Colon.
1350 5526 1364 5546 ,
1393 5487 1622 5551 quamvis
1649 5485 1865 5551 inﬁrmis
1895 5485 2060 5538 cerei-

486 5557 627 5606 cibus
656 5571 782 5606 onus
806 5555 1091 5622 impositum
1120 5569 1268 5622 grave
1297 5554 1380 5605 sit.

560 5635 581 5659 ο
628 5625 721 5676 Ms.
755 5623 1090 5677 (Ξυιὺρτίὶηυς
1119 5639 1275 5681 umis,
1307 5625 1726 5687 disputationum.

558 5691 583 5726 ά
618 5695 740 5745 Mss.
775 5702 999 5760 quatuor
1027 5707 1144 5743 cum
1187 5692 1270 5744 ad.
1300 5693 1486 5757 Lugd”
1531 5712 1627 5745 non
1674 5695 1874 5748 instruit
1919 5695 2050 5747 inre-

490 5762 699 5824 rientis;
726 5766 839 5828 scil,
871 5772 925 5815 ul.
957 5763 1181 5824 videtur,
1215 5763 1385 5814 minus
1410 5762 1560 5815 bene.

2157 4147 2369 4200 voluerit
2389 4190 2402 4213 ,
2428 4155 2515 4197 aut
2541 4144 2666 4197 nihil
2687 4143 2831 4205 dicit,
2850 4151 2896 4194 et
2923 4140 3064 4193 nulla
3089 4155 3204 4194 eum
3233 4137 3248 4174 ί
3277 4137 3556 4206 ρνωεὶρὶιαι
3580 4135 3725 4201 inﬂa-

2165 4239 2274 4302 tio;
2303 4248 2392 4289 aut
2417 4238 2460 4290 si
2481 4235 2678 4303 aliquid
2707 4233 2910 4296 dixerit,
2953 4242 3002 4284 et
3030 4246 3083 4283 se
3112 4229 3381 4281 crediderit
3409 4243 3439 4277 a
3465 4224 3569 4277 Deo
3591 4237 3724 4275 acce-

2161 4329 2295 4396 pisse
2335 4325 2471 4394 quod
2507 4327 2520 4374 ι
2561 4324 2712 4385 dixit,
2744 4322 2887 4375 habet
2916 4322 3050 4374 unde
3092 4319 3199 4372 Deo
3233 4317 3426 4388 gratias
3458 4323 3598 4384 agat,
3631 4326 3728 4364 non

2161 4416 2305 4469 habet
2326 4416 2462 4484 quod
2491 4415 2681 4485 ingenii
2702 4413 2782 4466 sui
2811 4412 3001 4464 viribus
3029 4410 3192 4462 elatus
3215 4405 3454 4460 ascribat.

2231 4509 2285 4563 5.
2329 4506 2433 4562 Sed
2475 4508 2585 4574 jam
2635 4506 2744 4566 ipsa
2795 4503 3042 4571 capitula,
3083 4516 3194 4566 quin
3221 4509 3470 4564 utcunque
3496 4493 3732 4547 solvenda

2164 4597 2516 4668 prepositistii,
2543 4605 2782 4648 attexam.
2811 4593 2990 4661 Itaque
3019 4591 3042 4629 ιι
3059 4591 3247 4662 jubeIis
3272 4599 3324 4641 ut
3349 4590 3524 4658 paucis
3553 4587 3731 4639 edisse-

2158 4709 2268 4744 ram
2297 4706 2410 4758 qua:
2437 4691 2502 4742 sit
2529 4690 2644 4742 vita:
2672 4687 3069 4757 contemplativa:
3093 4683 3409 4754 proprietas:
3437 4689 3483 4733 et
3510 4680 3632 4747 qu’d
3664 4681 3733 4728 in-

2159 4791 2236 4836 ter
2259 4783 2424 4852 ipsam
2454 4791 2498 4833 et
2529 4781 2742 4832 activam
2774 4779 2925 4831 vitam
2949 4777 3168 4841 intersit,
3193 4782 3380 4842 quanta
3397 4788 3599 4841 possum
3631 4773 3736 4822 bre.

2159 4877 2310 4929 vitate
2335 4875 2664 4944 distinguam.
2700 4872 2876 4926 Utrum
2909 4872 2953 4924 is
2983 4871 3063 4923 cui
3098 4868 3338 4922 Ecclesia:
3359 4864 3591 4932 regenda?
3621 4880 3746 4915 cura

2160 4968 2426 5020 commissa
2455 4973 2547 5028 est,
2580 4963 2981 5032 contemplativa!
3037 4958 3053 4996 ι
3095 4959 3294 5014 virtutis
3337 4955 3448 5024 ﬁeri
3495 4955 3751 5024 particeps

2159 5056 2337 5125 possit.
2372 5053 2557 5109 Utrum
2583 5053 2938 5123 a'quanimiter
2968 5050 3250 5105 sustinendi
3282 5048 3383 5101 sint
3410 5046 3582 5098 divina
3612 5057 3753 5111 pra-

2237 5283 2259 5345 ιζ
2304 5273 2376 5327 Ita
2413 5289 2541 5327 mss.
2574 5273 2948 5345 quinque.Ms.
2982 5285 3121 5345 unus
3149 5280 3202 5326 et
3228 5269 3348 5324 edd.
3371 5312 3386 5338 ,
3419 5271 3711 5342 diligenter.

2243 5342 2260 5380 τ
2309 5345 2402 5396 Ms.
2437 5342 2912 5405 Cumbcroucusis,
2941 5343 3142 5412 poterit.

2239 5423 2263 5456 κ
2306 5413 2470 5468 Abest
2492 5431 2594 5467 vox
2622 5414 2844 5467 veritatis
2874 5427 2901 5464 τι
2931 5411 3032 5464 ms.
3060 5411 3246 5464 Camb.

2239 5481 2265 5518 ιι
2305 5484 2428 5538 Mss.
2465 5487 2588 5545 duo,
2615 5483 2940 5536 enubilanda.
2967 5481 3064 5533 Ms.
3105 5495 3271 5547 unus,
3296 5480 3598 5535 innubilata.

2246 5555 2259 5622 ξ
2307 5555 2406 5606 Ms.
2439 5554 2623 5608 Camb.
2647 5593 2661 5616 ,
2692 5549 3044 5622 pra'cipitabit.

2243 5620 2255 5670 i
2310 5623 2438 5676 Edil.
2469 5639 2588 5676 eum
2615 5619 2711 5675 ιιιί.
2745 5619 2878 5682 uno,
2901 5620 3036 5690 quod
3065 5619 3207 5672 dicit.

2241 5691 2264 5760 ξι
2306 5691 2428 5754 Mss,
2455 5693 2695 5760 plerique
2720 5733 2731 5750 .
2756 5693 2926 5760 jubes.

2245 5759 2260 5796 λ
2307 5762 2398 5814 Ms.
2436 5778 2603 5826 unus,
2645 5759 3044 5826 contemplativa’
3075 5759 3205 5811 vittr.
