4024 6176
283 263 383 312 ll'.’

279 387 421 444 cepta
446 374 722 430 calcantes.
757 390 824 425 an
849 390 939 443 pro
964 375 1110 425 modo
1139 375 1325 443 ρεαεαὶ
1357 375 1564 426 debeam
1605 372 1860 426 Ecclesin-
1896 382 1940 432 Α

279 467 403 518 stica
423 461 688 517 severitate
713 464 940 534 coargui.
969 463 1150 518 Utrum
1176 473 1199 499 ³·
1230 465 1594 534 congregandis
1619 464 1859 532 fratribus

279 565 366 608 aut
394 556 616 619 alendis,
647 557 880 625 expediat
913 555 1180 622 facultates
1215 554 1456 609 Ecclesia:
1485 556 1764 625 possileri,
1796 572 1861 608 an

279 648 602 715 perfectionis
636 663 809 700 amore
849 649 1118 700 contemni.
1166 646 1291 714 Qun:
1317 649 1380 700 sit
1410 647 1730 700 abstinentia:
1755 664 1860 700 cre-

276 740 444 792 denda
474 739 748 808 perfectio;
778 748 826 792 et
854 750 1018 791 utrum
1049 738 1076 776 ι’
1107 749 1303 792 tantum
1343 740 1542 809 corpori
1572 755 1639 791 an
1668 748 1715 791 et
1743 740 1858 792 ani-

276 845 374 882 ma:
403 829 692 882 necessaria
721 829 892 882 debeat
923 831 1166 898 judicari.
1223 829 1485 896 Quantum
1531 845 1561 881 a
1594 829 1859 882 virtutibus

273 920 403 972 veris
434 921 676 972 virtutum
697 919 1054 972 similitudines
1069 917 1276 972 distent.
1315 919 1506 982 Quibus
1535 919 1860 987 pt'tecedenti-

274 1011 368 1064 bus
387 1012 558 1065 causis
605 1019 650 1064 et
692 1010 1450 1079 subsequentibusincrementis
1499 1012 1637 1064 nasci
1664 1013 1860 1064 soleant

274 1102 394 1154 vitia
422 1101 502 1154 vel
526 1099 703 1168 augeri
725 1115 744 1164 ;
765 1109 812 1151 et
842 1099 1024 1166 quibus
1046 1100 1274 1168 possint,
1306 1100 1580 1168 adjuvante
1607 1099 1853 1161 Domino,

278 1191 532 1254 remediis,
574 1190 704 1242 velut
744 1190 1050 1256 quibusdam
1090 1189 1465 1242 medicamentis
1509 1190 1744 1242 imminui
1782 1191 1858 1243 vel

275 1282 469 1333 sanari.
502 1281 636 1346 Quot
659 1280 822 1332 modis
843 1280 920 1332 vel
950 1280 1193 1350 gradibus
1221 1296 1532 1348 unaqua‘que
1562 1281 1718 1332 virtus
1741 1296 1858 1347 pos-

274 1373 335 1424 sit
359 1371 581 1439 impleri.
610 1370 674 1423 Et
693 1387 760 1423 an
790 1385 906 1424 vera
928 1371 992 1424 sit
1021 1370 1109 1422 illa
1140 1369 1559 1440 philosophorum
1585 1370 1852 1434 sententia,

276 1476 385 1529 quis
426 1463 668 1512 virtutum
713 1460 940 1514 omnium
977 1457 1109 1512 velut
1159 1459 1321 1528 fontes
1345 1457 1594 1526 quosdam
1637 1465 1857 1524 quatuor

275 1553 518 1615 virtutes;
560 1553 683 1606 vitia
705 1568 902 1622 quoque
931 1560 1169 1619 quatuor,
1196 1551 1332 1604 velut
1359 1551 1610 1617 quasdam
1637 1551 1856 1619 origines

276 1644 523 1695 malorum
549 1653 570 1681 ο
601 1645 826 1696 omnium
868 1644 1116 1712 definivit.
1167 1641 1296 1696 Παξε
1341 1653 1456 1694 sunt
1499 1642 1738 1694 nimirum
1765 1642 1856 1694 de-

1343 261 1427 315 DE
1470 262 1623 316 VIT.\
1667 261 2239 317 CUNTEXIPIATIVA
2286 265 2409 320 LIB.
2455 265 2491 318 l.

3441 267 3548 325 H3

2047 375 2176 429 CAP.
2223 375 2308 428 IX.
2357 379 2505 442 Quod
2553 386 2750 428 tantum
2789 379 2991 430 interest
3039 378 3164 431 inter
3193 379 3544 447 perfectionem

1967 474 2081 526 vitta
2108 472 2253 524 istius
2273 481 2317 523 et
2343 471 2547 538 futartv,
2573 479 2816 538 quantum
2867 471 3073 522 interest
3119 471 3251 523 inter
3291 472 3541 539 perfectos

1963 562 2050 625 qui
2081 576 2286 628 peccare
2306 561 2506 622 nolunt;
2530 570 2575 612 et
2599 576 2683 612 eos
2713 560 2798 627 qui
2815 563 2928 629 jam
2953 576 3158 630 peccare
3183 578 3281 613 non
3306 574 3538 628 possunt.

1983 653 1998 672 ‘
2035 652 2162 706 CAP.
2193 652 2258 705 X.
2305 653 2454 718 Quod
2483 652 2564 704 hic
2592 653 2755 705 sancti
2782 650 2795 688 ι
2833 653 2997 706 Deum
3028 654 3080 705 in
3110 665 3373 724 assumpta
3397 671 3543 710 crea-

1964 753 2078 796 tura
2106 743 2361 795 viderunt.

2031 831 2159 886 CAP.
2214 832 2302 886 XI.
2363 832 2437 886 De
2481 831 2622 901 quali
2647 843 2725 886 ate
2770 832 3175 904 gloriﬁcatorum
3227 852 3532 905 corporum,

1961 944 2075 997 qua:
2107 929 2160 982 in
2202 931 2572 983 resurrectione
2599 931 2771 998 futura
2797 941 2934 984 sunt.

2031 1020 2159 1074 CAP.
2191 1020 2307 1073 XII.
2353 1022 2614 1086 Quantum
2641 1023 2769 1076 inter
2795 1024 3238 1094 contemplatiram
3268 1033 3314 1079 et
3328 1026 3539 1079 activam

1960 1112 2113 1164 vitam
2153 1111 2372 1163 intersit.

2030 1204 2156 1255 CAP.
2211 1203 2345 1255 XIII.
2391 1205 2540 1268 Quod
2593 1206 2876 1258 sacerdotes
2920 1208 3083 1260 sancti
3135 1209 3536 1274 cantemplatfvrr

1961 1295 2074 1346 vita:
2107 1294 2217 1357 fieri
2247 1296 2516 1362 participes
2543 1296 2756 1360 passim.

2029 1385 2160 1438 CAP.
2195 1386 2333 1438 XIV.
2379 1386 2547 1439 Ulrise
2597 1391 2795 1441 locutor
2831 1399 3059 1455 excusat,
3108 1392 3242 1458 quod
3299 1390 3538 1445 Ecclesiae

1958 1477 2225 1546 magistros
2257 1478 2432 1530 docere
2457 1494 2556 1529 non
2586 1480 2792 1533 audeat.

2027 1569 2153 1621 CAP.
2191 1569 2228 1621 X
2246 1569 2298 1619 V.
2331 1569 2404 1620 De
2431 1569 2738 1640 negligentia
2762 1574 3038 1627 sacerdotis
3061 1576 3147 1642 qui
3168 1577 3410 1630 doctrinm
3431 1596 3536 1630 sua:

1957 1660 2156 1726 agendo
2207 1660 2486 1723 contraria,
2529 1677 2795 1726 personam
2847 1680 2948 1716 non
3000 1675 3160 1733 potest
3201 1668 3408 1734 implere
3446 1673 3536 1722 do-

275 1749 398 1798 cem,
421 1751 488 1802 qu
506 1752 533 1786 e
559 1753 590 1787 a
617 1752 694 1788 me
725 1735 954 1789 soluistis
979 1735 1187 1788 enodari
1219 1734 1466 1804 capitula,
1493 1751 1593 1788 non
1623 1744 1675 1788 ut
1705 1735 1852 1788 abso—
1883 1733 1931 1793 Β
1957 1751 2129 1804 cratis,

276 1824 398 1875 lutio
440 1840 612 1876 eorum
644 1826 779 1877 vobis
807 1826 1000 1890 aliquid
1039 1826 1342 1896 cognitionis
1383 1825 1620 1890 afferret,
1663 1826 1750 1878 sed
1798 1834 1852 1878 ut

275 1911 296 1948 ι¹
323 1926 481 1966 vestra
501 1916 661 1984 magis
681 1932 823 1977 cura,
849 1917 890 1966 si
913 1916 1214 1984 regulariter
1231 1917 1532 1983 imperatum
1553 1932 1737 1968 manus
1757 1915 1854 1967 im-

273 2008 490 2076 plevero,
521 2007 753 2060 noimihil
779 2009 1131 2076 ludiﬁcationis
1153 2010 1331 2062 talium
1358 2011 1620 2073 studiosis,
1667 2009 1851 2063 horum

273 2105 314 2148 et
338 2097 412 2147 liis
440 2097 684 2150 similium
707 2099 1051 2165 capitulorum
1076 2099 1412 2167 explicatione
1439 2104 1712 2170 conferret.
1742 2099 1853 2154 Ca:-

275 2201 430 2240 terum
450 2190 496 2240 si
538 2198 595 2241 tu
621 2205 681 2241 ea
709 2191 946 2249 nescires,
979 2205 1237 2258 nunquam
1275 2199 1415 2243 tanto
1457 2193 1633 2244 ordine
1663 2191 1849 2244 diluci-

273 2279 442 2330 danda
473 2294 800 2348 proponeres.
825 2277 951 2332 ideo
994 2291 1166 2333 autem
1191 2281 1420 2334 voluistis
1469 2283 1674 2351 cognita
1710 2281 1850 2335 vobis

272 2367 692 2437 disputationibus
719 2369 986 2432 illustrari,
1033 2379 1089 2421 ut
1119 2379 1206 2422 aut
1233 2386 1327 2433 me,
1363 2373 1408 2424 si
1433 2371 1628 2439 aliquid
1657 2380 1680 2408 ε
1705 2388 1850 2426 secus

271 2475 420 2527 quam
469 2461 604 2512 ratio
633 2460 782 2513 habet
812 2477 1134 2530 exponerem,
1192 2465 1425 2529 faceretis
1475 2465 1730 2516 etm'ndari
1771 2465 1849 2518 vel

271 2550 485 2619 corrigi;
507 2559 596 2603 aut
626 2561 759 2604 certe
789 2567 875 2619 per
897 2551 1289 2606 sollicitudinem
1318 2567 1550 2620 vestram,
1583 2573 1846 2627 meumque

269 2655 540 2692 sermonem
563 2641 631 2693 ad
656 2642 877 2695 aliorum
909 2644 1145 2696 notitiam
1182 2641 1199 2680 ί
1230 2654 1431 2712 possent
1463 2647 1714 2701 cat/iolice
1739 2649 1844 2700 dis-

268 2740 439 2797 putata
466 2731 692 2799 perduci.
720 2740 743 2776 8
773 2731 927 2784 Nunc
957 2734 1113 2804 igitur
1136 2750 1252 2802 qua:
1302 2735 1366 2788 sit
1397 2736 1510 2788 vita
1536 2739 1845 2806 contempla-

269 2820 379 2870 tiva:
399 2819 682 2887 proprietas
701 2860 714 2882 ,
778 2819 998 2874 Domino
1030 2824 1204 2876 vestris
1235 2825 1544 2878 orationibus
1569 2827 1844 2896 adjuvante

265 2916 552 2962 tractemus.

852 3000 1228 3058 ELENCIIUS.

2025 1841 2152 1894 CH‘.
2189 1841 2324 1894 XVI.
2369 1843 2530 1906 Quale
2556 1844 2836 1911 pcr'cnlum
2865 1859 3064 1903 niaiieat
3109 1866 3192 1903 eos
3229 1851 3316 1917 qui
3361 1851 3534 1903 Ecl-le.

1953 1931 2083 1983 siam
2101 1932 2197 1983 sibi
2235 1933 2480 1984 creditam
2512 1936 2586 1985 vel
2617 1944 2650 1968 η·
2673 1937 2983 2003 relinquunt,
3018 1941 3092 1994 vel
3131 1952 3332 1994 strenue
3353 1946 3532 2013 gub.r-

1955 2038 2080 2076 nare
2106 2033 2454 2078 contemnunt.

2022 2112 2151 2166 CAP.
2187 2114 2346 2169 XVII.
2391 2116 2491 2171 Ubi
2519 2118 2728 2170 anxium
2759 2121 2892 2185 quod
2924 2120 3203 2175 Ecclesium
3242 2140 3330 2176 "i0
3370 2127 3527 2178 relin-

1951 2220 2122 2272 quere,
2155 2221 2246 2258 nec
2271 2223 2442 2278 regere
2463 2209 2646 2277 possit,
2671 2220 2907 2275 provocat
2932 2216 3246 2282 suggerendo
3263 2216 3397 2283 quod
3417 2233 3527 2269 eain

1952 2297 2131 2349 melius
2161 2308 2302 2366 regat
2329 2300 2582 2367 exemplo.

2021 2388 2147 2441 CAP.
2179 2388 2359 2443 XVIII.
2405 2391 2554 2457 Quod
2587 2408 2765 2460 parum
2811 2395 2974 2448 valeat
3001 2403 3026 2430 “
3068 2398 3296 2466 exemplo
3330 2403 3527 2468 agenda

1950 2488 2248 2542 monstrare,
2281 2481 2378 2533 nisi
2399 2483 2548 2534 eti-nn
2587 2499 2700 2552 qua:
2729 2485 2827 2537 sint
2870 2487 3143 2551 credenda,
3173 2489 3400 2544 docendo
3428 2492 3527 2545 Sa-

1949 2570 2127 2621 cerdos
2157 2573 2454 2626 ostenderit.

2019 2661 2148 2714 CAP.
2183 2663 2321 2716 XIX.
2365 2664 2442 2718 De
2474 2666 2657 2720 rirtute
2678 2667 2801 2734 ﬁdei
2823 2710 2836 2731 ,
2863 2670 2999 2736 quod
3018 2671 3084 2723 ad
3104 2687 3212 2724 eam
3243 2690 3343 2727 non
3364 2674 3526 2729 solum

1946 2752 2168 2819 credere,
2199 2752 2276 2806 vel
2303 2755 2601 2826 intelligere,
2650 2759 2738 2811 sed
2767 2761 2917 2813 etiam
2964 2762 3086 2815 bene
3129 2768 3326 2833 operari
3371 2771 3527 2838 perti-

1945 2850 2080 2894 neat.

2015 2929 2144 2983 CAP.
2188 2930 2305 2984 XX.
2351 2933 2500 2999 Quod
2546 2935 2675 2988 nihil
2721 2939 2882 3006 prosit
2925 2948 2949 2974 ο
2983 2941 3280 3007 Sacerdoti,
3313 2947 3459 3000 etiam
3485 2951 3524 3004 si

1947 3031 2067 3078 bene
2093 3026 2243 3093 vivat,
2277 3027 2320 3080 si
2347 3033 2479 3080 male
2500 3030 2737 3083 viventem
2767 3034 2979 3085 tacendo
3004 3051 3104 3086 non
3125 3038 3366 3105 corrigat.

323 3086 501 3142 CAPUT
534 3089 570 3142 l.
617 3092 766 3156 Quod
787 3108 847 3144 ea
878 3095 941 3145 sit
962 3095 1072 3147 vita:
1092 3096 1493 3165 contemplativa:
1517 3099 1800 3169 praprietas
1819 3142 1832 3165 ,

2011 3117 2137 3171 CAP.
2172 3118 2312 3177 XXI.
2368 3119 2625 3176 Luctuosa
2673 3123 2944 3194 descriptio
2975 3135 3001 3173 P
3039 3129 3319 3180 sacerdotis
3348 3146 3523 3183 carna-

255 3178 338 3230 ubi
369 3176 393 3215 ιι
427 3179 678 3234 Dominus
708 3186 897 3237 mundo
924 3189 1074 3239 corde
1100 3187 1366 3241 videbitur.

320 3269 450 3326 CAP.
483 3272 544 3326 ll.
586 3271 666 3326 De
691 3275 935 3343 qualitate
959 3279 1075 3331 vita:
1100 3283 1307 3348 futurce.

318 3361 448 3418 CAP.
487 3365 572 3419 Ill.
618 3366 766 3431 Quod
792 3385 850 3421 eo
863 3370 1064 3439 judicio
1090 3371 1184 3424 Dei
1217 3371 1229 3409 ί
1259 3372 1323 3425 ab
1345 3374 1529 3445 iniquis
1549 3376 1834 3432 hominibus

251 3455 524 3520 separandi
551 3466 669 3509 sunt
700 3460 886 3534 sancti,
917 3461 929 3510 i
966 3477 1064 3532 quo
1106 3472 1221 3516 ante
1253 3475 1370 3518 sunt
1400 3467 1532 3519 beati
1575 3469 1747 3540 angeli
1771 3471 1834 3523 ab

224 3572 226 3574 τ
250 3545 526 3600 immundis
553 3549 815 3618 spiritibus
843 3555 1088 3620 separati.

317 3634 446 3690 CAP.
478 3637 565 3691 IV.
597 3638 674 3693 De
697 3645 1066 3696 resurrectione
1091 3645 1166 3699 vel
1196 3647 1298 3700 vita
1326 3659 1644 3704 sanctorum.

316 3728 443 3784 CAP.
478 3730 543 3785 V.
587 3733 737 3798 Quod
781 3739 1107 3805 pra'sentium
1149 3751 1517 3810 contemptores
1556 3745 1708 3799 etiam
1747 3743 1830 3799 liic

247 3823 644 3891 contemplativa:
668 3826 781 3878 vita:
811 3828 1068 3883 beatis-udo
1098 3830 1326 3887 delectet.

313 3909 440 3963 CAP.
471 3911 555 3994 Vl.
599 3914 750 3980 Quod
785 3921 1025 3983 perfectio
1052 3925 1460 3992 contemplativa
1485 3927 1600 3980 vita:
1620 3943 1732 3996 qua:
1745 3928 1827 3983 liic

247 3997 420 4054 haberi
471 4012 672 4073 potest,
732 4005 756 4043 ιε
806 4012 1105 4076 perfectioni
1156 4017 1344 4083 futurw
1387 4020 1678 4088 comparari
1725 4036 1825 4073 non

248 4093 423 4156 possit.

311 4182 438 4238 CAP.
476 4185 586 4240 VII.
627 4188 777 4252 Quod
811 4189 1084 4247 Dominum
1109 4198 1272 4250 sancti
1296 4203 1514 4269 perfecte
1533 4203 1701 4256 videre
1721 4221 1823 4258 non

245 4273 452 4335 possint,
494 4275 594 4329 nisi
634 4293 748 4332 cum
802 4280 872 4332 ad
919 4280 1284 4338 beatitudinem
1327 4290 1519 4357 futura:
1561 4294 1673 4345 vita:
1705 4310 1823 4362 per-

247 4365 483 4418 venerint.

311 4451 438 4507 CAP.
468 4456 600 4510 VIII.
645 4459 771 4526 Qua:
799 4473 844 4514 et
873 4473 1067 4530 quanta
1097 4465 1166 4518 sit
1193 4467 1244 4520 in
1261 4466 1356 4520 hac
1386 4485 1539 4524 carne
1559 4472 1672 4526 vita:
1702 4489 1820 4528 con-

251 4547 548 4611 templativa:
569 4552 832 4621 perfectio,
865 4555 942 4609 vel
969 4558 1188 4626 qualiter
1221 4561 1268 4613 ei
1299 4565 1623 4630 perfruendte
1650 4567 1825 4619 mundi

255 4645 616 4709 contemptores
641 4645 942 4698 inlta’reant.

307 4822 333 4889 ξ
370 4816 470 4889 bis.
501 4831 638 4871 unus
657 4858 672 4882 ,
705 4835 797 4888 pro
828 4823 1223 4889 congregandis.

304 4881 330 4920 δ
368 4887 460 4940 Sic
483 4901 614 4940 mss.
656 4881 762 4942 duo
790 4881 1042 4945 cumved".
1077 4893 1243 4962 Lugd.
1291 4903 1349 4950 ct
1400 4897 1562 4953 Duac.
1613 4899 1669 4956 In
1699 4903 1819 4960 aliis

235 4952 280 5005 d.
301 4963 383 5009 est
419 4967 637 5010 tantum.

303 5032 326 5102 ξ
358 5025 455 5102 bis.
488 5041 654 5092 unus,
685 5029 904 5097 origines
932 5030 1184 5086 malorum
1213 5034 1461 5102 definiunt
1485 5040 1735 5096 omnium.

300 5089 326 5128 θ
368 5094 458 5151 Sic
509 5089 649 5172 mss.
698 5089 788 5152 sei
821 5114 940 5152 c.nu
972 5103 1099 5154 edit.
1155 5089 1320 5172 Lugd.
1365 5089 1811 5170 Aliiiedivti'eum

233 5175 331 5248 ins.
363 5179 502 5230 uno,
531 5167 634 5248 sed.
649 5176 701 5219 ut
725 5179 888 5222 vestra
915 5172 1078 5248 magis
1121 5167 1441 5242 curawsciret,
1482 5179 1527 5248 si
1555 5167 1811 5248 regulari:

231 5238 394 5287 ten...
439 5236 778 5301 capitulorum
807 5236 1152 5314 explicatione
1176 5236 1438 5314 conferri:
1472 5236 1807 5310 CamIieroti.

231 5314 330 5355 ms.
352 5342 382 5376 ,_
399 5316 456 5376 ut
489 5317 656 5376 vestra
681 5309 924 5376 magistra
951 5326 1096 5364 cura.

301 5381 325 5442 ξ
367 5374 490 5430 Mss.
523 5375 655 5442 duo,
687 5374 830 5434 secus
866 5395 925 5430 ac

301 5439 323 5478 ‘
360 5444 488 5516 Mss.
519 5439 775 5516 quinque,
809 5451 1019 5516 possint.

298 5520 323 5598 ξ
356 5513 479 5598 ῌίδδ.
507 5513 963 5598 ΗίιιὶηςιύθιιΝαηε
994 5522 1148 5590 igitur
1167 5527 1300 5598 jam.

296 5577 322 5652 ‘_'
367 5584 462 5638 Ms.
503 5577 724 5652 Camli.,
762 5577 914 5643 Deus.

304 5649 318 5686 ί
366 5652 462 5710 Ms.
498 5671 664 5724 unus,
692 5649 754 5711 ab
783 5662 1033 5716 omnibus.

1944 3208 2060 3260 liter
2082 3208 2310 3261 viventis.

2008 3298 2135 3352 CAP.
2189 3299 2351 3354 XXII.
2397 3302 2546 3365 Quod
2574 3305 2849 3358 secundum
2877 3322 3159 3361 sermonem
3192 3320 3217 3358 ιι
3265 3313 3519 3380 prop/leta:

1936 3390 2087 3460 culpa
2108 3407 2201 3443 sua
2239 3401 2445 3458 pereant
2475 3395 2562 3462 qui
2595 3396 2909 3449 sacerdotum
2938 3398 3307 3470 increpationes
3329 3403 3405 3457 vel
3429 3405 3519 3456 ad-

1935 3482 2236 3534 monitiones
2269 3499 2500 3550 perrersa
2528 3486 2784 3541 voluntate
2815 3499 3167 3544 contemnunt.

2005 3571 2131 3625 CAP.
2161 3571 2348 3627 XXIII.
2392 3575 2542 3639 Quod
2568 3582 2853 3634 sacerdotes
2881 3583 3033 3635 etiam
3066 3594 3087 3620 τ
3116 3585 3205 3652 qui
3229 3586 3378 3642 aliter
3405 3605 3518 3655 pos-

1934 3673 2073 3726 sunt,
2107 3673 2211 3714 tam
2237 3665 2532 3732 simpliciter
2561 3667 2743 3722 docere
2777 3669 3022 3737 debeant,
3051 3682 3104 3726 ut
3132 3691 3303 3730 omnes
3323 3694 3406 3731 eos
3427 3680 3518 3732 do-

1931 3763 2098 3806 centes
2136 3755 2448 3825 intelligant.

1999 3844 2127 3898 CAP.
2161 3845 2347 3899 XXIV.
2394 3848 2529 3912 Quid
2567 3851 2760 3903 intersit
2787 3852 2920 3904 inter
2953 3855 3184 3908 doctores
3212 3859 3299 3925 qui
3339 3857 3514 3913 Eccle-

1928 3936 2057 3988 siam
2086 3938 2380 4006 simpliciter
2410 3939 2647 3994 docentes
2673 3945 2950 4011 wdiﬁcant,
2981 3958 3028 3998 et
3057 3964 3140 4002 eos
3165 3952 3253 4016 qui
3281 3951 3513 4019 eloquen-

1927 4026 2050 4076 tiam
2075 4042 2218 4079 suam
2250 4025 2518 4082 luculentis
2545 4030 3001 4086 declamationibus
3027 4044 3046 4069 ε’
3076 4039 3295 4104 jactant.

1999 4115 2125 4169 CAP.
2181 4116 2343 4170 XXV.
2390 4118 2579 4184 Quales
2617 4136 2722 4174 esse
2748 4122 2956 4177 debeant
2996 4127 3281 4182 sacerdotes
3316 4133 3401 4199 qui
3428 4148 3508 4185 vo-

1927 4205 2034 4259 lunt
2065 4206 2178 4275 fieri
2213 4208 2327 4262 vita:
2353 4210 2756 4277 contemplativa:
2785 4215 3082 4284 participes.

2438 4321 2664 4377 CAPUT
2708 4320 2994 4379 PRIMUM.

1852 4451 1901 4510 υ
1929 4408 2076 4474 Quod
2110 4425 2167 4463 ea
2206 4410 2273 4463 sit
2309 4411 2868 4510 vitricoirteiiiplgtivai
2903 4419 3215 4510 proprietas,
3250 4422 3334 4474 ubi
3373 4423 3507 4476 Deus

2388 4485 2580 4537 mundo
2607 4488 2758 4540 corde
2786 4489 3050 4542 videbitur.

1999 4571 2419 4639 Contemplativa
2450 4584 2578 4639 vus,
2609 4577 2659 4630 in
2710 4595 2810 4647 qua
2838 4578 3146 4635 Creatorem
3177 4597 3329 4636 suum
3358 4597 3506 4637 crea-

1932 4669 2047 4716 tura
2077 4661 2448 4718 intellectualis
2476 4666 2544 4718 ab
2570 4672 2712 4722 omni
2745 4682 2964 4740 peccato
2989 4683 3228 4744 purgata,
3255 4684 3412 4745 atque
3437 4692 3503 4731 ex

2003 4836 2016 4908 ξ
2058 4837 2157 4892 Ms.
2189 4838 2410 4904 Camb.,
2439 4850 2557 4894 ante
2587 4845 2714 4908 iam.

1997 4905 2022 4982 If
2057 4909 2152 4982 §ic
2181 4924 2310 4963 mss.
2361 4905 2628 4982 duoilleg.
2661 4925 2714 4967 et.
2743 4915 2926 4973 Camb.
2966 4917 3104 4974 Editi
3131 4923 3332 4980 addunt
3373 4928 3501 4981 illic.

1999 4973 2015 5012 ¹
2053 4978 2148 5031 Ms.
2194 4982 2377 5034 Camb.
2402 5021 2417 5044 ,
2455 4973 2752 5037 Dominum.

1997 5049 2249 5126 ιιι-ηδε.)
2277 5049 2406 5118 Reg.
2437 5065 2489 5106 et
2516 5053 2707 5109 Camb.
2731 5094 2745 5126 ε
2775 5055 3058 5126 relinquere
3084 5064 3277 5115 volunt.

1989 5126 2016 5153 ιι
2182 5121 2312 5195 lI_eg.
2347 5139 2504 5195 unus,
2543 5123 2778 5193 exempla
2806 5119 3025 5195 agendo.

1994 5196 2018 5222 ο
2051 5188 2175 5268 llss.
2210 5188 2341 5268 Reg.
2377 5205 2430 5245 et
2458 5188 2814 5268 Cumber'on”
2838 5188 2999 5252 "Nihil
3039 5201 3198 5268 prosit
3223 5205 3498 5257 sacerdoti-

1919 5258 2011 5341 bus
2031 5260 2077 5314 si
2103 5260 2226 5314 bene
2263 5266 2457 5329 vivunt,
2484 5265 2529 5316 si
2555 5267 2688 5319 male
2725 5258 2941 5321 viventes
2985 5258 3197 5323 tacendo
3236 5287 3335 5325 non
3387 5289 3497 5325 cor-

1915 5342 2106 5398 rigant.

1992 5411 2017 5448 ρ
2060 5401 2188 5472 Mss.
2223 5401 2353 5472 Heg.
2375 5401 2409 5453 Ε).
2438 5410 2490 5456 et
2527 5402 2844 5457 Cumberon.
2871 5445 2887 5470 ,
2919 5405 3205 5464 Carnaliter
3227 5411 3491 5463 viventium

1916 5471 2252 5523 εαοιγιιοιιιηι.

1987 5549 2012 5586 q
2044 5537 2167 5591 Mss.
2210 5539 2351 5603 duo,
2379 5539 2678 5606 prophetiae.

1987 5616 2008 5642 ι’
2041 5606 2130 5684 _S_ic
2157 5622 2285 5684 mss.
2320 5612 2443 5684 duo.
2467 5608 2637 5684 Editi.
2675 5618 2892 5681 qualiter
2914 5630 3142 5684 possunt.

1987 5684 2006 5709 '
2041 5677 2164 5732 Mss.
2201 5676 2349 5746 duo.,
2392 5679 2664 5749 dejectunt.
2687 5676 2794 5740 'Ms.
2819 5676 2972 5750 umis,
3005 5691 3280 5757 dejactant.
