4016 6168
468 242 569 295 M9

1811 236 2068 294 JULIANI
2112 235 2384 290 POMERII
3581 252 3665 306 ηρ

464 354 606 407 omni
640 362 785 421 parte
811 362 990 407 sanata
1017 353 1192 405 visura
1221 359 1321 414 est.
1345 365 1372 403 a
1398 350 1826 419 contemplanda,
1854 350 1903 403 id
1932 360 2035 413 est,
2068 351 2116 408 Α
2144 347 2314 400 dicam
2338 391 2352 414 ,
2387 362 2504 416 quae
2534 347 2708 419 potius
2734 347 2894 402 debet
2924 347 3067 402 credi
3099 362 3251 417 quam
3280 348 3405 406 dici?
3438 353 3533 409 Nec
3572 361 3668 415 ideo

466 444 712 507 videndo,
764 459 955 498 nomen
1008 443 1230 509 accepit.
1281 440 1432 508 Quod
1481 443 1524 494 si
1574 441 1647 494 ita
1686 450 1789 502 est,
1821 440 1908 494 illa
1940 439 2045 491 vita

468 536 553 587 ubi
588 535 726 588 Deus
756 534 921 588 videri
949 541 1120 601 potest
1149 532 1261 600 ipsa
1282 540 1309 567 η
1330 531 1742 599 contemplativa
1772 531 2042 584 credenda

468 633 571 677 est.
604 625 656 677 lu
684 624 931 693 praesenti
960 622 985 660 ι)
1009 633 1183 676 autem
1214 622 1315 675 vita
1365 622 1620 687 miseriis,
1668 621 2049 689 erroribusquc

471 715 795 782 plenissima,
830 715 1015 779 Deum,
1046 714 1218 766 sicuti
1262 722 1363 775 est,
1397 712 1564 765 videri
1607 728 1709 765 non
1744 727 1918 778 posse,
1953 711 2050 764 du-

472 808 613 860 bium
647 813 875 858 nonest.
906 804 960 857 In
992 803 1163 857 futura
1193 804 1351 871 igitur
1380 814 1401 841 ο
1435 804 1559 867 vita,
1586 819 1702 872 qua:
1738 803 1807 855 ob
1830 803 1928 855 hoc
1959 818 2053 869 ap-

474 897 697 965 pellatur
723 896 1149 965 contemplativa,
1191 896 1447 951 videndus
1479 904 1595 960 est,
1631 911 1729 949 nec
1761 897 2047 949 innuerito.

471 989 525 1043 Si
558 988 698 1042 enim
729 986 911 1042 videre
941 987 1126 1052 Deum,
1154 1000 1421 1040 summum
1449 986 1789 1055 solidumque
1811 994 1895 1040 est
1924 1000 2053 1054 gan-

471 1081 612 1134 ditnn
646 1095 908 1134 summum
940 1076 967 1115 ἀ
996 1094 1122 1133 vero
1153 1078 1403 1148 gaudium
1435 1078 1707 1145 prmmium
1761 1077 1896 1130 bene
1932 1093 2052 1130 crc-

471 1174 613 1226 ilitur
638 1174 942 1235 beatorum;
972 1179 1025 1225 et
1051 1170 1325 1239 praemium
1354 1178 1377 1205 ο
1410 1187 1513 1222 ιιοιι
1557 1169 1730 1221 adhuc
1768 1167 2051 1236 pugnanti-

472 1266 589 1328 bus,
626 1265 716 1318 sed
745 1264 761 1301 ί
791 1265 898 1330 jam
931 1262 1261 1317 vincentibus
1292 1261 1505 1315 dabitur
1539 1270 1655 1326 post
1684 1259 2008 1327 triumphum
2037 1276 2050 1312 :

472 1356 591 1425 quis
622 1371 728 1409 non
756 1356 927 1409 videat
954 1355 1093 1421 qttod
1122 1367 1310 1407 omnes
1336 1354 1505 1405 sancti
1536 1351 1704 1404 Deum
1743 1353 1793 1404 in
1826 1352 1915 1404 illa
1949 1355 2055 1405 vita

475 1458 671 1501 :etcrna
700 1447 974 1508 videbunt.
1007 1445 1091 1499 ubi
1118 1445 1237 1499 sine
1267 1446 1369 1498 fine
1398 1444 1731 1512 gaudebunt?
1761 1444 1833 1498 lbi
1859 1446 2059 1513 gaude-

477 1540 628 1603 lutnt,
660 1539 747 1591 ubi
784 1538 1057 1605 prtcmium
1090 1538 1470 1605 reportabunt;
1522 1536 1590 1590 ibi
1639 1539 1902 1603 recepturi
1933 1546 2053 1590 sunt

477 1628 774 1696 praemium,
809 1629 898 1682 tibi
944 1644 1048 1680 non
1079 1626 1250 1681 solum
1277 1627 1523 1690 devictis,
1552 1627 1643 1681 sed
1684 1630 1842 1682 etiam
1894 1628 2056 1681 finitis

2153 450 2325 492 tamen
2372 439 2540 493 debeo
2584 439 2708 494 inde
2754 448 2931 493 tacere
2962 447 2987 471 ο
3028 439 3168 507 quod
3197 441 3357 506 valeo,
3387 447 3495 514 quia
3520 448 3669 507 dicere

2150 540 2405 599 quantum
2454 532 2576 585 volo
2621 546 2724 585 non
2771 533 2946 589 valeo.
2977 530 3159 600 Neque
3203 535 3337 588 enim
3381 538 3489 604 quia
3532 541 3670 599 Deum

2153 622 2475 677 ineffabilem
2526 622 2827 689 credimus,
2878 625 2973 678 fari
3020 626 3087 679 de
3137 624 3225 680 illo
3271 628 3404 695 quod
3434 643 3671 697 possumus

2152 728 2258 766 non
2289 714 2567 768 debemus.
2597 715 2669 768 lta
2713 730 2862 781 sane,
2897 724 2954 767 ut
2982 716 3097 783 plus
3122 715 3359 772 credatur
3383 718 3445 774 de
3469 722 3544 775 illa
3567 723 3671 790 vita,

2152 820 2309 873 quam
2338 815 2365 853 Ρ
2393 807 2690 871 scribatur;
2733 808 2854 872 quia
2885 822 2982 861 ncc
3012 817 3184 876 potest
3209 808 3328 864 inde
3368 821 3547 867 tantum
3576 832 3673 883 pro-

2153 895 2280 950 ferri
2310 910 2580 960 sermone,
2609 907 2865 965 quantum
2914 908 3087 966 petest
3119 908 3292 953 mente
3320 904 3600 971 complecti;
3634 918 3676 960 et

2157 987 2331 1040 minus
2366 986 2602 1057 Concipit
2633 987 2825 1041 mentis
2856 988 3102 1041 humanae
3132 989 3413 1057 quamlibet
3453 993 3676 1061 profunda

2153 1078 2476 1145 complexio,
2510 1093 2667 1146 quam
2699 1088 2723 1126 τι
2768 1093 2827 1131 se
2872 1078 3035 1132 habet
3077 1080 3153 1132 rei
3205 1080 3365 1148 ipsius
3396 1085 3675 1153 magnitudo.

2158 1169 2296 1237 Ergo
2329 1170 2499 1222 futura
2531 1170 2637 1222 vita
2671 1169 2907 1224 creditur
2944 1170 3099 1223 beate
3127 1172 3468 1239 sempiterna,
3497 1186 3541 1227 et
3565 1193 3679 1229 sein-

2157 1265 2364 1332 piterne
2396 1263 2570 1329 beata,
2598 1264 2684 1317 ubi
2717 1271 2798 1316 est
2823 1271 2967 1316 certa
2999 1265 3281 1327 securitas,
3312 1273 3333 1301 τ
3364 1279 3533 1320 secura
3559 1276 3680 1321 tran-

2155 1356 2412 1424 quillitas,
2429 1355 2711 1419 tranquilla
2730 1353 3057 1423 jucunditas,
3078 1354 3201 1408 felix
3226 1356 3501 1420 :cternitas,
3517 1368 3682 1411 reterns

2159 1446 2411 1510 felicitas;
2455 1446 2542 1499 ubi
2574 1453 2658 1499 est
2686 1460 2834 1498 amor
2863 1443 3128 1513 perfectus
3148 1485 3162 1507 ,
3197 1445 3350 1499 timor
3377 1446 3562 1510 nullus,
3589 1448 3681 1501 dies

2157 1546 2408 1600 internus,
2438 1536 2617 1589 alacer
2652 1544 2846 1602 motus,
2875 1545 2930 1587 et
2965 1550 3105 1587 unus
3142 1535 3378 1588 omnium
3418 1537 3607 1605 spiritus
3633 1537 3683 1591 de

2158 1627 2609 1696 contemplatione
2625 1625 2717 1679 Dei
2740 1626 2842 1686 sui,
2859 1639 2919 1678 ac
2932 1625 2997 1678 de
3013 1639 3105 1678 sua
3120 1639 3239 1678 eum
3257 1626 3342 1679 illo
3360 1628 3685 1693 permansione

476 1719 737 1781 hostibus,
766 1717 1192 1787 triumphabant;
1220 1717 1289 1771 ibi
1334 1717 1758 1787 triumphabunt,
1792 1720 1878 1772 ubi
1921 1720 2051 1773 ultc-
2089 1708 2131 1765 Β
2158 1732 2409 1782 securus;
2451 1716 2540 1771 ubi
2588 1716 2700 1785 ipsa
2731 1715 2919 1769 civitas
2948 1755 2962 1777 ,
3003 1730 3121 1784 qua:
3162 1726 3245 1769 est
3274 1716 3561 1782 angelorum
3588 1734 3686 1771 san-

473 1812 583 1864 rias
613 1810 972 1863 adversarium
1005 1826 1108 1862 non
1133 1819 1157 1855 ε
1189 1809 1487 1864 habebunt.

540 1901 599 1955 2.
635 1898 895 1954 Caeterum
928 1902 977 1953 in
1012 1901 1109 1955 hac
1136 1901 1263 1964 vit-i,
1313 1900 1556 1969 quamvis
1584 1912 1802 1955 strenue
1833 1901 2054 1955 dimice-

475 2010 613 2059 mtts,
644 2004 696 2048 et
724 1994 1007 2062 adjuvante
1028 1994 1273 2058 Domino,
1306 2004 1551 2048 catervas
1582 1996 1835 2063 hostiun,
1859 1996 2054 2063 quibus

471 2085 969 2151 circumfundimur,
1004 2094 1440 2153 prosternamus;
1474 2095 1649 2141 tamen
1682 2089 1724 2141 si
1753 2088 1821 2142 ab
1845 2089 1924 2143 eis
1952 2104 2052 2143 no-

475 2176 649 2229 luinus
716 2176 874 2241 vinci,
926 2192 1197 2246 nunquam
1249 2175 1538 2246 pugnareh
1572 2178 1886 2233 desinimus.
1946 2179 2055 2234 Nec

475 2270 750 2322 vincentes
803 2282 1021 2321 securos
1083 2267 1282 2321 faciunt
1332 2268 1558 2321 viriliter
1615 2268 1867 2323 desudata
1941 2268 2053 2337 jam

476 2357 694 2424 pra-lia;
728 2356 822 2413 sed
851 2358 1017 2426 magis
1046 2357 1336 2412 sollicitant
1356 2357 1787 2411 adversariorum
1818 2358 2053 2413 rediviva

473 2447 784 2501 certamina.
818 2452 892 2501 Ac
930 2447 1027 2509 sic.
1052 2447 1173 2515 quia
1198 2447 1490 2501 secundum
1519 2447 1807 2515 Scriptura:
1837 2448 1848 2484 ί
1885 2464 2053 2503 sacrm

474 2553 797 2605 sermonem,
826 2550 930 2591 tota
961 2541 1184 2592 humana
1207 2541 1310 2593 vita
1340 2543 1550 2595 tentatio
1581 2551 1654 2594 est
1681 2558 1835 2607 super
1865 2553 2054 2597 terram

475 2627 618 2695 (Job.
651 2644 743 2693 vn,
777 2630 825 2693 l,
857 2644 960 2681 sec.
988 2628 1198 2698 LXX),
1255 2639 1379 2683 tunc
1428 2641 1511 2685 est
1557 2634 1778 2686 teutatio
1822 2633 2053 2688 finienda

474 2720 687 2789 quando
719 2722 897 2775 linitur
925 2731 979 2775 et
1006 2736 1214 2791 pugna;
1246 2737 1297 2776 et
1338 2733 1464 2777 tunc
1505 2734 1588 2778 est
1619 2726 1846 2780 finienda
1880 2742 2053 2797 pugna

473 2809 687 2877 quando
739 2820 858 2879 post
919 2810 1055 2865 hanc
1108 2812 1269 2865 vitam
1334 2815 1573 2869 succedit
1632 2831 1817 2885 pugna:
1865 2832 2057 2873 secura

476 2898 704 2959 victoria
737 2918 749 2955 :
779 2910 837 2955 ut
883 2916 1070 2956 omnes
1121 2903 1317 2957 milites
1372 2902 1592 2970 Christi,
1644 2906 1736 2976 qui
1776 2923 1946 2978 usque
2001 2911 2056 2965 in

474 2992 634 3046 liiiem
707 2994 831 3047 vita:
884 2994 1163 3062 prmsentis
1216 2994 1474 3049 divinitus
1529 2998 1733 3065 adjuti,
1790 3001 1906 3055 suis
1962 3002 2059 3056 bo-

2161 1820 2367 1864 ctorum
2415 1816 2435 1842 '
2483 1817 2537 1861 et
2586 1807 2858 1861 hominum
2909 1809 3252 1877 congregatio
3295 1808 3477 1871 beata,
3521 1811 3687 1863 meritis

2162 1897 2483 1968 fulgentibus
2510 1898 2528 1931 ί
2554 1896 2729 1961 micat,
2756 1906 2809 1949 et
2839 1905 3035 1949 aeterna
3069 1898 3214 1950 salus
3242 1898 3506 1961 exuberat,
3531 1899 3690 1952 veritas

2162 1998 2381 2056 regnat;
2423 1988 2513 2041 ubi
2566 2002 2665 2041 nec
2711 1986 2842 2040 fallit
2893 1986 3155 2054 quisque,
3197 2002 3299 2040 nec
3329 1988 3541 2053 fallitur;
3578 1990 3691 2043 unde

2160 2088 2186 2114 υ
2223 2080 2398 2135 nullus
2422 2078 2635 2150 ejicitur
2664 2079 2870 2144 beatus,
2902 2088 2955 2133 et
2985 2092 3092 2148 quo
3133 2079 3311 2135 nullus
3339 2081 3491 2136 miser
3524 2079 3690 2135 admit-

2162 2173 2311 2226 titur.

2773 2258 2999 2314 CAPUT
3035 2258 3124 2315 ΙΙΙ.

2163 2350 2311 2417 Quod
2339 2366 2395 2404 eo
2432 2350 2635 2421 judicio
2666 2348 2760 2401 Dei
2804 2350 2868 2401 ab
2910 2348 3098 2417 iniquis
3140 2349 3425 2407 hominibus
3461 2353 3696 2421 separandi

2228 2432 2345 2475 sunt
2369 2422 2532 2474 sancti
2561 2437 2659 2487 quo
2690 2430 2716 2458 γ
2738 2432 2855 2473 ante
2874 2430 2991 2475 sunt
3015 2422 3146 2474 beati
3176 2424 3346 2492 angeli
3373 2424 3432 2477 ab
3458 2424 3696 2477 immundis

2228 2492 2489 2561 spiritibus
2515 2493 2761 2559 separati.

2235 2632 2286 2683 1.
2326 2629 2430 2684 Sed
2456 2636 2484 2665 ι
2512 2639 2565 2685 et
2596 2630 2695 2683 hoc
2722 2630 2960 2684 futurum
2997 2630 3267 2685 credimus
3298 2647 3389 2701 per
3414 2630 3596 2699 justum
3625 2629 3698 2682 Dei

2154 2720 2435 2793 judicium,
2469 2720 2522 2774 in
2553 2735 2661 2790 quo
2688 2735 2792 2775 non
2826 2722 2999 2777 solum
3030 2722 3269 2788 meritis,
3301 2722 3392 2775 sed
3419 2721 3566 2775 etiam
3593 2720 3701 2773 locis

2162 2812 2241 2867 sic
2268 2812 2336 2866 ab
2367 2810 2562 2881 iniquis
2584 2812 2713 2879 justi
2742 2821 2770 2859 γ
2792 2812 3075 2881 separandi
3120 2821 3246 2866 sunt
3275 2814 3327 2866 in
3370 2822 3629 2875 aeternum,
3654 2819 3701 2863 ut

2158 2907 2268 2973 jam
2299 2920 2397 2960 nec
2426 2913 2447 2939 ²
2473 2905 2794 2959 remunerati
2841 2904 3116 2970 praemium
3146 2902 3353 2969 ﬁniant,
3380 2918 3476 2958 nec
3499 2900 3703 2957 damnati

2164 2997 2518 3066 supplicium;
2560 2995 2991 3064 quandoquidem
3017 3003 3297 3064 propterea
3328 2994 3632 3061 incorruptio
3660 3002 3704 3045 et

474 3085 646 3139 stibus
716 3084 1114 3153 infatigabiliter
1182 3088 1533 3155 restiterunt,
1612 3090 1882 3147 laboriosa
1943 3074 2129 3163 λειωο
2162 3088 2535 3141 immortalitas
2563 3085 2777 3139 dabitur
2825 3085 2983 3138 etiam
3031 3085 3346 3152 corporibus
3402 3086 3704 3145 miserorum,

475 3176 900 3246 peregrinatione
930 3189 1218 3245 transacta,
1270 3193 1495 3251 regnent
1541 3183 1721 3237 felices
1765 3186 1816 3239 in
1867 3190 2056 3255 patria.

474 3267 529 3325 lu
569 3284 668 3339 qua
720 3268 945 3327 humana
997 3280 1185 3328 natura
1235 3272 1305 3325 ita
1356 3274 1651 3342 reparanda
1707 3287 1829 3343 est,
1893 3290 1947 3333 et
1990 3281 2058 3335 ab

475 3368 620 3417 omni
657 3380 871 3432 prorsus
934 3367 1242 3422 infirmitate
1289 3365 1549 3430 sananda,
1592 3378 1649 3420 ut
1692 3385 1790 3423 nec
1840 3382 2056 3439 peccata

474 3455 523 3509 ci
555 3454 657 3508 ulla
684 3456 698 3503 ι
734 3467 1063 3523 remaneant,
1095 3472 1192 3512 nec
1221 3473 1444 3526 peccare
1468 3456 1583 3528 jam
1609 3455 1633 3494 ιι
1668 3459 1858 3515 valeat.
1892 3461 2058 3532 Cujus

480 3546 580 3599 hoc
608 3547 711 3600 erit
740 3554 906 3600 totum
935 3548 1230 3615 pratmium,
1268 3558 1324 3602 ut
1366 3551 1487 3603 vita:
1513 3550 1943 3618 contemplativa:
1973 3566 2057 3607 se-

476 3636 580 3691 mel
606 3650 824 3704 compos
853 3636 1062 3701 eil'ecta,
1091 3636 1486 3707 inexplebiliter
1524 3650 1799 3697 auctorem
1833 3641 2058 3697 beatitu-

476 3729 615 3782 dinis
644 3743 754 3782 suae
780 3727 798 3765 ι
829 3730 1141 3798 conspiciat,
1166 3730 1233 3784 de
1257 3731 1346 3785 illo
1371 3733 1621 3802 gaudeat,
1641 3745 1679 3772 ιη
1703 3736 1770 3791 de
1798 3735 1891 3791 illo
1916 3736 2057 3804 quod

478 3820 714 3885 speravit
744 3819 1004 3885 obtineat,
1034 3829 1089 3874 et
1115 3821 1167 3874 in
1196 3836 1262 3876 eo
1288 3822 1353 3876 ad
1382 3831 1408 3859 υ
1439 3824 1582 3894 quod
1610 3836 1797 3883 sancte
1827 3829 2056 3884 vivendo

479 3909 740 3977 pervenit,
771 3910 885 3966 sine
916 3911 1018 3965 fine
1039 3924 1373 3981 permaneat.

1099 4003 1323 4060 CAPUT
1363 4006 1427 4060 ll.

903 4090 975 4144 De
1002 4092 1247 4161 qualitate
1276 4096 1389 4149 vita:
1417 4096 1624 4165 futurae.

552 4179 601 4232 l.
640 4179 756 4235 Jam
786 4196 913 4237 vero
942 4183 1011 4238 de
1039 4185 1296 4254 qualitate
1326 4187 1490 4256 ipsius
1532 4189 1653 4244 vita:
1697 4188 1889 4246 futurae
1936 4194 2062 4262 quid

554 4390 600 4461 °_
620 4380 707 4461 Sic
735 4395 865 4438 mss.
897 4383 1020 4437 duo.
1050 4381 1182 4453 Reg.
1213 4382 1351 4439 Editi
1373 4402 1519 4454 vero,
1552 4388 1666 4457 ipsa
1691 4399 1763 4443 est
1788 4391 2056 4461 contempt.
2090 4395 2141 4455 D

482 4452 751 4505 credenda.

553 4522 578 4558 ι)
619 4522 743 4575 Mss.
777 4522 906 4589 Reg.
943 4535 1099 4585 unus,
1132 4524 1332 4576 etenim.

555 4601 577 4628 ε
621 4593 783 4644 Abest
812 4596 923 4645 haec
951 4607 1051 4644 vox
1095 4593 1195 4644 vita
1222 4608 1251 4644 a
1280 4609 1407 4649 mss.
1436 4596 1642 4652 duobus
1668 4598 1903 4653 Colbert.

553 4658 579 4696 ά
611 4661 710 4715 Ms.
734 4661 944 4724 Camb.,
969 4677 1220 4713 summum
1245 4673 1293 4738 et
1318 4680 1489 4718 verum
1509 4670 1770 4738 gaudium.
1801 4670 1899 4724 Ms.
1926 4670 2055 4738 Reg.

485 4745 651 4800 unus,
667 4746 915 4782 summum
946 4746 1116 4782 verum
1136 4734 1399 4800 gaudium.

556 4810 578 4869 (ζ
611 4799 705 4851 Ms.
737 4800 891 4854 Colb.
922 4815 1078 4864 unus,
1114 4799 1374 4869 quodnon
1406 4805 1595 4860 adhuc.

558 4867 577 4905 τ
625 4869 793 4923 Ιπιιίιίο
824 4870 1019 4937 Lugd.,
1051 4867 1217 4925 etiam.

556 4948 579 4984 8
613 4940 738 4993 Mss.
768 4949 1012 5006 quatuor,
1039 4957 1138 4993 non
1161 4941 1421 4996 timebunt.

556 5009 581 5044 ιι
623 5010 996 5084 Mss._se_pt_em,
1024 5011 1152 5084 Reg.
1183 5012 1308 5084 duo,
1326 5012 1561 5068 Colbert.
1584 5025 1810 5084 quatuor
1829 5017 2056 5072 etCam-

485 5083 698 5139 herum.
728 5080 1021 5132 desinimus.
1058 5080 1218 5144 Editi,
1246 5083 1556 5139 desinamus.

560 5148 576 5220 ξ
622 5149 780 5220 Editi,
816 5149 1095 5220 Scriptura:
1116 5154 1457 5217 sacrw.Mss.,
1488 5164 1695 5209 sanetur.

560 5216 575 5270 i
610 5220 705 5273 Ms.
731 5218 883 5273 Colb.
916 5216 1074 5283 unus,
1097 5220 1204 5273 ulla
1231 5216 1461 5277 alterius.

554 5288 577 5325 ¹ί
606 5290 740 5341 lidit.
770 5288 961 5358 Lugd,
995 5292 1212 5344 valeant.

560 5358 578 5397 ι
606 5360 704 5435 Ms.
737 5360 863 5427 Reg.
895 5375 1029 5415 unus
1053 5371 1107 5417 et
1135 5363 1476 5435 (iamborum,
1509 5366 1831 5435 concupiscat
1860 5383 1986 5423 sum.

554 5440 593 5466 αι
616 5430 740 5484 Mss.
770 5440 997 5498 septem,
1031 5448 1133 5487 non
1166 5434 1363 5489 habent
1386 5436 1447 5487 de
1471 5436 1579 5488 illo.

553 5509 580 5536 ιλ
602 5500 691 5555 Sic
720 5514 848 5575 mss.
882 5517 997 5556 sex.
1030 5503 1168 5558 Edit.
1201 5520 1347 5572 vero,
1375 5506 1443 5558 ad
1481 5507 1618 5575 quod
1647 5516 1817 5563 sancte
1845 5509 2055 5563 vivendo

484 5588 569 5641 per
577 5573 738 5625 reneri
743 5583 779 5626 ι.
1222 5600 1231 5610 -

557 5650 580 5676 °
604 5642 702 5695 Ms.
734 5642 886 5699 Colb.
919 5658 1073 5706 unus.
1102 5654 1342 5707 quantum
1373 5646 1533 5699 valeo.

2162 3190 2218 3236 ιιι
2246 3196 2345 3236 nec
2376 3181 2473 3250 ipsi
2500 3188 2558 3216 ⁸⁸
2581 3188 2832 3233 mlernam
2856 3192 3066 3247 poenam
3096 3177 3303 3245 finiant,
3326 3192 3420 3232 nec
3445 3177 3574 3244 ipsos
3600 3190 3707 3227 con-

2160 3280 2337 3327 sumat
2388 3271 2705 3325 immortalis
2753 3284 2907 3337 paena
2936 3310 2948 3330 ,
2999 3268 3091 3321 sed
3143 3269 3347 3335 puniat.
3396 3267 3513 3321 ldeo
3558 3275 3707 3318 autem

2160 3366 2312 3421 beata
2338 3365 2733 3433 incorruptione
2751 3373 2802 3415 et
2820 3361 3211 3414 immortalitate
3230 3360 3489 3430 justorum
3513 3370 3707 3425 corpora

2161 3458 2528 3522 donabuntur;
2552 3455 2611 3493 ιιι)
2640 3464 2693 3509 ιιι
2720 3464 2772 3509 et
2802 3455 2898 3524 ipsi
2933 3455 2980 3506 in
3013 3453 3180 3522 gloria
3206 3492 3222 3516 ,
3254 3463 3309 3507 et
3340 3456 3391 3506 in
3419 3453 3540 3521 ipsis
3566 3450 3707 3520 gloria

2165 3561 2362 3601 mterna
2395 3557 2723 3615 permaneat.

2233 3638 2287 3693 2.
2333 3640 2443 3693 lloc
2467 3639 2721 3707 judicium
2745 3679 2759 3703 ,
2794 3642 2932 3707 quod
2966 3641 3099 3693 inter
3122 3638 3296 3706 jusms
3329 3635 3564 3691 homines
3591 3631 3711 3700 inju-

2163 3740 2378 3799 stosque
2426 3730 2657 3783 futurum
2702 3729 2965 3794 dicimus,
3016 3732 3153 3784 inter
3202 3738 3420 3783 sanctos
3446 3726 3646 3793 angelos
3670 3728 3710 3774 et

2164 3823 2466 3879 immundos
2489 3821 2759 3877 credimus
2789 3832 2841 3859 οε
2869 3823 3083 3876 factum.
3111 3821 3242 3877 Nam
3268 3837 3388 3878 cum
3412 3825 3583 3877 essent
3608 3815 3716 3871 utri-

2164 3932 2268 3987 que
2298 3918 2411 3969 sine
2442 3927 2661 3984 peccato
2690 3914 2853 3971 creati
2881 3956 2896 3981 ,
2946 3922 2997 3970 et
3027 3915 3092 3969 ad
3140 3914 3481 3970 serviendum
3512 3912 3613 3965 Deo
3637 3921 3718 3960 suo

2164 4005 2218 4044 δά
2248 4009 2476 4063 feliciter
2505 4008 2753 4069 instituti.
2774 4023 2959 4062 eorum
2986 4007 3201 4074 quidam
3231 4008 3505 4061 voluntate
3534 3998 3719 4071 propria

2165 4101 2435 4172 depravati
2458 4101 2742 4156 noluerunt
2772 4115 3080 4168 permanere
3107 4109 3161 4137 οε
3186 4100 3331 4168 quod
3363 4098 3485 4152 facti
3508 4101 3647 4151 sunt;
3676 4096 3720 4141 ct

2166 4211 2287 4250 cum
2335 4210 2393 4250 se
2426 4204 2614 4249 contra
2657 4194 2967 4249 Creatorem
3010 4207 3167 4248 suum
3196 4189 3247 4228 τί
3287 4189 3455 4262 typho
3490 4182 3722 4256 superbia:

2237 4399 2264 4439 P
2288 4389 2697 4460 Mssaquinque,
2720 4391 2972 4445 scribitur.

2237 4469 2265 4508 tt
2288 4460 2381 4513 Ms.
2411 4458 2564 4514 Colb.
2594 4458 2752 4526 unus,
2785 4478 2835 4514 se
2866 4461 3063 4513 habeat.
3450 4525 3456 4527 _
3523 4526 3529 4527 γ
3679 4519 3700 4527 ,,

2240 4540 2261 4567 τ
2288 4529 2452 4595 Editi,
2485 4542 2531 4583 et
2554 4519 3100 4599 secura'tranquitlitas
3129 4538 3174 4582 et
3205 4525 3489 4599 tranquilla
3504 4519 3723 4597 jucundi-

2167 4613 2265 4665 tas,
2295 4604 2449 4675 deest
2477 4609 2524 4652 et
2556 4602 2839 4675 utrobique
2870 4603 2919 4653 in
2948 4615 3075 4653 mss.
3108 4600 3379 4653 omnibus.
3504 4665 3516 4675 _

2240 4682 2261 4709 ³
2292 4672 2389 4741 Ms.
2420 4685 2576 4734 unus,
2608 4671 2926 4741 angelorum,
2957 4679 3347 4741 sanctorumque
3378 4671 3618 4721 omnium.

2243 4743 2259 4778 ι
2290 4740 2414 4795 Mss.
2449 4750 2580 4806 tres,
2613 4743 2804 4794 micat:
2836 4750 3026 4793 averna
3048 4740 3208 4793 salus.

2236 4820 2262 4847 ιι
2288 4811 2412 4864 Mss.
2447 4825 2653 4878 omnes,
2686 4811 2859 4863 beatus
2888 4811 3107 4879 ejicitur.

2235 4891 2258 4918 ν
2283 4881 2409 4934 Mss.
2443 4880 2567 4941 duo.
2590 4884 2704 4951 jam
2733 4891 2871 4951 ante.
2909 4877 3042 4933 Mss.
3075 4879 3162 4933 alii
3193 4877 3324 4945 duo,
3356 4877 3582 4946 quojam
3607 4877 3728 4923 ειιηιο

2231 4959 2258 4986 ι
2282 4951 2410 5005 Mss.
2439 4950 2695 5019 quinque,
2722 4950 2826 5004 Sed
2853 4951 2967 5003 hoc.

2230 5030 2259 5069 γ
2282 5020 2380 5074 Ms.
2414 5020 2542 5089 Reg.
2579 5035 2730 5082 unus,
2760 5020 3081 5073 discernendi
3110 5026 3246 5073 sunt.
3447 5086 3458 5090 Α
3591 5083 3611 5090 _
3652 5080 3662 5090 ,

2233 5100 2255 5125 '-
2280 5090 2456 5143 Editio
2487 5083 2616 5158 ing.
2639 5091 2750 5145 sola
2771 5133 2783 5149 .
2799 5107 2887 5143 nec
2909 5090 3241 5143 remuneratis
3270 5086 3548 5157 proemium
3577 5083 3730 5150 ﬁniat,

2160 5176 2250 5214 nec
2276 5160 2531 5213 damnatis
2570 5160 2896 5229 supplicium.

2231 5240 2291 5300 fl
2314 5230 2410 5283 Ms.
2439 5231 2593 5283 Colb.
2625 5223 2781 5296 unus,
2812 5246 2902 5282 nec
2928 5231 3025 5300 ipsi
3052 5239 3238 5283 wtmm
3264 5241 3420 5300 paena
3446 5223 3705 5300 liniantur.

2228 5298 2286 5338 δι’
2310 5301 2405 5354 Ms.
2429 5300 2581 5355 Colb.
2606 5291 2842 5365 unus,'ut
2866 5291 2961 5370 ipsi
2986 5300 3109 5368 (ms.
3130 5291 3334 5351 altcr'et
3366 5295 3491 5364 ipsi)
3509 5294 3559 5347 in
3586 5291 3735 5363 gloria

2161 5380 2347 5425 a’terna
2380 5382 2725 5439 permaneant,
2752 5371 2963 5424 c;t-teris
2989 5370 3223 5424 omiSsis.

2234 5450 2289 5509 se
2312 5439 2409 5493 Ms.
2435 5454 2592 5501 unus,
2622 5456 2726 5493 esse
2754 5445 2965 5509 factum.

2236 5507 2292 5546 δά
2327 5510 2421 5562 Ms.
2457 5524 2617 5572 unus,
2646 5507 2882 5576 fideliter.

2241 5589 2293 5648 (ξ’
2320 5579 2415 5632 Ms.
2447 5580 2574 5648 Reg.
2606 5596 2762 5643 unus,
2787 5581 2837 5631 in
2858 5595 2917 5631 eo
2938 5580 3074 5648 quod
3102 5578 3221 5648 farti
3252 5585 3392 5629 sunt.

2245 5647 2292 5688 ί(
2321 5649 2416 5704 Ms.
2448 5647 2793 5716 Cantheron.,
2819 5647 2959 5719 typo.
