  <div class='ocr_page' id='page_1' title='image "/cluster/home/n/w/nwhite01/storage/ocr_20150623/59/hvd.32044073505117/218.png"; bbox 0 0 4024 6176; ppageno 0'>
   <div class='ocr_carea' id='block_1_1' title="bbox 225 263 1785 322">
    <p class='ocr_par' dir='ltr' id='par_1_1' title="bbox 225 263 1785 322">
     <span class='ocr_line' id='line_1_1' title="bbox 225 263 1785 322; baseline -0.004 0"><span class='ocrx_word' id='word_1_1' title='bbox 225 270 314 322; x_wconf 62' lang='grc'><strong>4⁸11</strong></span> <span class='ocrx_word' id='word_1_2' title='bbox 1274 265 1359 318; x_wconf 86' lang='lat' dir='ltr'><strong>DE</strong></span> <span class='ocrx_word' id='word_1_3' title='bbox 1403 264 1558 319; x_wconf 68' lang='lat' dir='ltr'><strong>VITA</strong></span> <span class='ocrx_word' id='word_1_4' title='bbox 1596 263 1785 318; x_wconf 81' lang='lat' dir='ltr'><strong>CONTl</strong></span> 
     </span>
    </p>
   </div>
   <div class='ocr_carea' id='block_1_2' title="bbox 1890 263 2417 322">
    <p class='ocr_par' dir='ltr' id='par_1_2' title="bbox 1890 263 2417 319">
     <span class='ocr_line' id='line_1_2' title="bbox 1890 263 2417 319; baseline 0.006 -4"><span class='ocrx_word' id='word_1_5' title='bbox 1890 263 2166 317; x_wconf 74' lang='grc' dir='ltr'><strong>ι’ωΤινΑ</strong></span> <span class='ocrx_word' id='word_1_6' title='bbox 2209 264 2331 318; x_wconf 65' lang='grc' dir='ltr'>[ιιι.</span> <span class='ocrx_word' id='word_1_7' title='bbox 2381 266 2417 319; x_wconf 94' lang='grc' dir='ltr'><strong>Ι.</strong></span> 
     </span>
    </p>
   </div>
   <div class='ocr_carea' id='block_1_3' title="bbox 3370 277 3475 329">
    <p class='ocr_par' dir='ltr' id='par_1_3' title="bbox 3370 277 3475 329">
     <span class='ocr_line' id='line_1_3' title="bbox 3370 277 3475 329; baseline 0 -1"><span class='ocrx_word' id='word_1_8' title='bbox 3370 277 3475 329; x_wconf 69' lang='grc' dir='ltr'><strong>Ωὶ</strong></span> 
     </span>
    </p>
   </div>
   <div class='ocr_carea' id='block_1_4' title="bbox 222 376 3474 456">
    <p class='ocr_par' dir='ltr' id='par_1_4' title="bbox 222 376 3474 456">
     <span class='ocr_line' id='line_1_4' title="bbox 222 376 3474 456; baseline 0.003 -22"><span class='ocrx_word' id='word_1_9' title='bbox 222 382 431 435; x_wconf 85' lang='lat' dir='ltr'><strong>lethalis</strong></span> <span class='ocrx_word' id='word_1_10' title='bbox 485 379 746 434; x_wconf 69' lang='lat' dir='ltr'><strong>hostiliter</strong></span> <span class='ocrx_word' id='word_1_11' title='bbox 789 379 1105 435; x_wconf 70' lang='lat' dir='ltr'><strong>extulissent</strong></span> <span class='ocrx_word' id='word_1_12' title='bbox 1130 420 1143 440; x_wconf 84' lang='lat'>.</span> <span class='ocrx_word' id='word_1_13' title='bbox 1192 380 1257 433; x_wconf 90' lang='lat' dir='ltr'><strong>de</strong></span> <span class='ocrx_word' id='word_1_14' title='bbox 1289 394 1516 449; x_wconf 87' lang='lat' dir='ltr'><strong>superna</strong></span> <span class='ocrx_word' id='word_1_15' title='bbox 1550 379 1670 435; x_wconf 68' lang='grc' dir='ltr'><strong>(εωιί</strong></span> <span class='ocrx_word' id='word_1_16' title='bbox 1712 393 1793 432; x_wconf 89' lang='lat' dir='ltr'><strong>re-</strong></span> <span class='ocrx_word' id='word_1_17' title='bbox 1824 378 1873 436; x_wconf 83' lang='grc' dir='ltr'><strong>Δ</strong></span> <span class='ocrx_word' id='word_1_18' title='bbox 1903 376 2027 429; x_wconf 88' lang='lat' dir='ltr'><strong>ditia</strong></span> <span class='ocrx_word' id='word_1_19' title='bbox 2054 418 2068 442; x_wconf 89' lang='lat'><strong>,</strong></span> <span class='ocrx_word' id='word_1_20' title='bbox 2122 385 2176 430; x_wconf 92' lang='lat' dir='ltr'><strong>ut</strong></span> <span class='ocrx_word' id='word_1_21' title='bbox 2221 379 2450 433; x_wconf 85' lang='lat' dir='ltr'><strong>habeant</strong></span> <span class='ocrx_word' id='word_1_22' title='bbox 2480 379 2617 434; x_wconf 88' lang='lat' dir='ltr'><strong>unde</strong></span> <span class='ocrx_word' id='word_1_23' title='bbox 2645 382 2944 437; x_wconf 84' lang='lat' dir='ltr'><strong>mundatari</strong></span> <span class='ocrx_word' id='word_1_24' title='bbox 2994 398 3091 438; x_wconf 89' lang='lat' dir='ltr'><strong>suo</strong></span> <span class='ocrx_word' id='word_1_25' title='bbox 3123 385 3230 439; x_wconf 88' lang='lat' dir='ltr'><strong>Deo</strong></span> <span class='ocrx_word' id='word_1_26' title='bbox 3277 390 3474 456; x_wconf 87' lang='lat' dir='ltr'><strong>gratias</strong></span> 
     </span>
    </p>
   </div>
   <div class='ocr_carea' id='block_1_5' title="bbox 221 470 1797 542">
    <p class='ocr_par' dir='ltr' id='par_1_5' title="bbox 221 470 1797 542">
     <span class='ocr_line' id='line_1_5' title="bbox 221 470 1797 542; baseline -0.002 -17"><span class='ocrx_word' id='word_1_27' title='bbox 221 476 373 542; x_wconf 81' lang='lat' dir='ltr'><strong>gione</strong></span> <span class='ocrx_word' id='word_1_28' title='bbox 402 474 626 541; x_wconf 85' lang='lat' dir='ltr'><strong>projecti</strong></span> <span class='ocrx_word' id='word_1_29' title='bbox 660 481 783 525; x_wconf 88' lang='lat' dir='ltr'><strong>sunt</strong></span> <span class='ocrx_word' id='word_1_30' title='bbox 813 471 962 540; x_wconf 79' lang='grc' dir='ltr'><strong>(1δηὶ.</strong></span> <span class='ocrx_word' id='word_1_31' title='bbox 1000 487 1107 534; x_wconf 71' lang='lat' dir='ltr'><strong>xtv,</strong></span> <span class='ocrx_word' id='word_1_32' title='bbox 1156 470 1260 538; x_wconf 77' lang='grc'><strong>15).</strong></span> <span class='ocrx_word' id='word_1_33' title='bbox 1290 472 1437 538; x_wconf 85' lang='lat' dir='ltr'><strong>Quos</strong></span> <span class='ocrx_word' id='word_1_34' title='bbox 1466 472 1646 524; x_wconf 84' lang='lat' dir='ltr'><strong>divina</strong></span> <span class='ocrx_word' id='word_1_35' title='bbox 1674 485 1797 523; x_wconf 86' lang='lat' dir='ltr'><strong>sen-</strong></span> 
     </span>
    </p>
   </div>
   <div class='ocr_carea' id='block_1_6' title="bbox 219 562 1799 631">
    <p class='ocr_par' dir='ltr' id='par_1_6' title="bbox 219 562 1799 631">
     <span class='ocr_line' id='line_1_6' title="bbox 219 562 1799 631; baseline -0.004 -12"><span class='ocrx_word' id='word_1_36' title='bbox 219 566 378 619; x_wconf 69' lang='lat' dir='ltr'><strong>tentia</strong></span> <span class='ocrx_word' id='word_1_37' title='bbox 414 573 439 599; x_wconf 76' lang='lat'><em>“</em></span> <span class='ocrx_word' id='word_1_38' title='bbox 464 579 530 617; x_wconf 91' lang='lat' dir='ltr'><strong>co</strong></span> <span class='ocrx_word' id='word_1_39' title='bbox 557 562 821 631; x_wconf 86' lang='lat' dir='ltr'><strong>supplicio</strong></span> <span class='ocrx_word' id='word_1_40' title='bbox 852 563 1246 625; x_wconf 78' lang='lat' dir='ltr'><strong>condemnavit,</strong></span> <span class='ocrx_word' id='word_1_41' title='bbox 1277 572 1335 615; x_wconf 90' lang='lat' dir='ltr'><strong>ut</strong></span> <span class='ocrx_word' id='word_1_42' title='bbox 1361 562 1481 629; x_wconf 84' lang='lat' dir='ltr'><strong>quia</strong></span> <span class='ocrx_word' id='word_1_43' title='bbox 1510 562 1799 615; x_wconf 87' lang='lat' dir='ltr'><strong>noluerunt.</strong></span> 
     </span>
    </p>
   </div>
   <div class='ocr_carea' id='block_1_7' title="bbox 218 649 1793 723">
    <p class='ocr_par' dir='ltr' id='par_1_7' title="bbox 218 649 1793 723">
     <span class='ocr_line' id='line_1_7' title="bbox 218 649 1793 723; baseline -0.004 -14"><span class='ocrx_word' id='word_1_44' title='bbox 218 669 609 723; x_wconf 71' lang='lat' dir='ltr'><strong>perseverare,</strong></span> <span class='ocrx_word' id='word_1_45' title='bbox 656 667 775 706; x_wconf 91' lang='lat' dir='ltr'><strong>cum</strong></span> <span class='ocrx_word' id='word_1_46' title='bbox 830 662 1084 721; x_wconf 86' lang='lat' dir='ltr'><strong>possent,</strong></span> <span class='ocrx_word' id='word_1_47' title='bbox 1138 667 1233 705; x_wconf 90' lang='lat' dir='ltr'><strong>nec</strong></span> <span class='ocrx_word' id='word_1_48' title='bbox 1281 651 1307 688; x_wconf 74' lang='grc' dir='ltr'>δ</span> <span class='ocrx_word' id='word_1_49' title='bbox 1340 653 1505 705; x_wconf 84' lang='lat' dir='ltr'><strong>velint</strong></span> <span class='ocrx_word' id='word_1_50' title='bbox 1533 649 1793 719; x_wconf 82' lang='lat' dir='ltr'><strong>reparari,</strong></span> 
     </span>
    </p>
   </div>
   <div class='ocr_carea' id='block_1_8' title="bbox 216 742 1791 814">
    <p class='ocr_par' dir='ltr' id='par_1_8' title="bbox 216 742 1791 814">
     <span class='ocr_line' id='line_1_8' title="bbox 216 742 1791 814; baseline -0.001 -16"><span class='ocrx_word' id='word_1_51' title='bbox 216 762 311 800; x_wconf 86' lang='lat' dir='ltr'><strong>nec</strong></span> <span class='ocrx_word' id='word_1_52' title='bbox 363 745 591 814; x_wconf 77' lang='lat' dir='ltr'><strong>possint.</strong></span> <span class='ocrx_word' id='word_1_53' title='bbox 623 744 897 813; x_wconf 81' lang='lat' dir='ltr'><strong>Siquidem</strong></span> <span class='ocrx_word' id='word_1_54' title='bbox 946 743 1395 812; x_wconf 69' lang='lat' dir='ltr'><strong>prmvaricationis</strong></span> <span class='ocrx_word' id='word_1_55' title='bbox 1443 758 1625 796; x_wconf 89' lang='lat' dir='ltr'><strong>eorum</strong></span> <span class='ocrx_word' id='word_1_56' title='bbox 1678 742 1791 807; x_wconf 88' lang='lat' dir='ltr'><strong>fuit,</strong></span> 
     </span>
    </p>
   </div>
   <div class='ocr_carea' id='block_1_9' title="bbox 215 834 1795 906">
    <p class='ocr_par' dir='ltr' id='par_1_9' title="bbox 215 834 1795 906">
     <span class='ocr_line' id='line_1_9' title="bbox 215 834 1795 906; baseline -0.002 -15"><span class='ocrx_word' id='word_1_57' title='bbox 215 838 351 906; x_wconf 85' lang='lat' dir='ltr'><strong>quod</strong></span> <span class='ocrx_word' id='word_1_58' title='bbox 386 847 410 875; x_wconf 76' lang='grc' dir='ltr'><strong><em>ο</em></strong></span> <span class='ocrx_word' id='word_1_59' title='bbox 458 836 819 891; x_wconf 82' lang='lat' dir='ltr'><strong>irrevocabilis</strong></span> <span class='ocrx_word' id='word_1_60' title='bbox 840 836 1020 904; x_wconf 88' lang='lat' dir='ltr'><strong>judicii</strong></span> <span class='ocrx_word' id='word_1_61' title='bbox 1051 834 1517 887; x_wconf 81' lang='lat' dir='ltr'><strong>animadversione</strong></span> <span class='ocrx_word' id='word_1_62' title='bbox 1556 835 1795 901; x_wconf 87' lang='lat' dir='ltr'><strong>percussi</strong></span> 
     </span>
    </p>
   </div>
   <div class='ocr_carea' id='block_1_10' title="bbox 213 925 1794 995">
    <p class='ocr_par' dir='ltr' id='par_1_10' title="bbox 213 925 1794 995">
     <span class='ocr_line' id='line_1_10' title="bbox 213 925 1794 995; baseline -0.005 -13"><span class='ocrx_word' id='word_1_63' title='bbox 213 939 369 995; x_wconf 71' lang='lat' dir='ltr'><strong>sunt;</strong></span> <span class='ocrx_word' id='word_1_64' title='bbox 414 937 470 983; x_wconf 91' lang='lat' dir='ltr'><strong>et</strong></span> <span class='ocrx_word' id='word_1_65' title='bbox 497 927 564 981; x_wconf 85' lang='lat' dir='ltr'><strong>ad</strong></span> <span class='ocrx_word' id='word_1_66' title='bbox 592 927 898 981; x_wconf 87' lang='lat' dir='ltr'><strong>damnation</strong></span> <span class='ocrx_word' id='word_1_67' title='bbox 937 942 985 978; x_wconf 91' lang='lat' dir='ltr'><strong>tn</strong></span> <span class='ocrx_word' id='word_1_68' title='bbox 1015 925 1365 994; x_wconf 84' lang='lat' dir='ltr'><strong>justissitnam</strong></span> <span class='ocrx_word' id='word_1_69' title='bbox 1404 925 1641 991; x_wconf 85' lang='lat' dir='ltr'><strong>profecto</strong></span> <span class='ocrx_word' id='word_1_70' title='bbox 1674 938 1794 992; x_wconf 88' lang='lat' dir='ltr'><strong>per-</strong></span> 
     </span>
    </p>
   </div>
   <div class='ocr_carea' id='block_1_11' title="bbox 213 1016 1794 1089">
    <p class='ocr_par' dir='ltr' id='par_1_11' title="bbox 213 1016 1794 1089">
     <span class='ocr_line' id='line_1_11' title="bbox 213 1016 1794 1089; baseline -0.004 -13"><span class='ocrx_word' id='word_1_71' title='bbox 213 1024 369 1076; x_wconf 80' lang='lat' dir='ltr'><strong>tinuit</strong></span> <span class='ocrx_word' id='word_1_72' title='bbox 390 1062 405 1087; x_wconf 98' lang='lat'><strong>,</strong></span> <span class='ocrx_word' id='word_1_73' title='bbox 459 1020 598 1089; x_wconf 92' lang='lat' dir='ltr'><strong>quod</strong></span> <span class='ocrx_word' id='word_1_74' title='bbox 625 1021 949 1074; x_wconf 85' lang='lat' dir='ltr'><strong>voluntatem</strong></span> <span class='ocrx_word' id='word_1_75' title='bbox 981 1017 1233 1072; x_wconf 85' lang='lat' dir='ltr'><strong>redeundi</strong></span> <span class='ocrx_word' id='word_1_76' title='bbox 1266 1031 1328 1070; x_wconf 90' lang='lat' dir='ltr'><strong>ac</strong></span> <span class='ocrx_word' id='word_1_77' title='bbox 1366 1016 1671 1069; x_wconf 79' lang='lat' dir='ltr'><strong>facultatem</strong></span> <span class='ocrx_word' id='word_1_78' title='bbox 1706 1030 1794 1081; x_wconf 89' lang='lat' dir='ltr'><strong>pe-</strong></span> 
     </span>
    </p>
   </div>
   <div class='ocr_carea' id='block_1_12' title="bbox 213 1106 1791 1175">
    <p class='ocr_par' dir='ltr' id='par_1_12' title="bbox 213 1106 1791 1175">
     <span class='ocr_line' id='line_1_12' title="bbox 213 1106 1791 1175; baseline -0.005 -9"><span class='ocrx_word' id='word_1_79' title='bbox 213 1114 354 1166; x_wconf 86' lang='lat' dir='ltr'><strong>nitus</strong></span> <span class='ocrx_word' id='word_1_80' title='bbox 385 1114 711 1175; x_wconf 84' lang='lat' dir='ltr'><strong>antiserunt;</strong></span> <span class='ocrx_word' id='word_1_81' title='bbox 750 1111 884 1165; x_wconf 87' lang='lat' dir='ltr'><strong>sicut</strong></span> <span class='ocrx_word' id='word_1_82' title='bbox 913 1108 1215 1163; x_wconf 88' lang='lat' dir='ltr'><strong>econtrario</strong></span> <span class='ocrx_word' id='word_1_83' title='bbox 1258 1106 1544 1160; x_wconf 84' lang='lat' dir='ltr'><strong>voluntatis</strong></span> <span class='ocrx_word' id='word_1_84' title='bbox 1574 1116 1791 1159; x_wconf 84' lang='lat' dir='ltr'><strong>sancto-</strong></span> 
     </span>
    </p>
   </div>
   <div class='ocr_carea' id='block_1_13' title="bbox 212 1195 1788 1269">
    <p class='ocr_par' dir='ltr' id='par_1_13' title="bbox 212 1195 1788 1269">
     <span class='ocr_line' id='line_1_13' title="bbox 212 1195 1788 1269; baseline -0.003 -16"><span class='ocrx_word' id='word_1_85' title='bbox 212 1218 325 1255; x_wconf 89' lang='lat' dir='ltr'><strong>rum</strong></span> <span class='ocrx_word' id='word_1_86' title='bbox 354 1201 667 1269; x_wconf 85' lang='lat' dir='ltr'><strong>angelorum</strong></span> <span class='ocrx_word' id='word_1_87' title='bbox 696 1200 825 1262; x_wconf 90' lang='lat' dir='ltr'><strong>fuit,</strong></span> <span class='ocrx_word' id='word_1_88' title='bbox 854 1198 992 1267; x_wconf 89' lang='lat' dir='ltr'><strong>quod</strong></span> <span class='ocrx_word' id='word_1_89' title='bbox 1037 1197 1191 1251; x_wconf 86' lang='lat' dir='ltr'><strong>malis</strong></span> <span class='ocrx_word' id='word_1_90' title='bbox 1233 1206 1424 1264; x_wconf 88' lang='lat' dir='ltr'><strong>sponte</strong></span> <span class='ocrx_word' id='word_1_91' title='bbox 1452 1195 1788 1259; x_wconf 83' lang='lat' dir='ltr'><strong>cadentibus,</strong></span> 
     </span>
    </p>
   </div>
   <div class='ocr_carea' id='block_1_14' title="bbox 212 1287 1791 1360">
    <p class='ocr_par' dir='ltr' id='par_1_14' title="bbox 212 1287 1791 1360">
     <span class='ocr_line' id='line_1_14' title="bbox 212 1287 1791 1360; baseline -0.003 -14"><span class='ocrx_word' id='word_1_92' title='bbox 212 1294 309 1360; x_wconf 86' lang='lat' dir='ltr'><strong>ipsi</strong></span> <span class='ocrx_word' id='word_1_93' title='bbox 358 1292 414 1345; x_wconf 91' lang='lat' dir='ltr'><strong>in</strong></span> <span class='ocrx_word' id='word_1_94' title='bbox 463 1307 559 1345; x_wconf 87' lang='lat' dir='ltr'><strong>sua</strong></span> <span class='ocrx_word' id='word_1_95' title='bbox 588 1291 843 1359; x_wconf 74' lang='lat' dir='ltr'><strong>dignitate</strong></span> <span class='ocrx_word' id='word_1_96' title='bbox 888 1297 1219 1353; x_wconf 87' lang='lat' dir='ltr'><strong>manserunt,</strong></span> <span class='ocrx_word' id='word_1_97' title='bbox 1261 1298 1313 1342; x_wconf 89' lang='lat' dir='ltr'><strong>et</strong></span> <span class='ocrx_word' id='word_1_98' title='bbox 1339 1287 1791 1357; x_wconf 86' lang='lat' dir='ltr'><strong>divinojustoquc</strong></span> 
     </span>
    </p>
   </div>
   <div class='ocr_carea' id='block_1_15' title="bbox 209 1379 1786 1451">
    <p class='ocr_par' dir='ltr' id='par_1_15' title="bbox 209 1379 1786 1451">
     <span class='ocr_line' id='line_1_15' title="bbox 209 1379 1786 1451; baseline -0.002 -15"><span class='ocrx_word' id='word_1_99' title='bbox 209 1384 409 1451; x_wconf 71' lang='lat' dir='ltr'><strong>iudicio</strong></span> <span class='ocrx_word' id='word_1_100' title='bbox 432 1391 609 1436; x_wconf 87' lang='lat' dir='ltr'><strong>actum</strong></span> <span class='ocrx_word' id='word_1_101' title='bbox 634 1392 735 1445; x_wconf 90' lang='lat' dir='ltr'><strong>est,</strong></span> <span class='ocrx_word' id='word_1_102' title='bbox 758 1379 849 1435; x_wconf 46' lang='lat' dir='ltr'><strong>util</strong></span> <span class='ocrx_word' id='word_1_103' title='bbox 870 1397 985 1451; x_wconf 76' lang='lat' dir='ltr'><strong>qua:</strong></span> <span class='ocrx_word' id='word_1_104' title='bbox 1010 1379 1107 1434; x_wconf 89' lang='lat' dir='ltr'><strong>fuit</strong></span> <span class='ocrx_word' id='word_1_105' title='bbox 1135 1395 1256 1435; x_wconf 91' lang='lat' dir='ltr'><strong>cum</strong></span> <span class='ocrx_word' id='word_1_106' title='bbox 1281 1381 1393 1434; x_wconf 89' lang='lat' dir='ltr'><strong>Deo</strong></span> <span class='ocrx_word' id='word_1_107' title='bbox 1413 1396 1510 1433; x_wconf 90' lang='lat' dir='ltr'><strong>suo</strong></span> <span class='ocrx_word' id='word_1_108' title='bbox 1541 1380 1786 1434; x_wconf 91' lang='lat' dir='ltr'><strong>manendi</strong></span> 
     </span>
    </p>
   </div>
   <div class='ocr_carea' id='block_1_16' title="bbox 210 1471 1789 1542">
    <p class='ocr_par' dir='ltr' id='par_1_16' title="bbox 210 1471 1789 1542">
     <span class='ocr_line' id='line_1_16' title="bbox 210 1471 1789 1542; baseline -0.001 -15"><span class='ocrx_word' id='word_1_109' title='bbox 210 1478 460 1529; x_wconf 85' lang='lat' dir='ltr'><strong>voluntas</strong></span> <span class='ocrx_word' id='word_1_110' title='bbox 486 1517 502 1541; x_wconf 84' lang='lat'><strong>,</strong></span> <span class='ocrx_word' id='word_1_111' title='bbox 539 1477 687 1528; x_wconf 87' lang='lat' dir='ltr'><strong>fieret</strong></span> <span class='ocrx_word' id='word_1_112' title='bbox 735 1473 1082 1542; x_wconf 82' lang='lat' dir='ltr'><strong>permanendi</strong></span> <span class='ocrx_word' id='word_1_113' title='bbox 1114 1471 1408 1526; x_wconf 88' lang='lat' dir='ltr'><strong>voluntaria</strong></span> <span class='ocrx_word' id='word_1_114' title='bbox 1438 1471 1668 1540; x_wconf 77' lang='lat' dir='ltr'><strong>felixque</strong></span> <span class='ocrx_word' id='word_1_115' title='bbox 1698 1487 1789 1525; x_wconf 90' lang='lat' dir='ltr'><strong>ne-</strong></span> 
     </span>
    </p>
   </div>
   <div class='ocr_carea' id='block_1_17' title="bbox 209 1562 1784 1631">
    <p class='ocr_par' dir='ltr' id='par_1_17' title="bbox 209 1562 1784 1631">
     <span class='ocr_line' id='line_1_17' title="bbox 209 1562 1784 1631; baseline -0.003 -11"><span class='ocrx_word' id='word_1_116' title='bbox 209 1566 453 1620; x_wconf 81' lang='lat' dir='ltr'><strong>cessitas.</strong></span> <span class='ocrx_word' id='word_1_117' title='bbox 490 1566 556 1617; x_wconf 83' lang='lat' dir='ltr'><strong>Et</strong></span> <span class='ocrx_word' id='word_1_118' title='bbox 600 1564 759 1628; x_wconf 92' lang='lat' dir='ltr'><strong>ideo,</strong></span> <span class='ocrx_word' id='word_1_119' title='bbox 806 1562 926 1631; x_wconf 85' lang='lat' dir='ltr'><strong>quia</strong></span> <span class='ocrx_word' id='word_1_120' title='bbox 973 1578 1073 1616; x_wconf 90' lang='lat' dir='ltr'><strong>nec</strong></span> <span class='ocrx_word' id='word_1_121' title='bbox 1120 1571 1473 1631; x_wconf 87' lang='lat' dir='ltr'><strong>peccaverunt</strong></span> <span class='ocrx_word' id='word_1_122' title='bbox 1523 1577 1784 1631; x_wconf 85' lang='lat' dir='ltr'><strong>unquam,</strong></span> 
     </span>
    </p>
   </div>
   <div class='ocr_carea' id='block_1_18' title="bbox 208 1652 1785 1724">
    <p class='ocr_par' dir='ltr' id='par_1_18' title="bbox 208 1652 1785 1724">
     <span class='ocr_line' id='line_1_18' title="bbox 208 1652 1785 1724; baseline -0.001 -14"><span class='ocrx_word' id='word_1_123' title='bbox 208 1672 301 1710; x_wconf 90' lang='lat' dir='ltr'><strong>nec</strong></span> <span class='ocrx_word' id='word_1_124' title='bbox 334 1669 563 1724; x_wconf 84' lang='lat' dir='ltr'><strong>peccare</strong></span> <span class='ocrx_word' id='word_1_125' title='bbox 588 1654 698 1722; x_wconf 89' lang='lat' dir='ltr'><strong>jam</strong></span> <span class='ocrx_word' id='word_1_126' title='bbox 727 1661 983 1720; x_wconf 83' lang='lat' dir='ltr'><strong>possunt,</strong></span> <span class='ocrx_word' id='word_1_127' title='bbox 1022 1652 1162 1706; x_wconf 90' lang='lat' dir='ltr'><strong>illius</strong></span> <span class='ocrx_word' id='word_1_128' title='bbox 1208 1654 1635 1723; x_wconf 62' lang='lat' dir='ltr'><strong>contemplativa:</strong></span> <span class='ocrx_word' id='word_1_129' title='bbox 1664 1655 1785 1709; x_wconf 75' lang='lat' dir='ltr'><strong>vita:</strong></span> 
     </span>
    </p>
   </div>
   <div class='ocr_carea' id='block_1_19' title="bbox 1901 471 3475 545">
    <p class='ocr_par' dir='ltr' id='par_1_19' title="bbox 1901 471 3475 545">
     <span class='ocr_line' id='line_1_19' title="bbox 1901 471 3475 545; baseline 0.01 -25"><span class='ocrx_word' id='word_1_130' title='bbox 1901 480 2077 536; x_wconf 85' lang='lat' dir='ltr'><strong>agant,</strong></span> <span class='ocrx_word' id='word_1_131' title='bbox 2114 485 2217 522; x_wconf 75' lang='lat' dir='ltr'><strong>non</strong></span> <span class='ocrx_word' id='word_1_132' title='bbox 2251 471 2389 525; x_wconf 90' lang='lat' dir='ltr'><strong>unde</strong></span> <span class='ocrx_word' id='word_1_133' title='bbox 2417 472 2603 526; x_wconf 76' lang='lat' dir='ltr'><strong>offensi</strong></span> <span class='ocrx_word' id='word_1_134' title='bbox 2633 475 2893 543; x_wconf 84' lang='lat' dir='ltr'><strong>aliquibus</strong></span> <span class='ocrx_word' id='word_1_135' title='bbox 2938 488 3275 545; x_wconf 86' lang='lat' dir='ltr'><strong>peccatorum</strong></span> <span class='ocrx_word' id='word_1_136' title='bbox 3304 483 3475 535; x_wconf 91' lang='lat' dir='ltr'><strong>sordi-</strong></span> 
     </span>
    </p>
   </div>
   <div class='ocr_carea' id='block_1_20' title="bbox 1901 557 3473 640">
    <p class='ocr_par' dir='ltr' id='par_1_20' title="bbox 1901 557 3473 640">
     <span class='ocr_line' id='line_1_20' title="bbox 1901 557 3473 640; baseline 0.01 -29"><span class='ocrx_word' id='word_1_137' title='bbox 1901 557 2001 611; x_wconf 90' lang='lat' dir='ltr'><strong>bus</strong></span> <span class='ocrx_word' id='word_1_138' title='bbox 2030 559 2378 626; x_wconf 84' lang='lat' dir='ltr'><strong>erubescant;</strong></span> <span class='ocrx_word' id='word_1_139' title='bbox 2419 562 2539 629; x_wconf 90' lang='lat' dir='ltr'><strong>quia</strong></span> <span class='ocrx_word' id='word_1_140' title='bbox 2573 563 2641 617; x_wconf 90' lang='lat' dir='ltr'><strong>ibi</strong></span> <span class='ocrx_word' id='word_1_141' title='bbox 2674 579 2772 618; x_wconf 89' lang='lat' dir='ltr'><strong>nec</strong></span> <span class='ocrx_word' id='word_1_142' title='bbox 2803 566 2903 621; x_wconf 91' lang='lat' dir='ltr'><strong>ulla</strong></span> <span class='ocrx_word' id='word_1_143' title='bbox 2937 580 3178 635; x_wconf 88' lang='lat' dir='ltr'><strong>peccata,</strong></span> <span class='ocrx_word' id='word_1_144' title='bbox 3215 586 3313 624; x_wconf 89' lang='lat' dir='ltr'><strong>nec</strong></span> <span class='ocrx_word' id='word_1_145' title='bbox 3349 586 3473 640; x_wconf 63' lang='lat' dir='ltr'><strong>prc-</strong></span> 
     </span>
    </p>
   </div>
   <div class='ocr_carea' id='block_1_21' title="bbox 1899 653 3470 728">
    <p class='ocr_par' dir='ltr' id='par_1_21' title="bbox 1899 653 3470 728">
     <span class='ocr_line' id='line_1_21' title="bbox 1899 653 3470 728; baseline 0.012 -30"><span class='ocrx_word' id='word_1_146' title='bbox 1899 656 2108 702; x_wconf 85' lang='lat' dir='ltr'><strong>catores</strong></span> <span class='ocrx_word' id='word_1_147' title='bbox 2133 659 2292 703; x_wconf 90' lang='lat' dir='ltr'><strong>erunt</strong></span> <span class='ocrx_word' id='word_1_148' title='bbox 2315 690 2330 715; x_wconf 94' lang='lat'><strong>,</strong></span> <span class='ocrx_word' id='word_1_149' title='bbox 2378 663 2431 706; x_wconf 89' lang='lat' dir='ltr'><strong>et</strong></span> <span class='ocrx_word' id='word_1_150' title='bbox 2475 654 2563 720; x_wconf 89' lang='lat' dir='ltr'><strong>qui</strong></span> <span class='ocrx_word' id='word_1_151' title='bbox 2611 653 2681 707; x_wconf 88' lang='lat' dir='ltr'><strong>ibi</strong></span> <span class='ocrx_word' id='word_1_152' title='bbox 2708 653 2949 721; x_wconf 89' lang='lat' dir='ltr'><strong>fuerint,</strong></span> <span class='ocrx_word' id='word_1_153' title='bbox 2976 658 3085 727; x_wconf 89' lang='lat' dir='ltr'><strong>jam</strong></span> <span class='ocrx_word' id='word_1_154' title='bbox 3118 674 3341 728; x_wconf 87' lang='lat' dir='ltr'><strong>peccare</strong></span> <span class='ocrx_word' id='word_1_155' title='bbox 3367 677 3470 717; x_wconf 88' lang='lat' dir='ltr'><strong>non</strong></span> 
     </span>
    </p>
   </div>
   <div class='ocr_carea' id='block_1_22' title="bbox 1900 739 3467 820">
    <p class='ocr_par' dir='ltr' id='par_1_22' title="bbox 1900 739 3467 820">
     <span class='ocr_line' id='line_1_22' title="bbox 1900 739 3467 820; baseline 0.01 -31"><span class='ocrx_word' id='word_1_156' title='bbox 1900 746 2167 805; x_wconf 89' lang='lat' dir='ltr'><strong>poterunt.</strong></span> <span class='ocrx_word' id='word_1_157' title='bbox 2217 739 2325 794; x_wconf 90' lang='lat' dir='ltr'><strong>Nec</strong></span> <span class='ocrx_word' id='word_1_158' title='bbox 2375 741 2559 795; x_wconf 90' lang='lat' dir='ltr'><strong>latebit</strong></span> <span class='ocrx_word' id='word_1_159' title='bbox 2600 743 2710 811; x_wconf 84' lang='lat' dir='ltr'><strong>jam</strong></span> <span class='ocrx_word' id='word_1_160' title='bbox 2762 744 2993 813; x_wconf 88' lang='lat' dir='ltr'><strong>perfecte</strong></span> <span class='ocrx_word' id='word_1_161' title='bbox 3040 748 3224 803; x_wconf 87' lang='lat' dir='ltr'><strong>beatos</strong></span> <span class='ocrx_word' id='word_1_162' title='bbox 3273 752 3467 820; x_wconf 70' lang='lat' dir='ltr'><strong>aliqn‘d</strong></span> 
     </span>
    </p>
   </div>
   <div class='ocr_carea' id='block_1_23' title="bbox 1898 832 3467 911">
    <p class='ocr_par' dir='ltr' id='par_1_23' title="bbox 1898 832 3467 911">
     <span class='ocr_line' id='line_1_23' title="bbox 1898 832 3467 911; baseline 0.011 -31"><span class='ocrx_word' id='word_1_163' title='bbox 1898 836 2226 882; x_wconf 89' lang='lat' dir='ltr'><strong>secretorum</strong></span> <span class='ocrx_word' id='word_1_164' title='bbox 2258 870 2272 894; x_wconf 94' lang='lat'><strong>,</strong></span> <span class='ocrx_word' id='word_1_165' title='bbox 2302 832 2413 899; x_wconf 92' lang='lat' dir='ltr'><strong>qui,</strong></span> <span class='ocrx_word' id='word_1_166' title='bbox 2443 833 2583 901; x_wconf 92' lang='lat' dir='ltr'><strong>quod</strong></span> <span class='ocrx_word' id='word_1_167' title='bbox 2617 843 2697 888; x_wconf 80' lang='lat' dir='ltr'><strong>est</strong></span> <span class='ocrx_word' id='word_1_168' title='bbox 2720 836 2877 904; x_wconf 82' lang='lat' dir='ltr'><strong>longe</strong></span> <span class='ocrx_word' id='word_1_169' title='bbox 2906 840 3263 908; x_wconf 69' lang='lat' dir='ltr'><strong>praestantius,</strong></span> <span class='ocrx_word' id='word_1_170' title='bbox 3296 843 3467 911; x_wconf 89' lang='lat' dir='ltr'><strong>ipsum</strong></span> 
     </span>
    </p>
   </div>
   <div class='ocr_carea' id='block_1_24' title="bbox 1898 917 3466 1001">
    <p class='ocr_par' dir='ltr' id='par_1_24' title="bbox 1898 917 3466 1001">
     <span class='ocr_line' id='line_1_24' title="bbox 1898 917 3466 1001; baseline 0.012 -33"><span class='ocrx_word' id='word_1_171' title='bbox 1898 917 2061 971; x_wconf 90' lang='lat' dir='ltr'><strong>visuri</strong></span> <span class='ocrx_word' id='word_1_172' title='bbox 2104 928 2231 973; x_wconf 89' lang='lat' dir='ltr'><strong>sunt</strong></span> <span class='ocrx_word' id='word_1_173' title='bbox 2277 923 2487 976; x_wconf 84' lang='lat' dir='ltr'><strong>mundis</strong></span> <span class='ocrx_word' id='word_1_174' title='bbox 2516 925 2765 980; x_wconf 89' lang='lat' dir='ltr'><strong>cordibus</strong></span> <span class='ocrx_word' id='word_1_175' title='bbox 2811 927 3466 1001; x_wconf 81' lang='lat' dir='ltr'><strong>Deumzqnandnquident</strong></span> 
     </span>
    </p>
   </div>
   <div class='ocr_carea' id='block_1_25' title="bbox 1897 1004 3467 1083">
    <p class='ocr_par' dir='ltr' id='par_1_25' title="bbox 1897 1004 3467 1083">
     <span class='ocr_line' id='line_1_25' title="bbox 1897 1004 3467 1083; baseline 0.016 -27"><span class='ocrx_word' id='word_1_176' title='bbox 1897 1004 2125 1061; x_wconf 86' lang='lat' dir='ltr'><strong>humana</strong></span> <span class='ocrx_word' id='word_1_177' title='bbox 2154 1020 2395 1065; x_wconf 86' lang='lat' dir='ltr'><strong>creatura</strong></span> <span class='ocrx_word' id='word_1_178' title='bbox 2444 1014 2515 1067; x_wconf 89' lang='lat' dir='ltr'><strong>ita</strong></span> <span class='ocrx_word' id='word_1_179' title='bbox 2550 1018 2781 1083; x_wconf 86' lang='lat' dir='ltr'><strong>perfecta</strong></span> <span class='ocrx_word' id='word_1_180' title='bbox 2825 1019 2928 1072; x_wconf 90' lang='lat' dir='ltr'><strong>erit</strong></span> <span class='ocrx_word' id='word_1_181' title='bbox 2951 1059 2965 1083; x_wconf 89' lang='lat'><strong>,</strong></span> <span class='ocrx_word' id='word_1_182' title='bbox 2996 1030 3054 1074; x_wconf 89' lang='lat' dir='ltr'><strong>ut</strong></span> <span class='ocrx_word' id='word_1_183' title='bbox 3084 1025 3133 1075; x_wconf 90' lang='lat' dir='ltr'><strong>in</strong></span> <span class='ocrx_word' id='word_1_184' title='bbox 3164 1026 3351 1080; x_wconf 86' lang='lat' dir='ltr'><strong>melius</strong></span> <span class='ocrx_word' id='word_1_185' title='bbox 3376 1040 3467 1081; x_wconf 89' lang='lat' dir='ltr'><strong>aut</strong></span> 
     </span>
    </p>
   </div>
   <div class='ocr_carea' id='block_1_26' title="bbox 1899 1096 2904 1175">
    <p class='ocr_par' dir='ltr' id='par_1_26' title="bbox 1899 1096 2904 1175">
     <span class='ocr_line' id='line_1_26' title="bbox 1899 1096 2904 1175; baseline 0.017 -31"><span class='ocrx_word' id='word_1_186' title='bbox 1899 1096 1913 1144; x_wconf 77' lang='lat'><strong><em>1</em></strong></span> <span class='ocrx_word' id='word_1_187' title='bbox 1944 1096 2177 1152; x_wconf 89' lang='lat' dir='ltr'><strong>deterius</strong></span> <span class='ocrx_word' id='word_1_188' title='bbox 2208 1101 2342 1155; x_wconf 90' lang='lat' dir='ltr'><strong>ultra</strong></span> <span class='ocrx_word' id='word_1_189' title='bbox 2371 1106 2560 1158; x_wconf 88' lang='lat' dir='ltr'><strong>mutari</strong></span> <span class='ocrx_word' id='word_1_190' title='bbox 2593 1121 2694 1160; x_wconf 89' lang='lat' dir='ltr'><strong>non</strong></span> <span class='ocrx_word' id='word_1_191' title='bbox 2719 1110 2904 1175; x_wconf 89' lang='lat' dir='ltr'><strong>possit.</strong></span> 
     </span>
    </p>
   </div>
   <div class='ocr_carea' id='block_1_27' title="bbox 1964 1187 3462 1266">
    <p class='ocr_par' dir='ltr' id='par_1_27' title="bbox 1964 1187 3462 1266">
     <span class='ocr_line' id='line_1_27' title="bbox 1964 1187 3462 1266; baseline 0.015 -26"><span class='ocrx_word' id='word_1_192' title='bbox 1964 1187 2018 1241; x_wconf 71' lang='grc'><strong>2.</strong></span> <span class='ocrx_word' id='word_1_193' title='bbox 2059 1187 2221 1257; x_wconf 88' lang='lat' dir='ltr'><strong>Cujus</strong></span> <span class='ocrx_word' id='word_1_194' title='bbox 2270 1192 2515 1249; x_wconf 68' lang='lat' dir='ltr'><strong>humana:</strong></span> <span class='ocrx_word' id='word_1_195' title='bbox 2559 1199 2874 1256; x_wconf 61' lang='lat' dir='ltr'><strong>substantia:</strong></span> <span class='ocrx_word' id='word_1_196' title='bbox 2918 1203 2983 1257; x_wconf 88' lang='lat' dir='ltr'><strong>ad</strong></span> <span class='ocrx_word' id='word_1_197' title='bbox 3030 1206 3333 1263; x_wconf 85' lang='lat' dir='ltr'><strong>Conditoris</strong></span> <span class='ocrx_word' id='word_1_198' title='bbox 3383 1215 3462 1266; x_wconf 87' lang='lat' dir='ltr'><strong>sui</strong></span> 
     </span>
    </p>
   </div>
   <div class='ocr_carea' id='block_1_28' title="bbox 1894 1277 3465 1365">
    <p class='ocr_par' dir='ltr' id='par_1_28' title="bbox 1894 1277 3465 1365">
     <span class='ocr_line' id='line_1_28' title="bbox 1894 1277 3465 1365; baseline 0.017 -36"><span class='ocrx_word' id='word_1_199' title='bbox 1894 1277 2294 1335; x_wconf 82' lang='lat' dir='ltr'><strong>similitudinem</strong></span> <span class='ocrx_word' id='word_1_200' title='bbox 2320 1285 2635 1353; x_wconf 61' lang='lat' dir='ltr'><strong>sublimata,</strong></span> <span class='ocrx_word' id='word_1_201' title='bbox 2652 1292 2837 1356; x_wconf 76' lang='lat' dir='ltr'><strong>omnia</strong></span> <span class='ocrx_word' id='word_1_202' title='bbox 2852 1292 2986 1348; x_wconf 88' lang='lat' dir='ltr'><strong>bona</strong></span> <span class='ocrx_word' id='word_1_203' title='bbox 3010 1311 3128 1365; x_wconf 75' lang='lat' dir='ltr'><strong>qua:</strong></span> <span class='ocrx_word' id='word_1_204' title='bbox 3154 1303 3465 1357; x_wconf 75' lang='lat' dir='ltr'><strong>naturaliter</strong></span> 
     </span>
    </p>
   </div>
   <div class='ocr_carea' id='block_1_29' title="bbox 1892 1369 3465 1457">
    <p class='ocr_par' dir='ltr' id='par_1_29' title="bbox 1892 1369 3465 1457">
     <span class='ocr_line' id='line_1_29' title="bbox 1892 1369 3465 1457; baseline 0.018 -36"><span class='ocrx_word' id='word_1_205' title='bbox 1892 1380 2110 1438; x_wconf 89' lang='lat' dir='ltr'><strong>accepta</strong></span> <span class='ocrx_word' id='word_1_206' title='bbox 2143 1369 2168 1407; x_wconf 74' lang='grc' dir='ltr'><strong>¹ε</strong></span> <span class='ocrx_word' id='word_1_207' title='bbox 2212 1384 2430 1440; x_wconf 87' lang='lat' dir='ltr'><strong>peccato</strong></span> <span class='ocrx_word' id='word_1_208' title='bbox 2460 1392 2809 1447; x_wconf 83' lang='lat' dir='ltr'><strong>corruperat,</strong></span> <span class='ocrx_word' id='word_1_209' title='bbox 2837 1389 3243 1457; x_wconf 76' lang='lat' dir='ltr'><strong>reparabuntur</strong></span> <span class='ocrx_word' id='word_1_210' title='bbox 3271 1393 3321 1446; x_wconf 91' lang='lat' dir='ltr'><strong>in</strong></span> <span class='ocrx_word' id='word_1_211' title='bbox 3355 1410 3465 1449; x_wconf 89' lang='lat' dir='ltr'><strong>me-</strong></span> 
     </span>
    </p>
   </div>
   <div class='ocr_carea' id='block_1_30' title="bbox 1892 1457 3464 1541">
    <p class='ocr_par' dir='ltr' id='par_1_30' title="bbox 1892 1457 3464 1541">
     <span class='ocr_line' id='line_1_30' title="bbox 1892 1457 3464 1541; baseline 0.018 -31"><span class='ocrx_word' id='word_1_212' title='bbox 1892 1457 2025 1524; x_wconf 88' lang='lat' dir='ltr'><strong>lius;</strong></span> <span class='ocrx_word' id='word_1_213' title='bbox 2070 1460 2120 1512; x_wconf 89' lang='lat' dir='ltr'><strong>id</strong></span> <span class='ocrx_word' id='word_1_214' title='bbox 2150 1472 2230 1515; x_wconf 90' lang='lat' dir='ltr'><strong>est</strong></span> <span class='ocrx_word' id='word_1_215' title='bbox 2275 1463 2572 1520; x_wconf 87' lang='lat' dir='ltr'><strong>intellectus</strong></span> <span class='ocrx_word' id='word_1_216' title='bbox 2618 1470 2731 1522; x_wconf 85' lang='lat' dir='ltr'><strong>sine</strong></span> <span class='ocrx_word' id='word_1_217' title='bbox 2780 1488 3003 1539; x_wconf 89' lang='lat' dir='ltr'><strong>errore,</strong></span> <span class='ocrx_word' id='word_1_218' title='bbox 3053 1483 3303 1535; x_wconf 85' lang='lat' dir='ltr'><strong>memoria</strong></span> <span class='ocrx_word' id='word_1_219' title='bbox 3349 1485 3464 1541; x_wconf 81' lang='lat' dir='ltr'><strong>sine</strong></span> 
     </span>
    </p>
   </div>
   <div class='ocr_carea' id='block_1_31' title="bbox 1889 1549 3463 1636">
    <p class='ocr_par' dir='ltr' id='par_1_31' title="bbox 1889 1549 3463 1636">
     <span class='ocr_line' id='line_1_31' title="bbox 1889 1549 3463 1636; baseline 0.019 -35"><span class='ocrx_word' id='word_1_220' title='bbox 1889 1549 2201 1619; x_wconf 89' lang='lat' dir='ltr'><strong>oblivione,</strong></span> <span class='ocrx_word' id='word_1_221' title='bbox 2264 1556 2516 1623; x_wconf 77' lang='lat' dir='ltr'><strong>cogitatio</strong></span> <span class='ocrx_word' id='word_1_222' title='bbox 2560 1559 2675 1613; x_wconf 90' lang='lat' dir='ltr'><strong>sine</strong></span> <span class='ocrx_word' id='word_1_223' title='bbox 2731 1559 2746 1597; x_wconf 83' lang='grc' dir='ltr'>ι</span> <span class='ocrx_word' id='word_1_224' title='bbox 2804 1568 3211 1636; x_wconf 87' lang='lat' dir='ltr'><strong>pervagatione,</strong></span> <span class='ocrx_word' id='word_1_225' title='bbox 3270 1576 3463 1631; x_wconf 89' lang='lat' dir='ltr'><strong>caritas</strong></span> 
     </span>
    </p>
   </div>
   <div class='ocr_carea' id='block_1_32' title="bbox 1890 1639 3462 1723">
    <p class='ocr_par' dir='ltr' id='par_1_32' title="bbox 1890 1639 3462 1723">
     <span class='ocr_line' id='line_1_32' title="bbox 1890 1639 3462 1723; baseline 0.02 -33"><span class='ocrx_word' id='word_1_226' title='bbox 1890 1639 2005 1694; x_wconf 88' lang='lat' dir='ltr'><strong>sine</strong></span> <span class='ocrx_word' id='word_1_227' title='bbox 2032 1642 2389 1710; x_wconf 83' lang='lat' dir='ltr'><strong>simulatione,</strong></span> <span class='ocrx_word' id='word_1_228' title='bbox 2423 1663 2611 1703; x_wconf 88' lang='lat' dir='ltr'><strong>sensus</strong></span> <span class='ocrx_word' id='word_1_229' title='bbox 2632 1653 2748 1706; x_wconf 87' lang='lat' dir='ltr'><strong>sine</strong></span> <span class='ocrx_word' id='word_1_230' title='bbox 2778 1654 3092 1723; x_wconf 70' lang='lat' dir='ltr'><strong>offensione,</strong></span> <span class='ocrx_word' id='word_1_231' title='bbox 3127 1663 3462 1723; x_wconf 82' lang='lat' dir='ltr'><strong>incolumitas</strong></span> 
     </span>
    </p>
   </div>
   <div class='ocr_carea' id='block_1_33' title="bbox 208 1734 3458 1825">
    <p class='ocr_par' dir='ltr' id='par_1_33' title="bbox 208 1734 3458 1825">
     <span class='ocr_line' id='line_1_33' title="bbox 208 1734 3458 1825; baseline 0.012 -52"><span class='ocrx_word' id='word_1_232' title='bbox 208 1746 372 1801; x_wconf 66' lang='lat' dir='ltr'><strong>semel</strong></span> <span class='ocrx_word' id='word_1_233' title='bbox 406 1745 534 1799; x_wconf 60' lang='grc' dir='ltr'><strong>[πεί</strong></span> <span class='ocrx_word' id='word_1_234' title='bbox 563 1744 869 1814; x_wconf 44' lang='lat' dir='ltr'><strong>participes,</strong></span> <span class='ocrx_word' id='word_1_235' title='bbox 901 1752 923 1777; x_wconf 73' lang='grc' dir='ltr'>ι</span> <span class='ocrx_word' id='word_1_236' title='bbox 952 1742 1338 1811; x_wconf 51' lang='lat' dir='ltr'><strong>inexplebiliter</strong></span> <span class='ocrx_word' id='word_1_237' title='bbox 1366 1756 1633 1797; x_wconf 56' lang='lat' dir='ltr'><strong>auctorem</strong></span> <span class='ocrx_word' id='word_1_238' title='bbox 1667 1745 1788 1799; x_wconf 55' lang='lat' dir='ltr'><strong>ben-</strong></span> <span class='ocrx_word' id='word_1_239' title='bbox 1818 1734 1865 1796; x_wconf 89' lang='lat' dir='ltr'><strong>B</strong></span> <span class='ocrx_word' id='word_1_240' title='bbox 1893 1735 2006 1789; x_wconf 91' lang='lat' dir='ltr'><strong>sine</strong></span> <span class='ocrx_word' id='word_1_241' title='bbox 2033 1735 2302 1794; x_wconf 88' lang='lat' dir='ltr'><strong>debilitate</strong></span> <span class='ocrx_word' id='word_1_242' title='bbox 2326 1778 2339 1804; x_wconf 92' lang='lat'><strong>,</strong></span> <span class='ocrx_word' id='word_1_243' title='bbox 2377 1741 2518 1796; x_wconf 83' lang='lat' dir='ltr'><strong>salus</strong></span> <span class='ocrx_word' id='word_1_244' title='bbox 2544 1744 2661 1801; x_wconf 89' lang='lat' dir='ltr'><strong>sine</strong></span> <span class='ocrx_word' id='word_1_245' title='bbox 2703 1745 2892 1804; x_wconf 84' lang='lat' dir='ltr'><strong>dulnre</strong></span> <span class='ocrx_word' id='word_1_246' title='bbox 2915 1790 2928 1811; x_wconf 89' lang='lat'><strong>.</strong></span> <span class='ocrx_word' id='word_1_247' title='bbox 2961 1752 3062 1806; x_wconf 83' lang='lat' dir='ltr'><strong>vita</strong></span> <span class='ocrx_word' id='word_1_248' title='bbox 3090 1756 3206 1811; x_wconf 89' lang='lat' dir='ltr'><strong>sine</strong></span> <span class='ocrx_word' id='word_1_249' title='bbox 3249 1769 3418 1815; x_wconf 85' lang='lat' dir='ltr'><strong>morte</strong></span> <span class='ocrx_word' id='word_1_250' title='bbox 3443 1802 3458 1825; x_wconf 91' lang='lat'><strong>,</strong></span> 
     </span>
    </p>
   </div>
   <div class='ocr_carea' id='block_1_34' title="bbox 208 1832 1790 1903">
    <p class='ocr_par' dir='ltr' id='par_1_34' title="bbox 208 1832 1790 1903">
     <span class='ocr_line' id='line_1_34' title="bbox 208 1832 1790 1903; baseline -0.001 -14"><span class='ocrx_word' id='word_1_251' title='bbox 208 1834 454 1889; x_wconf 82' lang='lat' dir='ltr'><strong>titudinis</strong></span> <span class='ocrx_word' id='word_1_252' title='bbox 497 1850 607 1889; x_wconf 73' lang='lat' dir='ltr'><strong>sua:</strong></span> <span class='ocrx_word' id='word_1_253' title='bbox 641 1833 969 1903; x_wconf 86' lang='lat' dir='ltr'><strong>consp&#39;ciunt</strong></span> <span class='ocrx_word' id='word_1_254' title='bbox 992 1874 1006 1898; x_wconf 86' lang='lat'><strong>,</strong></span> <span class='ocrx_word' id='word_1_255' title='bbox 1035 1842 1084 1887; x_wconf 91' lang='lat' dir='ltr'><strong>et</strong></span> <span class='ocrx_word' id='word_1_256' title='bbox 1119 1832 1308 1886; x_wconf 90' lang='lat' dir='ltr'><strong>merito</strong></span> <span class='ocrx_word' id='word_1_257' title='bbox 1337 1847 1448 1887; x_wconf 64' lang='lat' dir='ltr'><strong>suae</strong></span> <span class='ocrx_word' id='word_1_258' title='bbox 1491 1834 1790 1888; x_wconf 85' lang='lat' dir='ltr'><strong>stabilitatis</strong></span> 
     </span>
    </p>
   </div>
   <div class='ocr_carea' id='block_1_35' title="bbox 206 1923 1788 1991">
    <p class='ocr_par' dir='ltr' id='par_1_35' title="bbox 206 1923 1788 1991">
     <span class='ocr_line' id='line_1_35' title="bbox 206 1923 1788 1991; baseline 0 -12"><span class='ocrx_word' id='word_1_259' title='bbox 206 1928 250 1979; x_wconf 86' lang='lat' dir='ltr'><strong>in</strong></span> <span class='ocrx_word' id='word_1_260' title='bbox 277 1936 552 1979; x_wconf 82' lang='lat' dir='ltr'><strong>aeternum</strong></span> <span class='ocrx_word' id='word_1_261' title='bbox 580 1924 760 1978; x_wconf 88' lang='lat' dir='ltr'><strong>felices</strong></span> <span class='ocrx_word' id='word_1_262' title='bbox 780 1924 972 1984; x_wconf 80' lang='lat' dir='ltr'><strong>effecti,</strong></span> <span class='ocrx_word' id='word_1_263' title='bbox 996 1923 1061 1976; x_wconf 86' lang='lat' dir='ltr'><strong>de</strong></span> <span class='ocrx_word' id='word_1_264' title='bbox 1092 1938 1185 1976; x_wconf 92' lang='lat' dir='ltr'><strong>sua</strong></span> <span class='ocrx_word' id='word_1_265' title='bbox 1211 1923 1581 1991; x_wconf 90' lang='lat' dir='ltr'><strong>permansione</strong></span> <span class='ocrx_word' id='word_1_266' title='bbox 1612 1927 1788 1979; x_wconf 88' lang='lat' dir='ltr'><strong>securi</strong></span> 
     </span>
    </p>
   </div>
   <div class='ocr_carea' id='block_1_36' title="bbox 206 2010 1790 2082">
    <p class='ocr_par' dir='ltr' id='par_1_36' title="bbox 206 2010 1790 2082">
     <span class='ocr_line' id='line_1_36' title="bbox 206 2010 1790 2082; baseline 0 -14"><span class='ocrx_word' id='word_1_267' title='bbox 206 2024 348 2068; x_wconf 83' lang='lat' dir='ltr'><strong>sunt.</strong></span> <span class='ocrx_word' id='word_1_268' title='bbox 384 2014 488 2080; x_wconf 89' lang='lat' dir='ltr'><strong>Qui</strong></span> <span class='ocrx_word' id='word_1_269' title='bbox 520 2028 799 2079; x_wconf 84' lang='lat' dir='ltr'><strong>summum</strong></span> <span class='ocrx_word' id='word_1_270' title='bbox 827 2013 1162 2081; x_wconf 89' lang='lat' dir='ltr'><strong>solidumque</strong></span> <span class='ocrx_word' id='word_1_271' title='bbox 1203 2010 1452 2081; x_wconf 81' lang='lat' dir='ltr'><strong>gaudium</strong></span> <span class='ocrx_word' id='word_1_272' title='bbox 1475 2053 1489 2077; x_wconf 88' lang='lat'><strong>,</strong></span> <span class='ocrx_word' id='word_1_273' title='bbox 1516 2028 1621 2082; x_wconf 90' lang='lat' dir='ltr'><strong>quo</strong></span> <span class='ocrx_word' id='word_1_274' title='bbox 1649 2014 1790 2068; x_wconf 88' lang='lat' dir='ltr'><strong>insa-</strong></span> 
     </span>
    </p>
   </div>
   <div class='ocr_carea' id='block_1_37' title="bbox 206 2095 1789 2174">
    <p class='ocr_par' dir='ltr' id='par_1_37' title="bbox 206 2095 1789 2174">
     <span class='ocr_line' id='line_1_37' title="bbox 206 2095 1789 2174; baseline 0.001 -16"><span class='ocrx_word' id='word_1_275' title='bbox 206 2106 467 2159; x_wconf 87' lang='lat' dir='ltr'><strong>tiabiliter</strong></span> <span class='ocrx_word' id='word_1_276' title='bbox 494 2105 856 2172; x_wconf 85' lang='lat' dir='ltr'><strong>perfruuntur,</strong></span> <span class='ocrx_word' id='word_1_277' title='bbox 883 2103 950 2158; x_wconf 90' lang='lat' dir='ltr'><strong>de</strong></span> <span class='ocrx_word' id='word_1_278' title='bbox 978 2104 1157 2158; x_wconf 88' lang='lat' dir='ltr'><strong>divina</strong></span> <span class='ocrx_word' id='word_1_279' title='bbox 1194 2095 1644 2174; x_wconf 85' lang='lat' dir='ltr'><strong>contemplatione</strong></span> <span class='ocrx_word' id='word_1_280' title='bbox 1668 2120 1789 2174; x_wconf 89' lang='lat' dir='ltr'><strong>per-</strong></span> 
     </span>
    </p>
   </div>
   <div class='ocr_carea' id='block_1_38' title="bbox 206 2193 1786 2264">
    <p class='ocr_par' dir='ltr' id='par_1_38' title="bbox 206 2193 1786 2264">
     <span class='ocr_line' id='line_1_38' title="bbox 206 2193 1786 2264; baseline 0 -15"><span class='ocrx_word' id='word_1_281' title='bbox 206 2197 432 2264; x_wconf 81' lang='lat' dir='ltr'><strong>cipiunt,</strong></span> <span class='ocrx_word' id='word_1_282' title='bbox 461 2208 524 2248; x_wconf 88' lang='lat' dir='ltr'><strong>ac</strong></span> <span class='ocrx_word' id='word_1_283' title='bbox 552 2193 663 2248; x_wconf 87' lang='lat' dir='ltr'><strong>Deo</strong></span> <span class='ocrx_word' id='word_1_284' title='bbox 708 2209 805 2247; x_wconf 91' lang='lat' dir='ltr'><strong>suo</strong></span> <span class='ocrx_word' id='word_1_285' title='bbox 834 2193 1233 2262; x_wconf 86' lang='lat' dir='ltr'><strong>infatigabiliter</strong></span> <span class='ocrx_word' id='word_1_286' title='bbox 1260 2204 1314 2249; x_wconf 91' lang='lat' dir='ltr'><strong>et</strong></span> <span class='ocrx_word' id='word_1_287' title='bbox 1347 2204 1587 2249; x_wconf 84' lang='lat' dir='ltr'><strong>amanter</strong></span> <span class='ocrx_word' id='word_1_288' title='bbox 1618 2196 1786 2250; x_wconf 87' lang='lat' dir='ltr'><strong>inser-</strong></span> 
     </span>
    </p>
   </div>
   <div class='ocr_carea' id='block_1_39' title="bbox 207 2283 1788 2355">
    <p class='ocr_par' dir='ltr' id='par_1_39' title="bbox 207 2283 1788 2355">
     <span class='ocr_line' id='line_1_39' title="bbox 207 2283 1788 2355; baseline 0.002 -17"><span class='ocrx_word' id='word_1_289' title='bbox 207 2288 386 2349; x_wconf 83' lang='lat' dir='ltr'><strong>viunt;</strong></span> <span class='ocrx_word' id='word_1_290' title='bbox 430 2285 506 2339; x_wconf 91' lang='lat' dir='ltr'><strong>ita</strong></span> <span class='ocrx_word' id='word_1_291' title='bbox 552 2283 787 2354; x_wconf 84' lang='lat' dir='ltr'><strong>perfecte</strong></span> <span class='ocrx_word' id='word_1_292' title='bbox 817 2283 998 2351; x_wconf 90' lang='lat' dir='ltr'><strong>beati,</strong></span> <span class='ocrx_word' id='word_1_293' title='bbox 1046 2294 1104 2338; x_wconf 92' lang='lat' dir='ltr'><strong>ut</strong></span> <span class='ocrx_word' id='word_1_294' title='bbox 1147 2299 1247 2340; x_wconf 88' lang='lat' dir='ltr'><strong>nec</strong></span> <span class='ocrx_word' id='word_1_295' title='bbox 1276 2284 1492 2355; x_wconf 83' lang='lat' dir='ltr'><strong>cupiant</strong></span> <span class='ocrx_word' id='word_1_296' title='bbox 1518 2285 1788 2341; x_wconf 87' lang='lat' dir='ltr'><strong>beatiores</strong></span> 
     </span>
    </p>
   </div>
   <div class='ocr_carea' id='block_1_40' title="bbox 204 2378 895 2443">
    <p class='ocr_par' dir='ltr' id='par_1_40' title="bbox 204 2378 895 2443">
     <span class='ocr_line' id='line_1_40' title="bbox 204 2378 895 2443; baseline -0.003 -12"><span class='ocrx_word' id='word_1_297' title='bbox 204 2379 313 2434; x_wconf 76' lang='lat' dir='ltr'><strong>ﬁeri</strong></span> <span class='ocrx_word' id='word_1_298' title='bbox 345 2378 513 2443; x_wconf 87' lang='lat' dir='ltr'><strong>ultra,</strong></span> <span class='ocrx_word' id='word_1_299' title='bbox 542 2391 641 2432; x_wconf 89' lang='lat' dir='ltr'><strong>nec</strong></span> <span class='ocrx_word' id='word_1_300' title='bbox 667 2378 895 2431; x_wconf 88' lang='lat' dir='ltr'><strong>valeant.</strong></span> 
     </span>
    </p>
   </div>
   <div class='ocr_carea' id='block_1_41' title="bbox 825 2490 1176 2545">
    <p class='ocr_par' dir='ltr' id='par_1_41' title="bbox 825 2490 1176 2545">
     <span class='ocr_line' id='line_1_41' title="bbox 825 2490 1176 2545; baseline -0.003 0"><span class='ocrx_word' id='word_1_301' title='bbox 825 2490 1050 2545; x_wconf 82' lang='lat' dir='ltr'><strong>CAPUT</strong></span> <span class='ocrx_word' id='word_1_302' title='bbox 1089 2490 1176 2545; x_wconf 84' lang='lat' dir='ltr'><strong>IV.</strong></span> 
     </span>
    </p>
   </div>
   <div class='ocr_carea' id='block_1_42' title="bbox 456 2602 1532 2672">
    <p class='ocr_par' dir='ltr' id='par_1_42' title="bbox 456 2602 1532 2672">
     <span class='ocr_line' id='line_1_42' title="bbox 456 2602 1532 2672; baseline 0.004 -17"><span class='ocrx_word' id='word_1_303' title='bbox 456 2602 535 2658; x_wconf 88' lang='lat' dir='ltr'><strong>De</strong></span> <span class='ocrx_word' id='word_1_304' title='bbox 563 2604 925 2659; x_wconf 76' lang='lat' dir='ltr'><strong>resurrectione</strong></span> <span class='ocrx_word' id='word_1_305' title='bbox 944 2646 958 2672; x_wconf 88' lang='lat'><strong>,</strong></span> <span class='ocrx_word' id='word_1_306' title='bbox 986 2604 1062 2659; x_wconf 79' lang='lat' dir='ltr'><strong>vel</strong></span> <span class='ocrx_word' id='word_1_307' title='bbox 1092 2605 1194 2658; x_wconf 89' lang='lat' dir='ltr'><strong>vita</strong></span> <span class='ocrx_word' id='word_1_308' title='bbox 1218 2614 1532 2659; x_wconf 82' lang='lat' dir='ltr'><strong>sanctorum.</strong></span> 
     </span>
    </p>
   </div>
   <div class='ocr_carea' id='block_1_43' title="bbox 269 2735 1784 2806">
    <p class='ocr_par' dir='ltr' id='par_1_43' title="bbox 269 2735 1784 2806">
     <span class='ocr_line' id='line_1_43' title="bbox 269 2735 1784 2806; baseline -0.001 -12"><span class='ocrx_word' id='word_1_309' title='bbox 269 2742 323 2794; x_wconf 77' lang='grc'><strong>1.</strong></span> <span class='ocrx_word' id='word_1_310' title='bbox 376 2738 506 2793; x_wconf 78' lang='lat' dir='ltr'><strong>Hzec</strong></span> <span class='ocrx_word' id='word_1_311' title='bbox 534 2747 617 2793; x_wconf 90' lang='lat' dir='ltr'><strong>est</strong></span> <span class='ocrx_word' id='word_1_312' title='bbox 646 2735 664 2774; x_wconf 68' lang='grc' dir='ltr'>ί</span> <span class='ocrx_word' id='word_1_313' title='bbox 689 2737 1099 2806; x_wconf 82' lang='lat' dir='ltr'><strong>contemplativa</strong></span> <span class='ocrx_word' id='word_1_314' title='bbox 1143 2737 1247 2791; x_wconf 90' lang='lat' dir='ltr'><strong>vita</strong></span> <span class='ocrx_word' id='word_1_315' title='bbox 1275 2777 1291 2803; x_wconf 93' lang='lat'><strong>,</strong></span> <span class='ocrx_word' id='word_1_316' title='bbox 1340 2738 1446 2791; x_wconf 92' lang='lat' dir='ltr'><strong>vita</strong></span> <span class='ocrx_word' id='word_1_317' title='bbox 1477 2737 1627 2792; x_wconf 89' lang='lat' dir='ltr'><strong>beata</strong></span> <span class='ocrx_word' id='word_1_318' title='bbox 1653 2777 1669 2802; x_wconf 89' lang='lat'><strong>,</strong></span> <span class='ocrx_word' id='word_1_319' title='bbox 1718 2737 1784 2792; x_wconf 82' lang='lat' dir='ltr'><strong>ad</strong></span> 
     </span>
    </p>
   </div>
   <div class='ocr_carea' id='block_1_44' title="bbox 203 2830 1785 2901">
    <p class='ocr_par' dir='ltr' id='par_1_44' title="bbox 203 2830 1785 2901">
     <span class='ocr_line' id='line_1_44' title="bbox 203 2830 1785 2901; baseline -0.001 -16"><span class='ocrx_word' id='word_1_320' title='bbox 203 2847 363 2901; x_wconf 84' lang='lat' dir='ltr'><strong>quam</strong></span> <span class='ocrx_word' id='word_1_321' title='bbox 399 2831 489 2900; x_wconf 79' lang='lat' dir='ltr'><strong>qui</strong></span> <span class='ocrx_word' id='word_1_322' title='bbox 536 2830 800 2883; x_wconf 89' lang='lat' dir='ltr'><strong>bonorum</strong></span> <span class='ocrx_word' id='word_1_323' title='bbox 831 2844 1049 2898; x_wconf 84' lang='lat' dir='ltr'><strong>cperam</strong></span> <span class='ocrx_word' id='word_1_324' title='bbox 1091 2832 1549 2885; x_wconf 87' lang='lat' dir='ltr'><strong>consummatione</strong></span> <span class='ocrx_word' id='word_1_325' title='bbox 1595 2846 1785 2899; x_wconf 87' lang='lat' dir='ltr'><strong>pervc-</strong></span> 
     </span>
    </p>
   </div>
   <div class='ocr_carea' id='block_1_45' title="bbox 201 2920 1781 2990">
    <p class='ocr_par' dir='ltr' id='par_1_45' title="bbox 201 2920 1781 2990">
     <span class='ocr_line' id='line_1_45' title="bbox 201 2920 1781 2990; baseline 0 -14"><span class='ocrx_word' id='word_1_326' title='bbox 201 2925 387 2977; x_wconf 86' lang='lat' dir='ltr'><strong>nerint</strong></span> <span class='ocrx_word' id='word_1_327' title='bbox 410 2963 427 2989; x_wconf 93' lang='lat'><strong>,</strong></span> <span class='ocrx_word' id='word_1_328' title='bbox 456 2922 625 2976; x_wconf 84' lang='lat' dir='ltr'><strong>beatis</strong></span> <span class='ocrx_word' id='word_1_329' title='bbox 653 2920 856 2990; x_wconf 82' lang='lat' dir='ltr'><strong>angelis</strong></span> <span class='ocrx_word' id='word_1_330' title='bbox 884 2921 1085 2974; x_wconf 88' lang='lat' dir='ltr'><strong>similes</strong></span> <span class='ocrx_word' id='word_1_331' title='bbox 1117 2930 1271 2974; x_wconf 89' lang='lat' dir='ltr'><strong>erunt</strong></span> <span class='ocrx_word' id='word_1_332' title='bbox 1295 2960 1311 2984; x_wconf 90' lang='lat'><strong>,</strong></span> <span class='ocrx_word' id='word_1_333' title='bbox 1340 2931 1395 2975; x_wconf 89' lang='lat' dir='ltr'><strong>et</strong></span> <span class='ocrx_word' id='word_1_334' title='bbox 1419 2920 1576 2974; x_wconf 91' lang='lat' dir='ltr'><strong>simul</strong></span> <span class='ocrx_word' id='word_1_335' title='bbox 1609 2932 1633 2967; x_wconf 78' lang='grc' dir='ltr'><strong><em>κ</em></strong></span> <span class='ocrx_word' id='word_1_336' title='bbox 1662 2937 1781 2976; x_wconf 84' lang='lat' dir='ltr'><strong>cum</strong></span> 
     </span>
    </p>
   </div>
   <div class='ocr_carea' id='block_1_46' title="bbox 202 3008 1780 3080">
    <p class='ocr_par' dir='ltr' id='par_1_46' title="bbox 202 3008 1780 3080">
     <span class='ocr_line' id='line_1_46' title="bbox 202 3008 1780 3080; baseline -0.002 -11"><span class='ocrx_word' id='word_1_337' title='bbox 202 3016 308 3069; x_wconf 83' lang='lat' dir='ltr'><strong>Deo</strong></span> <span class='ocrx_word' id='word_1_338' title='bbox 340 3015 466 3068; x_wconf 89' lang='lat' dir='ltr'><strong>sine</strong></span> <span class='ocrx_word' id='word_1_339' title='bbox 498 3014 601 3066; x_wconf 89' lang='lat' dir='ltr'><strong>fine</strong></span> <span class='ocrx_word' id='word_1_340' title='bbox 628 3013 940 3080; x_wconf 74' lang='lat' dir='ltr'><strong>regnabant.</strong></span> <span class='ocrx_word' id='word_1_341' title='bbox 973 3011 1124 3076; x_wconf 85' lang='lat' dir='ltr'><strong>Quod</strong></span> <span class='ocrx_word' id='word_1_342' title='bbox 1158 3011 1243 3065; x_wconf 91' lang='lat' dir='ltr'><strong>hic</strong></span> <span class='ocrx_word' id='word_1_343' title='bbox 1273 3008 1297 3047; x_wconf 75' lang='grc'><strong>¹¹</strong></span> <span class='ocrx_word' id='word_1_344' title='bbox 1323 3012 1685 3077; x_wconf 88' lang='lat' dir='ltr'><strong>crediderunt,</strong></span> <span class='ocrx_word' id='word_1_345' title='bbox 1710 3014 1780 3067; x_wconf 86' lang='lat' dir='ltr'><strong>ibi</strong></span> 
     </span>
    </p>
   </div>
   <div class='ocr_carea' id='block_1_47' title="bbox 1892 1828 3455 1917">
    <p class='ocr_par' dir='ltr' id='par_1_47' title="bbox 1892 1828 3455 1917">
     <span class='ocr_line' id='line_1_47' title="bbox 1892 1828 3455 1917; baseline 0.017 -36"><span class='ocrx_word' id='word_1_346' title='bbox 1892 1828 2116 1883; x_wconf 89' lang='lat' dir='ltr'><strong>facilitas</strong></span> <span class='ocrx_word' id='word_1_347' title='bbox 2143 1832 2256 1885; x_wconf 90' lang='lat' dir='ltr'><strong>sine</strong></span> <span class='ocrx_word' id='word_1_348' title='bbox 2286 1832 2663 1902; x_wconf 80' lang='lat' dir='ltr'><strong>impedimento</strong></span> <span class='ocrx_word' id='word_1_349' title='bbox 2687 1878 2701 1904; x_wconf 91' lang='lat'><strong>,</strong></span> <span class='ocrx_word' id='word_1_350' title='bbox 2750 1844 2998 1897; x_wconf 87' lang='lat' dir='ltr'><strong>saturitas</strong></span> <span class='ocrx_word' id='word_1_351' title='bbox 3044 1849 3160 1901; x_wconf 90' lang='lat' dir='ltr'><strong>sine</strong></span> <span class='ocrx_word' id='word_1_352' title='bbox 3208 1849 3417 1907; x_wconf 88' lang='lat' dir='ltr'><strong>fastidio</strong></span> <span class='ocrx_word' id='word_1_353' title='bbox 3441 1894 3455 1917; x_wconf 93' lang='lat'><strong>,</strong></span> 
     </span>
    </p>
   </div>
   <div class='ocr_carea' id='block_1_48' title="bbox 1891 1923 3458 2012">
    <p class='ocr_par' dir='ltr' id='par_1_48' title="bbox 1891 1923 3458 2012">
     <span class='ocr_line' id='line_1_48' title="bbox 1891 1923 3458 2012; baseline 0.018 -42"><span class='ocrx_word' id='word_1_354' title='bbox 1891 1926 2097 2012; x_wconf 64' lang='lat' dir='ltr'><strong>ettota</strong></span> <span class='ocrx_word' id='word_1_355' title='bbox 2139 1923 2335 1978; x_wconf 65' lang='lat' dir='ltr'><strong>sanitas</strong></span> <span class='ocrx_word' id='word_1_356' title='bbox 2365 1926 2479 1979; x_wconf 73' lang='lat' dir='ltr'><strong>sine</strong></span> <span class='ocrx_word' id='word_1_357' title='bbox 2510 1927 2696 1982; x_wconf 92' lang='lat' dir='ltr'><strong>morbo</strong></span> <span class='ocrx_word' id='word_1_358' title='bbox 2739 1947 2751 1982; x_wconf 88' lang='lat'>:</span> <span class='ocrx_word' id='word_1_359' title='bbox 2794 1936 3042 1999; x_wconf 86' lang='lat' dir='ltr'><strong>quoniam</strong></span> <span class='ocrx_word' id='word_1_360' title='bbox 3071 1939 3281 2006; x_wconf 88' lang='lat' dir='ltr'><strong>quidem</strong></span> <span class='ocrx_word' id='word_1_361' title='bbox 3307 1945 3458 2012; x_wconf 85' lang='lat' dir='ltr'><strong>quid-</strong></span> 
     </span>
    </p>
   </div>
   <div class='ocr_carea' id='block_1_49' title="bbox 1890 2008 3455 2090">
    <p class='ocr_par' dir='ltr' id='par_1_49' title="bbox 1890 2008 3455 2090">
     <span class='ocr_line' id='line_1_49' title="bbox 1890 2008 3455 2090; baseline 0.02 -31"><span class='ocrx_word' id='word_1_362' title='bbox 1890 2009 2014 2077; x_wconf 82' lang='lat' dir='ltr'><strong>quid</strong></span> <span class='ocrx_word' id='word_1_363' title='bbox 2046 2008 2132 2063; x_wconf 87' lang='lat' dir='ltr'><strong>hic</strong></span> <span class='ocrx_word' id='word_1_364' title='bbox 2158 2015 2471 2081; x_wconf 86' lang='lat' dir='ltr'><strong>corporibus</strong></span> <span class='ocrx_word' id='word_1_365' title='bbox 2502 2025 2539 2050; x_wconf 73' lang='grc' dir='ltr'><strong>αι</strong></span> <span class='ocrx_word' id='word_1_366' title='bbox 2564 2020 2808 2074; x_wconf 89' lang='lat' dir='ltr'><strong>humanis</strong></span> <span class='ocrx_word' id='word_1_367' title='bbox 2833 2023 3076 2079; x_wconf 86' lang='lat' dir='ltr'><strong>vitiandis</strong></span> <span class='ocrx_word' id='word_1_368' title='bbox 3105 2038 3195 2081; x_wconf 88' lang='lat' dir='ltr'><strong>aut</strong></span> <span class='ocrx_word' id='word_1_369' title='bbox 3229 2008 3455 2090; x_wconf 74' lang='lat' dir='ltr'><strong>ferarum</strong></span> 
     </span>
    </p>
   </div>
   <div class='ocr_carea' id='block_1_50' title="bbox 1890 2105 3455 2194">
    <p class='ocr_par' dir='ltr' id='par_1_50' title="bbox 1890 2105 3455 2194">
     <span class='ocr_line' id='line_1_50' title="bbox 1890 2105 3455 2194; baseline 0.018 -40"><span class='ocrx_word' id='word_1_370' title='bbox 1890 2116 2099 2157; x_wconf 91' lang='lat' dir='ltr'><strong>morsus</strong></span> <span class='ocrx_word' id='word_1_371' title='bbox 2123 2112 2148 2138; x_wconf 81' lang='grc' dir='ltr'><strong>η</strong></span> <span class='ocrx_word' id='word_1_372' title='bbox 2170 2105 2500 2171; x_wconf 87' lang='lat' dir='ltr'><strong>ademerint;</strong></span> <span class='ocrx_word' id='word_1_373' title='bbox 2530 2118 2620 2163; x_wconf 88' lang='lat' dir='ltr'><strong>aut</strong></span> <span class='ocrx_word' id='word_1_374' title='bbox 2648 2110 2917 2180; x_wconf 73' lang='lat' dir='ltr'><strong>improvisi</strong></span> <span class='ocrx_word' id='word_1_375' title='bbox 2942 2130 3093 2171; x_wconf 89' lang='lat' dir='ltr'><strong>casus</strong></span> <span class='ocrx_word' id='word_1_376' title='bbox 3118 2122 3455 2194; x_wconf 87' lang='lat' dir='ltr'><strong>abstulerint,</strong></span> 
     </span>
    </p>
   </div>
   <div class='ocr_carea' id='block_1_51' title="bbox 1888 2195 3455 2283">
    <p class='ocr_par' dir='ltr' id='par_1_51' title="bbox 1888 2195 3455 2283">
     <span class='ocr_line' id='line_1_51' title="bbox 1888 2195 3455 2283; baseline 0.018 -38"><span class='ocrx_word' id='word_1_377' title='bbox 1888 2202 1979 2247; x_wconf 90' lang='lat' dir='ltr'><strong>aut</strong></span> <span class='ocrx_word' id='word_1_378' title='bbox 2009 2195 2265 2249; x_wconf 87' lang='lat' dir='ltr'><strong>malarum</strong></span> <span class='ocrx_word' id='word_1_379' title='bbox 2300 2199 2661 2255; x_wconf 88' lang='lat' dir='ltr'><strong>valetudinum</strong></span> <span class='ocrx_word' id='word_1_380' title='bbox 2703 2218 2896 2271; x_wconf 89' lang='lat' dir='ltr'><strong>genera</strong></span> <span class='ocrx_word' id='word_1_381' title='bbox 2938 2207 3145 2265; x_wconf 87' lang='lat' dir='ltr'><strong>diversa</strong></span> <span class='ocrx_word' id='word_1_382' title='bbox 3197 2222 3221 2249; x_wconf 90' lang='lat'><strong><em>°</em></strong></span> <span class='ocrx_word' id='word_1_383' title='bbox 3249 2215 3455 2283; x_wconf 47' lang='lat' dir='ltr'><strong>,decer-</strong></span> 
     </span>
    </p>
   </div>
   <div class='ocr_carea' id='block_1_52' title="bbox 1892 2285 3454 2364">
    <p class='ocr_par' dir='ltr' id='par_1_52' title="bbox 1892 2285 3454 2364">
     <span class='ocr_line' id='line_1_52' title="bbox 1892 2285 3454 2364; baseline 0.017 -27"><span class='ocrx_word' id='word_1_384' title='bbox 1892 2285 2094 2352; x_wconf 89' lang='lat' dir='ltr'><strong>pserint</strong></span> <span class='ocrx_word' id='word_1_385' title='bbox 2118 2326 2133 2350; x_wconf 93' lang='lat'><strong>,</strong></span> <span class='ocrx_word' id='word_1_386' title='bbox 2164 2295 2255 2339; x_wconf 89' lang='lat' dir='ltr'><strong>aut</strong></span> <span class='ocrx_word' id='word_1_387' title='bbox 2284 2287 2511 2342; x_wconf 89' lang='lat' dir='ltr'><strong>humana</strong></span> <span class='ocrx_word' id='word_1_388' title='bbox 2557 2290 2840 2347; x_wconf 87' lang='lat' dir='ltr'><strong>crudelitas</strong></span> <span class='ocrx_word' id='word_1_389' title='bbox 2878 2302 3231 2360; x_wconf 86' lang='lat' dir='ltr'><strong>amputaverit</strong></span> <span class='ocrx_word' id='word_1_390' title='bbox 3252 2344 3265 2364; x_wconf 90' lang='lat'><strong>,</strong></span> <span class='ocrx_word' id='word_1_391' title='bbox 3296 2315 3386 2359; x_wconf 89' lang='lat' dir='ltr'><strong>aut</strong></span> <span class='ocrx_word' id='word_1_392' title='bbox 3411 2308 3454 2363; x_wconf 90' lang='lat' dir='ltr'><strong>si</strong></span> 
     </span>
    </p>
   </div>
   <div class='ocr_carea' id='block_1_53' title="bbox 1891 2373 3452 2452">
    <p class='ocr_par' dir='ltr' id='par_1_53' title="bbox 1891 2373 3452 2452">
     <span class='ocr_line' id='line_1_53' title="bbox 1891 2373 3452 2452; baseline 0.016 -26"><span class='ocrx_word' id='word_1_393' title='bbox 1891 2373 2049 2444; x_wconf 81' lang='lat' dir='ltr'><strong>ignis,</strong></span> <span class='ocrx_word' id='word_1_394' title='bbox 2077 2376 2157 2428; x_wconf 89' lang='lat' dir='ltr'><strong>vel</strong></span> <span class='ocrx_word' id='word_1_395' title='bbox 2186 2376 2435 2444; x_wconf 70' lang='lat' dir='ltr'><strong>quaelibet</strong></span> <span class='ocrx_word' id='word_1_396' title='bbox 2460 2378 2559 2431; x_wconf 91' lang='lat' dir='ltr'><strong>alia</strong></span> <span class='ocrx_word' id='word_1_397' title='bbox 2602 2396 2689 2436; x_wconf 90' lang='lat' dir='ltr'><strong>res</strong></span> <span class='ocrx_word' id='word_1_398' title='bbox 2717 2383 2913 2452; x_wconf 78' lang='lat' dir='ltr'><strong>aliquid</strong></span> <span class='ocrx_word' id='word_1_399' title='bbox 2945 2387 3231 2445; x_wconf 80' lang='lat' dir='ltr'><strong>debilitatis</strong></span> <span class='ocrx_word' id='word_1_400' title='bbox 3260 2394 3452 2451; x_wconf 89' lang='lat' dir='ltr'><strong>intule-</strong></span> 
     </span>
    </p>
   </div>
   <div class='ocr_carea' id='block_1_54' title="bbox 1891 2463 3453 2551">
    <p class='ocr_par' dir='ltr' id='par_1_54' title="bbox 1891 2463 3453 2551">
     <span class='ocr_line' id='line_1_54' title="bbox 1891 2463 3453 2551; baseline 0.014 -34"><span class='ocrx_word' id='word_1_401' title='bbox 1891 2464 1980 2528; x_wconf 88' lang='lat' dir='ltr'><strong>rit,</strong></span> <span class='ocrx_word' id='word_1_402' title='bbox 2009 2473 2100 2517; x_wconf 90' lang='lat' dir='ltr'><strong>aut</strong></span> <span class='ocrx_word' id='word_1_403' title='bbox 2128 2463 2241 2534; x_wconf 89' lang='lat' dir='ltr'><strong>ipsa</strong></span> <span class='ocrx_word' id='word_1_404' title='bbox 2270 2477 2518 2521; x_wconf 84' lang='lat' dir='ltr'><strong>senet-tus</strong></span> <span class='ocrx_word' id='word_1_405' title='bbox 2545 2470 2703 2524; x_wconf 88' lang='lat' dir='ltr'><strong>etiam</strong></span> <span class='ocrx_word' id='word_1_406' title='bbox 2732 2474 2877 2527; x_wconf 89' lang='lat' dir='ltr'><strong>sanis</strong></span> <span class='ocrx_word' id='word_1_407' title='bbox 2906 2491 3130 2531; x_wconf 76' lang='lat' dir='ltr'><strong>onerosa</strong></span> <span class='ocrx_word' id='word_1_408' title='bbox 3162 2486 3453 2551; x_wconf 78' lang='lat' dir='ltr'><strong>negaverit,</strong></span> 
     </span>
    </p>
   </div>
   <div class='ocr_carea' id='block_1_55' title="bbox 1890 2553 3453 2631">
    <p class='ocr_par' dir='ltr' id='par_1_55' title="bbox 1890 2553 3453 2631">
     <span class='ocr_line' id='line_1_55' title="bbox 1890 2553 3453 2631; baseline 0.015 -24"><span class='ocrx_word' id='word_1_409' title='bbox 1890 2553 2005 2608; x_wconf 67' lang='lat' dir='ltr'><strong>haec</strong></span> <span class='ocrx_word' id='word_1_410' title='bbox 2043 2566 2200 2625; x_wconf 90' lang='lat' dir='ltr'><strong>atque</strong></span> <span class='ocrx_word' id='word_1_411' title='bbox 2230 2558 2310 2611; x_wconf 90' lang='lat' dir='ltr'><strong>his</strong></span> <span class='ocrx_word' id='word_1_412' title='bbox 2338 2560 2530 2613; x_wconf 88' lang='lat' dir='ltr'><strong>similia</strong></span> <span class='ocrx_word' id='word_1_413' title='bbox 2560 2575 2843 2631; x_wconf 87' lang='lat' dir='ltr'><strong>corporum</strong></span> <span class='ocrx_word' id='word_1_414' title='bbox 2889 2565 3079 2623; x_wconf 89' lang='lat' dir='ltr'><strong>damna</strong></span> <span class='ocrx_word' id='word_1_415' title='bbox 3120 2586 3223 2625; x_wconf 87' lang='lat' dir='ltr'><strong>una</strong></span> <span class='ocrx_word' id='word_1_416' title='bbox 3270 2575 3340 2628; x_wconf 87' lang='lat' dir='ltr'><strong>ibi</strong></span> <span class='ocrx_word' id='word_1_417' title='bbox 3372 2592 3453 2631; x_wconf 56' lang='lat' dir='ltr'><strong>re.</strong></span> 
     </span>
    </p>
   </div>
   <div class='ocr_carea' id='block_1_56' title="bbox 1889 2648 3455 2725">
    <p class='ocr_par' dir='ltr' id='par_1_56' title="bbox 1889 2648 3455 2725">
     <span class='ocr_line' id='line_1_56' title="bbox 1889 2648 3455 2725; baseline 0.015 -28"><span class='ocrx_word' id='word_1_418' title='bbox 1889 2648 2150 2700; x_wconf 87' lang='lat' dir='ltr'><strong>snrrectio</strong></span> <span class='ocrx_word' id='word_1_419' title='bbox 2181 2648 2469 2716; x_wconf 87' lang='lat' dir='ltr'><strong>reparabit,</strong></span> <span class='ocrx_word' id='word_1_420' title='bbox 2490 2658 2647 2720; x_wconf 89' lang='lat' dir='ltr'><strong>atque</strong></span> <span class='ocrx_word' id='word_1_421' title='bbox 2677 2668 2736 2707; x_wconf 89' lang='lat' dir='ltr'><strong>ea</strong></span> <span class='ocrx_word' id='word_1_422' title='bbox 2764 2669 2982 2725; x_wconf 82' lang='lat' dir='ltr'><strong>corpora</strong></span> <span class='ocrx_word' id='word_1_423' title='bbox 3011 2675 3061 2713; x_wconf 91' lang='lat' dir='ltr'><strong>m</strong></span> <span class='ocrx_word' id='word_1_424' title='bbox 3084 2664 3261 2717; x_wconf 78' lang='lat' dir='ltr'><strong>-ml.ris</strong></span> <span class='ocrx_word' id='word_1_425' title='bbox 3285 2671 3455 2721; x_wconf 84' lang='lat' dir='ltr'><strong>omni-</strong></span> 
     </span>
    </p>
   </div>
   <div class='ocr_carea' id='block_1_57' title="bbox 1889 2734 3311 2811">
    <p class='ocr_par' dir='ltr' id='par_1_57' title="bbox 1889 2734 3311 2811">
     <span class='ocr_line' id='line_1_57' title="bbox 1889 2734 3311 2811; baseline 0.014 -22"><span class='ocrx_word' id='word_1_426' title='bbox 1889 2734 1988 2789; x_wconf 89' lang='lat' dir='ltr'><strong>bus</strong></span> <span class='ocrx_word' id='word_1_427' title='bbox 2017 2736 2327 2802; x_wconf 88' lang='lat' dir='ltr'><strong>instanrata,</strong></span> <span class='ocrx_word' id='word_1_428' title='bbox 2361 2740 2775 2811; x_wconf 91' lang='lat' dir='ltr'><strong>incorruptibilis</strong></span> <span class='ocrx_word' id='word_1_429' title='bbox 2803 2749 3001 2802; x_wconf 89' lang='lat' dir='ltr'><strong>sanitas</strong></span> <span class='ocrx_word' id='word_1_430' title='bbox 3032 2751 3311 2810; x_wconf 74' lang='lat' dir='ltr'><strong>obtinebit.</strong></span> 
     </span>
    </p>
   </div>
   <div class='ocr_carea' id='block_1_58' title="bbox 1959 2829 3453 2907">
    <p class='ocr_par' dir='ltr' id='par_1_58' title="bbox 1959 2829 3453 2907">
     <span class='ocr_line' id='line_1_58' title="bbox 1959 2829 3453 2907; baseline 0.013 -24"><span class='ocrx_word' id='word_1_431' title='bbox 1959 2830 2012 2884; x_wconf 77' lang='grc'><strong>5.</strong></span> <span class='ocrx_word' id='word_1_432' title='bbox 2054 2829 2342 2899; x_wconf 87' lang='lat' dir='ltr'><strong>Propterea</strong></span> <span class='ocrx_word' id='word_1_433' title='bbox 2371 2833 2670 2904; x_wconf 89' lang='lat' dir='ltr'><strong>quicunque</strong></span> <span class='ocrx_word' id='word_1_434' title='bbox 2699 2836 2770 2891; x_wconf 92' lang='lat' dir='ltr'><strong>ibi</strong></span> <span class='ocrx_word' id='word_1_435' title='bbox 2814 2849 2970 2894; x_wconf 92' lang='lat' dir='ltr'><strong>erunt</strong></span> <span class='ocrx_word' id='word_1_436' title='bbox 2992 2882 3007 2907; x_wconf 88' lang='lat'><strong>,</strong></span> <span class='ocrx_word' id='word_1_437' title='bbox 3038 2844 3137 2896; x_wconf 89' lang='lat' dir='ltr'><strong>etsi</strong></span> <span class='ocrx_word' id='word_1_438' title='bbox 3168 2846 3453 2903; x_wconf 43' lang='lat' dir='ltr'><strong>differentis</strong></span> 
     </span>
    </p>
   </div>
   <div class='ocr_carea' id='block_1_59' title="bbox 1890 2920 3453 2993">
    <p class='ocr_par' dir='ltr' id='par_1_59' title="bbox 1890 2920 3453 2993">
     <span class='ocr_line' id='line_1_59' title="bbox 1890 2920 3453 2993; baseline 0.013 -22"><span class='ocrx_word' id='word_1_439' title='bbox 1890 2920 1988 2973; x_wconf 90' lang='lat' dir='ltr'><strong>bus</strong></span> <span class='ocrx_word' id='word_1_440' title='bbox 2026 2920 2228 2974; x_wconf 89' lang='lat' dir='ltr'><strong>meritis</strong></span> <span class='ocrx_word' id='word_1_441' title='bbox 2253 2922 2320 2974; x_wconf 86' lang='lat' dir='ltr'><strong>ab</strong></span> <span class='ocrx_word' id='word_1_442' title='bbox 2348 2922 2574 2977; x_wconf 90' lang='lat' dir='ltr'><strong>invicem</strong></span> <span class='ocrx_word' id='word_1_443' title='bbox 2602 2925 2870 2981; x_wconf 89' lang='lat' dir='ltr'><strong>distabunt</strong></span> <span class='ocrx_word' id='word_1_444' title='bbox 2890 2968 2904 2992; x_wconf 91' lang='lat'><strong>,</strong></span> <span class='ocrx_word' id='word_1_445' title='bbox 2935 2944 3121 2985; x_wconf 89' lang='lat' dir='ltr'><strong>omnes</strong></span> <span class='ocrx_word' id='word_1_446' title='bbox 3149 2944 3325 2988; x_wconf 79' lang='lat' dir='ltr'><strong>tamen</strong></span> <span class='ocrx_word' id='word_1_447' title='bbox 3357 2955 3453 2993; x_wconf 75' lang='lat' dir='ltr'><strong>una</strong></span> 
     </span>
    </p>
   </div>
   <div class='ocr_carea' id='block_1_60' title="bbox 1886 3011 3450 3089">
    <p class='ocr_par' dir='ltr' id='par_1_60' title="bbox 1886 3011 3450 3089">
     <span class='ocr_line' id='line_1_60' title="bbox 1886 3011 3450 3089; baseline 0.012 -24"><span class='ocrx_word' id='word_1_448' title='bbox 1886 3011 2213 3079; x_wconf 86' lang='lat' dir='ltr'><strong>perfectione</strong></span> <span class='ocrx_word' id='word_1_449' title='bbox 2257 3013 2395 3067; x_wconf 88' lang='lat' dir='ltr'><strong>beati</strong></span> <span class='ocrx_word' id='word_1_450' title='bbox 2443 3025 2598 3068; x_wconf 89' lang='lat' dir='ltr'><strong>erunt</strong></span> <span class='ocrx_word' id='word_1_451' title='bbox 2641 3032 2655 3067; x_wconf 87' lang='lat'><strong>:</strong></span> <span class='ocrx_word' id='word_1_452' title='bbox 2700 3017 2817 3083; x_wconf 89' lang='lat' dir='ltr'><strong>quia</strong></span> <span class='ocrx_word' id='word_1_453' title='bbox 2857 3019 3077 3088; x_wconf 83' lang='lat' dir='ltr'><strong>singulis</strong></span> <span class='ocrx_word' id='word_1_454' title='bbox 3111 3026 3325 3089; x_wconf 65' lang='lat' dir='ltr'><strong>praemia</strong></span> <span class='ocrx_word' id='word_1_455' title='bbox 3355 3044 3450 3084; x_wconf 86' lang='lat' dir='ltr'><strong>sua</strong></span> 
     </span>
    </p>
   </div>
   <div class='ocr_carea' id='block_1_61' title="bbox 199 3095 3455 3179">
    <p class='ocr_par' dir='ltr' id='par_1_61' title="bbox 199 3095 3455 3179">
     <span class='ocr_line' id='line_1_61' title="bbox 199 3095 3455 3179; baseline 0.006 -30"><span class='ocrx_word' id='word_1_456' title='bbox 199 3106 493 3168; x_wconf 70' lang='lat' dir='ltr'><strong>videbunt;</strong></span> <span class='ocrx_word' id='word_1_457' title='bbox 524 3102 606 3155; x_wconf 92' lang='lat' dir='ltr'><strong>sui</strong></span> <span class='ocrx_word' id='word_1_458' title='bbox 631 3101 899 3157; x_wconf 86' lang='lat' dir='ltr'><strong>Creatoris</strong></span> <span class='ocrx_word' id='word_1_459' title='bbox 923 3102 1269 3159; x_wconf 86' lang='lat' dir='ltr'><strong>substantiam</strong></span> <span class='ocrx_word' id='word_1_460' title='bbox 1298 3103 1509 3156; x_wconf 90' lang='lat' dir='ltr'><strong>mundis</strong></span> <span class='ocrx_word' id='word_1_461' title='bbox 1534 3102 1782 3158; x_wconf 80' lang='lat' dir='ltr'><strong>cozdibus</strong></span> <span class='ocrx_word' id='word_1_462' title='bbox 1808 3095 1855 3157; x_wconf 88' lang='lat' dir='ltr'><strong>C</strong></span> <span class='ocrx_word' id='word_1_463' title='bbox 1888 3101 2202 3156; x_wconf 84' lang='lat' dir='ltr'><strong>sufficientia</strong></span> <span class='ocrx_word' id='word_1_464' title='bbox 2245 3112 2441 3168; x_wconf 89' lang='lat' dir='ltr'><strong>erunt,</strong></span> <span class='ocrx_word' id='word_1_465' title='bbox 2471 3113 2526 3158; x_wconf 88' lang='lat' dir='ltr'><strong>et</strong></span> <span class='ocrx_word' id='word_1_466' title='bbox 2569 3119 2760 3174; x_wconf 90' lang='lat' dir='ltr'><strong>capere</strong></span> <span class='ocrx_word' id='word_1_467' title='bbox 2806 3108 3032 3176; x_wconf 90' lang='lat' dir='ltr'><strong>amplius</strong></span> <span class='ocrx_word' id='word_1_468' title='bbox 3086 3116 3314 3179; x_wconf 71' lang='lat' dir='ltr'><strong>praemiis</strong></span> <span class='ocrx_word' id='word_1_469' title='bbox 3345 3119 3455 3170; x_wconf 68' lang='lat' dir='ltr'><strong>suis</strong></span> 
     </span>
    </p>
   </div>
   <div class='ocr_carea' id='block_1_62' title="bbox 202 3194 1792 3263">
    <p class='ocr_par' dir='ltr' id='par_1_62' title="bbox 202 3194 1792 3263">
     <span class='ocr_line' id='line_1_62' title="bbox 202 3194 1792 3263; baseline -0.001 -13"><span class='ocrx_word' id='word_1_470' title='bbox 202 3197 656 3261; x_wconf 75' lang='lat' dir='ltr'><strong>contemplantes,</strong></span> <span class='ocrx_word' id='word_1_471' title='bbox 685 3204 882 3248; x_wconf 67' lang='lat' dir='ltr'><strong>aeterna</strong></span> <span class='ocrx_word' id='word_1_472' title='bbox 910 3194 1264 3249; x_wconf 81' lang='lat' dir='ltr'><strong>exsultatione</strong></span> <span class='ocrx_word' id='word_1_473' title='bbox 1289 3195 1619 3263; x_wconf 85' lang='lat' dir='ltr'><strong>gaudebunt;</strong></span> <span class='ocrx_word' id='word_1_474' title='bbox 1670 3195 1682 3231; x_wconf 80' lang='grc' dir='ltr'><strong>ί</strong></span> <span class='ocrx_word' id='word_1_475' title='bbox 1711 3197 1792 3250; x_wconf 87' lang='lat' dir='ltr'><strong>di-</strong></span> 
     </span>
    </p>
   </div>
   <div class='ocr_carea' id='block_1_63' title="bbox 199 3285 1783 3353">
    <p class='ocr_par' dir='ltr' id='par_1_63' title="bbox 199 3285 1783 3353">
     <span class='ocr_line' id='line_1_63' title="bbox 199 3285 1783 3353; baseline 0.001 -14"><span class='ocrx_word' id='word_1_476' title='bbox 199 3290 319 3341; x_wconf 86' lang='lat' dir='ltr'><strong>vina</strong></span> <span class='ocrx_word' id='word_1_477' title='bbox 373 3302 437 3341; x_wconf 90' lang='lat' dir='ltr'><strong>ac</strong></span> <span class='ocrx_word' id='word_1_478' title='bbox 465 3295 643 3339; x_wconf 90' lang='lat' dir='ltr'><strong>tnutna</strong></span> <span class='ocrx_word' id='word_1_479' title='bbox 680 3285 963 3339; x_wconf 87' lang='lat' dir='ltr'><strong>dilectione</strong></span> <span class='ocrx_word' id='word_1_480' title='bbox 994 3286 1221 3353; x_wconf 91' lang='lat' dir='ltr'><strong>possessi</strong></span> <span class='ocrx_word' id='word_1_481' title='bbox 1248 3326 1263 3352; x_wconf 90' lang='lat'><strong>,</strong></span> <span class='ocrx_word' id='word_1_482' title='bbox 1292 3286 1403 3340; x_wconf 89' lang='lat' dir='ltr'><strong>Deo</strong></span> <span class='ocrx_word' id='word_1_483' title='bbox 1428 3300 1524 3340; x_wconf 91' lang='lat' dir='ltr'><strong>suo</strong></span> <span class='ocrx_word' id='word_1_484' title='bbox 1555 3289 1604 3340; x_wconf 90' lang='lat' dir='ltr'><strong>in</strong></span> <span class='ocrx_word' id='word_1_485' title='bbox 1630 3299 1783 3341; x_wconf 65' lang='lat' dir='ltr'><strong>arter-</strong></span> 
     </span>
    </p>
   </div>
   <div class='ocr_carea' id='block_1_64' title="bbox 200 3375 1784 3446">
    <p class='ocr_par' dir='ltr' id='par_1_64' title="bbox 200 3375 1784 3446">
     <span class='ocr_line' id='line_1_64' title="bbox 200 3375 1784 3446; baseline -0.001 -14"><span class='ocrx_word' id='word_1_486' title='bbox 200 3395 325 3432; x_wconf 88' lang='lat' dir='ltr'><strong>num</strong></span> <span class='ocrx_word' id='word_1_487' title='bbox 363 3387 419 3431; x_wconf 88' lang='lat' dir='ltr'><strong>et</strong></span> <span class='ocrx_word' id='word_1_488' title='bbox 450 3375 681 3430; x_wconf 90' lang='lat' dir='ltr'><strong>invicem</strong></span> <span class='ocrx_word' id='word_1_489' title='bbox 712 3376 811 3429; x_wconf 91' lang='lat' dir='ltr'><strong>sibi</strong></span> <span class='ocrx_word' id='word_1_490' title='bbox 864 3375 1086 3430; x_wconf 86' lang='lat' dir='ltr'><strong>feliciter</strong></span> <span class='ocrx_word' id='word_1_491' title='bbox 1131 3375 1513 3441; x_wconf 76' lang='lat' dir='ltr'><strong>adhaerebunt;</strong></span> <span class='ocrx_word' id='word_1_492' title='bbox 1555 3379 1784 3446; x_wconf 84' lang='lat' dir='ltr'><strong>receptis</strong></span> 
     </span>
    </p>
   </div>
   <div class='ocr_carea' id='block_1_65' title="bbox 200 3464 1777 3535">
    <p class='ocr_par' dir='ltr' id='par_1_65' title="bbox 200 3464 1777 3535">
     <span class='ocr_line' id='line_1_65' title="bbox 200 3464 1777 3535; baseline 0.001 -16"><span class='ocrx_word' id='word_1_493' title='bbox 200 3483 320 3521; x_wconf 77' lang='lat' dir='ltr'><strong>cum</strong></span> <span class='ocrx_word' id='word_1_494' title='bbox 374 3466 775 3533; x_wconf 89' lang='lat' dir='ltr'><strong>incorruptione</strong></span> <span class='ocrx_word' id='word_1_495' title='bbox 804 3475 964 3533; x_wconf 87' lang='lat' dir='ltr'><strong>atque</strong></span> <span class='ocrx_word' id='word_1_496' title='bbox 995 3464 1391 3520; x_wconf 87' lang='lat' dir='ltr'><strong>immortalitate</strong></span> <span class='ocrx_word' id='word_1_497' title='bbox 1428 3468 1741 3535; x_wconf 88' lang='lat' dir='ltr'><strong>corporibus</strong></span> <span class='ocrx_word' id='word_1_498' title='bbox 1765 3512 1777 3535; x_wconf 90' lang='lat'><strong>,</strong></span> 
     </span>
    </p>
   </div>
   <div class='ocr_carea' id='block_1_66' title="bbox 202 3557 1784 3631">
    <p class='ocr_par' dir='ltr' id='par_1_66' title="bbox 202 3557 1784 3631">
     <span class='ocr_line' id='line_1_66' title="bbox 202 3557 1784 3631; baseline 0.004 -20"><span class='ocrx_word' id='word_1_499' title='bbox 202 3561 592 3626; x_wconf 86' lang='lat' dir='ltr'><strong>municipatum</strong></span> <span class='ocrx_word' id='word_1_500' title='bbox 638 3558 819 3625; x_wconf 79' lang='lat' dir='ltr'><strong>patria:</strong></span> <span class='ocrx_word' id='word_1_501' title='bbox 863 3557 1096 3611; x_wconf 68' lang='lat' dir='ltr'><strong>caelestis</strong></span> <span class='ocrx_word' id='word_1_502' title='bbox 1136 3557 1427 3626; x_wconf 89' lang='lat' dir='ltr'><strong>accipient;</strong></span> <span class='ocrx_word' id='word_1_503' title='bbox 1468 3570 1626 3629; x_wconf 90' lang='lat' dir='ltr'><strong>atque</strong></span> <span class='ocrx_word' id='word_1_504' title='bbox 1669 3563 1784 3631; x_wconf 89' lang='lat' dir='ltr'><strong>ejus</strong></span> 
     </span>
    </p>
   </div>
   <div class='ocr_carea' id='block_1_67' title="bbox 200 3650 1784 3721">
    <p class='ocr_par' dir='ltr' id='par_1_67' title="bbox 200 3650 1784 3721">
     <span class='ocr_line' id='line_1_67' title="bbox 200 3650 1784 3721; baseline 0.002 -18"><span class='ocrx_word' id='word_1_505' title='bbox 200 3652 251 3705; x_wconf 90' lang='lat' dir='ltr'><strong>in</strong></span> <span class='ocrx_word' id='word_1_506' title='bbox 281 3662 549 3705; x_wconf 69' lang='lat' dir='ltr'><strong>aeternum</strong></span> <span class='ocrx_word' id='word_1_507' title='bbox 580 3650 725 3704; x_wconf 88' lang='lat' dir='ltr'><strong>cives</strong></span> <span class='ocrx_word' id='word_1_508' title='bbox 750 3650 923 3703; x_wconf 81' lang='lat' dir='ltr'><strong>eﬂ‘ecti</strong></span> <span class='ocrx_word' id='word_1_509' title='bbox 951 3690 965 3713; x_wconf 97' lang='lat'><strong>,</strong></span> <span class='ocrx_word' id='word_1_510' title='bbox 998 3651 1254 3718; x_wconf 88' lang='lat' dir='ltr'><strong>promissa</strong></span> <span class='ocrx_word' id='word_1_511' title='bbox 1286 3652 1500 3717; x_wconf 63' lang='lat' dir='ltr'><strong>praemia</strong></span> <span class='ocrx_word' id='word_1_512' title='bbox 1548 3665 1784 3721; x_wconf 81' lang='lat' dir='ltr'><strong>reporta-</strong></span> 
     </span>
    </p>
   </div>
   <div class='ocr_carea' id='block_1_68' title="bbox 198 3743 1783 3813">
    <p class='ocr_par' dir='ltr' id='par_1_68' title="bbox 198 3743 1783 3813">
     <span class='ocr_line' id='line_1_68' title="bbox 198 3743 1783 3813; baseline 0.004 -17"><span class='ocrx_word' id='word_1_513' title='bbox 198 3748 358 3799; x_wconf 85' lang='lat' dir='ltr'><strong>bant.</strong></span> <span class='ocrx_word' id='word_1_514' title='bbox 391 3744 463 3798; x_wconf 92' lang='lat' dir='ltr'><strong>lbi</strong></span> <span class='ocrx_word' id='word_1_515' title='bbox 490 3744 567 3797; x_wconf 90' lang='lat' dir='ltr'><strong>eis</strong></span> <span class='ocrx_word' id='word_1_516' title='bbox 594 3743 909 3797; x_wconf 76' lang='lat' dir='ltr'><strong>exuberabit</strong></span> <span class='ocrx_word' id='word_1_517' title='bbox 930 3751 1069 3796; x_wconf 89' lang='lat' dir='ltr'><strong>tanta</strong></span> <span class='ocrx_word' id='word_1_518' title='bbox 1093 3743 1296 3813; x_wconf 64' lang='lat' dir='ltr'><strong>ltetitia,</strong></span> <span class='ocrx_word' id='word_1_519' title='bbox 1316 3755 1457 3799; x_wconf 90' lang='lat' dir='ltr'><strong>tanta</strong></span> <span class='ocrx_word' id='word_1_520' title='bbox 1480 3746 1783 3802; x_wconf 65' lang='lat' dir='ltr'><strong>caelestium</strong></span> 
     </span>
    </p>
   </div>
   <div class='ocr_carea' id='block_1_69' title="bbox 195 3837 1784 3909">
    <p class='ocr_par' dir='ltr' id='par_1_69' title="bbox 195 3837 1784 3909">
     <span class='ocr_line' id='line_1_69' title="bbox 195 3837 1784 3909; baseline 0.006 -22"><span class='ocrx_word' id='word_1_521' title='bbox 195 3840 371 3907; x_wconf 75' lang='lat' dir='ltr'><strong>gratia</strong></span> <span class='ocrx_word' id='word_1_522' title='bbox 406 3837 740 3906; x_wconf 80' lang='lat' dir='ltr'><strong>gaudiorum,</strong></span> <span class='ocrx_word' id='word_1_523' title='bbox 773 3846 829 3890; x_wconf 93' lang='lat' dir='ltr'><strong>ut</strong></span> <span class='ocrx_word' id='word_1_524' title='bbox 868 3848 921 3892; x_wconf 91' lang='lat' dir='ltr'><strong>et</strong></span> <span class='ocrx_word' id='word_1_525' title='bbox 949 3843 1335 3893; x_wconf 87' lang='lat' dir='ltr'><strong>remuneratori</strong></span> <span class='ocrx_word' id='word_1_526' title='bbox 1365 3856 1463 3894; x_wconf 91' lang='lat' dir='ltr'><strong>suo</strong></span> <span class='ocrx_word' id='word_1_527' title='bbox 1494 3856 1587 3909; x_wconf 68' lang='lat' dir='ltr'><strong>pr.»</strong></span> <span class='ocrx_word' id='word_1_528' title='bbox 1626 3844 1784 3898; x_wconf 87' lang='lat' dir='ltr'><strong>tantis</strong></span> 
     </span>
    </p>
   </div>
   <div class='ocr_carea' id='block_1_70' title="bbox 196 3927 1780 4001">
    <p class='ocr_par' dir='ltr' id='par_1_70' title="bbox 196 3927 1780 4001">
     <span class='ocr_line' id='line_1_70' title="bbox 196 3927 1780 4001; baseline 0.004 -21"><span class='ocrx_word' id='word_1_529' title='bbox 196 3928 518 3981; x_wconf 86' lang='lat' dir='ltr'><strong>muneribus</strong></span> <span class='ocrx_word' id='word_1_530' title='bbox 542 3927 742 3996; x_wconf 73' lang='lat' dir='ltr'><strong>gratias</strong></span> <span class='ocrx_word' id='word_1_531' title='bbox 770 3937 946 3996; x_wconf 80' lang='lat' dir='ltr'><strong>agant,</strong></span> <span class='ocrx_word' id='word_1_532' title='bbox 975 3936 1028 3981; x_wconf 89' lang='lat' dir='ltr'><strong>et</strong></span> <span class='ocrx_word' id='word_1_533' title='bbox 1056 3928 1258 3981; x_wconf 90' lang='lat' dir='ltr'><strong>nullum</strong></span> <span class='ocrx_word' id='word_1_534' title='bbox 1286 3929 1553 3984; x_wconf 83' lang='lat' dir='ltr'><strong>fastidiunt</strong></span> <span class='ocrx_word' id='word_1_535' title='bbox 1582 3948 1645 3985; x_wconf 79' lang='lat' dir='ltr'><strong>ex</strong></span> <span class='ocrx_word' id='word_1_536' title='bbox 1671 3935 1780 4001; x_wconf 89' lang='lat' dir='ltr'><strong>ipsa</strong></span> 
     </span>
    </p>
   </div>
   <div class='ocr_carea' id='block_1_71' title="bbox 195 4016 1780 4084">
    <p class='ocr_par' dir='ltr' id='par_1_71' title="bbox 195 4016 1780 4084">
     <span class='ocr_line' id='line_1_71' title="bbox 195 4016 1780 4084; baseline 0.004 -15"><span class='ocrx_word' id='word_1_537' title='bbox 195 4016 539 4071; x_wconf 83' lang='lat' dir='ltr'><strong>affluentiam</strong></span> <span class='ocrx_word' id='word_1_538' title='bbox 582 4016 841 4069; x_wconf 89' lang='lat' dir='ltr'><strong>bonorum</strong></span> <span class='ocrx_word' id='word_1_539' title='bbox 888 4018 1230 4084; x_wconf 89' lang='lat' dir='ltr'><strong>perceptione</strong></span> <span class='ocrx_word' id='word_1_540' title='bbox 1257 4021 1576 4073; x_wconf 88' lang='lat' dir='ltr'><strong>sustineant.</strong></span> <span class='ocrx_word' id='word_1_541' title='bbox 1606 4021 1677 4075; x_wconf 91' lang='lat' dir='ltr'><strong>lbi</strong></span> <span class='ocrx_word' id='word_1_542' title='bbox 1710 4023 1780 4075; x_wconf 89' lang='lat' dir='ltr'><strong>ita</strong></span> 
     </span>
    </p>
   </div>
   <div class='ocr_carea' id='block_1_72' title="bbox 195 4108 1782 4182">
    <p class='ocr_par' dir='ltr' id='par_1_72' title="bbox 195 4108 1782 4182">
     <span class='ocr_line' id='line_1_72' title="bbox 195 4108 1782 4182; baseline 0.005 -22"><span class='ocrx_word' id='word_1_543' title='bbox 195 4110 467 4176; x_wconf 89' lang='lat' dir='ltr'><strong>patebunt</strong></span> <span class='ocrx_word' id='word_1_544' title='bbox 492 4108 820 4176; x_wconf 84' lang='lat' dir='ltr'><strong>singulorum</strong></span> <span class='ocrx_word' id='word_1_545' title='bbox 863 4108 1084 4177; x_wconf 82' lang='lat' dir='ltr'><strong>singulis</strong></span> <span class='ocrx_word' id='word_1_546' title='bbox 1114 4117 1339 4175; x_wconf 82' lang='lat' dir='ltr'><strong>mentes,</strong></span> <span class='ocrx_word' id='word_1_547' title='bbox 1372 4112 1506 4165; x_wconf 88' lang='lat' dir='ltr'><strong>sicut</strong></span> <span class='ocrx_word' id='word_1_548' title='bbox 1531 4127 1782 4182; x_wconf 87' lang='lat' dir='ltr'><strong>corpora-</strong></span> 
     </span>
    </p>
   </div>
   <div class='ocr_carea' id='block_1_73' title="bbox 195 4202 1780 4275">
    <p class='ocr_par' dir='ltr' id='par_1_73' title="bbox 195 4202 1780 4275">
     <span class='ocr_line' id='line_1_73' title="bbox 195 4202 1780 4275; baseline 0.004 -19"><span class='ocrx_word' id='word_1_549' title='bbox 195 4202 344 4258; x_wconf 88' lang='lat' dir='ltr'><strong>libus</strong></span> <span class='ocrx_word' id='word_1_550' title='bbox 378 4202 550 4256; x_wconf 89' lang='lat' dir='ltr'><strong>oculis</strong></span> <span class='ocrx_word' id='word_1_551' title='bbox 580 4202 857 4271; x_wconf 77' lang='lat' dir='ltr'><strong>subiacent</strong></span> <span class='ocrx_word' id='word_1_552' title='bbox 887 4203 1049 4257; x_wconf 90' lang='lat' dir='ltr'><strong>facies</strong></span> <span class='ocrx_word' id='word_1_553' title='bbox 1080 4206 1385 4272; x_wconf 85' lang='lat' dir='ltr'><strong>corporales</strong></span> <span class='ocrx_word' id='word_1_554' title='bbox 1411 4223 1426 4261; x_wconf 89' lang='lat'><strong>:</strong></span> <span class='ocrx_word' id='word_1_555' title='bbox 1451 4207 1571 4275; x_wconf 90' lang='lat' dir='ltr'><strong>quia</strong></span> <span class='ocrx_word' id='word_1_556' title='bbox 1601 4209 1780 4263; x_wconf 89' lang='lat' dir='ltr'><strong>buma-</strong></span> 
     </span>
    </p>
   </div>
   <div class='ocr_carea' id='block_1_74' title="bbox 196 4295 1783 4367">
    <p class='ocr_par' dir='ltr' id='par_1_74' title="bbox 196 4295 1783 4367">
     <span class='ocr_line' id='line_1_74' title="bbox 196 4295 1783 4367; baseline 0.007 -22"><span class='ocrx_word' id='word_1_557' title='bbox 196 4308 397 4348; x_wconf 83' lang='lat' dir='ltr'><strong>norum</strong></span> <span class='ocrx_word' id='word_1_558' title='bbox 429 4302 703 4363; x_wconf 89' lang='lat' dir='ltr'><strong>pectorum</strong></span> <span class='ocrx_word' id='word_1_559' title='bbox 744 4303 885 4348; x_wconf 90' lang='lat' dir='ltr'><strong>tanta</strong></span> <span class='ocrx_word' id='word_1_560' title='bbox 914 4295 984 4349; x_wconf 91' lang='lat' dir='ltr'><strong>ibi</strong></span> <span class='ocrx_word' id='word_1_561' title='bbox 1014 4296 1119 4349; x_wconf 90' lang='lat' dir='ltr'><strong>erit</strong></span> <span class='ocrx_word' id='word_1_562' title='bbox 1144 4304 1199 4350; x_wconf 89' lang='lat' dir='ltr'><strong>et</strong></span> <span class='ocrx_word' id='word_1_563' title='bbox 1226 4306 1330 4351; x_wconf 85' lang='lat' dir='ltr'><strong>tam</strong></span> <span class='ocrx_word' id='word_1_564' title='bbox 1358 4297 1590 4367; x_wconf 88' lang='lat' dir='ltr'><strong>perfecta</strong></span> <span class='ocrx_word' id='word_1_565' title='bbox 1628 4318 1783 4356; x_wconf 90' lang='lat' dir='ltr'><strong>mun-</strong></span> 
     </span>
    </p>
   </div>
   <div class='ocr_carea' id='block_1_75' title="bbox 270 4428 1860 4505">
    <p class='ocr_par' dir='ltr' id='par_1_75' title="bbox 270 4428 1860 4505">
     <span class='ocr_line' id='line_1_75' title="bbox 270 4428 1860 4505; baseline 0.005 -25"><span class='ocrx_word' id='word_1_566' title='bbox 270 4438 296 4465; x_wconf 75' lang='grc' dir='ltr'>ι</span> <span class='ocrx_word' id='word_1_567' title='bbox 324 4428 453 4505; x_wconf 78' lang='lat' dir='ltr'><strong>Mss.</strong></span> <span class='ocrx_word' id='word_1_568' title='bbox 487 4437 597 4505; x_wconf 77' lang='lat' dir='ltr'><strong>tres</strong></span> <span class='ocrx_word' id='word_1_569' title='bbox 622 4470 638 4495; x_wconf 92' lang='lat'><strong>,</strong></span> <span class='ocrx_word' id='word_1_570' title='bbox 681 4444 740 4481; x_wconf 88' lang='lat' dir='ltr'><strong>eo</strong></span> <span class='ocrx_word' id='word_1_571' title='bbox 780 4430 872 4483; x_wconf 97' lang='lat' dir='ltr'><strong>sub</strong></span> <span class='ocrx_word' id='word_1_572' title='bbox 908 4431 1134 4499; x_wconf 84' lang='lat' dir='ltr'><strong>judicio.</strong></span> <span class='ocrx_word' id='word_1_573' title='bbox 1180 4429 1275 4485; x_wconf 95' lang='lat' dir='ltr'><strong>Ms.</strong></span> <span class='ocrx_word' id='word_1_574' title='bbox 1310 4431 1466 4495; x_wconf 90' lang='lat' dir='ltr'><strong>alter,</strong></span> <span class='ocrx_word' id='word_1_575' title='bbox 1496 4449 1555 4486; x_wconf 89' lang='lat' dir='ltr'><strong>eo</strong></span> <span class='ocrx_word' id='word_1_576' title='bbox 1577 4435 1780 4505; x_wconf 85' lang='lat' dir='ltr'><strong>judicio</strong></span> <span class='ocrx_word' id='word_1_577' title='bbox 1809 4438 1860 4496; x_wconf 92' lang='lat' dir='ltr'><strong>D</strong></span> 
     </span>
    </p>
   </div>
   <div class='ocr_carea' id='block_1_76' title="bbox 198 4500 695 4551">
    <p class='ocr_par' dir='ltr' id='par_1_76' title="bbox 198 4500 695 4551">
     <span class='ocr_line' id='line_1_76' title="bbox 198 4500 695 4551; baseline 0.004 -2"><span class='ocrx_word' id='word_1_578' title='bbox 198 4500 580 4551; x_wconf 76' lang='lat' dir='ltr'><strong>condemnavit.</strong></span> <span class='ocrx_word' id='word_1_579' title='bbox 690 4535 695 4537; x_wconf 92' lang='lat'><strong><em>-</em></strong></span> 
     </span>
    </p>
   </div>
   <div class='ocr_carea' id='block_1_77' title="bbox 271 4568 1777 4640">
    <p class='ocr_par' dir='ltr' id='par_1_77' title="bbox 271 4568 1777 4640">
     <span class='ocr_line' id='line_1_77' title="bbox 271 4568 1777 4640; baseline 0.003 -18"><span class='ocrx_word' id='word_1_580' title='bbox 271 4568 299 4604; x_wconf 69' lang='grc' dir='ltr'>δ</span> <span class='ocrx_word' id='word_1_581' title='bbox 324 4570 401 4622; x_wconf 89' lang='lat' dir='ltr'><strong>Ita</strong></span> <span class='ocrx_word' id='word_1_582' title='bbox 426 4582 555 4621; x_wconf 67' lang='lat' dir='ltr'><strong>mss.</strong></span> <span class='ocrx_word' id='word_1_583' title='bbox 588 4582 795 4623; x_wconf 83' lang='lat' dir='ltr'><strong>Omnes.</strong></span> <span class='ocrx_word' id='word_1_584' title='bbox 839 4568 976 4623; x_wconf 85' lang='lat' dir='ltr'><strong>Editi</strong></span> <span class='ocrx_word' id='word_1_585' title='bbox 1010 4583 1155 4633; x_wconf 88' lang='lat' dir='ltr'><strong>vero,</strong></span> <span class='ocrx_word' id='word_1_586' title='bbox 1186 4586 1276 4623; x_wconf 86' lang='lat' dir='ltr'><strong>nec</strong></span> <span class='ocrx_word' id='word_1_587' title='bbox 1298 4569 1482 4623; x_wconf 83' lang='lat' dir='ltr'><strong>vellent</strong></span> <span class='ocrx_word' id='word_1_588' title='bbox 1525 4575 1777 4640; x_wconf 77' lang='lat' dir='ltr'><strong>reparari,</strong></span> 
     </span>
    </p>
   </div>
   <div class='ocr_carea' id='block_1_78' title="bbox 195 4648 550 4701">
    <p class='ocr_par' dir='ltr' id='par_1_78' title="bbox 195 4648 550 4701">
     <span class='ocr_line' id='line_1_78' title="bbox 195 4648 550 4701; baseline 0.008 -13"><span class='ocrx_word' id='word_1_589' title='bbox 195 4654 293 4690; x_wconf 86' lang='lat' dir='ltr'><strong>nec</strong></span> <span class='ocrx_word' id='word_1_590' title='bbox 325 4648 550 4701; x_wconf 79' lang='lat' dir='ltr'><strong>possent.</strong></span> 
     </span>
    </p>
   </div>
   <div class='ocr_carea' id='block_1_79' title="bbox 273 4707 1778 4776">
    <p class='ocr_par' dir='ltr' id='par_1_79' title="bbox 273 4707 1778 4776">
     <span class='ocr_line' id='line_1_79' title="bbox 273 4707 1778 4776; baseline 0.005 -15"><span class='ocrx_word' id='word_1_591' title='bbox 273 4718 295 4744; x_wconf 74' lang='grc' dir='ltr'><strong>ε</strong></span> <span class='ocrx_word' id='word_1_592' title='bbox 322 4709 417 4762; x_wconf 86' lang='lat' dir='ltr'><strong>Sic</strong></span> <span class='ocrx_word' id='word_1_593' title='bbox 462 4722 592 4760; x_wconf 87' lang='lat' dir='ltr'><strong>mss.</strong></span> <span class='ocrx_word' id='word_1_594' title='bbox 626 4707 876 4776; x_wconf 82' lang='lat' dir='ltr'><strong>quinque.</strong></span> <span class='ocrx_word' id='word_1_595' title='bbox 927 4707 1023 4761; x_wconf 84' lang='lat' dir='ltr'><strong>MS.</strong></span> <span class='ocrx_word' id='word_1_596' title='bbox 1054 4709 1203 4770; x_wconf 89' lang='lat' dir='ltr'><strong>alter,</strong></span> <span class='ocrx_word' id='word_1_597' title='bbox 1254 4710 1586 4764; x_wconf 78' lang='lat' dir='ltr'><strong>incredibilis.</strong></span> <span class='ocrx_word' id='word_1_598' title='bbox 1638 4712 1778 4766; x_wconf 80' lang='lat' dir='ltr'><strong>Editi</strong></span> 
     </span>
    </p>
   </div>
   <div class='ocr_carea' id='block_1_80' title="bbox 194 4776 1779 4848">
    <p class='ocr_par' dir='ltr' id='par_1_80' title="bbox 194 4776 1779 4848">
     <span class='ocr_line' id='line_1_80' title="bbox 194 4776 1779 4848; baseline 0.007 -23"><span class='ocrx_word' id='word_1_599' title='bbox 194 4792 327 4829; x_wconf 82' lang='lat' dir='ltr'><strong>vero</strong></span> <span class='ocrx_word' id='word_1_600' title='bbox 346 4818 362 4840; x_wconf 87' lang='lat'><strong>,</strong></span> <span class='ocrx_word' id='word_1_601' title='bbox 403 4776 814 4848; x_wconf 78' lang='lat' dir='ltr'><strong>irrevocabiliter.</strong></span> <span class='ocrx_word' id='word_1_602' title='bbox 850 4777 944 4831; x_wconf 89' lang='lat' dir='ltr'><strong>Ms.</strong></span> <span class='ocrx_word' id='word_1_603' title='bbox 976 4779 1161 4833; x_wconf 87' lang='lat' dir='ltr'><strong>Camb.</strong></span> <span class='ocrx_word' id='word_1_604' title='bbox 1184 4818 1198 4841; x_wconf 94' lang='lat'><strong>,</strong></span> <span class='ocrx_word' id='word_1_605' title='bbox 1229 4782 1664 4848; x_wconf 77' lang='lat' dir='ltr'><strong>prwvaricationis</strong></span> <span class='ocrx_word' id='word_1_606' title='bbox 1694 4799 1779 4836; x_wconf 91' lang='lat' dir='ltr'><strong>eo-</strong></span> 
     </span>
    </p>
   </div>
   <div class='ocr_carea' id='block_1_81' title="bbox 189 4847 1215 4915">
    <p class='ocr_par' dir='ltr' id='par_1_81' title="bbox 189 4847 1215 4915">
     <span class='ocr_line' id='line_1_81' title="bbox 189 4847 1215 4915; baseline 0.003 -18"><span class='ocrx_word' id='word_1_607' title='bbox 189 4862 310 4898; x_wconf 78' lang='lat' dir='ltr'><strong>rum</strong></span> <span class='ocrx_word' id='word_1_608' title='bbox 334 4852 469 4907; x_wconf 84' lang='lat' dir='ltr'><strong>quod</strong></span> <span class='ocrx_word' id='word_1_609' title='bbox 500 4849 616 4914; x_wconf 73' lang='lat' dir='ltr'><strong>fuit,</strong></span> <span class='ocrx_word' id='word_1_610' title='bbox 646 4847 986 4900; x_wconf 79' lang='lat' dir='ltr'><strong>irrevocabilis</strong></span> <span class='ocrx_word' id='word_1_611' title='bbox 1007 4849 1215 4915; x_wconf 84' lang='lat' dir='ltr'><strong>judicii.</strong></span> 
     </span>
    </p>
   </div>
   <div class='ocr_carea' id='block_1_82' title="bbox 261 4916 1212 4987">
    <p class='ocr_par' dir='ltr' id='par_1_82' title="bbox 261 4916 1212 4987">
     <span class='ocr_line' id='line_1_82' title="bbox 261 4916 1212 4987; baseline 0.001 -19"><span class='ocrx_word' id='word_1_612' title='bbox 261 4916 291 4952; x_wconf 68' lang='grc' dir='ltr'><strong><em>ἀ</em></strong></span> <span class='ocrx_word' id='word_1_613' title='bbox 318 4918 419 4968; x_wconf 62' lang='lat' dir='ltr'><strong>Ms.</strong></span> <span class='ocrx_word' id='word_1_614' title='bbox 446 4916 603 4971; x_wconf 84' lang='lat' dir='ltr'><strong>Colb.</strong></span> <span class='ocrx_word' id='word_1_615' title='bbox 631 4931 789 4987; x_wconf 84' lang='lat' dir='ltr'><strong>unus,</strong></span> <span class='ocrx_word' id='word_1_616' title='bbox 810 4926 863 4969; x_wconf 88' lang='lat' dir='ltr'><strong>ut</strong></span> <span class='ocrx_word' id='word_1_617' title='bbox 891 4919 1068 4987; x_wconf 82' lang='lat' dir='ltr'><strong>quibus</strong></span> <span class='ocrx_word' id='word_1_618' title='bbox 1096 4918 1212 4986; x_wconf 83' lang='lat' dir='ltr'><strong>fuit.</strong></span> 
     </span>
    </p>
   </div>
   <div class='ocr_carea' id='block_1_83' title="bbox 262 4986 1257 5056">
    <p class='ocr_par' dir='ltr' id='par_1_83' title="bbox 262 4986 1257 5056">
     <span class='ocr_line' id='line_1_83' title="bbox 262 4986 1257 5056; baseline 0.001 -17"><span class='ocrx_word' id='word_1_619' title='bbox 262 4996 289 5056; x_wconf 52' lang='grc' dir='ltr'>ἐ</span> <span class='ocrx_word' id='word_1_620' title='bbox 317 4987 449 5040; x_wconf 80' lang='lat' dir='ltr'><strong>Mss.</strong></span> <span class='ocrx_word' id='word_1_621' title='bbox 484 4987 592 5040; x_wconf 91' lang='lat' dir='ltr'><strong>duo</strong></span> <span class='ocrx_word' id='word_1_622' title='bbox 620 4986 792 5049; x_wconf 89' lang='lat' dir='ltr'><strong>Colb.,</strong></span> <span class='ocrx_word' id='word_1_623' title='bbox 819 4988 1257 5056; x_wconf 60' lang='lat' dir='ltr'><strong>inexplicabiliter.</strong></span> 
     </span>
    </p>
   </div>
   <div class='ocr_carea' id='block_1_84' title="bbox 263 5054 1773 5127">
    <p class='ocr_par' dir='ltr' id='par_1_84' title="bbox 263 5054 1773 5127">
     <span class='ocr_line' id='line_1_84' title="bbox 263 5054 1773 5127; baseline 0.005 -19"><span class='ocrx_word' id='word_1_624' title='bbox 263 5054 283 5093; x_wconf 71' lang='grc' dir='ltr'>ί</span> <span class='ocrx_word' id='word_1_625' title='bbox 312 5056 409 5109; x_wconf 85' lang='lat' dir='ltr'><strong>Sic</strong></span> <span class='ocrx_word' id='word_1_626' title='bbox 454 5069 555 5109; x_wconf 90' lang='lat' dir='ltr'><strong>ms.</strong></span> <span class='ocrx_word' id='word_1_627' title='bbox 605 5071 744 5109; x_wconf 90' lang='lat' dir='ltr'><strong>unus</strong></span> <span class='ocrx_word' id='word_1_628' title='bbox 768 5054 1139 5112; x_wconf 40' lang='lat' dir='ltr'><strong>Colb.&#39;Caeteri</strong></span> <span class='ocrx_word' id='word_1_629' title='bbox 1166 5071 1285 5110; x_wconf 93' lang='lat' dir='ltr'><strong>cum</strong></span> <span class='ocrx_word' id='word_1_630' title='bbox 1318 5056 1495 5127; x_wconf 85' lang='lat' dir='ltr'><strong>editis,</strong></span> <span class='ocrx_word' id='word_1_631' title='bbox 1534 5059 1660 5115; x_wconf 74' lang='grc' dir='ltr'><strong>ιιωε</strong></span> <span class='ocrx_word' id='word_1_632' title='bbox 1698 5071 1773 5115; x_wconf 82' lang='lat' dir='ltr'><strong>est</strong></span> 
     </span>
    </p>
   </div>
   <div class='ocr_carea' id='block_1_85' title="bbox 179 5126 897 5193">
    <p class='ocr_par' dir='ltr' id='par_1_85' title="bbox 179 5126 897 5193">
     <span class='ocr_line' id='line_1_85' title="bbox 179 5126 897 5193; baseline -0.001 -16"><span class='ocrx_word' id='word_1_633' title='bbox 179 5127 585 5193; x_wconf 74' lang='lat' dir='ltr'><strong>contemplativa</strong></span> <span class='ocrx_word' id='word_1_634' title='bbox 610 5127 708 5178; x_wconf 83' lang='lat' dir='ltr'><strong>vita</strong></span> <span class='ocrx_word' id='word_1_635' title='bbox 733 5126 897 5178; x_wconf 85' lang='lat' dir='ltr'><strong>beata.</strong></span> 
     </span>
    </p>
   </div>
   <div class='ocr_carea' id='block_1_86' title="bbox 251 5194 1769 5267">
    <p class='ocr_par' dir='ltr' id='par_1_86' title="bbox 251 5194 1769 5267">
     <span class='ocr_line' id='line_1_86' title="bbox 251 5194 1769 5267; baseline 0.007 -24"><span class='ocrx_word' id='word_1_636' title='bbox 251 5205 281 5243; x_wconf 72' lang='grc' dir='ltr'>ι</span> <span class='ocrx_word' id='word_1_637' title='bbox 305 5196 412 5250; x_wconf 66' lang='lat' dir='ltr'><strong>us.</strong></span> <span class='ocrx_word' id='word_1_638' title='bbox 452 5195 582 5264; x_wconf 76' lang='lat' dir='ltr'><strong>lteg.</strong></span> <span class='ocrx_word' id='word_1_639' title='bbox 610 5210 747 5249; x_wconf 87' lang='lat' dir='ltr'><strong>unus</strong></span> <span class='ocrx_word' id='word_1_640' title='bbox 784 5205 837 5249; x_wconf 83' lang='lat' dir='ltr'><strong>et</strong></span> <span class='ocrx_word' id='word_1_641' title='bbox 869 5195 1000 5250; x_wconf 86' lang='lat' dir='ltr'><strong>Edd.</strong></span> <span class='ocrx_word' id='word_1_642' title='bbox 1039 5194 1170 5267; x_wconf 87' lang='lat' dir='ltr'><strong>Lug.</strong></span> <span class='ocrx_word' id='word_1_643' title='bbox 1195 5206 1249 5251; x_wconf 90' lang='lat' dir='ltr'><strong>et</strong></span> <span class='ocrx_word' id='word_1_644' title='bbox 1283 5196 1472 5266; x_wconf 86' lang='lat' dir='ltr'><strong>Duac.,</strong></span> <span class='ocrx_word' id='word_1_645' title='bbox 1510 5213 1626 5251; x_wconf 85' lang='lat' dir='ltr'><strong>cum</strong></span> <span class='ocrx_word' id='word_1_646' title='bbox 1666 5199 1769 5254; x_wconf 90' lang='lat' dir='ltr'><strong>Deo</strong></span> 
     </span>
    </p>
   </div>
   <div class='ocr_carea' id='block_1_87' title="bbox 168 5282 909 5319">
    <p class='ocr_par' dir='ltr' id='par_1_87' title="bbox 168 5282 909 5319">
     <span class='ocr_line' id='line_1_87' title="bbox 168 5282 909 5319; baseline 0.004 -1"><span class='ocrx_word' id='word_1_647' title='bbox 168 5282 300 5319; x_wconf 67' lang='grc'><strong>8110.</strong></span> <span class='ocrx_word' id='word_1_648' title='bbox 906 5306 909 5309; x_wconf 58' lang='grc' dir='ltr'><strong><em>λ</em></strong></span> 
     </span>
    </p>
   </div>
   <div class='ocr_carea' id='block_1_88' title="bbox 248 5334 1768 5406">
    <p class='ocr_par' dir='ltr' id='par_1_88' title="bbox 248 5334 1768 5406">
     <span class='ocr_line' id='line_1_88' title="bbox 248 5334 1768 5406; baseline 0.003 -18"><span class='ocrx_word' id='word_1_649' title='bbox 248 5334 276 5370; x_wconf 69' lang='grc'><strong>⁸³</strong></span> <span class='ocrx_word' id='word_1_650' title='bbox 305 5336 408 5388; x_wconf 89' lang='lat' dir='ltr'><strong>Sic</strong></span> <span class='ocrx_word' id='word_1_651' title='bbox 432 5347 560 5388; x_wconf 90' lang='lat' dir='ltr'><strong>mss.</strong></span> <span class='ocrx_word' id='word_1_652' title='bbox 592 5348 714 5389; x_wconf 76' lang='lat' dir='ltr'><strong>sex.</strong></span> <span class='ocrx_word' id='word_1_653' title='bbox 742 5334 900 5401; x_wconf 86' lang='lat' dir='ltr'><strong>Editi,</strong></span> <span class='ocrx_word' id='word_1_654' title='bbox 923 5337 1261 5391; x_wconf 81' lang='lat' dir='ltr'><strong>crediderant.</strong></span> <span class='ocrx_word' id='word_1_655' title='bbox 1287 5337 1387 5392; x_wconf 86' lang='lat' dir='ltr'><strong>Ms.</strong></span> <span class='ocrx_word' id='word_1_656' title='bbox 1416 5352 1574 5406; x_wconf 89' lang='lat' dir='ltr'><strong>unus,</strong></span> <span class='ocrx_word' id='word_1_657' title='bbox 1603 5339 1768 5392; x_wconf 82' lang='lat' dir='ltr'><strong>credi-</strong></span> 
     </span>
    </p>
   </div>
   <div class='ocr_carea' id='block_1_89' title="bbox 166 5408 381 5457">
    <p class='ocr_par' dir='ltr' id='par_1_89' title="bbox 166 5408 381 5457">
     <span class='ocr_line' id='line_1_89' title="bbox 166 5408 381 5457; baseline 0 0"><span class='ocrx_word' id='word_1_658' title='bbox 166 5408 381 5457; x_wconf 77' lang='lat' dir='ltr'><strong>derint.</strong></span> 
     </span>
    </p>
   </div>
   <div class='ocr_carea' id='block_1_90' title="bbox 249 5471 1769 5543">
    <p class='ocr_par' dir='ltr' id='par_1_90' title="bbox 249 5471 1769 5543">
     <span class='ocr_line' id='line_1_90' title="bbox 249 5471 1769 5543; baseline 0.003 -15"><span class='ocrx_word' id='word_1_659' title='bbox 249 5474 265 5512; x_wconf 75' lang='grc' dir='ltr'><strong>ί</strong></span> <span class='ocrx_word' id='word_1_660' title='bbox 301 5475 392 5528; x_wconf 80' lang='lat' dir='ltr'><strong>Ita</strong></span> <span class='ocrx_word' id='word_1_661' title='bbox 434 5471 594 5526; x_wconf 84' lang='lat' dir='ltr'><strong>Editi.</strong></span> <span class='ocrx_word' id='word_1_662' title='bbox 627 5475 787 5530; x_wconf 88' lang='lat' dir='ltr'><strong>Duae.</strong></span> <span class='ocrx_word' id='word_1_663' title='bbox 813 5486 866 5530; x_wconf 89' lang='lat' dir='ltr'><strong>et</strong></span> <span class='ocrx_word' id='word_1_664' title='bbox 892 5477 1081 5531; x_wconf 90' lang='lat' dir='ltr'><strong>Colon.</strong></span> <span class='ocrx_word' id='word_1_665' title='bbox 1116 5490 1245 5531; x_wconf 90' lang='lat' dir='ltr'><strong>mss.</strong></span> <span class='ocrx_word' id='word_1_666' title='bbox 1276 5486 1406 5543; x_wconf 86' lang='lat' dir='ltr'><strong>tres,</strong></span> <span class='ocrx_word' id='word_1_667' title='bbox 1444 5476 1615 5531; x_wconf 84' lang='lat' dir='ltr'><strong>divina</strong></span> <span class='ocrx_word' id='word_1_668' title='bbox 1642 5478 1769 5533; x_wconf 86' lang='lat' dir='ltr'><strong>dile-</strong></span> 
     </span>
    </p>
   </div>
   <div class='ocr_carea' id='block_1_91' title="bbox 160 5544 1766 5616">
    <p class='ocr_par' dir='ltr' id='par_1_91' title="bbox 160 5544 1766 5616">
     <span class='ocr_line' id='line_1_91' title="bbox 160 5544 1766 5616; baseline 0.004 -18"><span class='ocrx_word' id='word_1_669' title='bbox 160 5546 444 5616; x_wconf 72' lang='lat' dir='ltr'><strong>ctioneac</strong></span> <span class='ocrx_word' id='word_1_670' title='bbox 470 5555 647 5616; x_wconf 83' lang='lat' dir='ltr'><strong>mutua</strong></span> <span class='ocrx_word' id='word_1_671' title='bbox 675 5544 959 5602; x_wconf 80' lang='lat' dir='ltr'><strong>dilectione.</strong></span> <span class='ocrx_word' id='word_1_672' title='bbox 1004 5548 1142 5602; x_wconf 81' lang='lat' dir='ltr'><strong>Edit.</strong></span> <span class='ocrx_word' id='word_1_673' title='bbox 1179 5562 1306 5601; x_wconf 86' lang='lat' dir='ltr'><strong>vero</strong></span> <span class='ocrx_word' id='word_1_674' title='bbox 1346 5548 1477 5616; x_wconf 89' lang='lat' dir='ltr'><strong>Lug.</strong></span> <span class='ocrx_word' id='word_1_675' title='bbox 1510 5564 1628 5602; x_wconf 91' lang='lat' dir='ltr'><strong>cum</strong></span> <span class='ocrx_word' id='word_1_676' title='bbox 1664 5564 1766 5604; x_wconf 90' lang='lat' dir='ltr'><strong>ms.</strong></span> 
     </span>
    </p>
   </div>
   <div class='ocr_carea' id='block_1_92' title="bbox 160 5614 1766 5683">
    <p class='ocr_par' dir='ltr' id='par_1_92' title="bbox 160 5614 1766 5683">
     <span class='ocr_line' id='line_1_92' title="bbox 160 5614 1766 5683; baseline 0.001 -14"><span class='ocrx_word' id='word_1_677' title='bbox 160 5631 307 5682; x_wconf 84' lang='lat' dir='ltr'><strong>uno,</strong></span> <span class='ocrx_word' id='word_1_678' title='bbox 326 5614 519 5665; x_wconf 76' lang='lat' dir='ltr'><strong>divinw</strong></span> <span class='ocrx_word' id='word_1_679' title='bbox 539 5615 819 5669; x_wconf 77' lang='lat' dir='ltr'><strong>dilectionis</strong></span> <span class='ocrx_word' id='word_1_680' title='bbox 842 5631 901 5668; x_wconf 83' lang='lat' dir='ltr'><strong>ac</strong></span> <span class='ocrx_word' id='word_1_681' title='bbox 925 5627 1097 5670; x_wconf 88' lang='lat' dir='ltr'><strong>mutua</strong></span> <span class='ocrx_word' id='word_1_682' title='bbox 1121 5614 1467 5671; x_wconf 78' lang='lat' dir='ltr'><strong>delectatione.</strong></span> <span class='ocrx_word' id='word_1_683' title='bbox 1493 5618 1587 5672; x_wconf 78' lang='lat' dir='ltr'><strong>Ms.</strong></span> <span class='ocrx_word' id='word_1_684' title='bbox 1611 5619 1766 5683; x_wconf 89' lang='lat' dir='ltr'><strong>alter,</strong></span> 
     </span>
    </p>
   </div>
   <div class='ocr_carea' id='block_1_93' title="bbox 160 5684 1767 5754">
    <p class='ocr_par' dir='ltr' id='par_1_93' title="bbox 160 5684 1767 5754">
     <span class='ocr_line' id='line_1_93' title="bbox 160 5684 1767 5754; baseline -0.001 -12"><span class='ocrx_word' id='word_1_685' title='bbox 160 5688 359 5741; x_wconf 66' lang='lat' dir='ltr'><strong>divina</strong></span> <span class='ocrx_word' id='word_1_686' title='bbox 406 5684 729 5739; x_wconf 72' lang='lat' dir='ltr'><strong>delectatione</strong></span> <span class='ocrx_word' id='word_1_687' title='bbox 757 5704 815 5739; x_wconf 86' lang='lat' dir='ltr'><strong>ac</strong></span> <span class='ocrx_word' id='word_1_688' title='bbox 856 5700 1030 5742; x_wconf 83' lang='lat' dir='ltr'><strong>mutua</strong></span> <span class='ocrx_word' id='word_1_689' title='bbox 1061 5688 1344 5742; x_wconf 82' lang='lat' dir='ltr'><strong>dilectione.</strong></span> <span class='ocrx_word' id='word_1_690' title='bbox 1390 5689 1559 5754; x_wconf 83' lang='lat' dir='ltr'><strong>Alius,</strong></span> <span class='ocrx_word' id='word_1_691' title='bbox 1594 5689 1767 5742; x_wconf 72' lang='lat' dir='ltr'><strong>divina</strong></span> 
     </span>
    </p>
   </div>
   <div class='ocr_carea' id='block_1_94' title="bbox 1884 3192 3454 3273">
    <p class='ocr_par' dir='ltr' id='par_1_94' title="bbox 1884 3192 3454 3273">
     <span class='ocr_line' id='line_1_94' title="bbox 1884 3192 3454 3273; baseline 0.01 -29"><span class='ocrx_word' id='word_1_692' title='bbox 1884 3192 1994 3260; x_wconf 90' lang='lat' dir='ltr'><strong>jam</strong></span> <span class='ocrx_word' id='word_1_693' title='bbox 2051 3193 2268 3261; x_wconf 90' lang='lat' dir='ltr'><strong>perfecti</strong></span> <span class='ocrx_word' id='word_1_694' title='bbox 2313 3208 2418 3247; x_wconf 92' lang='lat' dir='ltr'><strong>non</strong></span> <span class='ocrx_word' id='word_1_695' title='bbox 2472 3205 2737 3263; x_wconf 88' lang='lat' dir='ltr'><strong>poterunt.</strong></span> <span class='ocrx_word' id='word_1_696' title='bbox 2783 3197 2933 3251; x_wconf 89' lang='lat' dir='ltr'><strong>Sicut</strong></span> <span class='ocrx_word' id='word_1_697' title='bbox 2976 3202 3115 3255; x_wconf 89' lang='lat' dir='ltr'><strong>enim</strong></span> <span class='ocrx_word' id='word_1_698' title='bbox 3164 3207 3454 3273; x_wconf 81' lang='lat' dir='ltr'><strong>corporalis</strong></span> 
     </span>
    </p>
   </div>
   <div class='ocr_carea' id='block_1_95' title="bbox 1888 3287 3455 3363">
    <p class='ocr_par' dir='ltr' id='par_1_95' title="bbox 1888 3287 3455 3363">
     <span class='ocr_line' id='line_1_95' title="bbox 1888 3287 3455 3363; baseline 0.01 -26"><span class='ocrx_word' id='word_1_699' title='bbox 1888 3287 2139 3337; x_wconf 89' lang='lat' dir='ltr'><strong>saturitas</strong></span> <span class='ocrx_word' id='word_1_700' title='bbox 2187 3300 2375 3339; x_wconf 89' lang='lat' dir='ltr'><strong>omnes</strong></span> <span class='ocrx_word' id='word_1_701' title='bbox 2423 3294 2632 3339; x_wconf 87' lang='lat' dir='ltr'><strong>saturos</strong></span> <span class='ocrx_word' id='word_1_702' title='bbox 2673 3289 2947 3356; x_wconf 75' lang='lat' dir='ltr'><strong>mqualiter</strong></span> <span class='ocrx_word' id='word_1_703' title='bbox 2994 3291 3184 3361; x_wconf 76' lang='lat' dir='ltr'><strong>balet,</strong></span> <span class='ocrx_word' id='word_1_704' title='bbox 3217 3300 3455 3363; x_wconf 86' lang='lat' dir='ltr'><strong>quamvis</strong></span> 
     </span>
    </p>
   </div>
   <div class='ocr_carea' id='block_1_96' title="bbox 1886 3372 3456 3451">
    <p class='ocr_par' dir='ltr' id='par_1_96' title="bbox 1886 3372 3456 3451">
     <span class='ocr_line' id='line_1_96' title="bbox 1886 3372 3456 3451; baseline 0.011 -26"><span class='ocrx_word' id='word_1_705' title='bbox 1886 3372 2076 3441; x_wconf 86' lang='lat' dir='ltr'><strong>singuli</strong></span> <span class='ocrx_word' id='word_1_706' title='bbox 2107 3373 2281 3427; x_wconf 91' lang='lat' dir='ltr'><strong>cibum</strong></span> <span class='ocrx_word' id='word_1_707' title='bbox 2330 3389 2435 3428; x_wconf 91' lang='lat' dir='ltr'><strong>non</strong></span> <span class='ocrx_word' id='word_1_708' title='bbox 2476 3376 2770 3443; x_wconf 76' lang='lat' dir='ltr'><strong>:equaliter,</strong></span> <span class='ocrx_word' id='word_1_709' title='bbox 2821 3378 2913 3432; x_wconf 88' lang='lat' dir='ltr'><strong>sed</strong></span> <span class='ocrx_word' id='word_1_710' title='bbox 2963 3395 3059 3448; x_wconf 77' lang='lat' dir='ltr'><strong>pio</strong></span> <span class='ocrx_word' id='word_1_711' title='bbox 3107 3385 3456 3451; x_wconf 80' lang='lat' dir='ltr'><strong>possibilitate</strong></span> 
     </span>
    </p>
   </div>
   <div class='ocr_carea' id='block_1_97' title="bbox 1887 3466 3453 3546">
    <p class='ocr_par' dir='ltr' id='par_1_97' title="bbox 1887 3466 3453 3546">
     <span class='ocr_line' id='line_1_97' title="bbox 1887 3466 3453 3546; baseline 0.007 -27"><span class='ocrx_word' id='word_1_712' title='bbox 1887 3466 2225 3534; x_wconf 88' lang='lat' dir='ltr'><strong>perceperint</strong></span> <span class='ocrx_word' id='word_1_713' title='bbox 2264 3508 2278 3521; x_wconf 92' lang='lat'><strong>.</strong></span> <span class='ocrx_word' id='word_1_714' title='bbox 2323 3466 2391 3519; x_wconf 92' lang='lat' dir='ltr'><strong>ita</strong></span> <span class='ocrx_word' id='word_1_715' title='bbox 2421 3482 2607 3520; x_wconf 88' lang='lat' dir='ltr'><strong>omnes</strong></span> <span class='ocrx_word' id='word_1_716' title='bbox 2650 3470 2857 3534; x_wconf 90' lang='lat' dir='ltr'><strong>sancti,</strong></span> <span class='ocrx_word' id='word_1_717' title='bbox 2891 3470 2993 3523; x_wconf 87' lang='lat' dir='ltr'><strong>etsi</strong></span> <span class='ocrx_word' id='word_1_718' title='bbox 3041 3474 3233 3527; x_wconf 87' lang='lat' dir='ltr'><strong>fuerint</strong></span> <span class='ocrx_word' id='word_1_719' title='bbox 3275 3475 3453 3546; x_wconf 90' lang='lat' dir='ltr'><strong>aliqua</strong></span> 
     </span>
    </p>
   </div>
   <div class='ocr_carea' id='block_1_98' title="bbox 1885 3556 3456 3627">
    <p class='ocr_par' dir='ltr' id='par_1_98' title="bbox 1885 3556 3456 3627">
     <span class='ocr_line' id='line_1_98' title="bbox 1885 3556 3456 3627; baseline 0.01 -19"><span class='ocrx_word' id='word_1_720' title='bbox 1885 3556 2142 3626; x_wconf 89' lang='lat' dir='ltr'><strong>graduum</strong></span> <span class='ocrx_word' id='word_1_721' title='bbox 2182 3572 2401 3611; x_wconf 92' lang='lat' dir='ltr'><strong>suorutn</strong></span> <span class='ocrx_word' id='word_1_722' title='bbox 2445 3558 2754 3615; x_wconf 86' lang='lat' dir='ltr'><strong>diversitate</strong></span> <span class='ocrx_word' id='word_1_723' title='bbox 2794 3560 3062 3627; x_wconf 91' lang='lat' dir='ltr'><strong>distincti,</strong></span> <span class='ocrx_word' id='word_1_724' title='bbox 3105 3580 3205 3619; x_wconf 91' lang='lat' dir='ltr'><strong>una</strong></span> <span class='ocrx_word' id='word_1_725' title='bbox 3234 3577 3261 3614; x_wconf 91' lang='lat' dir='ltr'><strong>P</strong></span> <span class='ocrx_word' id='word_1_726' title='bbox 3292 3568 3456 3624; x_wconf 88' lang='lat' dir='ltr'><strong>beati-</strong></span> 
     </span>
    </p>
   </div>
   <div class='ocr_carea' id='block_1_99' title="bbox 1886 3648 3454 3723">
    <p class='ocr_par' dir='ltr' id='par_1_99' title="bbox 1886 3648 3454 3723">
     <span class='ocr_line' id='line_1_99' title="bbox 1886 3648 3454 3723; baseline 0.008 -19"><span class='ocrx_word' id='word_1_727' title='bbox 1886 3650 2067 3704; x_wconf 90' lang='lat' dir='ltr'><strong>tudine</strong></span> <span class='ocrx_word' id='word_1_728' title='bbox 2107 3648 2326 3718; x_wconf 87' lang='lat' dir='ltr'><strong>perfecti</strong></span> <span class='ocrx_word' id='word_1_729' title='bbox 2361 3660 2547 3716; x_wconf 90' lang='lat' dir='ltr'><strong>erunt,</strong></span> <span class='ocrx_word' id='word_1_730' title='bbox 2587 3654 2707 3719; x_wconf 88' lang='lat' dir='ltr'><strong>quia</strong></span> <span class='ocrx_word' id='word_1_731' title='bbox 2736 3663 2788 3706; x_wconf 90' lang='lat' dir='ltr'><strong>et</strong></span> <span class='ocrx_word' id='word_1_732' title='bbox 2820 3670 2920 3707; x_wconf 87' lang='lat' dir='ltr'><strong>una</strong></span> <span class='ocrx_word' id='word_1_733' title='bbox 2955 3657 3282 3723; x_wconf 82' lang='lat' dir='ltr'><strong>perfectione</strong></span> <span class='ocrx_word' id='word_1_734' title='bbox 3314 3661 3454 3716; x_wconf 86' lang='lat' dir='ltr'><strong>beati</strong></span> 
     </span>
    </p>
   </div>
   <div class='ocr_carea' id='block_1_100' title="bbox 1886 3742 3456 3808">
    <p class='ocr_par' dir='ltr' id='par_1_100' title="bbox 1886 3742 3456 3808">
     <span class='ocr_line' id='line_1_100' title="bbox 1886 3742 3456 3808; baseline 0.01 -15"><span class='ocrx_word' id='word_1_735' title='bbox 1886 3753 1914 3793; x_wconf 77' lang='grc' dir='ltr'><strong>ει</strong></span> <span class='ocrx_word' id='word_1_736' title='bbox 1959 3742 2118 3796; x_wconf 88' lang='lat' dir='ltr'><strong>futuri</strong></span> <span class='ocrx_word' id='word_1_737' title='bbox 2166 3751 2307 3797; x_wconf 88' lang='lat' dir='ltr'><strong>sunt.</strong></span> <span class='ocrx_word' id='word_1_738' title='bbox 2355 3742 2618 3797; x_wconf 64' lang='lat' dir='ltr'><strong>Caeterum</strong></span> <span class='ocrx_word' id='word_1_739' title='bbox 2668 3746 2720 3799; x_wconf 92' lang='lat' dir='ltr'><strong>in</strong></span> <span class='ocrx_word' id='word_1_740' title='bbox 2774 3746 2860 3799; x_wconf 88' lang='lat' dir='ltr'><strong>illa</strong></span> <span class='ocrx_word' id='word_1_741' title='bbox 2911 3757 3068 3803; x_wconf 83' lang='lat' dir='ltr'><strong>tantae</strong></span> <span class='ocrx_word' id='word_1_742' title='bbox 3115 3750 3456 3808; x_wconf 84' lang='lat' dir='ltr'><strong>beatitudinis</strong></span> 
     </span>
    </p>
   </div>
   <div class='ocr_carea' id='block_1_101' title="bbox 1889 3833 3454 3906">
    <p class='ocr_par' dir='ltr' id='par_1_101' title="bbox 1889 3833 3454 3906">
     <span class='ocr_line' id='line_1_101' title="bbox 1889 3833 3454 3906; baseline 0.006 -20"><span class='ocrx_word' id='word_1_743' title='bbox 1889 3833 2103 3902; x_wconf 87' lang='lat' dir='ltr'><strong>regione</strong></span> <span class='ocrx_word' id='word_1_744' title='bbox 2132 3843 2151 3869; x_wconf 80' lang='grc' dir='ltr'><strong>ι’</strong></span> <span class='ocrx_word' id='word_1_745' title='bbox 2190 3848 2289 3888; x_wconf 90' lang='lat' dir='ltr'><strong>nec</strong></span> <span class='ocrx_word' id='word_1_746' title='bbox 2316 3833 2534 3902; x_wconf 85' lang='lat' dir='ltr'><strong>majoris</strong></span> <span class='ocrx_word' id='word_1_747' title='bbox 2566 3836 2735 3888; x_wconf 90' lang='lat' dir='ltr'><strong>meriti</strong></span> <span class='ocrx_word' id='word_1_748' title='bbox 2765 3836 2865 3889; x_wconf 91' lang='lat' dir='ltr'><strong>sibi</strong></span> <span class='ocrx_word' id='word_1_749' title='bbox 2893 3837 3087 3905; x_wconf 88' lang='lat' dir='ltr'><strong>aliquid</strong></span> <span class='ocrx_word' id='word_1_750' title='bbox 3117 3841 3342 3906; x_wconf 81' lang='lat' dir='ltr'><strong>quisque</strong></span> <span class='ocrx_word' id='word_1_751' title='bbox 3370 3856 3454 3896; x_wconf 88' lang='lat' dir='ltr'><strong>ar-</strong></span> 
     </span>
    </p>
   </div>
   <div class='ocr_carea' id='block_1_102' title="bbox 1888 3923 3454 3998">
    <p class='ocr_par' dir='ltr' id='par_1_102' title="bbox 1888 3923 3454 3998">
     <span class='ocr_line' id='line_1_102' title="bbox 1888 3923 3454 3998; baseline 0.004 -23"><span class='ocrx_word' id='word_1_752' title='bbox 1888 3923 2094 3992; x_wconf 88' lang='lat' dir='ltr'><strong>rogabit</strong></span> <span class='ocrx_word' id='word_1_753' title='bbox 2115 3961 2130 3986; x_wconf 89' lang='lat'><strong>,</strong></span> <span class='ocrx_word' id='word_1_754' title='bbox 2161 3926 2281 3991; x_wconf 91' lang='lat' dir='ltr'><strong>quia</strong></span> <span class='ocrx_word' id='word_1_755' title='bbox 2312 3923 2611 3991; x_wconf 85' lang='lat' dir='ltr'><strong>arrogantia</strong></span> <span class='ocrx_word' id='word_1_756' title='bbox 2653 3923 2725 3977; x_wconf 88' lang='lat' dir='ltr'><strong>ibi</strong></span> <span class='ocrx_word' id='word_1_757' title='bbox 2756 3926 2896 3978; x_wconf 87' lang='lat' dir='ltr'><strong>nulla</strong></span> <span class='ocrx_word' id='word_1_758' title='bbox 2926 3928 3056 3989; x_wconf 89' lang='lat' dir='ltr'><strong>erit;</strong></span> <span class='ocrx_word' id='word_1_759' title='bbox 3103 3938 3125 3961; x_wconf 65' lang='grc' dir='ltr'>δ</span> <span class='ocrx_word' id='word_1_760' title='bbox 3168 3944 3266 3982; x_wconf 91' lang='lat' dir='ltr'><strong>nec</strong></span> <span class='ocrx_word' id='word_1_761' title='bbox 3294 3944 3454 3998; x_wconf 86' lang='lat' dir='ltr'><strong>supe-</strong></span> 
     </span>
    </p>
   </div>
   <div class='ocr_carea' id='block_1_103' title="bbox 1883 4014 3452 4081">
    <p class='ocr_par' dir='ltr' id='par_1_103' title="bbox 1883 4014 3452 4081">
     <span class='ocr_line' id='line_1_103' title="bbox 1883 4014 3452 4081; baseline 0.003 -12"><span class='ocrx_word' id='word_1_762' title='bbox 1883 4016 2010 4069; x_wconf 91' lang='lat' dir='ltr'><strong>riori</strong></span> <span class='ocrx_word' id='word_1_763' title='bbox 2048 4014 2265 4068; x_wconf 90' lang='lat' dir='ltr'><strong>inferior</strong></span> <span class='ocrx_word' id='word_1_764' title='bbox 2296 4015 2585 4078; x_wconf 88' lang='lat' dir='ltr'><strong>invidebit,</strong></span> <span class='ocrx_word' id='word_1_765' title='bbox 2620 4015 2636 4049; x_wconf 77' lang='grc'>¹</span> <span class='ocrx_word' id='word_1_766' title='bbox 2679 4015 2798 4081; x_wconf 91' lang='lat' dir='ltr'><strong>quia</strong></span> <span class='ocrx_word' id='word_1_767' title='bbox 2843 4015 2912 4068; x_wconf 90' lang='lat' dir='ltr'><strong>ibi</strong></span> <span class='ocrx_word' id='word_1_768' title='bbox 2959 4016 3159 4069; x_wconf 87' lang='lat' dir='ltr'><strong>invidia</strong></span> <span class='ocrx_word' id='word_1_769' title='bbox 3202 4032 3319 4072; x_wconf 90' lang='lat' dir='ltr'><strong>esse</strong></span> <span class='ocrx_word' id='word_1_770' title='bbox 3348 4036 3452 4075; x_wconf 92' lang='lat' dir='ltr'><strong>non</strong></span> 
     </span>
    </p>
   </div>
   <div class='ocr_carea' id='block_1_104' title="bbox 1885 4104 3451 4174">
    <p class='ocr_par' dir='ltr' id='par_1_104' title="bbox 1885 4104 3451 4174">
     <span class='ocr_line' id='line_1_104' title="bbox 1885 4104 3451 4174; baseline 0.003 -15"><span class='ocrx_word' id='word_1_771' title='bbox 1885 4105 2097 4174; x_wconf 90' lang='lat' dir='ltr'><strong>poterit.</strong></span> <span class='ocrx_word' id='word_1_772' title='bbox 2146 4104 2212 4158; x_wconf 84' lang='lat' dir='ltr'><strong>Et</strong></span> <span class='ocrx_word' id='word_1_773' title='bbox 2252 4104 2370 4157; x_wconf 89' lang='lat' dir='ltr'><strong>ideo</strong></span> <span class='ocrx_word' id='word_1_774' title='bbox 2390 4145 2405 4170; x_wconf 95' lang='lat'><strong>,</strong></span> <span class='ocrx_word' id='word_1_775' title='bbox 2438 4104 2539 4157; x_wconf 90' lang='lat' dir='ltr'><strong>etsi</strong></span> <span class='ocrx_word' id='word_1_776' title='bbox 2566 4105 2666 4157; x_wconf 91' lang='lat' dir='ltr'><strong>erit</strong></span> <span class='ocrx_word' id='word_1_777' title='bbox 2698 4104 2766 4157; x_wconf 86' lang='lat' dir='ltr'><strong>ibi</strong></span> <span class='ocrx_word' id='word_1_778' title='bbox 2804 4105 3055 4159; x_wconf 89' lang='lat' dir='ltr'><strong>distantia</strong></span> <span class='ocrx_word' id='word_1_779' title='bbox 3086 4107 3451 4174; x_wconf 88' lang='lat' dir='ltr'><strong>mansionum,</strong></span> 
     </span>
    </p>
   </div>
   <div class='ocr_carea' id='block_1_105' title="bbox 1882 4195 3452 4271">
    <p class='ocr_par' dir='ltr' id='par_1_105' title="bbox 1882 4195 3452 4271">
     <span class='ocr_line' id='line_1_105' title="bbox 1882 4195 3452 4271; baseline 0.003 -18"><span class='ocrx_word' id='word_1_780' title='bbox 1882 4210 2089 4253; x_wconf 86' lang='lat' dir='ltr'><strong>summa</strong></span> <span class='ocrx_word' id='word_1_781' title='bbox 2124 4203 2299 4249; x_wconf 89' lang='lat' dir='ltr'><strong>tamen</strong></span> <span class='ocrx_word' id='word_1_782' title='bbox 2340 4196 2393 4248; x_wconf 89' lang='lat' dir='ltr'><strong>in</strong></span> <span class='ocrx_word' id='word_1_783' title='bbox 2427 4195 2528 4249; x_wconf 88' lang='lat' dir='ltr'><strong>illis</strong></span> <span class='ocrx_word' id='word_1_784' title='bbox 2558 4195 2660 4249; x_wconf 92' lang='lat' dir='ltr'><strong>erit</strong></span> <span class='ocrx_word' id='word_1_785' title='bbox 2689 4195 2844 4249; x_wconf 92' lang='lat' dir='ltr'><strong>unius</strong></span> <span class='ocrx_word' id='word_1_786' title='bbox 2877 4197 3210 4263; x_wconf 74' lang='lat' dir='ltr'><strong>perfectionis</strong></span> <span class='ocrx_word' id='word_1_787' title='bbox 3238 4203 3452 4271; x_wconf 64' lang='lat' dir='ltr'><strong>aequali-</strong></span> 
     </span>
    </p>
   </div>
   <div class='ocr_carea' id='block_1_106' title="bbox 1886 4286 3169 4362">
    <p class='ocr_par' dir='ltr' id='par_1_106' title="bbox 1886 4286 3169 4362">
     <span class='ocr_line' id='line_1_106' title="bbox 1886 4286 3169 4362; baseline -0.005 -12"><span class='ocrx_word' id='word_1_788' title='bbox 1886 4306 1986 4358; x_wconf 90' lang='lat' dir='ltr'><strong>tas,</strong></span> <span class='ocrx_word' id='word_1_789' title='bbox 2011 4290 2201 4362; x_wconf 89' lang='lat' dir='ltr'><strong>quibus</strong></span> <span class='ocrx_word' id='word_1_790' title='bbox 2230 4288 2330 4342; x_wconf 91' lang='lat' dir='ltr'><strong>erit</strong></span> <span class='ocrx_word' id='word_1_791' title='bbox 2358 4287 2503 4357; x_wconf 89' lang='lat' dir='ltr'><strong>regni</strong></span> <span class='ocrx_word' id='word_1_792' title='bbox 2532 4286 2767 4343; x_wconf 59' lang='lat' dir='ltr'><strong>caelestis</strong></span> <span class='ocrx_word' id='word_1_793' title='bbox 2795 4303 2894 4341; x_wconf 91' lang='lat' dir='ltr'><strong>una</strong></span> <span class='ocrx_word' id='word_1_794' title='bbox 2929 4288 3169 4345; x_wconf 87' lang='lat' dir='ltr'><strong>felicitas.</strong></span> 
     </span>
    </p>
   </div>
   <div class='ocr_carea' id='block_1_107' title="bbox 1887 4423 3450 4493">
    <p class='ocr_par' dir='ltr' id='par_1_107' title="bbox 1887 4423 3450 4493">
     <span class='ocr_line' id='line_1_107' title="bbox 1887 4423 3450 4493; baseline -0.003 -8"><span class='ocrx_word' id='word_1_795' title='bbox 1887 4430 2126 4485; x_wconf 86' lang='lat' dir='ltr'><strong>electione</strong></span> <span class='ocrx_word' id='word_1_796' title='bbox 2168 4441 2226 4477; x_wconf 86' lang='lat' dir='ltr'><strong>ac</strong></span> <span class='ocrx_word' id='word_1_797' title='bbox 2272 4435 2443 4477; x_wconf 84' lang='lat' dir='ltr'><strong>ntntna</strong></span> <span class='ocrx_word' id='word_1_798' title='bbox 2484 4423 2813 4476; x_wconf 83' lang='lat' dir='ltr'><strong>delectatione</strong></span> <span class='ocrx_word' id='word_1_799' title='bbox 2841 4424 3074 4492; x_wconf 82' lang='lat' dir='ltr'><strong>possessi.</strong></span> <span class='ocrx_word' id='word_1_800' title='bbox 3124 4426 3271 4479; x_wconf 81' lang='lat' dir='ltr'><strong>Alter</strong></span> <span class='ocrx_word' id='word_1_801' title='bbox 3305 4443 3450 4493; x_wconf 86' lang='lat' dir='ltr'><strong>vero,</strong></span> 
     </span>
    </p>
   </div>
   <div class='ocr_carea' id='block_1_108' title="bbox 1886 4494 3287 4557">
    <p class='ocr_par' dir='ltr' id='par_1_108' title="bbox 1886 4494 3287 4557">
     <span class='ocr_line' id='line_1_108' title="bbox 1886 4494 3287 4557; baseline 0.005 -14"><span class='ocrx_word' id='word_1_802' title='bbox 1886 4502 2069 4554; x_wconf 68' lang='grc' dir='ltr'><strong>άίιιίηιυ</strong></span> <span class='ocrx_word' id='word_1_803' title='bbox 2098 4496 2378 4549; x_wconf 76' lang='lat' dir='ltr'><strong>dilectionis</strong></span> <span class='ocrx_word' id='word_1_804' title='bbox 2406 4510 2465 4545; x_wconf 84' lang='lat' dir='ltr'><strong>ac</strong></span> <span class='ocrx_word' id='word_1_805' title='bbox 2494 4502 2678 4545; x_wconf 74' lang='lat' dir='ltr'><strong>mutua:</strong></span> <span class='ocrx_word' id='word_1_806' title='bbox 2707 4494 2930 4546; x_wconf 79' lang='lat' dir='ltr'><strong>caritatis</strong></span> <span class='ocrx_word' id='word_1_807' title='bbox 2962 4498 3287 4557; x_wconf 71' lang='lat' dir='ltr'><strong>possessione.</strong></span> 
     </span>
    </p>
   </div>
   <div class='ocr_carea' id='block_1_109' title="bbox 1961 4564 3455 4635">
    <p class='ocr_par' dir='ltr' id='par_1_109' title="bbox 1961 4564 3455 4635">
     <span class='ocr_line' id='line_1_109' title="bbox 1961 4564 3455 4635; baseline 0.002 -15"><span class='ocrx_word' id='word_1_808' title='bbox 1961 4573 1975 4620; x_wconf 84' lang='lat' dir='ltr'><strong>l</strong></span> <span class='ocrx_word' id='word_1_809' title='bbox 2012 4570 2135 4622; x_wconf 89' lang='lat' dir='ltr'><strong>Mss.</strong></span> <span class='ocrx_word' id='word_1_810' title='bbox 2162 4565 2371 4629; x_wconf 89' lang='lat' dir='ltr'><strong>Catnb.,</strong></span> <span class='ocrx_word' id='word_1_811' title='bbox 2405 4572 2493 4615; x_wconf 86' lang='lat' dir='ltr'><strong>aut</strong></span> <span class='ocrx_word' id='word_1_812' title='bbox 2535 4564 2587 4616; x_wconf 87' lang='lat' dir='ltr'><strong>in</strong></span> <span class='ocrx_word' id='word_1_813' title='bbox 2632 4564 2868 4616; x_wconf 84' lang='lat' dir='ltr'><strong>deterius.</strong></span> <span class='ocrx_word' id='word_1_814' title='bbox 2911 4564 3012 4618; x_wconf 80' lang='lat' dir='ltr'><strong>Alii</strong></span> <span class='ocrx_word' id='word_1_815' title='bbox 3039 4581 3159 4620; x_wconf 90' lang='lat' dir='ltr'><strong>cutn</strong></span> <span class='ocrx_word' id='word_1_816' title='bbox 3186 4567 3331 4635; x_wconf 91' lang='lat' dir='ltr'><strong>edd.,</strong></span> <span class='ocrx_word' id='word_1_817' title='bbox 3364 4580 3455 4623; x_wconf 87' lang='lat' dir='ltr'><strong>aut</strong></span> 
     </span>
    </p>
   </div>
   <div class='ocr_carea' id='block_1_110' title="bbox 1888 4639 2125 4692">
    <p class='ocr_par' dir='ltr' id='par_1_110' title="bbox 1888 4639 2125 4692">
     <span class='ocr_line' id='line_1_110' title="bbox 1888 4639 2125 4692; baseline 0 -1"><span class='ocrx_word' id='word_1_818' title='bbox 1888 4639 2125 4692; x_wconf 83' lang='lat' dir='ltr'><strong>deterius.</strong></span> 
     </span>
    </p>
   </div>
   <div class='ocr_carea' id='block_1_111' title="bbox 1959 4704 2597 4770">
    <p class='ocr_par' dir='ltr' id='par_1_111' title="bbox 1959 4704 2597 4770">
     <span class='ocr_line' id='line_1_111' title="bbox 1959 4704 2597 4770; baseline -0.009 -8"><span class='ocrx_word' id='word_1_819' title='bbox 1959 4708 1985 4745; x_wconf 56' lang='grc' dir='ltr'>ι</span> <span class='ocrx_word' id='word_1_820' title='bbox 2010 4709 2106 4761; x_wconf 91' lang='lat' dir='ltr'><strong>Ms.</strong></span> <span class='ocrx_word' id='word_1_821' title='bbox 2142 4719 2296 4765; x_wconf 87' lang='lat' dir='ltr'><strong>unus.</strong></span> <span class='ocrx_word' id='word_1_822' title='bbox 2325 4704 2597 4770; x_wconf 84' lang='lat' dir='ltr'><strong>peccando.</strong></span> 
     </span>
    </p>
   </div>
   <div class='ocr_carea' id='block_1_112' title="bbox 1964 4774 2761 4838">
    <p class='ocr_par' dir='ltr' id='par_1_112' title="bbox 1964 4774 2761 4838">
     <span class='ocr_line' id='line_1_112' title="bbox 1964 4774 2761 4838; baseline -0.01 -5"><span class='ocrx_word' id='word_1_823' title='bbox 1964 4776 1977 4814; x_wconf 84' lang='grc'><strong>¹</strong></span> <span class='ocrx_word' id='word_1_824' title='bbox 2010 4780 2107 4833; x_wconf 90' lang='lat' dir='ltr'><strong>Ms.</strong></span> <span class='ocrx_word' id='word_1_825' title='bbox 2142 4790 2297 4838; x_wconf 85' lang='lat' dir='ltr'><strong>unus,</strong></span> <span class='ocrx_word' id='word_1_826' title='bbox 2331 4774 2761 4835; x_wconf 73' lang='lat' dir='ltr'><strong>prwvaricatione.</strong></span> 
     </span>
    </p>
   </div>
   <div class='ocr_carea' id='block_1_113' title="bbox 1964 4842 3232 4911">
    <p class='ocr_par' dir='ltr' id='par_1_113' title="bbox 1964 4842 3232 4911">
     <span class='ocr_line' id='line_1_113' title="bbox 1964 4842 3232 4911; baseline -0.001 -10"><span class='ocrx_word' id='word_1_827' title='bbox 1964 4859 2003 4888; x_wconf 78' lang='grc' dir='ltr'>ω</span> <span class='ocrx_word' id='word_1_828' title='bbox 2029 4849 2125 4901; x_wconf 89' lang='lat' dir='ltr'><strong>Ms.</strong></span> <span class='ocrx_word' id='word_1_829' title='bbox 2158 4859 2311 4906; x_wconf 88' lang='lat' dir='ltr'><strong>unus,</strong></span> <span class='ocrx_word' id='word_1_830' title='bbox 2336 4843 2569 4897; x_wconf 78' lang='lat' dir='ltr'><strong>[minuitis</strong></span> <span class='ocrx_word' id='word_1_831' title='bbox 2597 4843 2677 4896; x_wconf 84' lang='lat' dir='ltr'><strong>hic</strong></span> <span class='ocrx_word' id='word_1_832' title='bbox 2703 4842 2999 4911; x_wconf 81' lang='lat' dir='ltr'><strong>corporibus</strong></span> <span class='ocrx_word' id='word_1_833' title='bbox 3026 4844 3232 4900; x_wconf 85' lang='lat' dir='ltr'><strong>vitiatis.</strong></span> 
     </span>
    </p>
   </div>
   <div class='ocr_carea' id='block_1_114' title="bbox 1953 4914 3033 4979">
    <p class='ocr_par' dir='ltr' id='par_1_114' title="bbox 1953 4914 3033 4979">
     <span class='ocr_line' id='line_1_114' title="bbox 1953 4914 3033 4979; baseline -0.009 -5"><span class='ocrx_word' id='word_1_834' title='bbox 1953 4934 1981 4961; x_wconf 75' lang='grc' dir='ltr'><strong>ιι</strong></span> <span class='ocrx_word' id='word_1_835' title='bbox 2007 4919 2101 4973; x_wconf 87' lang='lat' dir='ltr'><strong>Ms.</strong></span> <span class='ocrx_word' id='word_1_836' title='bbox 2130 4916 2317 4970; x_wconf 83' lang='lat' dir='ltr'><strong>Camb.</strong></span> <span class='ocrx_word' id='word_1_837' title='bbox 2348 4926 2401 4968; x_wconf 91' lang='lat' dir='ltr'><strong>et</strong></span> <span class='ocrx_word' id='word_1_838' title='bbox 2430 4914 2515 4967; x_wconf 91' lang='lat' dir='ltr'><strong>ed.</strong></span> <span class='ocrx_word' id='word_1_839' title='bbox 2549 4914 2742 4979; x_wconf 80' lang='lat' dir='ltr'><strong>Lugtl.,</strong></span> <span class='ocrx_word' id='word_1_840' title='bbox 2771 4914 3033 4967; x_wconf 80' lang='lat' dir='ltr'><strong>ademerit.</strong></span> 
     </span>
    </p>
   </div>
   <div class='ocr_carea' id='block_1_115' title="bbox 1957 4983 3447 5055">
    <p class='ocr_par' dir='ltr' id='par_1_115' title="bbox 1957 4983 3447 5055">
     <span class='ocr_line' id='line_1_115' title="bbox 1957 4983 3447 5055; baseline -0.001 -12"><span class='ocrx_word' id='word_1_841' title='bbox 1957 5002 1981 5029; x_wconf 83' lang='grc' dir='ltr'>ο</span> <span class='ocrx_word' id='word_1_842' title='bbox 2005 4990 2091 5044; x_wconf 87' lang='lat' dir='ltr'><strong>Sic</strong></span> <span class='ocrx_word' id='word_1_843' title='bbox 2117 5001 2244 5039; x_wconf 84' lang='lat' dir='ltr'><strong>mss.</strong></span> <span class='ocrx_word' id='word_1_844' title='bbox 2281 4994 2405 5037; x_wconf 83' lang='lat' dir='ltr'><strong>tres.</strong></span> <span class='ocrx_word' id='word_1_845' title='bbox 2435 4983 2533 5041; x_wconf 78' lang='lat' dir='ltr'><strong>Alii</strong></span> <span class='ocrx_word' id='word_1_846' title='bbox 2562 4999 2679 5036; x_wconf 91' lang='lat' dir='ltr'><strong>eum</strong></span> <span class='ocrx_word' id='word_1_847' title='bbox 2711 4984 2856 5055; x_wconf 84' lang='lat' dir='ltr'><strong>edd.,</strong></span> <span class='ocrx_word' id='word_1_848' title='bbox 2889 4984 3243 5053; x_wconf 80' lang='lat' dir='ltr'><strong>discerpserint</strong></span> <span class='ocrx_word' id='word_1_849' title='bbox 3268 5002 3288 5041; x_wconf 87' lang='lat'><strong><em>:</em></strong></span> <span class='ocrx_word' id='word_1_850' title='bbox 3308 4988 3447 5055; x_wconf 89' lang='lat' dir='ltr'><strong>quod</strong></span> 
     </span>
    </p>
   </div>
   <div class='ocr_carea' id='block_1_116' title="bbox 1878 5054 2914 5119">
    <p class='ocr_par' dir='ltr' id='par_1_116' title="bbox 1878 5054 2914 5119">
     <span class='ocr_line' id='line_1_116' title="bbox 1878 5054 2914 5119; baseline -0.013 -2"><span class='ocrx_word' id='word_1_851' title='bbox 1878 5063 2179 5119; x_wconf 90' lang='lat' dir='ltr'><strong>membrtnn</strong></span> <span class='ocrx_word' id='word_1_852' title='bbox 2216 5056 2366 5109; x_wconf 77' lang='lat' dir='ltr'><strong>abest</strong></span> <span class='ocrx_word' id='word_1_853' title='bbox 2393 5054 2460 5106; x_wconf 87' lang='lat' dir='ltr'><strong>ab</strong></span> <span class='ocrx_word' id='word_1_854' title='bbox 2485 5055 2718 5106; x_wconf 79' lang='lat' dir='ltr'><strong>editione</strong></span> <span class='ocrx_word' id='word_1_855' title='bbox 2749 5054 2914 5119; x_wconf 83' lang='lat' dir='ltr'><strong>Lugd.</strong></span> 
     </span>
    </p>
   </div>
   <div class='ocr_carea' id='block_1_117' title="bbox 1949 5122 3448 5195">
    <p class='ocr_par' dir='ltr' id='par_1_117' title="bbox 1949 5122 3448 5195">
     <span class='ocr_line' id='line_1_117' title="bbox 1949 5122 3448 5195; baseline -0.001 -11"><span class='ocrx_word' id='word_1_856' title='bbox 1949 5144 1977 5183; x_wconf 79' lang='grc' dir='ltr'><strong>ι)</strong></span> <span class='ocrx_word' id='word_1_857' title='bbox 2008 5134 2108 5187; x_wconf 79' lang='lat' dir='ltr'><strong>Ms.</strong></span> <span class='ocrx_word' id='word_1_858' title='bbox 2141 5142 2276 5180; x_wconf 89' lang='lat' dir='ltr'><strong>unus</strong></span> <span class='ocrx_word' id='word_1_859' title='bbox 2301 5165 2317 5190; x_wconf 94' lang='lat'><strong>,</strong></span> <span class='ocrx_word' id='word_1_860' title='bbox 2367 5141 2468 5177; x_wconf 88' lang='lat' dir='ltr'><strong>una</strong></span> <span class='ocrx_word' id='word_1_861' title='bbox 2500 5135 2666 5177; x_wconf 85' lang='lat' dir='ltr'><strong>tamen</strong></span> <span class='ocrx_word' id='word_1_862' title='bbox 2695 5122 3020 5178; x_wconf 84' lang='lat' dir='ltr'><strong>beatitudine.</strong></span> <span class='ocrx_word' id='word_1_863' title='bbox 3054 5125 3152 5179; x_wconf 89' lang='lat' dir='ltr'><strong>Ms.</strong></span> <span class='ocrx_word' id='word_1_864' title='bbox 3181 5126 3338 5191; x_wconf 85' lang='lat' dir='ltr'><strong>alter,</strong></span> <span class='ocrx_word' id='word_1_865' title='bbox 3367 5130 3448 5195; x_wconf 83' lang='lat' dir='ltr'><strong>qui</strong></span> 
     </span>
    </p>
   </div>
   <div class='ocr_carea' id='block_1_118' title="bbox 1872 5214 2066 5258">
    <p class='ocr_par' dir='ltr' id='par_1_118' title="bbox 1872 5214 2066 5258">
     <span class='ocr_line' id='line_1_118' title="bbox 1872 5214 2066 5258; baseline -0.021 0"><span class='ocrx_word' id='word_1_866' title='bbox 1872 5214 1919 5258; x_wconf 86' lang='lat' dir='ltr'><strong>ct</strong></span> <span class='ocrx_word' id='word_1_867' title='bbox 1944 5220 2066 5255; x_wconf 88' lang='lat' dir='ltr'><strong>una.</strong></span> 
     </span>
    </p>
   </div>
   <div class='ocr_carea' id='block_1_119' title="bbox 1945 5266 2607 5337">
    <p class='ocr_par' dir='ltr' id='par_1_119' title="bbox 1945 5266 2607 5337">
     <span class='ocr_line' id='line_1_119' title="bbox 1945 5266 2607 5337; baseline -0.014 -15"><span class='ocrx_word' id='word_1_868' title='bbox 1945 5284 1971 5322; x_wconf 77' lang='grc' dir='ltr'><strong>ει</strong></span> <span class='ocrx_word' id='word_1_869' title='bbox 1999 5274 2094 5326; x_wconf 90' lang='lat' dir='ltr'><strong>Ms.</strong></span> <span class='ocrx_word' id='word_1_870' title='bbox 2122 5283 2279 5334; x_wconf 91' lang='lat' dir='ltr'><strong>unus,</strong></span> <span class='ocrx_word' id='word_1_871' title='bbox 2309 5266 2430 5337; x_wconf 76' lang='lat' dir='ltr'><strong>facti</strong></span> <span class='ocrx_word' id='word_1_872' title='bbox 2468 5272 2607 5337; x_wconf 74' lang='lat' dir='ltr'><strong>sunt.</strong></span> 
     </span>
    </p>
   </div>
   <div class='ocr_carea' id='block_1_120' title="bbox 1950 5332 3447 5406">
    <p class='ocr_par' dir='ltr' id='par_1_120' title="bbox 1950 5332 3447 5406">
     <span class='ocr_line' id='line_1_120' title="bbox 1950 5332 3447 5406; baseline -0.005 -10"><span class='ocrx_word' id='word_1_873' title='bbox 1950 5352 1970 5380; x_wconf 83' lang='grc' dir='ltr'><strong>ι’</strong></span> <span class='ocrx_word' id='word_1_874' title='bbox 2002 5343 2097 5396; x_wconf 66' lang='grc' dir='ltr'><strong>Με.</strong></span> <span class='ocrx_word' id='word_1_875' title='bbox 2124 5332 2334 5402; x_wconf 61' lang='grc' dir='ltr'><strong>(ὶιηηὺξ,</strong></span> <span class='ocrx_word' id='word_1_876' title='bbox 2355 5350 2442 5387; x_wconf 88' lang='lat' dir='ltr'><strong>nec</strong></span> <span class='ocrx_word' id='word_1_877' title='bbox 2466 5334 2629 5402; x_wconf 84' lang='lat' dir='ltr'><strong>major</strong></span> <span class='ocrx_word' id='word_1_878' title='bbox 2658 5332 2820 5385; x_wconf 49' lang='lat' dir='ltr'><strong>mariti</strong></span> <span class='ocrx_word' id='word_1_879' title='bbox 2839 5333 2933 5386; x_wconf 88' lang='lat' dir='ltr'><strong>sibi</strong></span> <span class='ocrx_word' id='word_1_880' title='bbox 2952 5333 3146 5403; x_wconf 83' lang='lat' dir='ltr'><strong>aliquid</strong></span> <span class='ocrx_word' id='word_1_881' title='bbox 3174 5334 3447 5406; x_wconf 78' lang='lat' dir='ltr'><strong>arrogabit.</strong></span> 
     </span>
    </p>
   </div>
   <div class='ocr_carea' id='block_1_121' title="bbox 1873 5406 2518 5475">
    <p class='ocr_par' dir='ltr' id='par_1_121' title="bbox 1873 5406 2518 5475">
     <span class='ocr_line' id='line_1_121' title="bbox 1873 5406 2518 5475; baseline -0.02 -7"><span class='ocrx_word' id='word_1_882' title='bbox 1873 5413 1971 5467; x_wconf 86' lang='lat' dir='ltr'><strong>Ms.</strong></span> <span class='ocrx_word' id='word_1_883' title='bbox 2003 5414 2162 5474; x_wconf 80' lang='lat' dir='ltr'><strong>alter,</strong></span> <span class='ocrx_word' id='word_1_884' title='bbox 2190 5406 2518 5475; x_wconf 85' lang='lat' dir='ltr'><strong>arrOgabtmt.</strong></span> 
     </span>
    </p>
   </div>
   <div class='ocr_carea' id='block_1_122' title="bbox 1946 5471 3445 5541">
    <p class='ocr_par' dir='ltr' id='par_1_122' title="bbox 1946 5471 3445 5541">
     <span class='ocr_line' id='line_1_122' title="bbox 1946 5471 3445 5541; baseline -0.007 -5"><span class='ocrx_word' id='word_1_885' title='bbox 1946 5491 1966 5517; x_wconf 79' lang='grc'>³</span> <span class='ocrx_word' id='word_1_886' title='bbox 1984 5484 2051 5536; x_wconf 85' lang='lat' dir='ltr'><strong>M.</strong></span> <span class='ocrx_word' id='word_1_887' title='bbox 2069 5471 2219 5535; x_wconf 89' lang='lat' dir='ltr'><strong>Colb.</strong></span> <span class='ocrx_word' id='word_1_888' title='bbox 2237 5471 2391 5538; x_wconf 77' lang='lat' dir='ltr'><strong>unus,</strong></span> <span class='ocrx_word' id='word_1_889' title='bbox 2406 5488 2493 5526; x_wconf 88' lang='lat' dir='ltr'><strong>nec</strong></span> <span class='ocrx_word' id='word_1_890' title='bbox 2506 5471 2851 5539; x_wconf 82' lang='lat' dir='ltr'><strong>superioribus</strong></span> <span class='ocrx_word' id='word_1_891' title='bbox 2863 5472 3128 5541; x_wconf 79' lang='lat' dir='ltr'><strong>inferiores</strong></span> <span class='ocrx_word' id='word_1_892' title='bbox 3140 5472 3445 5526; x_wconf 78' lang='lat' dir='ltr'><strong>inridebunt.</strong></span> 
     </span>
    </p>
   </div>
   <div class='ocr_carea' id='block_1_123' title="bbox 1951 5541 3445 5608">
    <p class='ocr_par' dir='ltr' id='par_1_123' title="bbox 1951 5541 3445 5608">
     <span class='ocr_line' id='line_1_123' title="bbox 1951 5541 3445 5608; baseline -0.008 -1"><span class='ocrx_word' id='word_1_893' title='bbox 1951 5554 2088 5606; x_wconf 67' lang='lat' dir='ltr'><strong>‘Sic</strong></span> <span class='ocrx_word' id='word_1_894' title='bbox 2133 5562 2263 5601; x_wconf 88' lang='lat' dir='ltr'><strong>mss.</strong></span> <span class='ocrx_word' id='word_1_895' title='bbox 2314 5545 2565 5608; x_wconf 87' lang='lat' dir='ltr'><strong>quinque.</strong></span> <span class='ocrx_word' id='word_1_896' title='bbox 2619 5541 2745 5595; x_wconf 85' lang='lat' dir='ltr'><strong>Mss.</strong></span> <span class='ocrx_word' id='word_1_897' title='bbox 2794 5541 2882 5594; x_wconf 63' lang='lat' dir='ltr'><strong>alii</strong></span> <span class='ocrx_word' id='word_1_898' title='bbox 2928 5542 3056 5604; x_wconf 90' lang='lat' dir='ltr'><strong>duo,</strong></span> <span class='ocrx_word' id='word_1_899' title='bbox 3102 5541 3300 5592; x_wconf 79' lang='lat' dir='ltr'><strong>invidus</strong></span> <span class='ocrx_word' id='word_1_900' title='bbox 3344 5559 3445 5595; x_wconf 81' lang='lat' dir='ltr'><strong>esse</strong></span> 
     </span>
    </p>
   </div>
   <div class='ocr_carea' id='block_1_124' title="bbox 1876 5611 3440 5691">
    <p class='ocr_par' dir='ltr' id='par_1_124' title="bbox 1876 5611 3440 5691">
     <span class='ocr_line' id='line_1_124' title="bbox 1876 5611 3440 5691; baseline -0.006 -16"><span class='ocrx_word' id='word_1_901' title='bbox 1876 5639 1973 5675; x_wconf 91' lang='lat' dir='ltr'><strong>non</strong></span> <span class='ocrx_word' id='word_1_902' title='bbox 2004 5619 2207 5691; x_wconf 81' lang='lat' dir='ltr'><strong>poterit.</strong></span> <span class='ocrx_word' id='word_1_903' title='bbox 2237 5611 2395 5682; x_wconf 82' lang='lat' dir='ltr'><strong>Edd.,</strong></span> <span class='ocrx_word' id='word_1_904' title='bbox 2427 5613 2546 5677; x_wconf 83' lang='lat' dir='ltr'><strong>quia</strong></span> <span class='ocrx_word' id='word_1_905' title='bbox 2577 5612 2646 5665; x_wconf 85' lang='lat' dir='ltr'><strong>ibi</strong></span> <span class='ocrx_word' id='word_1_906' title='bbox 2672 5611 2871 5665; x_wconf 74' lang='lat' dir='ltr'><strong>invidus</strong></span> <span class='ocrx_word' id='word_1_907' title='bbox 2899 5611 3073 5666; x_wconf 78' lang='lat' dir='ltr'><strong>nullus</strong></span> <span class='ocrx_word' id='word_1_908' title='bbox 3105 5626 3210 5664; x_wconf 77' lang='lat' dir='ltr'><strong>esse</strong></span> <span class='ocrx_word' id='word_1_909' title='bbox 3237 5613 3440 5679; x_wconf 82' lang='lat' dir='ltr'><strong>poterit.</strong></span> 
     </span>
    </p>
   </div>
  </div>
