4016 6168
495 270 597 325 4‘23

1123 369 1345 424 CAPUT
1390 366 1448 418 \’.

500 472 646 539 Quod
676 476 1034 539 contemptores
1057 459 1376 539 prteseutium
1399 455 1548 539 etiam
1573 455 1652 508 hic
1673 451 2071 522 contemplativa

955 527 1066 587 vitae
1100 529 1352 584 beatitudo
1381 527 1610 580 delectet.

573 635 621 687 ll.
663 630 760 686 Cui
812 624 1048 682 felicitati
1099 617 1469 690 promcrenda:
1521 616 1612 671 ille
1663 613 1940 683 suspirat,
1984 615 2075 680 qui

501 721 849 794 pra'sentibus
876 714 1122 770 omnibus
1167 711 1461 765 futurorum
1500 705 1953 774 contemplatione
1992 720 2085 760 re-

501 813 708 868 nuntiat
741 850 757 876 ,
807 819 966 877 atque
1014 821 1044 860 a
1091 802 1398 858 domesticis
1446 796 1918 866 occupationibus,
1960 809 2079 864 qua:

503 915 878 968 nonnunquam
928 894 1164 966 perfecte
1211 897 1390 946 vivere
1419 887 1750 957 cupientium
1799 899 2080 956 processus

503 995 820 1064 impediunt,
853 992 906 1043 in
935 989 1079 1043 illam
1120 986 1312 1040 divinae
1339 982 1726 1038 sublimitatem
1755 976 2081 1044 contempla-

502 1088 662 1141 tionis
702 1091 948 1145 evectus,
982 1081 1127 1147 ipsos
1163 1077 1320 1131 etiam
1354 1091 1463 1128 sua}
1509 1072 1685 1126 carnis
1725 1069 1946 1122 affectus
1983 1082 2083 1120 ex-

504 1190 755 1249 Snpctat;
801 1187 824 1214 ⁸
881 1184 934 1230 et
981 1173 1113 1226 infra
1169 1186 1226 1224 se
1275 1169 1522 1222 universa
1574 1163 1914 1232 despiciens,
1965 1174 2083 1228 qua!

507 1276 818 1344 plerumque
857 1269 1060 1320 animas
1096 1260 1486 1334 deprimet-ita:
1523 1258 1646 1308 vitte
1685 1254 1967 1306 sanctitate
1999 1264 2084 1301 se-

505 1380 659 1420 curas
693 1364 744 1416 in
778 1371 986 1414 terrena
1019 1356 1305 1424 dcjicinnt,
1340 1350 1364 1387 ι)
1403 1350 1530 1417 ipsis
1571 1346 1734 1400 etiam
1775 1341 2084 1397 caelestibus

507 1454 919 1525 appropinquat,
957 1459 978 1486 ο
1007 1457 1153 1501 tanto
1177 1433 1372 1498 divinis
1403 1440 1626 1494 vicinior
1668 1438 1855 1497 factus,
1887 1441 2086 1503 quanto

509 1563 668 1616 supra
710 1545 941 1597 humana
983 1538 1162 1592 omnia
1199 1535 1377 1589 studio
1423 1529 1764 1600 perfectionis
1809 1524 2084 1586 ascendit;

510 1615 689 1694 certus
732 1633 872 1704 quod
912 1633 953 1686 si
1001 1625 1474 1695 contemplativam
1526 1621 1686 1674 vitam
1734 1618 1821 1672 hic
1872 1615 2088 1670 incertis

511 1727 826 1788 honoribus,
856 1721 1055 1776 divitiis
1082 1717 1275 1780 anxiis,
1318 1724 1374 1770 et
1401 1713 1616 1768 caducis
1638 1707 2087 1765 delectationibus

511 1818 667 1887 plena
700 1815 972 1870 voluntate
1013 1807 1337 1878 praetulerit;
1381 1819 1535 1856 veros
1568 1802 1800 1854 honores
1821 1838 1837 1864 ,
1869 1810 2085 1850 securas

511 1908 744 1970 divitias,
782 1915 836 1959 et
863 1901 1250 1957 delectationes
1281 1905 1510 1950 :eternas
1537 1890 1561 1928 ἀ
1588 1889 1841 1952 inveniat,
1875 1901 1993 1940 curn
2021 1883 2088 1938 ad

517 1998 902 2068 perfectionem
951 1987 1377 2056 contemplativa:
1407 1983 1661 2046 virtutis,
1707 1981 1758 2032 in
1808 1978 1894 2031 illa
1935 1977 2087 2029 beata

512 2092 651 2155 vita,
685 2088 771 2142 ubi
812 2089 985 2140 futura
1015 2091 1137 2147 est,
1169 2080 1279 2134 Deo
1313 2084 1723 2137 remunerante,
1764 2066 2086 2138 pervenerit.

515 2183 584 2237 Et
619 2194 804 2234 revera
831 2176 956 2246 quid
987 2175 1088 2228 erit
1120 2169 1430 2226 honoratius
1456 2182 1541 2227 eo,
1575 2178 1730 2232 quem
1770 2161 1949 2214 divina
1983 2159 2094 2212 cle-

515 2272 712 2329 mentia
741 2269 992 2339 angelica-
1017 2263 1288 2335 dignitatis
1315 2260 1615 2328 aequalitate
1646 2251 1918 2308 beaverit?
1955 2249 2093 2318 Quid

517 2365 679 2418 ditius
719 2377 782 2416 eo
823 2374 981 2428 quem
1025 2353 1175 2423 regni
1216 2352 1449 2406 cwlestis
1488 2345 1824 2402 ineffabiliter
1869 2342 2096 2397 afﬂuens

519 2452 788 2508 beatitudo
815 2447 1096 2504 ditaverit?
1135 2448 1236 2502 Aut
1266 2441 1392 2511 quid
1424 2442 1582 2494 etiam
1616 2440 1700 2491 hic
1729 2434 2098 2490 delectabilius

520 2542 970 2610 contemplatione
1015 2539 1229 2601 divina,
1279 2549 1396 2602 qua:
1437 2532 1534 2585 sibi
1564 2529 1824 2584 veraciter
1873 2525 2098 2579 inhianti

522 2633 982 2702 incorruptibilem
1043 2631 1360 2685 suavitatem
1411 2627 1601 2680 futura:
1656 2618 2100 2677 remunerationis

523 2725 790 2782 infundit?
821 2723 1081 2788 Quoniam
1130 2719 1344 2788 quidem
1404 2715 1813 2784 contemplativa
1859 2715 1966 2766 vita
2015 2710 2102 2764 hic

522 2833 734 2888 qunque
761 2826 1028 2869 amatores
1073 2827 1200 2868 suos
1232 2812 1528 2865 futurorum
1560 2809 1818 2862 bonorum
1849 2803 2102 2858 conside-

523 2910 729 2964 ratione
776 2909 1008 2962 deleCtat
1031 2945 1049 2974 ,
1093 2918 1156 2959 ac
1184 2903 1284 2958 sibi
1315 2911 1424 2956 tota
1457 2901 1649 2955 lltetllis
1689 2898 1986 2952 intentione
2013 2909 2103 2948 va-

523 3013 706 3057 eai.tes
733 3041 748 3068 ,
799 3007 1055 3068 quantum
1102 2997 1155 3050 in
1189 2994 1285 3048 hac
1317 2994 1420 3047 vita
1458 2991 1572 3046 fieri
1606 2998 1774 3057 putest
1799 3030 1814 3054 ,
1845 2987 1985 3042 dono
2014 3001 2104 3041 sa-

525 3094 740 3164 pientia:
787 3089 1082 3161 spiritualis
1137 3088 1444 3150 illuminat;
1503 3093 1558 3138 et
1605 3084 1670 3137 ad
1721 3084 1862 3136 illam
1909 3082 2102 3135 divina:
2130 3097 2176 3160 ε

529 3184 913 3254 plenitudinem
963 3183 1222 3245 visionis,
1284 3181 1434 3248 cujus
1481 3192 1630 3246 spem
1677 3174 1868 3230 studiis
1915 3169 2105 3229 intenti

527 3275 835 3330 ctelestibus
877 3283 1107 3343 gerunt,
1156 3273 1423 3326 incentivo
1451 3271 1680 3338 quodam
1726 3268 1892 3336 ipsius
1918 3281 2108 3320 conse-

532 3368 758 3432 quendte
803 3364 1145 3432 perfectionis
1195 3363 1518 3424 inflammat;
1573 3370 1631 3414 ut
1677 3361 1819 3428 quod
1867 3374 2007 3413 nunc
2053 3359 2104 3412 in

530 3459 812 3526 aenigmate
855 3465 1102 3522 cernunt,
1133 3470 1233 3509 nec
1259 3455 1495 3522 perfecte
1523 3453 1866 3518 discernunt,
1898 3461 2024 3507 tunc
2053 3452 2106 3505 in

533 3548 621 3602 illa
653 3546 978 3602 revelatione
1001 3545 1349 3613 Conspiciant.

1143 3655 1366 3710 CAPUT
1407 3655 1496 3709 VI.

538 3748 686 3816 Quod
715 3747 956 3818 perfectio
984 3746 1384 3818 contemplativa:
1411 3745 1525 3798 vita:
1561 3759 1673 3818 qua:
1711 3744 1794 3796 hic
1823 3743 1994 3797 haberi
2019 3761 2111 3814 po-

675 3817 790 3882 test,
817 3817 1112 3887 perfectioni
1141 3817 1326 3886 futura:
1352 3817 1636 3883 contpamri
1663 3831 1762 3868 non
1791 3818 1970 3884 possit.

609 3914 662 3966 1.
701 3913 1036 3979 Quapropter
1066 3923 1169 3964 non
1213 3909 1288 3963 sic
1330 3907 1758 3976 contemplativa
1789 3910 1910 3959 vita:
1948 3905 2112 3960 subli-

537 4008 776 4061 mitatem
807 4005 860 4057 in
890 4002 1087 4068 futuro,
1111 4000 1198 4054 ubi
1225 3999 1480 4068 perfectio
1507 3998 1825 4068 perficienda
1853 4005 1956 4059 est,
1986 4011 2115 4065 prte-

539 4099 711 4155 dieavi
736 4138 753 4165 ,
780 4105 838 4150 ut
865 4097 918 4150 in
950 4093 1200 4165 prtesenti
1241 4108 1358 4146 eam
1391 4106 1638 4161 negarem
1665 4105 1824 4159 posse
1851 4090 1919 4144 ab
1945 4091 2116 4144 omni-

541 4193 640 4248 bus
684 4188 868 4244 mundi
912 4186 1370 4255 contemptoribus
1408 4183 1732 4254 apprehendi
1759 4201 1771 4236 :
1795 4183 1838 4236 si
1869 4183 2027 4238 modo
2055 4197 2116 4236 se

542 4283 608 4336 ad
639 4296 756 4335 eam
786 4289 895 4333 tota
920 4278 1206 4333 devotione
1248 4284 1593 4339 convertant;
1634 4276 1676 4329 si
1707 4274 1972 4329 desiderio
2000 4275 2115 4343 ejus

545 4372 755 4426 accensi
783 4411 797 4434 ,
841 4369 1121 4438 prmsentia
1150 4367 1510 4420 blandimenta
1540 4365 1842 4429 fastidiant,
1875 4375 1930 4420 et
1959 4364 2115 4434 longe

1830 247 2090 303 tumin
2129 244 2403 300 POllEltll
3647 235 3733 289 43,;

2109 375 2156 429 Α
2187 359 2271 412 Ea:
2299 367 2444 428 parte
2473 356 2660 410 scimus
2689 366 2733 408 et
2765 370 2825 408 es
2850 360 2993 422 parte
3021 349 3382 422 prophetatum
3418 344 3477 413 (I
3508 345 3623 400 Cor.
3647 363 3738 404 tut.

2183 449 2276 516 9);
2325 446 2831 514 contemplationem
2879 443 3114 496 divinam
3150 454 3267 508 qua:
3299 438 3349 490 in
3382 437 3479 490 liae
3521 435 3624 488 vita
3654 447 3738 500 est,

2179 541 2255 594 illi
2307 541 2498 593 futura:
2543 537 2789 591 conferre
2838 549 2935 588 nec
2983 547 3262 601 possumus
3288 569 3303 593 ,
3337 543 3436 584 nec
3474 527 3740 591 debemus;

2181 633 2394 700 quando
2421 631 2558 684 idem
2591 628 2864 696 apostolus
2890 626 3143 694 adjungat
3167 632 3218 675 et
3250 622 3422 675 dicat:
3447 619 3572 672 Cum
3601 629 3745 671 autrm

2183 725 2530 793 verteritquod
2568 722 2847 790 perfectum
2878 727 2970 782 est,
3023 715 3040 754 ί
3089 721 3138 768 in
3181 715 3269 767 illa
3302 715 3404 766 vita
3435 712 3742 782 significans,

2181 825 2301 868 tunc
2327 812 2658 869 cvecuabitur
2686 813 2822 880 quod
2866 826 2927 863 ex
2968 819 3114 878 parte
3157 816 3229 860 est
3260 804 3462 875 (llud,
3497 802 3597 870 10)
3626 811 3746 853 :Sac

2183 904 2260 958 sic
2288 903 2429 974 quod
2460 901 2619 955 modo
2649 916 2713 956 ex
2748 909 2899 970 parte
2929 898 3213 960 sentimus,
3242 907 3367 949 tunc
3391 894 3456 946 ad
3486 894 3628 947 illam
3657 896 3746 960 ple-

2185 998 2484 1052 nitudinem
2516 993 2985 1063 contemplationis
3014 989 3209 1044 ditium
3240 987 3483 1059 perducti
3509 988 3620 1056 jam
3651 1001 3750 1055 per-

2186 1092 2321 1144 fecte
2346 1088 2373 1126 h
2399 1088 2722 1142 videbimus.

2256 1185 2309 1236 2.
2352 1181 2463 1236 Nec
2505 1196 2635 1234 sane
2664 1179 2782 1247 quia
2817 1177 2886 1230 ibi
2920 1191 3098 1229 rerum
3147 1175 3386 1227 onmium
3433 1170 3622 1225 notitia
3666 1185 3750 1222 ntn

2187 1291 2283 1347 per
2325 1288 2534 1345 partes,
2566 1272 2660 1327 sed
2701 1270 2858 1324 simul
2887 1279 2939 1322 et
2968 1277 3077 1322 tota
3112 1267 3400 1327 videbtur,
3432 1265 3553 1317 ideo
3583 1261 3752 1315 saltem

2188 1366 2575 1435 qualisrunque
2625 1365 2678 1416 in
2728 1361 2831 1414 hoc
2869 1358 3041 1427 fragili
3093 1371 3318 1426 corpore
3371 1355 3386 1391 ί
3435 1354 3752 1420 desperatur.

2191 1458 2304 1512 Etsi
2341 1458 2482 1511 (nitu
2507 1470 2690 1525 corpus
2716 1452 2852 1522 quod
2875 1451 3240 1518 corrumpitur,
3261 1455 3500 1518 aggravet
3526 1446 3752 1507 animam,

2189 1560 2236 1602 et
2261 1548 2494 1617 deprimit
2527 1555 2728 1599 terrena
2769 1541 3074 1595 inhabitatio
3101 1555 3305 1593 sensum
3339 1537 3502 1590 multa
3547 1536 3756 1606 cegitau-

2191 1647 2292 1691 tem
2333 1637 2508 1708 (Sap.
2540 1651 2619 1700 ιχ,
2651 1636 2716 1687 15
2741 1631 2790 1700 );
2835 1641 3012 1685 tamen
3044 1631 3056 1679 i
3112 1631 3162 1684 in
3192 1637 3445 1698 quantum
3477 1634 3655 1694 potest
3678 1623 3756 1676 hu-

2124 1731 2167 1789 B
2194 1745 2351 1784 mana
2389 1743 2540 1784 mens
2563 1765 2578 1790 ,
2616 1740 2775 1793 quam
2809 1737 2936 1778 suus
2964 1722 3187 1777 Creator
3212 1720 3278 1775 ad
3313 1734 3460 1774 suam
3490 1718 3616 1772 fecit
3645 1717 3760 1770 ima-

2191 1822 2392 1893 ginem,
2419 1819 2632 1874 studeat
2656 1819 2814 1872 etiam
2847 1814 2932 1868 hic
2962 1811 3374 1882 intelligibiliter
3400 1809 3564 1862 Deum
3598 1805 3758 1859 videre

2195 1929 2289 1984 per
2337 1913 2494 1966 fidem
2520 1949 2535 1974 ,
2569 1918 2625 1962 ut
2669 1923 2790 1962 eum
2825 1906 3032 1975 plenius
3064 1903 3278 1969 videat,
3311 1915 3431 1955 cum
3476 1901 3761 1968 pervenerit

2195 2020 2423 2060 munere
2475 2003 2640 2070 ipsius
2676 1997 2982 2052 Conditoris
3025 1995 3104 2049 sui
3136 1995 3200 2047 atl
3248 1991 3502 2062 speciem.
3553 1987 3764 2043 Attende

2195 2109 2354 2165 quam
2387 2093 2408 2130 ¹ί
2440 2092 2619 2147 divine
2651 2095 2870 2142 sanctus
2898 2085 3186 2154 Apostolus
3231 2080 3464 2150 speciem
3513 2077 3764 2143 fidemque

2197 2186 2466 2250 distinxit,
2497 2192 2558 2236 ut
2585 2181 2790 2236 diceret
2815 2195 2828 2230 :
2857 2176 2957 2229 Per
2987 2174 3141 2244 [idem
3168 2170 3522 2234 ambulamus,
3567 2183 3666 2221 non
3691 2180 3765 2235 per

2199 2279 2414 2348 speciem
2445 2274 2542 2347 (Η
2586 2272 2708 2327 Cor.
2753 2287 2805 2338 v,
2834 2270 2863 2322 7
2891 2268 2934 2337 ).
2961 2265 2980 2304 1
3025 2265 3183 2319 Fides
3227 2276 3356 2331 ergo
3397 2269 3478 2314 est
3506 2273 3600 2328 per
3626 2269 3766 2326 quam

2201 2367 2523 2429 ambulatur,
2573 2372 2628 2417 et
2671 2359 2878 2430 species
2928 2369 3049 2426 qua:
3091 2353 3304 2408 videtur
3357 2368 3371 2404 :
3413 2349 3537 2419 quia
3583 2349 3638 2400 in
3685 2348 3770 2396 hac

2203 2461 2315 2513 vita
2340 2499 2353 2522 ,
2385 2456 2474 2509 ubi
2517 2469 2612 2523 per
2653 2452 2811 2505 fidem
2843 2449 2984 2503 bene
3007 2445 3236 2501 vivendo
3262 2441 3593 2512 proficimus,
3619 2438 3769 2491 bono-

2204 2565 2322 2604 rum
2371 2560 2594 2616 Operum
2645 2539 3039 2612 quodammodo
3099 2536 3342 2607 passibus
3399 2531 3769 2592 ambulamus,

2205 2644 2258 2697 in
2289 2652 2325 2678 π’
2353 2639 2528 2694 futura
2553 2646 2730 2689 autem
2766 2630 3144 2702 pervenientes
3171 2628 3234 2680 ad
3266 2626 3519 2692 Speciem,
3543 2624 3652 2689 jam
3682 2633 3771 2671 non

2207 2735 2313 2790 erit
2341 2747 2448 2802 quo
2477 2729 2622 2785 velut
2652 2722 2980 2796 proficiendo
3023 2720 3244 2775 ulterius
3285 2715 3652 2770 ambulemus:
3692 2709 3774 2762 scd

2207 2831 2377 2898 ipsam
2406 2826 2638 2894 speciem
2675 2823 2740 2876 ad
2783 2835 2944 2889 quam
2977 2833 3072 2887 per
3098 2816 3255 2870 fidem
3298 2809 3649 2883 spiritualiter
3676 2820 3774 2859 am-

2208 2919 2442 2976 bulando
2485 2916 2830 2987 pervenimus
2856 2953 2870 2978 ,
2923 2909 3208 2966 insatiabili
3259 2905 3610 2961 delectatione
3643 2899 3777 2954 vide-

2210 3012 2407 3066 bimus.

2810 3089 3034 3147 CAPUT
3080 3089 3190 3142 \‘ll.

2213 3191 2362 3259 Quod
2389 3189 2548 3243 Deum
2576 3187 2794 3259 perfecte
2817 3183 2979 3259 sancti
3004 3181 3172 3259 videre
3199 3194 3295 3232 non
3320 3173 3651 3256 possiutmisi
3677 3187 3780 3225 cum

2413 3260 2478 3312 ad
2507 3246 2870 3311 beatitudinem
2897 3255 3079 3322 futurae
3107 3252 3224 3304 vita:
3251 3246 3583 3318 pervenerint.

2285 3373 2339 3428 1.
2377 3369 2636 3438 Quocirca
2667 3367 2744 3421 sic
2779 3363 3027 3419 hortandi
3061 3370 3189 3416 sunt
3225 3362 3290 3413 ad
3329 3354 3780 3422 conlemplativam

2209 3465 2398 3531 vitam,
2421 3461 2722 3530 quicunque
2749 3456 2908 3526 plene
2935 3451 3227 3516 voluerint,
3247 3458 3302 3505 et
3325 3449 3433 3503 Deo
3455 3455 3481 3482 ιι
3504 3443 3782 3499 auxiliante

2212 3559 2504 3630 potuerint,
2539 3563 2596 3606 nt
2626 3550 2969 3607 meminerint
2997 3547 3099 3602 sibi
3129 3545 3298 3615 ipsius
3325 3536 3783 3608 contemplationis

2211 3629 2405 3706 divina:
2456 3644 2844 3715 perfectionem
2872 3680 2888 3705 ,
2933 3639 2985 3693 in
3015 3637 3110 3692 illa
3139 3637 3292 3692 beata
3323 3634 3427 3688 vita
3458 3647 3573 3700 qua:
3619 3629 3782 3682 futura

2213 3749 2298 3796 est
2321 3782 2337 3807 ,
2369 3735 2666 3799 reservari;
2709 3741 2765 3786 ut
2811 3733 2882 3786 ibi
2911 3730 3079 3783 Deum
3117 3727 3274 3782 sicuti
3303 3732 3426 3789 est,
3459 3722 3690 3792 perfecte
3715 3717 3784 3770 vi-

2213 3827 2499 3892 deant,ubi
2530 3835 2583 3880 et
2605 3825 2705 3894 ipsi
2735 3831 2894 3877 erunt
2915 3821 3035 3875 vita:
3063 3829 3278 3873 acterna:
3301 3831 3365 3871 ac
3390 3814 3536 3884 regni
3564 3808 3786 3867 cmlestis

2214 3921 2595 3976 consecutione
2627 3917 2876 3986 perfecti.
2919 3914 3184 3970 Cmterum
3232 3912 3277 3965 si
3316 3912 3403 3965 hic
3444 3910 3669 3977 perfecte
3698 3918 3786 3973 po-

2216 4013 2407 4067 luisset
2452 4009 2804 4065 substantiam
2839 4007 2928 4061 Dei
2979 4005 3210 4059 humana
3263 4001 3520 4070 fragilitas
3560 4009 3786 4053 contem.

2217 4104 2347 4171 plari
2371 4141 2385 4167 ,
2438 4114 2708 4168 nunquam
2741 4106 2956 4151 sanctus
2981 4094 3312 4162 evangelista
3341 4091 3562 4144 dixisset
3589 4107 3603 4143 :
3633 4086 3788 4140 Deum

2215 4209 2362 4248 nemo
2390 4193 2513 4244 vidit
2543 4205 2786 4261 unquam.
2814 4189 2926 4244 Non
2954 4187 3108 4253 dixit,
3127 4186 3293 4240 Nemo
3314 4183 3534 4239 videbit.
3561 4180 3789 4246 Denique

2217 4295 2276 4341 ut
2314 4284 2592 4340 evidenter
2639 4281 2948 4336 ostenderet
2992 4280 3251 4333 visionem
3283 4277 3380 4332 Dei
3409 4291 3515 4331 non
3559 4263 3790 4342 negatam

2219 4393 2339 4434 esse
2368 4378 2571 4432 sanctis
2601 4375 2922 4439 hominibus,
2956 4373 3048 4428 sed
3079 4372 3320 4435 dilatam,
3355 4380 3378 4406 ο
3411 4368 3552 4439 quod
3577 4369 3626 4422 in
3651 4377 3784 4434 prte-

546 4464 794 4516 fortiores
824 4459 996 4514 effecti
1020 4499 1034 4522 ,
1085 4472 1242 4525 quam
1273 4466 1330 4510 ut
1357 4473 1450 4512 eos
1482 4465 1708 4511 terrenae
1744 4458 2100 4524 occupatione:

2221 4470 2359 4524 senti
2407 4480 2646 4536 tempore
2693 4467 2926 4536 negavit,
2972 4465 3026 4517 in
3074 4463 3252 4516 futuro
3293 4460 3536 4530 promisit
3580 4458 3788 4512 dicens:

546 4553 871 4620 illaqueent,
921 4548 1117 4602 divinis
1143 4548 1305 4600 rebus
1352 4563 1413 4600 ac
1456 4548 1647 4602 futuris
1679 4547 2116 4615 promissionibus

546 4639 951 4697 considerandis
977 4637 1288 4691 inhazreant.
1312 4637 1416 4692 Sed
1444 4639 1486 4692 si
1515 4648 1537 4674 θ
1561 4637 1963 4692 consideramus
1992 4654 2118 4708 apo-

547 4733 668 4786 stoli
701 4730 850 4786 Pauli
880 4741 1182 4782 sermonem
1203 4767 1218 4790 ,
1247 4741 1350 4795 quo
1381 4727 1517 4780 inter
1546 4742 1661 4781 eam
1695 4729 1970 4782 scientiam
2003 4745 2121 4798 qua:

551 4823 633 4877 hic
662 4831 763 4888 est,
797 4830 852 4875 et
878 4834 993 4874 eam
1023 4833 1144 4887 qua:
1172 4819 1242 4871 ibi
1274 4817 1446 4871 futura
1476 4827 1579 4886 est,
1612 4818 1988 4874 discriminatis
2013 4820 2116 4873 ait:

581 5033 594 5072 Ι
629 5023 639 5033 _
669 4951 759 5088 Srio
787 4962 916 5002 mss.
947 4954 1152 5015 septem
1181 4961 1300 5000 cum
1332 4945 1459 5000 edit.
1493 4945 1661 5016 Lugd.
1687 4949 1818 5005 Aliae
1846 4952 2123 5019 edit.,Qui

623 5039 675 5074 m
706 5038 760 5071 ra
782 5035 856 5073 88.

551 5035 594 5077 et
623 5035 760 5077 mira
782 5035 856 5073 se.

608 5092 648 5174 ,δ
673 5087 770 5145 Ms.
803 5089 935 5158 Reg.
983 5100 1120 5141 unus
1145 5126 1160 5152 ,
1208 5087 1312 5156 ipse
1343 5089 1477 5158 jam.
1527 5087 1623 5141 Ms.
1669 5089 1800 5158 Reg.
1829 5092 1986 5157 alter,
2016 5094 2124 5161 ipse

554 5177 723 5218 etiam.

627 5243 649 5270 ε
677 5233 800 5283 Mss.
835 5238 966 5292 tres,
995 5235 1190 5279 tantum
1219 5227 1761 5294 divinis....qunutmn.

623 5300 650 5338 ἀ
673 5302 799 5353 Mss.
829 5299 959 5362 duo,
989 5297 1226 5352 inveniet.

629 5382 651 5409 ε
681 5371 804 5423 Mss.
837 5379 1060 5436 septem,
1094 5366 1489 5420 consideremus.

632 5440 650 5478 ί
676 5441 772 5494 Ms.
803 5438 960 5493 Colb.
987 5451 1145 5500 unus,
1176 5437 1318 5490 illam
1341 5439 1512 5491 vitam.

626 5522 653 5558 tt
679 5512 803 5568 Mss.
833 5508 939 5562 duo
966 5518 1020 5562 et
1049 5505 1149 5581 Ed.
1177 5507 1392 5576 Colum,
1425 5513 1492 5563 Ac
1511 5512 1554 5564 si
1580 5513 1973 5581 quodammodo.

631 5580 654 5617 ι·
684 5583 780 5635 Ms.
810 5593 966 5642 unus,
998 5578 1286 5631 sentiemus.

637 5653 650 5689 ί
677 5655 766 5706 b‘tc
794 5665 920 5706 mss.
950 5662 1157 5706 omnes.
1187 5653 1252 5702 At
1279 5649 1431 5714 edit.,
1465 5652 1770 5722 desperclttr.

2224 4557 2368 4610 Beati
2409 4556 2598 4609 mundo
2625 4554 2795 4617 corde,
2825 4553 3066 4618 quoniam
3095 4551 3198 4618 ipsi
3227 4548 3390 4601 Deum
3419 4547 3667 4600 videbunt.
3691 4541 3788 4594 Ne-

2227 4664 2329 4719 que
2357 4649 2442 4703 hic
2471 4649 2643 4716 dixit,
2687 4645 2947 4713 Quoniam
2986 4643 3088 4712 ipsi
3121 4643 3284 4696 Deum
3314 4640 3517 4694 vident.
3571 4638 3720 4708 Igitur
3745 4635 3790 4687 si

2233 4741 2411 4804 Deus,
2458 4740 2548 4809 qui
2604 4739 2655 4792 in
2703 4737 2799 4789 hac
2828 4737 2930 4788 vita
2982 4733 3100 4787 sine
3145 4731 3370 4800 alicujus
3416 4727 3656 4785 elementi
3702 4738 3790 4776 as—

2230 4833 2534 4901 sumptione
2554 4873 2568 4894 ,
2603 4846 2699 4885 nec
2733 4827 2900 4897 potuit
2929 4826 3128 4890 videri,
3180 4839 3278 4877 nec
3309 4831 3514 4892 potest,
3550 4823 3599 4874 in
3629 4820 3794 4873 futura

2306 4960 2319 5007 ἱ
2355 4959 2450 5011 Ms.
2484 4958 2610 5025 Reg.
2641 4971 2798 5019 unus,
2831 4957 2881 5007 in
2912 4965 3157 5025 quantum
3187 4953 3333 5005 valet.

2303 5027 2325 5064 ¹ί
2358 5031 2410 5081 ln
2448 5042 2548 5081 nis.
2569 5024 2685 5078 ittno
2715 5029 2814 5078 alia
2844 5039 3023 5086 manu,
3055 5024 3227 5091 digne.

2310 5098 2324 5134 ¹
2355 5098 2450 5151 Ms.
2482 5112 2636 5160 unus,
2667 5113 2753 5164 per
2774 5111 2924 5165 quant
2955 5083 3169 5146 videtur.
3206 5092 3378 5144 Editio
3412 5091 3600 5158 Lugd,
3643 5083 3796 5137 Fides

2229 5184 2361 5287 ergo,
2377 5185 2465 5234 per
2495 5182 2648 5236 quam
2670 5161 3025 5227 ambulamus,
3057 5172 3106 5216 et
3143 5163 3330 5231 species
3371 5177 3487 5231 qua:
3511 5161 3692 5213 ridetur
3717 5165 3796 5205 tr:-

2231 5253 2326 5287 mm
2366 5255 2395 5287 a
2415 5247 2506 5287 est.

2231 5247 2395 5289 nenda
2415 5247 2506 5290 est.

2303 5316 2342 5342 ιιι
2368 5307 2464 5360 Ms.
2499 5322 2656 5372 unus,
2685 5307 2737 5358 iu
2765 5305 2936 5374 futuro
2967 5310 3155 5374 autem.
3191 5300 3328 5354 Edil.
3360 5300 3530 5370 Lugd.
3554 5313 3665 5353 cum
3691 5304 3793 5346 ms.

2234 5377 2366 5442 Reg.
2400 5392 2527 5440 uno,
2549 5379 2663 5446 jam
2692 5373 2791 5426 non
2822 5373 2912 5426 erit
2943 5373 3097 5446 quod

2275 5439 2450 5526 _5Ms.
2475 5439 2632 5526 unius,
2660 5454 2706 5498 et
2726 5445 2998 5515 adjuuaute
3021 5439 3258 5494 Domino.
3292 5439 3391 5495 Ed.
3423 5439 3606 5510 Lugd,
3639 5447 3793 5507 pm-

2231 5517 2342 5568 nire
2370 5517 2607 5580 potuerit.

2305 5594 2329 5620 ο
2357 5571 2452 5640 liis.
2487 5585 2618 5654 Reg.
2649 5600 2784 5638 unus
2810 5627 2824 5648 ,
2873 5581 3010 5651 quod
3040 5581 3091 5635 in
3116 5583 3352 5652 prrrseati
3377 5581 3589 5652 negavi',
3627 5577 3672 5628 iu
3708 5571 3792 5640 {u-

2235 5667 2349 5710 tuto
2379 5664 2602 5725 tempore
2629 5656 2879 5723 promisit.
