4024 6176
160 322 271 377 125

1227 315 1317 371 DE
1358 313 1517 369 VITA
1557 310 2136 369 CONTEMPLATWA
2174 314 2303 370 Lllt.
2345 314 2385 369 ι.

3339 314 3445 371 «ιὶϐ

171 434 275 487 vita
302 426 567 484 videndus
611 432 696 481 est
738 444 751 478 :
794 425 865 480 ibi
910 433 995 481 est
1036 425 1506 495 contemplationis
1551 424 1751 479 divinae
1781 426 1829 485 Α
1859 425 1937 479 sui
1977 434 2241 495 proponat
2279 434 2335 481 et
2362 426 2573 496 diligat;
2617 439 2715 481 nec
2760 432 2962 481 metuat
3001 423 3204 495 aliquid
3244 433 3445 496 tempo-

170 519 434 605 speranda
484 517 777 589 perfectio,
807 516 896 570 ιιιή
943 516 1047 571 erit
1074 517 1339 571 bonorum
1369 514 1606 569 omnium
1641 513 1756 583 ple-

174 613 381 668 uitudo.

761 698 988 755 CAPUT
1025 698 1162 754 Vill.

176 815 306 880 ante
327 822 379 868 et
403 820 593 882 quanta
620 813 686 867 sit
715 813 764 865 in
788 812 885 864 hac
914 828 1066 865 carne
1090 813 1204 865 vita:
1225 812 1626 881 contemplativa:
1652 828 1767 882 per-

246 888 421 955 fectio,
441 886 518 937 vel
547 884 765 953 qualiter
788 884 833 937 ei
856 883 1180 952 perfruendaz
1200 886 1372 936 mundi
1396 893 1766 952 contemptores

244 956 553 1009 inhwreant.

250 1067 487 1122 Proinde
519 1067 645 1119 vita:
684 1063 1113 1133 contemplativa!
1152 1070 1387 1117 sectator
1419 1070 1442 1098 τι
1472 1061 1538 1115 ad
1569 1059 1767 1115 Condi-

177 1170 354 1213 torem
396 1171 551 1211 suum
596 1155 758 1210 corde
799 1153 1179 1208 illuminaudus
1220 1152 1463 1216 accedat,
1499 1152 1596 1219 ipsi
1643 1166 1772 1205 con-

178 1250 491 1319 tetnplando
520 1258 680 1317 atque
710 1247 735 1284 δ
767 1246 1162 1317 infatigabiliter
1192 1244 1514 1313 perfrueudo
1543 1242 1770 1311 vigilan-

180 1355 263 1398 ter
294 1342 572 1407 inserviat,
618 1340 792 1407 ipsum
818 1338 1017 1409 jugiter
1046 1339 1407 1407 concupiscat,
1440 1352 1548 1405 pra:
1588 1349 1772 1389 amore

179 1434 302 1502 ejus
352 1432 530 1486 omnia
574 1431 769 1497 quibus
818 1431 941 1485 inde
987 1438 1163 1500 potest
1204 1429 1399 1492 averti,
1453 1438 1475 1466 ο
1524 1425 1772 1495 refugiat,

180 1538 375 1577 omnes
418 1522 772 1591 cegitatiunes
813 1535 966 1580 suas,
1009 1535 1073 1575 ac
1112 1530 1273 1574 totam
1323 1534 1474 1589 spem
1518 1534 1583 1571 ex
1632 1518 1776 1572 illius

183 1615 541 1668 delectatione
590 1612 702 1685 lat:
730 1609 1046 1681 dilectione]
1111 1610 1432 1680 suspendat,
1482 1610 1774 1665 litterarum

182 1706 490 1762 divinarum
523 1704 691 1758 sacris
720 1703 1156 1757 meditationibus
1200 1710 1372 1766 vacet,
1406 1704 1459 1756 in
1491 1702 1573 1756 his
1601 1716 1659 1756 se
1688 1700 1772 1755 di-

1864 516 1999 580 rale,
2029 532 2129 571 nec
2156 516 2365 587 cupiat;
2408 531 2475 572 ne
2507 526 2598 571 aut
2628 526 2803 572 metus
2842 517 3149 573 amittendae
3187 516 3265 572 rei
3306 526 3446 572 tem-

1867 608 2086 675 joralis,
2114 617 2205 662 aut
2227 608 2488 678 cupiditas
2510 608 2846 677 acquirendte
2873 608 3220 665 intentionem
3254 612 3450 665 mentis

1867 700 1982 769 ejus
2028 700 2299 767 emolliat;
2352 717 2458 755 non
2500 717 2624 755 eum
2674 702 2865 756 blanda
2917 715 3298 774 corrumpant,
3348 720 3449 760 nec

1869 791 2096 845 adversa
2139 792 2476 853 concutiant;
2522 808 2627 845 non
2672 793 2818 847 inflet
2844 793 3026 860 Opinio
3067 796 3322 861 secunda,
3352 812 3450 851 nec

1870 882 2084 934 sinistra
2118 882 2354 951 dejieiat,
2384 898 2483 938 nec
2515 883 2645 936 falsa
2677 885 2995 951 vituperatio
3038 886 3152 941 sive
3191 887 3447 954 laudatio,

1871 984 2057 1043 augeat
2086 985 2113 1022 ρ
2156 975 2345 1043 gaudia
2390 975 2526 1043 ejus,
2569 986 2660 1029 aut
2704 976 2935 1041 minuat;
2977 992 3083 1031 non
3122 980 3348 1048 gaudeat
3386 981 3454 1034 de

1874 1066 2255 1135 temporalibus
2280 1067 2518 1131 omnino,
2554 1083 2650 1122 nec
2680 1068 2871 1138 lugeat.
2911 1070 3052 1124 Inter
3081 1071 3200 1125 lreta
3227 1072 3455 1127 invictus

1875 1170 1937 1209 ae
1964 1157 2164 1220 tristia;
2209 1171 2369 1209 unam
2401 1156 2587 1210 faciem
2615 1167 2643 1207 ει
2668 1158 2828 1212 animi
2862 1161 3152 1214 constantis
3195 1162 3455 1228 obtineat,

1876 1260 1976 1301 nec
2003 1257 2023 1284 ι’
2048 1246 2249 1316 pectori
2271 1247 2385 1316 ejus
2406 1247 2652 1302 stabilem
2682 1249 3009 1319 firmitatem,
3040 1252 3295 1322 quidquid
3327 1270 3454 1322 pro-

1876 1340 2038 1393 mittit
2068 1338 2295 1393 mundus
2320 1350 2413 1393 aut
2442 1340 2693 1404 minatur,
2726 1341 2991 1405 excutiat;
3022 1342 3115 1396 sed
3146 1344 3283 1398 idem
3314 1359 3455 1398 sem-

1878 1446 1973 1501 per
1998 1446 2062 1486 ae
2086 1432 2186 1484 sibi
2215 1431 2406 1485 similis
2444 1446 2812 1500 perseverans,
2839 1433 3022 1486 mundi
3068 1434 3223 1501 hujus
3266 1436 3462 1490 damna

1879 1531 1899 1557 ⁸
1919 1524 2077 1577 simul
2094 1530 2147 1577 et
2168 1524 2312 1578 lucra
2333 1538 2435 1577 non
2462 1524 2676 1577 sentiat.
2707 1523 2772 1576 Et
2798 1538 2916 1577 cum
2946 1523 3061 1578 lucc
3080 1533 3137 1578 et
3161 1524 3244 1578 bis
3268 1527 3462 1581 similia

1877 1616 2303 1685 eontemplativae
2359 1616 2481 1670 vitae
2531 1615 2801 1669 desiderio
2860 1616 3077 1669 allectus
3139 1616 3458 1685 impleverit,

1878 1725 1984 1765 non
2014 1724 2073 1763 se
2102 1709 2186 1764 hic
2209 1709 2319 1777 jam
2351 1725 2415 1762 ex
2447 1708 2591 1762 omni
2629 1717 2780 1778 parte
2827 1707 3137 1777 perfectum,
3166 1714 3258 1763 sed
3306 1709 3465 1779 perfi-

3462 904 3483 1023 l,

176 1799 383 1855 vinitus
424 1796 751 1851 illumimtus
791 1795 1043 1860 oblectet,
1078 1794 1149 1849 ibi
1200 1807 1260 1849 se
1308 1803 1477 1849 tetum
1526 1793 1670 1849 velut
1718 1794 1769 1847 in
1804 1796 1851 1856 Β
1876 1799 2123 1855 ciendum
2153 1800 2203 1853 iu
2235 1798 2321 1852 illa
2352 1798 2509 1852 beata
2535 1800 2660 1865 vita,
2692 1813 2810 1868 qua;
2846 1798 3018 1852 [mura
3054 1807 3166 1863 est,
3210 1797 3464 1853 ίαηηυω-

184 1890 413 1960 speculo
444 1888 672 1958 quodam
701 1886 727 1923 ά
756 1887 1053 1957 refulgente
1081 1886 1388 1943 consideret
1418 1904 1431 1939 :
1464 1886 1607 1956 quod
1637 1889 1689 1940 in
1720 1900 1779 1940 se

183 1996 415 2051 pravum
459 1978 876 2048 deprehenderit
922 1978 1175 2048 corrigat,
1207 1988 1229 2015 °
1258 1978 1399 2047 quod
1447 1988 1651 2033 rectum
1699 1986 1783 2032 est

185 2082 398 2137 teneat,
446 2072 586 2141 quod
626 2071 869 2126 deforme
914 2083 1221 2141 componat,
1258 2070 1276 2109 ι
1309 2070 1451 2139 quod
1499 2070 1780 2140 pulchrum

185 2165 430 2231 excolat,
459 2164 599 2233 quod
628 2178 815 2219 sanum
843 2172 1041 2230 servet,
1080 2164 1223 2233 quod
1258 2164 1526 2218 infirmum
1566 2163 1782 2218 assidua

188 2259 431 2312 lectione
458 2257 807 2319 corroboret;
840 2255 1051 2309 Domini
1081 2255 1163 2309 sui
1194 2264 1457 2325 prmcepta
1490 2254 1786 2326 infatigabi-

187 2350 307 2405 liter
340 2350 508 2419 legat,
535 2358 559 2395 8
583 2347 983 2416 inexplebiliter
1006 2346 1211 2418 diligat,
1236 2348 1525 2402 efficaciter
1544 2348 1783 2418 impleat,

189 2440 405 2511 etquid
448 2440 545 2494 sibi
575 2438 873 2493 cavendum
912 2438 1108 2507 quidve
1135 2438 1449 2492 sectandum
1474 2438 1565 2505 sit,
1597 2454 1664 2492 ex
1709 2440 1786 2493 eis

188 2530 529 2586 sufficienter
558 2529 849 2582 instructus
876 2536 1153 2597 agnoscat,
1175 2528 1446 2597 mysteriis
1475 2526 1785 2582 earumdem

190 2623 502 2677 divinarum
577 2619 978 2689 Scripturarum
1056 2618 1460 2688 perscrutandis
1542 2618 1785 2684 insistat,

191 2715 473 2771 Christum
497 2710 527 2750 δ
549 2714 621 2769 ibi
644 2713 968 2782 promissum
989 2712 1142 2783 legat
1170 2711 1349 2779 (Joan.
1369 2727 1413 2779 ει,
1438 2712 1556 2779 45),
1586 2726 1788 2781 τερη-

191 2817 470 2864 sentatum
524 2807 735 2871 videat,
787 2805 1158 2875 prophetatam
1206 2806 1559 2876 perditionem
1607 2803 1791 2875 populi

191 2899 534 2955 contumacis
578 2898 864 2966 intelligat,
917 2895 932 2933 ί
980 2896 1192 2967 impleri
1238 2896 1453 2965 lugeat,
1508 2894 1576 2950 de
1622 2894 1792 2951 salute

193 2993 441 3062 gentium
472 2990 719 3059 gaudeat,
755 2989 769 3039 i
809 3005 874 3044 ex
903 2989 1189 3058 praeteritis
1230 3004 1349 3059 quae
1386 2987 1637 3058 praedicta
1667 2997 1793 3043 sunt

194 3091 247 3139 et
284 3082 515 3153 impleta
554 3090 751 3146 teneat,
790 3080 981 3136 futuris
1012 3080 1452 3150 promissionibus
1489 3078 1693 3145 credat,
1723 3079 1792 3134 ab

1882 1891 2003 1946 liter
2027 1892 2235 1956 credat;
2268 1900 2428 1957 atque
2464 1892 2479 1926 ι
2510 1889 2576 1945 ad
2606 1905 2725 1945 eam
2753 1905 2833 1956 se,
2868 1891 2957 1945 ubi
2988 1891 3085 1946 Dei
3113 1892 3466 1948 substantiam

1880 1982 2117 2038 revelata
2144 1980 2275 2035 facie
2304 1980 2486 2035 videre
2515 1981 2699 2048 possit,
2725 1980 2999 2035 extendat.

2495 2091 2723 2147 CAPUT
2764 2091 2853 2146 IX.

1886 2186 2037 2255 Quod
2068 2196 2262 2239 tantum
2300 2185 2505 2239 interest
2533 2184 2664 2239 inter
2692 2187 3048 2255 perfectionem
3078 2187 3195 2241 rita:
3234 2186 3383 2241 istius
3422 2193 3472 2241 et

1957 2261 2162 2329 futttrte,
2196 2266 2446 2329 quantum
2472 2256 2673 2309 interest
2703 2256 2834 2309 inter
2862 2257 3114 2325 perfectos
3143 2257 3230 2327 qui
3259 2273 3470 2329 peccare

1958 2326 2160 2394 nolunt,
2183 2338 2231 2381 et
2252 2342 2336 2380 eos
2361 2326 2446 2396 qui
2464 2329 2578 2397 jam
2603 2342 2812 2397 peccare
2836 2342 2936 2379 non
2958 2326 3187 2397 possunt.

1962 2443 2013 2496 1.
2057 2442 2189 2497 Nam
2232 2442 2371 2497 sicut
2399 2441 2487 2496 hic
2518 2450 2545 2478 ιι
2568 2442 2966 2511 comparatione
3000 2443 3144 2513 juste
3186 2444 3476 2501 viventium

1888 2533 2084 2590 dicitur
2106 2532 2332 2604 quisque
2356 2532 2655 2602 perfectus,
2680 2532 2802 2602 quia
2830 2532 3009 2601 justus
3034 2542 3296 2603 praecepta
3330 2534 3477 2599 facit,

1890 2623 2158 2693 perfectus
2213 2631 2391 2677 autem
2447 2634 2712 2692 praecepta
2772 2625 3100 2679 transcendit
3145 2643 3160 2680 :
3210 2625 3280 2680 ita
3336 2626 3479 2681 idem

1890 2716 2115 2770 collatus
2164 2716 2269 2770 illis
2322 2714 2565 2771 absolute
2614 2716 2883 2785 perfectis,
2934 2718 3023 2787 qui
3073 2718 3124 2772 in
3173 2718 3282 2773 vita
3326 2719 3480 2775 beata

1892 2804 2056 2862 futuri
2083 2814 2228 2872 sunt,
2254 2820 2359 2859 non
2385 2816 2488 2872 est,
2515 2815 2571 2859 ut
2600 2805 2670 2860 ita
2695 2806 2890 2871 dicam,
2918 2807 3152 2876 perfecte
3178 2809 3480 2878 perfectus;

1891 2898 1975 2953 cui
2003 2898 2102 2953 etsi
2131 2897 2348 2951 dimissa
2379 2905 2461 2950 est
2500 2897 2673 2951 omnis
2714 2898 2985 2966 iniquitas,
3031 2914 3136 2953 non
3182 2908 3265 2954 est
3300 2900 3478 2955 adhuc

1892 2997 2098 3055 sanata,
2143 2987 2237 3041 sed
2280 2996 2313 3025 τ
2358 2996 2575 3041 sanatur
2612 2987 2729 3055 ejus
2770 2988 3082 3052 infirmitas;
3122 3000 3176 3045 et
3216 2990 3337 3045 ideo
3384 2990 3483 3049 etsi

1894 3089 2047 3136 1‘non
2095 3087 2297 3148 peccat,
2322 3087 2382 3133 ut
2428 3078 2497 3133 sit
2539 3094 2664 3134 vere
2714 3079 3004 3149 perfectus,
3031 3096 3253 3149 peccare
3305 3093 3484 3139 tamen

195 3175 432 3245 strepitu
473 3172 804 3243 negotiorum
850 3172 1182 3227 saecularium
1216 3170 1249 3209 ιι
1279 3171 1699 3238 remotissimus,
1730 3186 1790 3227 ea
1818 3157 1867 3221 C
1900 3181 2074 3241 potest
2102 3189 2115 3225 :
2147 3170 2269 3239 quia
2302 3184 2407 3224 non
2437 3179 2515 3224 est
2541 3180 2855 3239 consumpta
2885 3173 3027 3226 omni
3062 3172 3369 3229 infirmitate
3398 3190 3487 3231 sa-

201 3261 528 3320 1ferventer
556 3263 853 3332 exe0gitet,
878 3262 1067 3331 quibus
1106 3261 1341 3317 animum
1383 3276 1538 3316 suum
1574 3262 1627 3316 in
1648 3262 1793 3317 desi-

198 3358 415 3412 derium
475 3356 666 3410 futura:
720 3356 1169 3409 remunerationis
1224 3355 1552 3419 inflammet,
1607 3353 1798 3409 studiis

199 3446 605 3518 spiritualibus,
663 3446 859 3515 quibus
916 3448 969 3499 iu
1017 3446 1132 3500 dies
1185 3446 1425 3514 singulos
1482 3445 1673 3500 melior
1734 3460 1798 3499 ac

200 3540 399 3595 melior
433 3538 543 3602 fiat,
588 3538 854 3607 invigilet,
901 3548 1045 3592 amet
1075 3538 1242 3591 otium
1284 3547 1558 3601 sanetum,
1594 3538 1645 3591 in
1691 3551 1798 3607 quo

203 3639 467 3686 exerceat
491 3630 685 3683 anima:
710 3644 821 3683 sua:
846 3630 1141 3697 negotium,
1166 3638 1435 3683 mortuum
1458 3629 1557 3682 sibi
1581 3629 1800 3697 deputet

202 3724 495 3788 mundum,
527 3738 590 3777 ac
617 3737 677 3777 se
704 3721 888 3777 mundi
928 3732 967 3759 ιη
998 3721 1317 3776 blandientis
1357 3722 1621 3776 illecebris
1650 3722 1801 3776 exhi-

203 3817 324 3872 beat
360 3817 713 3881 crucifixum;
745 3814 1083 3870 delectatiOui
1113 3815 1536 3883 spectaculorum
1567 3828 1801 3882 prmsen-

204 3912 332 3965 tium
379 3909 872 3980 incomparabiliter
909 3916 1199 3978 anteponat
1230 3907 1312 3961 sui
1341 3904 1614 3961 Creatoris
1642 3905 1805 3960 intui-

206 4009 339 4068 tum,
404 4017 618 4070 semper
644 4018 704 4057 se
734 4010 761 4037 ιι
792 4002 1107 4071 proficiente
1149 4012 1399 4054 successu
1440 3996 1495 4051 in
1535 3997 1801 4067 fastigium

206 4096 421 4151 divinae
466 4094 933 4165 contemplationis
980 4093 1227 4157 attollat;
1275 4105 1583 4161 nunquam,
1631 4104 1697 4144 ne
1736 4090 1801 4144 ad

206 4196 555 4243 momentum
587 4187 803 4256 quidem
822 4227 837 4251 ,
870 4201 898 4238 a
928 4184 1372 4257 promissionibus
1403 4182 1595 4237 futuris
1623 4180 1805 4236 consi-

208 4278 475 4334 derandis
521 4292 773 4345 aversus,
831 4278 897 4331 ad
945 4287 1153 4330 terrena
1202 4274 1481 4345 reSpiciat;
1533 4288 1599 4329 eo
1639 4273 1808 4328 aciem

214 4352 417 4423 mentis
457 4368 827 4423 indesinenter
858 4366 1115 4433 intendat,
1148 4381 1255 4435 quo
1283 4364 1564 4434 pervenire
1594 4364 1807 4420 deside-

214 4469 331 4525 rat;
376 4458 765 4514 beatitudinem
806 4458 931 4513 vita:
973 4456 1163 4513 futuras
1203 4465 1328 4513 ante
1368 4456 1556 4513 oculos
1586 4465 1612 4492 ο
1646 4456 1811 4511 animi

293 4648 319 4676 ⁸
350 4640 482 4695 Mss.
504 4639 665 4694 Colb.
693 4638 820 4702 duo,
847 4644 902 4690 ut
927 4637 994 4690 ad
1020 4634 1368 4691 Conditorem.

291 4708 323 4747 δ
353 4710 458 4764 Ms.
491 4724 649 4771 unus,
683 4707 1036 4761 insatiabiliter
1063 4707 1393 4776 perfruendo.
1427 4706 1525 4761 Ms.
1552 4706 1708 4772 alter,
1734 4708 1816 4760 in-

225 4782 535 4834 satiabiliter
576 4780 951 4848 consequendo,
980 4777 1056 4831 vel
1097 4778 1284 4831 utendo
1316 4776 1653 4849 perfruendo,
1686 4778 1819 4850 vigi-

225 4854 396 4906 lanter
420 4853 690 4905 inserviat.

298 4932 323 4992 ξ
360 4922 493 4975 Mss.
524 4922 782 4989 quinque,
812 4920 999 4992 fugiat.

296 4988 325 5027 ά
357 4992 463 5045 Ms.
500 4988 1046 5060 unus,irefulgettlem.

297 5072 323 5100 ε
356 5062 461 5115 Ms.
496 5063 710 5124 Camb.,
741 5065 877 5127 quod
906 5072 1097 5114 rectum
1123 5067 1217 5113 est.

300 5131 321 5170 ί
359 5136 499 5186 Mss.
531 5132 640 5185 duo
664 5132 863 5201 lleg.et
888 5132 1235 5199 Camberom,
1262 5128 1396 5194 quod
1425 5127 1694 5196 pulchrum
1722 5146 1829 5186 ser-

222 5213 322 5265 eet,
339 5207 490 5274 quod
512 5218 696 5255 sanum
716 5204 937 5255 excolat.

296 5284 326 5354 ξ
362 5277 514 5354 gis-s1
539 5283 670 5354 tres,
702 5274 1043 5354 implebtliter.
1072 5272 1170 5327 Ms.
1196 5284 1356 5341 unus,
1384 5270 1827 5342 inexplicabiliter.

296 5342 327 5381 ιι
364 5344 564 5411 Editi.,
595 5340 853 5396 Christum
881 5346 1204 5413 promiscuus.

301 5414 320 5453 ί
360 5414 471 5469 Ms.
497 5414 652 5468 Colb.
679 5427 836 5479 unus,
862 5415 1143 5483 impletum.

299 5486 318 5538 ι
359 5487 472 5540 Ms.
510 5486 662 5539 Colb.
692 5501 851 5549 unus,
880 5481 994 5555 qua:
1023 5486 1087 5537 de
1110 5483 1302 5539 Christi
1340 5481 1833 5555 morteprophetata

220 5566 348 5612 sunt
381 5564 439 5609 et
472 5556 685 5623 impleta
706 5552 936 5627 plangat,
960 5558 1147 5624 futuris
1174 5552 1610 5627 promissionibus.

294 5628 331 5668 ι
358 5627 473 5681 Ms.
504 5620 660 5683 Colb.
692 5620 852 5695 unus,
898 5620 1261 5682 rentotissimus
1290 5627 1492 5681 existat.
1541 5623 1714 5694 Alter,
1742 5620 1832 5680 sed

219 5717 284 5755 ea
314 5702 608 5769 ferventer.

301 5773 321 5814 ι
351 5772 473 5828 Ms.
498 5770 653 5826 Colb.
683 5784 840 5832 unus,
873 5766 1178 5837 frequenter.

535 5863 814 5924 Panos.
859 5858 1021 5919 LIX.

1899 3272 2087 3327 natus;
2119 3276 2182 3317 ac
2212 3276 2307 3332 per
2345 3260 2467 3323 hoc.
2501 3259 2589 3315 ubi
2635 3261 2703 3316 ab
2732 3262 2877 3315 omni
2914 3275 3134 3331 peccato
3171 3265 3483 3333 mundatus,

1899 3368 2125 3426 peccare
2150 3368 2258 3407 non
2282 3352 2499 3423 poterit,
2526 3350 2597 3406 ibi
2625 3353 2730 3407 erit
2753 3351 2989 3422 perfecte
3014 3368 3175 3409 sanus
3200 3364 3254 3410 et
3278 3369 3489 3412 summe

1901 3445 2171 3517 perfectus

1970 3540 2025 3593 2.
2070 3537 2167 3593 llic
2203 3545 2382 3593 autem
2418 3536 2749 3606 quantalibet
2785 3537 2906 3608 quis
2939 3531 3258 3595 excellentia
3296 3537 3493 3596 sancti-

1902 3630 2029 3685 tatis
2088 3629 2359 3694 emineat,
2417 3629 2753 3699 quantalihet
2803 3630 3092 3685 eminentia
3145 3630 3493 3701 perfectionis

1901 3720 2160 3786 excellat,
2201 3727 2375 3788 potest
2407 3720 2621 3789 quidem
2656 3720 2767 3776 fieri
2800 3736 2896 3789 pro
2932 3722 3149 3776 modulo
3185 3722 3341 3791 hujus
3370 3724 3491 3777 vitte

1904 3812 2203 3881 perfectus;
2247 3810 2339 3866 sed
2382 3825 2488 3865 non
2519 3820 2602 3865 est
2641 3812 2719 3865 sic
2752 3810 2822 3866 de
2859 3826 2954 3865 sua
2986 3812 3313 3881 perfectione
3342 3828 3494 3868 secu-

1905 3919 2019 3970 rus,
2048 3912 2109 3957 ut
2134 3918 2240 3957 non
2270 3902 2463 3956 debeat
2490 3915 2610 3957 esse
2638 3900 2705 3955 de
2734 3916 2861 3956 casu
2892 3903 3155 3957 sollicitus
3190 3920 3204 3957 :
3235 3912 3288 3957 et
3316 3904 3495 3971 utique

1905 3997 1997 4052 ubi
2034 4005 2116 4052 est
2144 3993 2465 4060 sollicitudo,
2498 4009 2603 4048 non
2636 4002 2720 4049 est
2748 3996 2991 4050 absoluta
3030 3996 3323 4052 beatitudo.
3365 3998 3495 4065 Quae

1909 4102 2242 4158 nequaquam
2296 4086 2527 4156 perfecta
2572 4086 2841 4140 credenda
2899 4098 3011 4151 est,
3060 4089 3105 4142 si
3151 4104 3334 4143 secura
3384 4106 3490 4143 nun

1909 4180 2099 4245 fuerit;
2140 4192 2239 4233 nec
2279 4191 2468 4232 secura
2506 4176 2628 4240 erit,
2670 4177 2772 4232 nisi
2820 4192 3033 4232 omnem
3079 4178 3495 4235 sollicitudinem

1911 4270 2169 4328 securitas
2234 4277 2433 4323 :rterna
2489 4269 2903 4336 censumpserit.
2963 4268 3339 4340 Quapropter,
3407 4274 3498 4341 qui

1912 4366 2164 4422 dicunt":
2206 4362 2258 4416 in
2299 4360 2401 4417 hac
2436 4363 2545 4415 vita
2581 4361 2747 4427 beati,
2780 4376 2876 4431 spe
2917 4361 3263 4417 beatitudinis
3306 4362 3501 4419 futura:

1914 4454 2056 4513 beati
2087 4464 2247 4519 sunt;
2276 4462 2303 4501 δ’
2332 4452 2445 4523 ipsa
2473 4460 2648 4508 autem
2681 4466 2739 4506 re
2770 4468 2876 4507 non
2908 4453 3013 4518 hic,
3063 4454 3155 4509 sed
3184 4455 3236 4510 in
3267 4455 3358 4512 illa
3393 4457 3501 4512 vita

1838 4639 1893 4701 Β
1986 4645 2025 4673 ιη
2055 4634 2155 4689 Ms.
2200 4630 2354 4687 Colb.
2402 4645 2559 4695 unus,
2611 4631 2963 4689 blandimentis
3010 4645 3058 4690 et
3098 4636 3363 4693 illecebris.
3402 4641 3502 4697 Ms.

1927 4706 2201 4769 Camber.,
2227 4702 2588 4774 blandimentis
2614 4702 2980 4774 illecebrisque.

1999 4785 2026 4859 ξι
2053 4776 2141 4859 Sic
2172 4788 2302 4828 mss.
2325 4773 2451 4839 duo,
2478 4788 2598 4827 cum
2628 4775 2756 4830 edit.
2789 4773 2957 4845 Lugd.
2984 4775 3089 4830 Alii
3114 4777 3349 4849 codices,
3377 4798 3503 4852 pro-

1968 4857 2199 4901 cientem.

1999 4864 2013 4899 t
2104 4860 2199 4899 em.

1930 4848 2162 4971 ﬁcoenb‘ls.
2191 4929 2345 4979 unus,
2368 4915 2555 4967 animle
2578 4930 2703 4967 suae.
2730 4915 2829 4971 Ms.
2855 4916 3009 4986 alter,
3033 4919 3211 4973 mentis
3240 4936 3364 4975 star.

2003 4998 2031 5039 P
2058 4988 2155 5041 Ms.
2188 4999 2345 5051 unus,
2375 4986 2622 5057 gaudium
2650 4988 2783 5057 ejus.

2006 5068 2034 5108 (ι
2059 5059 2148 5113 Sic
2177 5071 2308 5111 mss.
2331 5072 2447 5110 sex.
2475 5056 2638 5120 Edtti,
2661 5058 2834 5110 animo
2861 5060 3136 5111 constanti.

2005 5137 2027 5166 τ
2058 5129 2148 5201 _S_ie
2178 5142 2308 5181 mss.
2334 5137 2581 5201 quatuor.
2614 5128 2802 5201 Cameri
2833 5143 2949 5182 cum
2978 5129 3157 5195 editis,
3186 5130 3419 5201 pectoris.

2004 5207 2027 5233 ³
2060 5199 2185 5253 Mss.
2217 5207 2442 5265 septem,
2474 5197 2630 5250 simul
2655 5214 2716 5249 ac
2742 5199 2904 5253 lucra.

2008 5270 2026 5306 ⁸
2062 5270 2133 5323 Ita
2166 5282 2294 5321 mss.
2319 5283 2535 5331 omnes;
2564 5268 2692 5321 editi
2727 5284 2877 5336 vero,
2909 5267 2979 5319 ad
3004 5267 3255 5323 euntdem.

2002 5346 2037 5420 ιζ
2061 5339 2157 5393 Ms.
2190 5351 2348 5403 unus,
2378 5354 2440 5392 ea:
2464 5339 2859 5407 comparatione.
2900 5337 3000 5391 Ms.
3029 5341 3184 5407 alter,
3214 5340 3283 5395 ad
3307 5356 3513 5412 compa-

1933 5422 2205 5463 rationem.

2009 5490 2037 5518 ν
2067 5482 2194 5535 Mss.
2223 5478 2348 5544 duo,
2377 5475 2660 5533 sanabitur.

2014 5558 2043 5587 ι
2072 5551 2198 5604 Mss.
2226 5547 2353 5613 duo,
2382 5548 2427 5599 si
2453 5562 2554 5599 non
2584 5551 2777 5613 peccat.

2010 5630 2039 5669 γ
2061 5621 2159 5673 Ms.
2200 5616 2354 5687 Colb.
2383 5629 2540 5684 unus,
2566 5615 2668 5686 ipsi
2705 5624 2879 5671 autem
2905 5620 3068 5674 sancti
3095 5635 3195 5675 non
3216 5618 3320 5687 hic,
3339 5616 3431 5672 sed
3460 5619 3513 5673 in

1939 5691 2033 5747 illa
2058 5689 2161 5745 vita
2186 5686 2313 5741 beati
2339 5694 2475 5742 sunt.

2942 5851 3014 5907 lle
