4016 6168
563 263 658 315 .m
1868 255 2125 312 JULtANl
2170 258 2444 313 PtmEllll
3680 274 3758 326 tas

519 438 525 444 ί
562 372 701 427 beati
736 370 892 425 futuri
921 377 1046 425 sunt
1078 388 1089 423 :
1124 370 1243 439 quia
1279 368 1347 422 ibi
1390 367 1623 422 omnium
1654 367 1931 422 beatorum
1962 370 2103 423 beati
2164 374 2216 431 Α
2244 372 2465 425 rationis
2509 368 2733 440 imperio
2761 376 3093 441 temperare;
3131 374 3194 428 ad
3227 377 3664 445 contemplativam
3696 401 3764 440 su-

563 465 689 518 tudo
730 465 959 531 perfecta
1001 461 1123 525 erit,
1157 461 1243 515 ubi
1291 460 1519 513 bumana
1563 470 1748 513 natura
1788 462 1870 513 sui
1914 460 2138 529 gloriam

563 554 884 619 Conditoris,
925 562 979 607 et
1019 566 1166 605 suam
1208 549 1441 619 perfecte
1472 548 1772 605 beatificata
1817 550 1993 603 visura
2036 559 2136 615 est,

564 654 720 713 atque
774 644 822 697 ci
883 644 1001 697 sine
1062 642 1172 695 ullo
1225 639 1433 695 defectu
1485 655 1597 695 suae
1649 640 1993 694 beatitudinis
2047 639 2141 695 ad-

566 737 810 790 hiercbit.

1189 800 1412 859 CAPUT
1453 802 1520 857 Χ.

569 897 714 960 Quod
746 895 826 947 hic
859 895 1021 947 sancti
1055 893 1215 947 Deum
1256 895 1305 945 in
1337 904 1599 965 assumpta
1638 902 1873 947 creatura
1902 893 2134 947 viderint.

634 1010 745 1064 Nec
789 1017 1006 1063 moveat
1050 1009 1191 1078 quod
1239 1009 1324 1062 hic
1368 1024 1579 1078 quoque
1631 1024 1661 1063 a
1705 1009 1863 1078 jnstis
1908 1008 2140 1077 antiquis

564 1102 734 1154 visum
769 1102 989 1169 legimus
1019 1101 1183 1154 Deum
1220 1119 1230 1152 :
1262 1101 1383 1169 quia
1426 1116 1529 1155 non
1562 1109 1643 1155 est
1684 1101 1734 1153 in
1766 1100 1863 1153 hac
1894 1099 2140 1153 humilia-

565 1193 708 1246 tiouc
761 1200 940 1245 nostra
996 1192 1073 1246 sic
1119 1192 1299 1256 visos,
1343 1192 1478 1245 sicut
1525 1190 1579 1244 in
1625 1191 1710 1244 illa
1759 1191 2139 1245 eiarificatione

563 1284 824 1338 videndus
850 1295 931 1337 est
970 1300 983 1336 :
1020 1282 1445 1352 quandoquidem
1492 1290 1517 1318 ει
1558 1280 1672 1336 sine
1714 1280 1881 1334 forma
1916 1280 2140 1334 visibilis

563 1386 845 1440 creaturae,
878 1376 929 1429 iu
972 1390 1072 1444 qua
1106 1391 1201 1441 pro
1236 1374 1634 1442 dispensatione
1676 1384 2003 1441 temporum,
2050 1372 2136 1426 ubi

563 1468 748 1529 voluit,
778 1475 832 1521 et
865 1467 1056 1533 quibus
1092 1466 1258 1519 voluit
1295 1465 1453 1534 justis
1499 1465 1759 1532 apparuit,
1807 1478 1905 1516 nec
1949 1461 2138 1530 potuit,

564 1574 662 1613 nec
720 1565 890 1626 potest
935 1555 1135 1619 videri;
1182 1557 1272 1609 sed
1327 1554 1518 1623 poterit
1574 1569 1693 1605 cttm
1739 1552 1802 1604 ad
1852 1567 2137 1619 supernam

561 1652 784 1719 patriam
831 1648 1185 1719 peregrinatio
1232 1656 1412 1701 nostra
1453 1645 1786 1716 pervenerit,
1827 1654 1879 1698 et
1918 1643 2139 1697 mortale

2243 478 2335 532 pra
2390 463 2616 516 humana
2666 474 2687 502 ε
2735 462 3002 519 desiderio
3044 465 3384 533 perfectionis
3418 472 3765 545 ascen.dere,et

2241 550 2268 588 ιι
2303 554 2661 609 indesinenter
2704 556 2961 624 augendis
3003 557 3286 611 virtutibus
3325 558 3588 615 incubare.
3631 564 3769 621 liabet

2239 643 2405 696 activa
2440 643 2761 710 profectum,
2789 647 3196 714 contemplativa
3229 648 3513 715 fastigium.
3542 650 3649 705 Haec
3669 655 3768 709 facit

2242 734 2509 787 hominem
2556 744 2819 801 sanctum,
2850 735 2935 789 illa
2982 738 3299 805 perfectum.
3351 739 3519 807 liuius
3561 743 3669 797 vita:
3705 756 3772 800 est

2240 824 2371 879 nulli
2434 839 2654 891 prorsus
2704 826 2923 893 injurias
2980 828 3247 896 irrogare;
3318 829 3494 895 illius,
3557 831 3771 903 irrogatas

2240 917 2609 985 :rquaniiuiter
2655 919 2938 973 sustinere.
3000 922 3146 983 luto,
3214 929 3271 972 ut
3319 922 3559 989 pmprius
3598 925 3773 991 dicam,

2240 1022 2524 1062 CXSt'Cttttir
2574 1010 2760 1063 activae
2809 1010 2984 1062 studet
3032 1010 3081 1062 in
3135 1024 3192 1063 se
3235 1014 3470 1079 peccauti
3518 1013 3771 1079 dimittere;

2239 1099 2667 1167 contemplativa:
2720 1110 2954 1155 sectator
3022 1100 3250 1154 offensas
3308 1101 3497 1169 quibus
3552 1104 3773 1171 pulsatur,

2243 1203 2343 1242 nec
2381 1189 2599 1241 omnino
2637 1192 2959 1254 concutitur,
2991 1190 3237 1259 ignorare
3280 1193 3443 1259 magis
3485 1207 3677 1261 paratus
3710 1206 3775 1249 est

2241 1295 2398 1346 quam
2426 1279 2650 1334 donare.
2684 1280 2787 1333 lste
2819 1281 2948 1334 iram
2984 1283 3252 1350 patientia:
3279 1284 3475 1337 virtute
3504 1288 3773 1354 comtescit,

2242 1372 2605 1426 immoderatis
2633 1374 3011 1441 cupiditatibus
3044 1377 3386 1443 pareimonire
3421 1387 3443 1411 ο
3477 1379 3666 1431 frenum
3694 1380 3775 1432 int-

2243 1466 2420 1531 ponit;
2467 1463 2695 1532 tangitur
2726 1463 3002 1518 desideriis
3030 1467 3351 1531 carnalibus,
3384 1482 3486 1521 nec
3517 1473 3772 1535 consentit;

2244 1554 2481 1620 pulsatur
2510 1554 2693 1607 mundi
2730 1555 2884 1623 huius
2922 1557 3251 1621 curiositate,
3284 1558 3384 1613 nec
3424 1561 3648 1628 rapitur;
3676 1579 3779 1631 qutt-

2246 1646 2374 1698 titur
2407 1644 2670 1699 diabolica
2709 1646 3141 1714 impugnatione,
3184 1663 3281 1702 nec
3315 1651 3569 1716 vincitur;
3608 1662 3655 1706 et
3690 1653 3777 1706 Deo

562 1752 799 1795 nostrum
856 1739 1225 1793 immortalitas
1288 1738 1440 1791 beata
1508 1736 1783 1798 vestierit;
1854 1742 2012 1804 atque
2072 1734 2135 1787 ad
2168 1727 2217 1786 Β
2243 1748 2341 1790 suo
2380 1734 2567 1789 devota
2611 1746 2787 1791 mente
2829 1738 3128 1805 subjectus,
3168 1753 3272 1793 non
3314 1744 3558 1795 atteritur
3592 1743 3780 1797 dversis

561 1835 1065 1903 contemplationem
1097 1831 1350 1895 divinam,
1384 1829 1413 1867 δ
1457 1829 1951 1897 perteptionemque
1974 1826 2139 1881 caele-

559 1924 715 1978 stium
747 1924 1081 1991 prwmiorum
1111 1936 1298 1975 omnes
1334 1934 1457 1974 vere
1490 1918 1672 1973 fideles
1705 1917 1836 1971 ﬁdes
1868 1918 2005 1986 ipsa,
2036 1931 2137 1986 qua

561 2019 646 2071 ltic
679 2016 850 2070 futura
879 2014 1253 2078 credebantur,
1290 2012 1506 2080 impleta
1534 2009 1864 2080 perduxerit.

1172 2125 1396 2180 CAPUT
1436 2122 1529 2179 XI.

566 2222 636 2275 De
659 2220 903 2291 qualitate
941 2219 1343 2291 glori/icotorum
1379 2232 1652 2283 corporum
1680 2230 1791 2285 qua:
1827 2214 1879 2267 in
1913 2228 2138 2268 resurre-

1090 2289 1254 2340 ctione
1293 2292 1465 2355 futura
1494 2296 1633 2340 sunt.

635 2381 707 2435 lbi
747 2379 943 2434 diversi
986 2378 1199 2448 quidem
1242 2391 1399 2431 sexus
1449 2391 1694 2445 corpora,
1737 2375 1831 2431 sed
1872 2375 1990 2430 sine
2032 2375 2137 2429 ulla

560 2471 989 2540 concupiscentia
1015 2470 1275 2538 corporali
1302 2469 1475 2524 futura
1499 2480 1643 2524 sunt.
1673 2471 1750 2524 lbi
1774 2470 1872 2524 erit
1901 2469 2136 2523 omnium

559 2562 791 2630 perfecta
834 2561 1048 2624 caritas,
1094 2570 1149 2614 et
1194 2560 1333 2614 nulla
1373 2560 1632 2623 cupiditas
1678 2560 1836 2631 (Aug.
1883 2559 1946 2612 de
1983 2557 2133 2613 Civit.

559 2651 659 2706 Dei
687 2653 775 2707 lib.
816 2668 945 2718 χιιι,
984 2668 1099 2717 cap.
1132 2652 1241 2721 17).
1295 2651 1366 2706 lbi
1408 2652 1566 2706 etiam
1606 2651 1924 2721 corporales
1953 2651 2137 2705 oculos

559 2745 690 2799 nihil
718 2745 941 2799 visibilis
969 2754 1229 2798 creatura:
1258 2744 1466 2810 latebit,
1499 2745 1623 2814 quia
1655 2744 2135 2813 ineorruptibilium

559 2853 837 2905 corporum
883 2836 1028 2891 visus
1077 2836 1153 2890 ιιιί
1174 2851 1260 2903 lue
1310 2836 1730 2905 incorruptibilis
1775 2837 1908 2902 erit;
1961 2846 2016 2891 et
2062 2836 2133 2890 ita

558 2932 670 2983 sine
712 2929 1109 2996 comparatione
1136 2929 1368 2983 vivacior
1393 2944 1548 2997 quam
1582 2929 1665 2983 bic
1706 2928 1827 2994 fttit,
1860 2937 1915 2982 ut
1948 2928 1998 2983 ei
2038 2927 2137 2981 ali-

558 3020 682 3089 quid
717 3018 1006 3074 visibilium
1039 3019 1275 3073 clausum
1307 3034 1425 3073 esse
1452 3034 1555 3073 non
1586 3019 1777 3089 possit.
1808 3017 2133 3086 Corporibus

2247 1825 2647 1892 teutationibus,
2690 1826 2782 1881 sed
2833 1827 3105 1893 probatur.
3153 1827 3243 1882 Ille
3283 1843 3471 1883 omnes
3515 1831 3779 1887 affectiones

2243 1914 2436 1983 quibus
2480 1917 2584 1967 vita
2635 1916 2939 1970 mortalium
2984 1919 3240 1983 variatur,
3290 1923 3492 1973 sanctis
3538 1922 3784 1975 virtutibus

2245 2006 2431 2072 vincit,
2465 2008 2811 2075 cupiditatum
2843 2023 2905 2061 ac
2935 2010 3388 2077 perturbationum
3420 2014 3649 2067 omnium
3676 2015 3784 2069 liber

2246 2096 2400 2151 beata
2433 2101 2611 2166 quiete
2644 2099 2952 2166 perfruitur,
2983 2110 3037 2154 et
3067 2101 3331 2157 illecebris
3364 2118 3427 2157 ac
3467 2107 3787 2175 voluptatibus

2242 2186 2418 2240 factus
2464 2188 2711 2255 expedita
2756 2198 2935 2243 mente
2995 2191 3272 2257 superior,
3335 2193 3587 2248 ineffabili
3628 2196 3787 2265 gaudio

2239 2276 2436 2332 divinze
2483 2280 2948 2348 contemplationis
2993 2280 3011 2317 ί
3053 2283 3289 2352 erigitur.
3339 2286 3445 2340 Iste
3488 2288 3789 2355 suscipiendo

2241 2370 2610 2437 peregrinum,
2650 2372 2925 2425 vestieudo
2963 2373 3194 2439 nudum,
3236 2377 3580 2443 gubernando
3640 2381 3790 2445 subjec

2240 2471 2404 2529 ctum,
2434 2463 2747 2519 redimendo
2773 2466 3058 2534 captivum,
3089 2470 3284 2523 tuendo
3310 2473 3574 2527 violenter
3599 2490 3792 2542 Oppres-

2238 2566 2384 2619 sum,
2417 2554 2615 2624 jugiter
2643 2571 2702 2611 se
2731 2556 2798 2609 ab
2826 2558 3075 2612 omnibus
3117 2561 3483 2630 iniquitatibus
3523 2566 3630 2619 suis
3664 2580 3793 2619 eua-

2239 2644 2403 2710 cttlat,
2444 2656 2497 2699 et
2538 2646 2697 2699 vitam
2743 2662 2893 2701 suam
2938 2657 2963 2695 ις
2999 2649 3256 2704 bonorum
3302 2666 3524 2721 operum
3567 2655 3795 2709 fructibus

2239 2734 2406 2800 ditat;
2454 2736 2546 2791 ille
2576 2736 2915 2793 facultatibus
2941 2740 3052 2793 suis
3082 2741 3132 2793 in
3164 2756 3291 2795 usus
3320 2758 3612 2811 pauperum
3637 2745 3795 2798 distri-

2237 2826 2400 2895 butis,
2433 2825 2457 2862 δ
2488 2828 2642 2882 simul
2685 2843 2742 2885 se
2770 2831 3090 2900 exspoliavit
3137 2833 3354 2897 mundo,
3387 2845 3442 2889 et
3488 2837 3713 2890 admovit
3748 2850 3796 2888 se

2237 2919 2361 2972 totis
2390 2918 2589 2973 viribus
2618 2920 2786 2985 cmlo;
2827 2937 2911 2976 res
2943 2924 3123 2978 mundi
3162 2926 3359 2980 mundo
3391 2927 3648 2997 projecit,
3678 2937 3725 2980 et
3748 2942 3797 2978 se

2237 3009 2407 3077 ipsum
2440 3010 2631 3063 devota
2667 3022 2845 3067 mente
2867 3012 3081 3067 Christo
3121 3016 3370 3081 restituit,
3402 3032 3432 3071 a
3466 3033 3572 3087 quo
3603 3018 3797 3071 immor-

557 3084 750 3179 quippe
790 3110 1184 3165 immortalitate
1213 3110 1423 3164 donatis
1458 3084 1744 3164 auferenda
1774 3119 1856 3164 est
1886 3084 2129 3173 tarditas,
2156 3084 2203 3146 (ἶ
2239 3100 2371 3153 tales
2404 3101 2617 3156 divitias
2659 3102 2758 3156 sibi
2804 3102 2917 3156 dari
2942 3112 3087 3168 orat,
3140 3114 3195 3159 ut
3237 3084 3712 3178 pauperaprotegi
3750 3122 3800 3159 se

559 3218 660 3256 nou
695 3203 1001 3272 integritas;
1046 3202 1359 3265 necessitas,
1391 3216 1495 3254 non
1527 3200 1791 3265 voluntas,
1824 3209 1881 3253 ut
1910 3200 1979 3253 ibi
2015 3200 2133 3254 sine

563 3293 816 3359 temporis
861 3290 1012 3363 [alias
1056 3288 1375 3360 temporum]
1417 3305 1562 3345 mora
1615 3300 1707 3345 aut
1755 3290 2132 3360 impedimento

562 3383 811 3448 ponderis
849 3384 977 3445 sint,
1009 3382 1095 3435 ubi
1123 3397 1242 3436 esse
1268 3382 1561 3445 voluerint;
1605 3390 1760 3449 atque
1791 3397 1856 3436 eo
1882 3391 2133 3449 sequatur

557 3472 675 3527 sine
714 3473 817 3526 ulla
859 3472 1173 3526 difficultate
1202 3471 1479 3540 spirituale
1513 3472 1621 3539 jam
1647 3488 1862 3542 corpus,
1896 3488 2132 3541 quocun-

558 3577 661 3630 que
722 3562 799 3616 ire
863 3561 1091 3615 voluerit
1153 3563 1407 3631 Spiritus,
1475 3563 1733 3630 angelica:
1790 3562 2132 3620 beatitudinis

559 3654 861 3723 aequalitate
890 3652 1178 3721 perfectus.
1209 3653 1359 3707 Tunc
1387 3652 1637 3714 filiorum,
1672 3663 1973 3723 parentum,
2004 3670 2134 3709 eon-

557 3744 737 3815 jugum
769 3744 1005 3809 miseria,
1029 3744 1117 3813 qui
1146 3742 1217 3797 ibi
1239 3757 1344 3797 non
1373 3743 1589 3809 fuerint,
1613 3744 1795 3799 beatos
1816 3746 2132 3803 contristare

558 3852 663 3891 nou
697 3836 889 3908 poterit
918 3837 1072 3909 (Aug.
1094 3835 1184 3891 lib.
1233 3851 1249 3889 ι
1278 3835 1506 3890 Ιίειιλαεε.
1538 3852 1652 3906 cap.
1688 3837 1754 3891 15
1779 3848 1825 3890 et
1854 3837 1936 3909 l9)
1963 3854 1977 3891 :
2005 3840 2126 3908 quia

559 3930 772 3985 nomina
826 3930 1060 3983 onmium
1110 3928 1561 3984 necessitudinum
1605 3930 1959 3999 corporalium
2013 3948 2133 4000 qua:

557 4022 642 4075 ltic
687 4030 866 4075 nostra
911 4021 1165 4091 fragilitas
1205 4020 1405 4088 habuit,
1445 4021 1758 4076 excellentia
1794 4022 1936 4078 illius
1967 4024 2131 4077 beati-

560 4116 755 4170 tudinis
784 4130 887 4169 non
927 4114 1159 4168 admittit
1190 4132 1201 4166 :
1232 4114 1321 4168 ubi
1351 4129 1536 4168 omnes
1577 4115 1879 4183 quicunque
1910 4116 2127 4182 fuerint,

558 4223 719 4261 unum
749 4222 939 4275 corpus
968 4216 1146 4270 erunt,
1178 4212 1231 4260 et
1269 4206 1460 4274 singuli
1500 4205 1567 4260 de
1605 4220 1699 4260 sua
1735 4206 1817 4261 vel
1846 4207 1912 4261 de
1952 4207 2132 4276 singu-

556 4300 729 4354 lorum
750 4298 999 4353 felicitate
1020 4296 1342 4366 gaudebunt.
1364 4297 1486 4353 llaec
1509 4297 1576 4352 de
1597 4297 2001 4368 contemplativa
2026 4298 2131 4353 vita

560 4390 695 4445 dicta
734 4388 1018 4444 sufﬁciant.

1159 4479 1383 4536 CAPUT
1426 4479 1537 4534 XII.

559 4573 816 4639 Quantum
836 4573 965 4626 inter
986 4571 1423 4639 contemplativant
1440 4579 1487 4625 et
1507 4571 1719 4624 activam
1742 4571 1891 4625 vitam
1915 4572 2128 4624 intersit.

631 4665 683 4719 1.
723 4664 836 4718 Jam
867 4679 1004 4717 nunc
1041 4664 1166 4732 quid
1205 4663 1344 4717 inter
1385 4664 1554 4733 ipsam
1583 4666 2046 4734 contemplativam
2074 4677 2130 4721 et

556 4754 781 4808 activam
814 4756 975 4808 vitam
1018 4755 1229 4810 intersit
1256 4755 1487 4811 breviter
1512 4757 1855 4812 disseramus.
1889 4758 2038 4824 Quod
2072 4768 2127 4813 ut

559 4846 832 4901 evidenter
862 4850 1087 4911 eluceat,
1119 4847 1261 4916 ipsas
1297 4847 1398 4901 sibi
1436 4848 1659 4901 invicem
1691 4850 1852 4913 vitas,
1883 4859 2123 4904 contem—

557 4935 802 5003 plativam
839 4937 1041 4991 scilicet
1078 4946 1131 4990 et
1164 4938 1411 5003 activam,
1447 4939 1665 5005 pro'atis
1693 4954 1875 4993 earum
1910 4940 2122 4992 virtuti-

558 5025 654 5079 bus
699 5027 1056 5079 conferamus.
1109 5026 1187 5079 Ad
1231 5027 1457 5079 activam
1506 5026 1664 5079 vitam
1712 5029 1942 5095 pertinet
1987 5030 2124 5085 inter

520 5117 787 5171 'butnana
855 5117 1153 5187 proficere,
1221 5126 1276 5172 et
1345 5117 1568 5172 rebelles
1654 5120 1893 5189 eorpo'is
1950 5131 2122 5177 motus

639 5256 666 5321 ἢ
702 5248 823 5301 Mss.
865 5248 994 5321 Reg.
1041 5249 1146 5303 duo
1197 5259 1248 5305 et
1288 5249 1413 5303 edit.
1460 5250 1649 5321 Lugd.,
1692 5252 1743 5305 in
1785 5252 1987 5321 forma;
2034 5257 2129 5311 sed

564 5318 726 5378 male,
756 5329 813 5372 ut
840 5319 1068 5372 videtur.

630 5385 924 5463 P‘Sic‘ms.
971 5390 1123 5463 Colb.
1175 5404 1330 5444 unus.
1384 5388 1589 5461 Reliqui
1646 5401 1750 5448 tam
1791 5406 1919 5448 mss.
1965 5410 2123 5463 quam

562 5456 705 5521 editi,
738 5458 813 5511 vel
840 5461 1229 5526 perceptionem.

630 5538 653 5565 ο
686 5527 784 5582 Ms.
807 5527 957 5582 Colb.
983 5545 1140 5592 unus,
1172 5531 1223 5581 iu
1249 5530 1517 5585 desidttrio.

624 5592 652 5635 δ
681 5597 807 5653 Mss.
835 5601 939 5653 duo
967 5610 1018 5651 et
1041 5599 1228 5663 Lugd,
1257 5602 1484 5665 propius.

629 5674 651 5706 ο
681 5665 753 5722 ita
784 5684 913 5724 mss.
948 5667 1076 5738 Reg.
1102 5671 1225 5734 duo,
1256 5681 1308 5724 et
1342 5672 1445 5725 duo
1474 5672 1625 5726 Colb.
1659 5673 1757 5729 Alii
1788 5687 1905 5728 eum
1938 5672 2117 5739 editis,

2234 3192 2472 3261 quotidie
2502 3194 2760 3261 postulat,
2792 3202 2849 3249 ut
2895 3195 3168 3261 infirmus;
3214 3196 3630 3253 immortalitatis
3667 3196 3799 3251 indu-

2236 3292 2417 3339 mento
2447 3283 2630 3338 vestiri
2661 3288 2827 3354 cupit,
2859 3295 2918 3340 ut
2942 3287 3144 3353 nudus;
3181 3288 3393 3344 defendi
3428 3306 3487 3345 se
3531 3291 3600 3344 ab
3652 3292 3803 3357 inpu-

2231 3377 2483 3444 gnatione
2527 3376 2867 3431 invisibilium
2918 3379 3147 3432 hostium
3191 3380 3488 3449 supplicat,
3525 3391 3582 3436 ut
3626 3381 3801 3450 fragili-

2236 3474 2342 3519 tate
2380 3467 2555 3520 carnis
2594 3482 2902 3536 oppresms,
2943 3479 2994 3523 ct
3038 3471 3308 3524 cmlestem
3350 3470 3456 3526 sibi
3501 3471 3693 3528 donari
3728 3487 3806 3539 pa-

2238 3559 2391 3612 triatn
2423 3558 2711 3624 desiderat,
2744 3569 2798 3613 ut
2828 3564 3155 3631 peregrinus.

2301 3649 2358 3702 ‘2.
2400 3650 2581 3703 Aetiva
2622 3651 2727 3705 vita
2768 3651 2927 3706 habet
2966 3653 3253 3707 sollicitum
3294 3670 3541 3725 cursum,
3586 3664 3808 3712 contem-

2236 3743 2430 3820 plativa
2484 3744 2733 3813 gaudium
2787 3747 3188 3814 sempiternum.
3258 3748 3311 3803 in
3371 3748 3473 3804 hac
3526 3750 3807 3818 acquiritur

2233 3849 2478 3904 regnum,
2518 3835 2568 3888 iu
2612 3836 2699 3890 illa
2731 3836 3037 3904 percipitur.
3092 3839 3214 3893 llmc
3250 3839 3370 3893 facit
3406 3842 3630 3908 pulsare
3657 3840 3812 3895 baue-

2234 3940 2353 3980 rum
2379 3940 2625 3994 operum,
2649 3928 2796 3980 velut
2824 3927 3136 3995 quibusdam
3167 3930 3413 3985 manibus
3436 3931 3698 4000 januam;
3730 3930 3805 3981 illa

2234 4029 2388 4071 vocat
2417 4028 2816 4073 consummatos
2855 4020 2907 4074 in
2940 4023 3180 4091 patriam.
3229 4023 3284 4076 In
3317 4022 3417 4077 hac
3455 4022 3813 4080 contemnitur

2234 4111 2486 4175 mundus,
2516 4110 2568 4165 in
2599 4112 2687 4165 illa
2718 4111 2984 4169 videbitur
3009 4115 3169 4170 Deus.
3213 4115 3277 4169 Et
3307 4126 3363 4170 ut
3403 4118 3574 4172 multa
3607 4126 3814 4187 praeter-

2233 4219 2348 4258 eam
2374 4209 2487 4269 qu'u:
2511 4219 2934 4262 commemorare
2964 4223 3068 4262 non
3106 4210 3279 4276 valeo,
3304 4210 3355 4264 in
3380 4210 3481 4266 ltac
3514 4213 3629 4267 vita
3656 4212 3815 4265 activa

2234 4297 2320 4365 qtti
2368 4296 2655 4352 intutuudis
2690 4298 2965 4366 spiritibus
3006 4301 3306 4355 exstiterint
3340 4300 3621 4371 fortiores,
3654 4304 3704 4355 in
3733 4300 3813 4355 illa

2232 4387 2666 4454 contemplativa,
2691 4403 2809 4456 quae
2857 4402 3066 4444 summe
3112 4391 3264 4444 beata
3307 4400 3408 4458 est,
3435 4400 3817 4447 remuneratus

2156 4453 2210 4513 Ῐ)
2242 4475 2257 4514 ί
2284 4478 2393 4532 Deo
2420 4476 2546 4531 fient
2571 4479 2777 4547 angelis
2793 4480 2990 4533 sanctis
3012 4480 3259 4548 mquales,
3286 4491 3446 4551 atque
3474 4484 3532 4537 in
3561 4491 3815 4537 aeternum

2233 4584 2354 4623 cum
2401 4568 2492 4623 illo
2542 4571 2836 4640 regnabunt
2870 4572 2919 4624 in
2959 4572 3043 4626 ilfa
3080 4574 3290 4628 civitate
3328 4589 3571 4642 superna
3618 4575 3815 4629 felices.

2234 4661 2696 4731 Itaque,quoniam
2719 4663 2785 4719 de
2807 4664 3212 4732 contemplativa
3237 4666 3338 4718 vita
3368 4666 3420 4719 in
3444 4667 3821 4736 superioribus

2233 4756 2393 4806 multa
2428 4753 2536 4821 jam
2572 4755 2710 4809 dicta
2746 4764 2899 4821 sunt,
2930 4765 2986 4810 et
3020 4756 3284 4810 secundus
3324 4757 3465 4812 liber
3499 4773 3569 4813 ea
3601 4773 3723 4827 qua:
3762 4755 3825 4809 de

2232 4843 2399 4897 activa
2428 4844 2650 4899 dicenda
2686 4854 2811 4899 sunt
2844 4846 3151 4910 continebit,
3179 4845 3444 4900 sufficiant
3467 4848 3579 4902 ista
3606 4862 3730 4917 quae
3754 4846 3829 4899 di-

2232 4936 2426 5000 ximus,
2446 4945 2503 4990 ut
2522 4937 2923 4991 consideremus
2945 4946 2999 4991 et
3023 4937 3246 5006 reliqua.
3266 4954 3383 5007 quae
3398 4938 3466 4992 de
3489 4941 3666 4992 tertio
3690 4936 3829 5003 capi-

2233 5034 2345 5087 tulo
2373 5047 2539 5102 usque
2561 5034 2624 5085 ad
2655 5032 2816 5087 finem
2856 5032 2972 5086 libri
3004 5031 3157 5100 hujus
3184 5034 3426 5101 sequenti
3455 5032 3833 5102 disputatione

2230 5123 2593 5179 tractabimus.
2639 5121 2921 5177 Videamus
2960 5137 3100 5177 nunc
3133 5132 3309 5176 utrum
3352 5122 3396 5177 is
3420 5124 3512 5178 cui
3570 5123 3831 5178 Ecclesia:

2262 5271 2429 5311 rencs.

2238 5261 2701 5399 ffél’asfsxamu,
2742 5325 2920 5395 plenus
2962 5326 3191 5395 efﬁcitur.
3230 5325 3326 5381 Ms.
3369 5325 3533 5399 Reg.,
3583 5329 3834 5399 enititur;

2231 5396 2334 5451 alia
2363 5411 2541 5459 manu,
2571 5395 2806 5464 afﬁcitur.

2304 5474 2328 5513 ε
2360 5465 2456 5520 Ms.
2489 5463 2644 5525 unus,
2680 5464 2920 5519 bonorum
2950 5463 3217 5534 fructibus.
3248 5465 3346 5523 Ms.
3374 5466 3541 5534 alter,
3577 5469 3834 5523 bonorum

2228 5551 2434 5605 suorum
2462 5536 2726 5605 fructibus.

2300 5602 2327 5641 ιι
2358 5602 2478 5661 Mss.
2511 5605 2639 5672 duo,
2668 5606 2820 5658 semel
2847 5621 2918 5657 se.

2306 5673 2320 5712 ί
2354 5675 2478 5730 Mss.
2511 5683 2641 5742 tres,
2687 5674 2903 5729 Domino
2930 5674 3082 5745 ﬁunt.
