4024 6176
322 241 425 293 429

1370 233 1455 289 DE
1501 232 1658 288 VITA
1696 231 2273 287 CONTEMPLATIVA
2316 230 2441 285 LIB.
2482 231 2523 284 I.

3476 232 3578 285 430

318 346 566 416 regenda:
592 360 717 400 cura
745 346 1024 402 commissa
1057 358 1156 413 est,
1182 350 1607 419 contcsuplativm
1629 351 1749 403 vita:
1772 348 1887 405 fleri
1916 350 1967 410 Α
1995 349 2310 411 extendunt,
2353 365 2416 402 ac
2454 363 2511 404 se
2548 348 2742 418 passim
2774 348 3056 416 exquisitis
3080 348 3284 402 deliciis
3312 357 3326 385 ι
3359 349 3577 414 dedam,

318 440 593 507 particeps
620 438 805 504 possit.
1178 512 1179 515 η

911 530 1134 584 CAPUT
1176 530 1311 585 .\'III.

316 621 469 686 Quod
499 620 783 674 sacerdotes
820 622 983 701 sancti
1007 622 1407 701 contemplativa:
1436 624 1550 677 vita:
1588 622 1697 689 ﬁeri
1741 622 1901 688 parti-

933 693 1067 759 cipes
1089 693 1302 760 possint.

394 803 443 855 1.
486 803 586 867 Qui
616 803 895 871 diligenter
920 819 981 857 ea
1009 820 1125 871 que
1150 806 1397 872 superius
1426 805 1492 860 de
1526 805 1631 858 vita
1662 814 1898 859 contem-

310 896 512 964 plativa
545 895 683 949 dicta
712 905 834 949 sunt
858 896 1181 963 considerat,
1212 907 1285 963 ct,
1316 898 1664 963 sufficienter,
1696 896 1898 950 instru-

307 997 431 1039 ctus
466 987 713 1055 intelligit
731 988 945 1055 quando
969 998 1021 1042 et
1046 988 1128 1040 ubi
1157 988 1321 1055 possit
1345 988 1459 1056 ejus
1478 989 1733 1057 perfectio
1754 1003 1901 1042 com-

306 1078 617 1145 prehendi,
660 1094 764 1131 non
801 1079 1062 1132 dubitabit
1092 1079 1751 1150 Ecclesiarum'principes
1780 1082 1901 1135 vita:

305 1169 747 1236 contemplativa
777 1184 935 1238 posse
965 1178 1018 1224 ct
1044 1170 1239 1225 debere
1269 1171 1381 1225 tieri
1415 1180 1704 1227 sectatores
1736 1188 1750 1226 :
1779 1172 1897 1242 quia

307 1260 429 1314 sive
476 1259 773 1314 secundum
824 1262 1122 1329 opinionem
1175 1262 1526 1329 quorumdam
1584 1263 1715 1316 nihil
1757 1264 1898 1317 aliud

308 1354 384 1405 sit
432 1352 543 1405 vita
575 1351 984 1420 contemplativa
1034 1367 1187 1417 quam
1232 1368 1407 1405 rerum
1436 1353 1715 1407 ltentium
1759 1353 1897 1406 futu-

310 1458 616 1511 rarumque
646 1444 851 1511 notitia,
884 1444 996 1497 sive
1020 1452 1043 1480 α
1068 1445 1271 1496 vacatio
1299 1445 1366 1497 ab
1396 1446 1641 1499 omnibus
1672 1461 1900 1515 occupa-

303 1535 556 1589 tionibus
588 1536 790 1598 mundi,
822 1534 934 1589 sive
971 1535 1267 1588 divinarum
1306 1537 1539 1590 studium
1582 1537 1896 1604 litterarum,

301 1629 449 1691 sive,
480 1627 622 1694 quod
653 1626 734 1681 his
772 1624 801 1664 δ
837 1627 1088 1695 probatur
1127 1642 1247 1681 esse
1276 1629 1581 1696 perfectius,
1625 1631 1734 1698 ipsa
1766 1629 1899 1683 visio

2004 457 2122 510 quae
2152 441 2165 491 t'
2205 443 2438 495 animum
2470 457 2773 510 corpusque
2804 442 3116 506 debilitant;
3147 443 3188 495 si
3218 442 3441 511 gloriam
3474 460 3580 498 non

2003 530 2227 598 Christi,
2255 533 2348 585 sed
2378 548 2551 600 suam,
2583 532 2790 601 decepti
2819 532 2961 601 vulgi
2992 534 3255 586 adulantis
3288 533 3576 587 honoribus

2003 633 2264 692 quierant,
2314 626 2537 692 plusque
2584 624 2651 677 de
2700 640 2757 677 se
2797 625 2987 677 alienm
3037 625 3228 691 linguae
3264 641 3422 694 quam
3468 642 3577 682 sua:

2001 716 2345 769 conscientia:
2376 716 2623 778 credant;
2663 716 2704 767 si
2735 730 2890 768 omne
2918 715 3164 783 gaudium
3205 731 3356 769 suum
3390 733 3495 771 non
3524 717 3577 772 in

2001 804 2298 858 futurorum
2344 806 2807 869 remuneratione,
2859 822 2954 859 nec
3003 805 3053 858 in
3104 810 3387 862 sanctitate
3432 810 3575 873 vita‘,

2002 894 2094 947 sed
2142 895 2191 946 in
2224 910 2317 947 sua
2365 904 2567 948 tantum
2609 896 2861 972 dignitate
2910 898 3253 960 constituant,
3289 896 3314 933 ¹ί
3354 908 3405 951 et
3447 903 3571 953 dum

2003 983 2136 1037 tales
2176 998 2295 1038 esse
2337 987 2519 1054 quales
2559 986 2869 1053 creduntur,
2909 998 3108 1050 amant,
3156 1006 3423 1059 nunquam
3475 993 3575 1048 sibi

2001 1075 2335 1145 displiceant,
2363 1093 2424 1131 ac
2457 1078 2723 1146 placentes
2760 1079 2859 1132 sibi
2891 1094 2997 1131 non
3038 1081 3143 1133 sint
3170 1081 3235 1135 de
3262 1098 3353 1134 sua
3400 1082 3416 1119 1
3455 1100 3578 1137 cor-

2002 1167 2238 1220 rectione
2280 1168 2493 1221 solliciti
2530 1170 2691 1236 :quis
2734 1184 2840 1222 non
2890 1170 3175 1239 intelligat,
3232 1174 3384 1238 tales,
3430 1174 3472 1227 si
3519 1175 3570 1228 in

2005 1257 2198 1311 talibus
2230 1268 2592 1325 perseverent,
2626 1275 2720 1312 nec
2751 1274 2808 1313 se
2832 1271 2956 1314 ante
2987 1262 3145 1314 linem
3176 1264 3295 1316 vitae
3334 1279 3569 1331 prtescn-

2003 1348 2069 1401 tis
2114 1349 2415 1411 emendem,
2479 1352 2906 1419 contemplativa:
2950 1353 3072 1406 vita:
3118 1356 3400 1423 participes
3453 1372 3573 1411 esse

2000 1453 2109 1491 non
2141 1439 2330 1507 posse?
2371 1438 2433 1492 ad
2463 1456 2619 1508 quam
2650 1456 2754 1495 non
2808 1446 3141 1508 perveniunt,
3188 1446 3291 1498 nisi
3329 1447 3416 1514 qui
3462 1456 3575 1500 stu-

2002 1529 2213 1583 duerint
2249 1544 2366 1582 esse
2402 1531 2540 1599 quod
2583 1532 2704 1584 facti
2735 1542 2887 1595 sunt;
2929 1550 3028 1587 nec
3055 1534 3359 1588 affectantm
3384 1538 3572 1603 videri,

2002 1622 2095 1677 sed
2122 1637 2239 1676 esse
2261 1623 2401 1691 quod
2427 1634 2577 1688 sunt;
2617 1639 2724 1678 non
2753 1625 2941 1679 alienis
2969 1626 3235 1691 laudibus,
3273 1628 3363 1681 sed
3416 1632 3576 1683 mori-

304 1731 325 1756 ε
353 1719 491 1780 Dei;
539 1733 645 1771 non
676 1719 829 1772 video
858 1718 980 1787 quid
1011 1719 1371 1788 impedimenti
1393 1721 1591 1774 sanctis
1612 1722 1901 1775 sacerdoti-
1929 1715 1977 1775 B
2004 1713 2102 1767 bus
2128 1730 2236 1768 suis
2262 1716 2477 1779 eximii;
2519 1731 2616 1769 nec
2644 1717 2815 1779 solum
2845 1717 2909 1772 de
2937 1733 3028 1772 sua
3053 1719 3326 1788 dignitate.
3358 1720 3449 1774 sed
3484 1736 3576 1790 ρο⁴

301 1809 409 1862 bus
465 1810 637 1877 possit
684 1808 862 1863 vtl'erri
911 1814 1194 1878 quominus
1234 1812 1299 1864 ad
1347 1813 1460 1867 haec
1504 1822 1730 1882 quatuor
1778 1829 1896 1883 quae

302 1900 739 1953 commemoravi
772 1902 1097 1968 perveniant.
1151 1902 1265 1955 Duo
1291 1904 1455 1971 enim,
1492 1906 1717 1971 primum
1742 1914 1795 1959 et
1820 1908 1900 1959 tti-

301 1993 528 2057 timum,
560 1992 608 2043 id
638 2000 736 2052 est,
768 2007 943 2045 rerum
970 1992 1243 2047 latentium
1264 1995 1659 2065 futurarumque
1688 1997 1896 2062 notitia,

301 2093 356 2137 et
381 2086 505 2151 ipsa
532 2086 666 2138 visio
689 2085 803 2153 Dei,
829 2087 1318 2157 incomparabiliter
1344 2093 1714 2160 przestantiora
1745 2104 1900 2147 erunt

301 2174 355 2226 in
410 2175 504 2227 illa
549 2175 653 2227 vita
700 2177 850 2229 beata
894 2194 1051 2246 quam
1095 2179 1146 2233 in
1194 2182 1312 2247 ista,
1358 2182 1581 2237 diversis
1626 2184 1901 2239 erroribus

302 2267 614 2333 implicata,
643 2270 1069 2340 quandoquidem
1101 2281 1205 2326 tam
1237 2289 1412 2328 rerum
1443 2276 1683 2330 omnium
1712 2277 1900 2331 notitia

302 2374 476 2427 quam
508 2360 623 2427 ipsa
648 2359 738 2413 Dei
768 2362 1060 2416 substantia
1093 2364 1245 2432 plene
1275 2379 1338 2419 ac
1363 2366 1593 2435 perfecte
1617 2368 1898 2422 videbitur.

304 2453 435 2506 Duo
467 2462 649 2506 autem
688 2453 882 2518 media,
918 2455 1246 2510 vacationem
1288 2459 1532 2515 videlicet
1561 2460 1629 2514 ab
1657 2461 1903 2518 omnibus

302 2544 758 2612 occupationibus
803 2548 1018 2610 mundi,
1066 2558 1119 2603 et
1164 2550 1468 2604 divinarum
1506 2553 1738 2607 studium
1768 2553 1904 2611 litte-

301 2652 536 2701 rarum,
576 2637 734 2690 etiam
766 2638 848 2692 hic
880 2652 1099 2708 possunt
1130 2644 1325 2697 habere
1357 2643 1664 2713 pontifices;
1699 2647 1791 2701 sed
1826 2648 1903 2702 illi

302 2730 398 2792 qui
435 2742 496 2781 se
528 2727 597 2781 ab
623 2730 869 2783 omnibus
897 2731 1305 2800 implicamentis
1333 2737 1663 2804 negotiorum
1683 2740 1904 2794 saecula-

302 2821 458 2874 rium
513 2832 890 2885 removentes,
938 2841 1041 2877 non
1089 2836 1300 2895 torpent
1342 2830 1473 2894 otio,
1514 2829 1605 2883 sed
1654 2831 1905 2886 insistunt

307 2913 673 2979 perfectionis
714 2927 823 2966 suae
870 2916 1112 2983 negotio,
1157 2926 1210 2969 et
1256 2918 1323 2970 ali
1363 2919 1585 2974 stultitia
1628 2922 1903 2989 sapientia:

305 2999 602 3052 saecularis
645 3002 850 3066 aversi,
898 3003 1060 3057 verbo
1104 3004 1196 3057 Dei
1245 3006 1641 3076 iufatigabiliter
1692 3023 1901 3079 vacant,

303 3089 598 3158 Sapientes
630 3092 893 3146 veraciter
928 3094 1090 3159 fiunt,
1129 3096 1369 3153 ctelestia
1414 3101 1647 3169 sapiunt,
1694 3112 1901 3159 terrena

306 3181 649 3250 despiciunt,
668 3183 1093 3240 contradicentes
1114 3201 1256 3242 sana:
1278 3188 1534 3244 doctrina:
1558 3192 1900 3262 redarguunt,

308 3274 648 3329 obedientes
675 3272 699 3311 ἀ
728 3276 1031 3343 instituunt,
1063 3281 1259 3335 sanctis
1289 3281 1592 3349 virtutibus,
1624 3285 1816 3353 quibus
1848 3288 1900 3340 in

309 3367 439 3421 dies
487 3366 729 3435 singulos
775 3367 903 3421 fiant
942 3369 1052 3423 Deo
1092 3373 1517 3441 propinquiores,
1553 3375 1901 3443 incumbunt,

309 3466 335 3494 ε
366 3466 426 3511 et
455 3466 564 3509 tam
592 3459 702 3511 suis
731 3472 886 3527 quam
911 3461 1145 3513 omnium
1176 3463 1265 3531 qui
1298 3460 1316 3499 ί
1345 3478 1439 3533 per
1457 3479 1549 3518 eus
1573 3466 1902 3533 erudiuntur,

308 3546 660 3616 profectibus
687 3550 834 3612 clari,
863 3548 947 3603 hic
973 3549 1182 3617 quidem
1211 3554 1354 3605 velut
1384 3563 1592 3621 gustum
1622 3558 1904 3625 quemdam

308 3637 757 3705 contemplativa:
788 3638 940 3704 vitm,
982 3656 1089 3709 quo
1133 3641 1196 3695 ad
1237 3657 1356 3696 eam
1386 3643 1674 3701 ferventius
1716 3664 1906 3717 provo-

309 3742 537 3799 ceutnr,
582 3735 878 3804 accipiunt;
919 3736 1011 3791 sed
1055 3737 1124 3790 ibi
1166 3737 1274 3806 jam
1323 3738 1375 3793 in
1426 3750 1682 3795 aeternum
1724 3744 1905 3799 felices

312 3824 532 3889 cﬂ‘ecti,
559 3824 624 3879 de
649 3825 763 3893 ejus
792 3827 1116 3894 perfectione
1138 3829 1467 3897 gaudebunt.
1492 3832 1719 3888 Proinde
1744 3845 1769 3881 ε
1801 3850 1903 3889 non

310 3916 617 3979 inflantur,
667 3916 789 3985 quia
829 3917 917 3972 hic
960 3919 1201 3973 omnium
1244 3920 1475 3975 fidelium
1524 3923 1905 3980 catholicorum

310 4006 665 4075 honorantur
694 4016 749 4061 ut
784 4008 985 4077 capita;
1026 4008 1119 4063 sed
1164 4009 1408 4064 lzetantur
1448 4013 1642 4080 potius,
1672 4013 1792 4083 quia
1834 4015 1906 4070 ihi

311 4097 570 4163 Christi,
617 4099 705 4166 qui
754 4109 838 4153 est
886 4100 1220 4154 sacerdotum
1282 4116 1345 4155 ac
1388 4100 1623 4157 fidelium
1671 4105 1907 4159 omnium

312 4198 514 4257 caput,
554 4187 775 4242 clariora
815 4188 1051 4242 membra
1093 4188 1253 4243 futuri
1295 4200 1436 4244 sunt.

391 4277 448 4333 2.
498 4275 524 4313 ιι
552 4278 620 4331 At
650 4279 695 4332 si
723 4279 883 4349 (quod
911 4278 1070 4350 absit)
1098 4281 1442 4337 sazcularibus
1469 4285 1694 4353 negotiis
1720 4284 1904 4355 impli-

315 4372 467 4438 cati,
517 4369 800 4426 fundorum
856 4371 1111 4427 terminos
1155 4372 1274 4428 sine
1331 4375 1559 4453 termino
1603 4376 1905 4447 cupiditatis

397 4552 425 4581 ι
459 4542 593 4597 Edd.
621 4543 781 4598 Duae.
816 4550 871 4598 et
895 4543 1103 4609 Colon.,
1135 4544 1351 4601 vacatio.

393 4612 426 4651 δ
459 4616 558 4667 Ms.
583 4613 733 4667 Colb.
762 4628 919 4677 unus,
947 4617 1081 4681 quod
1107 4614 1187 4667 Itis
1215 4624 1306 4668 est.

400 4694 426 4754 ε
463 4684 592 4738 Mss.
626 4692 754 4749 tres,
781 4682 1008 4747 Domini,
1033 4693 1085 4738 et
1115 4686 1192 4738 sic
1218 4683 1374 4754 paulo
1403 4683 1559 4740 infra.

396 4749 425 4788 δ
460 4755 588 4806 Mss.
614 4754 739 4817 duo,
768 4754 1043 4807 instruunt.

400 4833 425 4859 ε
460 4824 548 4876 Sic
578 4837 706 4877 mss.
749 4837 935 4877 omnes
964 4838 1083 4877 cum
1108 4822 1275 4893 Lugd.
1307 4824 1375 4879 At
1403 4823 1553 4889 editi,
1578 4824 1657 4877 illi
1686 4825 1772 4893 qui
1800 4834 1903 4878 tam

318 4909 457 4947 11118.

408 4961 429 4999 ι
447 4961 608 5083 ξάὶι.
632 4961 846 5028 Colon.,
868 4963 999 5017 inter
1022 4979 1124 5017 eos.
1155 4963 1252 5019 Ms.
1275 4977 1413 5018 unus
1439 4965 1597 5033 paulo
1621 4973 1759 5033 post,
1789 4981 1907 5032 pro-

408 5045 457 5083 ἰι
497 5050 574 5083 us.

320 5045 574 5088 1386110118.

403 5112 431 5171 β
466 5102 626 5167 Editi,
652 5101 864 5171 proinde
891 5117 1024 5158 vero.

399 5170 603 5244 hlidit.
637 5173 825 5244 t_.ugd.,
869 5171 947 5244 Et
970 5176 1033 5227 si.
1095 5173 1160 5227 Et
1186 5174 1344 5243 paulo
1369 5182 1487 5242 post
1513 5186 1643 5228 mss.
1676 5182 1902 5244 septem,

322 5240 605 5311 implicati.
639 5241 797 5304 Editi,
823 5243 1076 5311 ivnpliciti.

414 5321 431 5348 ι
466 5312 565 5365 Ms.
596 5327 750 5375 unus,
784 5313 988 5366 (cedant.
1016 5316 1115 5367 Alt:
1138 5330 1184 5380 r,
1208 5314 1343 5367 dent.
1366 5312 1535 5377 Alius,
1559 5312 1730 5367 edant.
1754 5312 1905 5368 Alius

323 5398 486 5443 vero,
514 5384 691 5433 ditent.
1110 5388 1115 5393 '

412 5452 425 5499 i
472 5451 592 5503 Mss.
622 5451 727 5503 duo
750 5449 922 5514 Colb.,
955 5452 1196 5506 animam.

409 5518 436 5556 ¹ι
467 5522 555 5574 Sic
583 5536 713 5574 mss.
762 5533 1007 5589 quatuor,
1040 5523 1168 5591 Reg.
1204 5524 1335 5588 duo,
1366 5530 1419 5576 et
1447 5518 1594 5576 Colb.
1628 5522 1755 5584 duo,
1782 5537 1902 5577 cum

327 5591 469 5645 edat.
501 5591 763 5657 Lugdun.,
788 5608 904 5660 qua:
931 5592 1079 5645 addit
1126 5609 1198 5648 se.
1233 5592 1359 5645 Mss.
1385 5593 1490 5646 duo
1512 5594 1597 5646 alii
1616 5633 1629 5655 ,
1675 5593 1799 5646 tales
1827 5610 1900 5658 se,

330 5662 533 5731 quales,
559 5669 663 5716 etc.
694 5661 835 5716 Editi
869 5678 993 5718 vero
1025 5663 1183 5718 Duae.
1216 5672 1269 5718 et
1294 5662 1504 5731 Colon.,
1536 5663 1747 5717 necdum
1777 5661 1902 5717 tales

2000 1805 2103 1859 tius
2132 1806 2196 1859 de
2226 1806 2568 1859 sacerdotalis
2594 1808 2715 1861 vita:
2741 1814 2769 1842 ιι
2793 1808 3069 1863 nobilitate
3094 1810 3367 1878 con-picui
3422 1830 3433 1862 :
3484 1813 3571 1881 qui

2001 1906 2123 1949 sunt
2169 1911 2274 1950 non
2302 1897 2658 1965 appellatione
2699 1906 2883 1965 tenus,
2926 1899 3016 1953 sed
3047 1900 3242 1953 virtute
3274 1903 3571 1969 pontifices,

2000 1988 2122 2041 vita:
2148 1989 2577 2057 contemplativa:
2597 2004 2838 2059 capaces,
2863 2001 2915 2045 et
2935 1991 3246 2060 gaudiorum
3277 1994 3573 2048 caelestium

2002 2080 2326 2136 cohoet'edes.

2588 2195 2810 2250 CAPUT
2848 2195 2985 2250 XIV.

2008 2304 2033 2359 ι
2040 2304 2104 2359 ⁷ὐὶ
2128 2306 2321 2359 locutor
2350 2322 2403 2359 se
2431 2316 2633 2359 excusat
2662 2307 2797 2373 quod
2820 2305 3062 2428 Ecclesia:
3103 2307 3369 2379 magistros
3398 2307 3574 2363 docere

2631 2393 2729 2428 non
2751 2394 2813 2428 au
2853 2387 2952 2428 eat.

2631 2393 2729 2430 non
2751 2387 2952 2429 audeat.

2076 2510 2154 2563 Ac
2185 2523 2252 2564 ne
2282 2516 2307 2545 °
2347 2509 2575 2577 cuipiam
2609 2525 2763 2564 meus
2791 2525 2968 2563 sermo
3001 2521 3451 2579 praesumptuosus
3484 2527 3577 2583 ap-

2005 2610 2222 2670 pareat,
2256 2601 2301 2654 si
2341 2601 2523 2669 quales
2562 2616 2666 2654 non
2708 2616 2828 2655 esse
2863 2602 2943 2655 vel
2975 2616 3093 2656 esse
3130 2602 3356 2657 debeant
3391 2618 3577 2659 omnes

2004 2691 2311 2745 sacerdotes
2341 2700 2369 2739 r
2397 2690 2677 2755 ostendat;
2715 2705 2817 2744 non
2858 2692 3201 2759 generaliter,
3246 2694 3337 2746 sed
3369 2694 3434 2747 de
3472 2708 3577 2748 uno

2006 2784 2134 2837 mihi
2189 2783 2341 2837 video
2370 2798 2488 2837 esse
2518 2782 2831 2845 dicendum,
2864 2783 3002 2837 etde
3045 2793 3097 2837 te
3128 2785 3461 2851 potissimum
3492 2801 3565 2854 qu

2009 2875 2108 2929 hoc
2162 2874 2289 2926 mihi
2337 2884 2363 2923 q
2413 2873 2576 2943 (pace
2624 2880 2711 2926 tua
2764 2872 3020 2939 dixerim)
3068 2882 3270 2928 temere
3323 2875 3578 2944 delegasti

2010 2964 2289 3031 periculosi
2332 2964 2595 3017 sermonis
2634 2963 2890 3016 officium.
2929 2963 3036 3017 Ner:
3088 2964 3353 3032 incognita
3395 2966 3576 3030 vobis,

2008 3054 2103 3109 sed
2134 3055 2324 3108 usitata
2353 3054 2524 3108 debeo
2544 3054 3020 3121 romprehendere,
3043 3070 3162 3122 qua:
3184 3056 3415 3108 solemus
3443 3058 3577 3112 inter

2008 3159 2104 3196 nos
2148 3151 2326 3196 mutua
2357 3142 2786 3196 confabulatione
2813 3143 3079 3197 conferre.
3112 3144 3314 3211 Quibus
3344 3145 3578 3200 breviter

2006 3233 2304 3298 declaratis,
2330 3248 2431 3286 non
2459 3243 2584 3300 puto
2612 3233 2750 3299 quod
2784 3234 3094 3287 relationem
3124 3249 3319 3299 meam,
3352 3245 3373 3271 τ
3410 3236 3578 3305 magis

2006 3340 2162 3389 quam
2196 3325 2603 3393 disputationem
2647 3325 2924 3393 qui-quam
2960 3324 3105 3393 juste
3149 3325 3317 3394 possit
3351 3325 3577 3393 alicujus

2008 3414 2320 3469 temeritatis
2348 3410 2601 3482 arguere;
2640 3414 2787 3483 quasi
2820 3422 2996 3483 patres
3025 3429 3174 3469 meos
3211 3414 3436 3470 audeam
3477 3415 3578 3469 do-

2007 3521 2149 3571 cere,
2183 3522 2210 3559 a
2234 3506 2427 3575 quibus
2456 3521 2696 3561 normam
2724 3506 2937 3562 vivendi
2959 3509 3200 3577 accipere
3222 3523 3337 3563 sum
3363 3519 3578 3579 paratus

2005 3608 2057 3652 et
2086 3598 2311 3653 discere.

2602 3690 2825 3746 CAPUT
2864 3691 2978 3747 XV.

2008 3803 2086 3857 De
2125 3803 2427 3874 negligentia
2469 3805 2741 3858 sacerdotis
2784 3807 2904 3874 qui,
2961 3805 3206 3857 doctrina:
3242 3821 3348 3858 sua:
3380 3804 3576 3872 agendo

2080 3877 2361 3939 contraria,
2391 3890 2659 3943 personam
2692 3889 2793 3928 non
2829 3884 2992 3944 potest
3022 3876 3231 3943 implere
3258 3875 3501 3928 doctoris.

2078 4012 2317 4067 Recolite
2339 4026 2466 4080 ergo
2487 4018 2681 4080 quanta
2710 4018 2764 4065 et
2784 4010 2978 4078 qualia,
2996 4024 3081 4063 me
3102 4008 3347 4081 audiente
3367 4015 3390 4044 ³
3416 4016 3576 4074 atque

2009 4105 2300 4173 probante,
2332 4103 2509 4155 dicere
2535 4100 2754 4155 soleatis
2777 4100 2844 4153 de
2872 4099 3331 4153 administratione
3364 4100 3576 4167 pontiti-

2009 4198 2105 4257 cis,
2128 4193 2216 4264 qui
2240 4192 2419 4261 populi
2447 4190 2547 4245 sibi
2575 4189 2845 4243 commissi
2873 4203 3001 4243 cura
3034 4187 3357 4256 posthabita,
3385 4189 3577 4243 arden-

2012 4287 2114 4341 tius
2170 4285 2305 4339 bona
2364 4282 2643 4352 prmsentia
2699 4279 2970 4335 desiderat
3038 4293 3192 4347 quam
3248 4278 3460 4344 futura;
3526 4290 3577 4335 et

2011 4377 2204 4433 oblitus
2233 4374 2373 4444 quod
2401 4389 2509 4428 non
2554 4372 2725 4427 solum
2755 4370 2823 4426 de
2851 4385 2909 4425 se
2930 4412 2945 4436 ,
2975 4369 3068 4426 sed
3111 4369 3269 4424 etiam
3310 4369 3377 4423 de
3419 4384 3577 4439 grege

1926 4551 1981 4612 D
2005 4564 2111 4603 esse
2138 4564 2191 4601 se
2221 4548 2395 4617 quales
2423 4544 2698 4599 creduntur
2720 4549 2909 4617 autent.

2085 4617 2101 4654 ι
2138 4618 2212 4671 lta
2235 4609 2369 4671 "mss.
2405 4630 2587 4670 omnes
2611 4629 2733 4669 cum
2778 4610 2946 4681 Lugd.
2984 4609 3146 4664 Duac.
3179 4619 3229 4664 et
3271 4610 3480 4681 Colon.,
3516 4616 3578 4671 de

2006 4704 2100 4743 sua
2120 4689 2281 4741 salute
2303 4698 2349 4740 et
2372 4687 2695 4739 correctione.

2077 4767 2117 4793 ω
2144 4757 2231 4812 Sic
2258 4767 2392 4809 mss.
2420 4769 2606 4809 omnes
2631 4767 2751 4807 cum
2779 4750 2946 4821 Lugd.
2971 4751 3134 4806 Duae.
3165 4760 3220 4806 et
3247 4750 3459 4820 Colon.,
3506 4757 3580 4810 ri-

2008 4827 2118 4880 deri
2136 4842 2241 4880 esse
2260 4827 2395 4895 quod
2422 4840 2521 4877 non
2549 4832 2685 4876 sunt.

2079 4905 2108 4932 ιι
2134 4899 2221 4951 Sic
2271 4891 2399 4949 mss.
2428 4894 2583 4949 Colb.
2620 4902 2846 4962 quatuor
2872 4905 2992 4946 cum
3026 4891 3269 4957 Lugdun.
3317 4905 3370 4950 et
3411 4896 3576 4950 Duac.

2013 4965 2224 5024 Colon.,
2255 4965 2585 5017 notabilitate.

2083 5044 2108 5071 ο
2142 5036 2263 5088 Mss.
2292 5037 2396 5087 duo
2419 5034 2569 5088 Colb.
2601 5043 2656 5088 et
2680 5032 2894 5093 Colon.,
2924 5032 3178 5101 cuiquam.

2079 5115 2106 5153 ρ
2132 5105 2227 5157 Ms.
2253 5104 2403 5158 Colb.
2431 5119 2590 5166 unus,
2623 5105 2901 5157 ostendam.

2082 5183 2110 5224 ιι
2139 5174 2232 5227 Ms.
2258 5189 2416 5235 unus,
2446 5183 2498 5226 ut
2527 5181 2614 5226 tua
2637 5191 2759 5243 pace
2787 5173 3023 5243 dixerint.

2082 5253 2103 5280 τ
2135 5244 2189 5296 In
2236 5260 2336 5297 ms.
2369 5244 2521 5298 Coll).
2548 5241 2653 5297 uno
2683 5253 2736 5296 et
2762 5243 2938 5309 Regiis
2963 5241 3170 5295 duobus
3207 5241 3401 5296 desunt
3433 5242 3575 5305 hinc,

2009 5315 2171 5383 magis
2221 5331 2367 5381 quam
2409 5314 2818 5379 disputationem.
2862 5310 3001 5363 Edit.
3064 5326 3190 5383 vero
3238 5314 3576 5383 Lugdaeum

2009 5381 2217 5437 dltDImS
2245 5383 2480 5437 Colbert.
2511 5398 2662 5439 tuss..
2694 5383 2991 5452 relationem
3020 5382 3182 5452 magis
3225 5398 3376 5451 quam
3400 5381 3577 5449 dispu-

2010 5454 2247 5506 tationem
2278 5470 2456 5510 uwam.
2485 5464 2538 5505 et
2572 5462 2748 5518 postea
2778 5449 2937 5513 editi,
2971 5449 3154 5515 posset.

2086 5530 2107 5557 ο
2156 5522 2290 5592 Edd.
2318 5522 2480 5577 Duac.
2512 5517 2796 5587 etColon.,
2824 5534 2938 5588 quae
2965 5519 3226 5592 probante.
3259 5517 3414 5573 Tum.
3444 5531 3577 5574 mss.

2009 5592 2138 5659 duo,
2168 5591 2422 5645 solebatis.
