4016 6168
490 242 584 296 iiii

1791 236 2050 292 JULIANI
2090 237 2369 293 POMERII

3633 246 3717 298 4.72

487 355 585 409 sibi
609 351 807 407 credito
831 348 1091 403 rationem
1121 346 1324 402 Pastori
1351 355 1618 415 pastorum
1641 346 1876 401 omnium
1903 355 1928 384 η
1949 345 2062 401 red-
2094 353 2138 410 Α
2171 350 2404 406 Ecclesia
2434 391 2450 417 ,
2496 366 2615 419 qua:
2643 351 2790 407 velut
2834 351 2985 406 navis
3029 365 3217 422 magna
3244 366 3339 422 per
3364 366 3512 410 mare
3557 364 3719 413 mttunt

487 446 609 510 dat,
645 458 739 496 sua
777 454 1103 510 suorumque
1146 437 1467 494 detrimenta
1502 452 1607 492 non
1642 438 1839 507 cogitat
1862 452 1877 490 :
1900 452 2059 506 quem

489 553 594 593 non
617 534 1035 604 delinquentium
1063 539 1276 599 peccata
1291 530 1631 594 contristant,
1656 544 1755 584 nec
1779 528 2061 597 prolicien—

490 631 621 683 tium
654 628 791 683 bona
822 624 1121 687 lzctiticant;
1168 622 1261 676 sed
1292 620 1360 676 de
1389 635 1447 675 se
1470 630 1704 684 tantum,
1751 620 2062 689 plerumque

489 732 666 776 autem
698 734 795 773 nec
821 717 888 771 de
916 730 974 770 se
1005 714 1224 767 omnino
1249 712 1537 775 sollicitus,
1565 710 1691 781 quid
1718 725 1746 764 a
1773 711 1885 764 suis
1935 709 2059 764 boni

488 816 682 871 malive
711 822 946 882 geratur,
992 810 1201 879 ignorat
1235 827 1245 860 :
1279 809 1369 878 qui
1402 822 1509 862 non
1535 807 1787 877 praedicat
1815 820 2062 876 perseve-

485 909 713 965 rantiam
753 905 942 976 justis,
974 901 1339 973 paenitentiam
1362 898 1391 938 ι’
1433 900 1647 970 pravis,
1698 907 2059 969 contemptum

488 999 667 1054 mundi
716 997 1031 1060 conversis,
1082 992 1286 1048 futuras
1310 1008 1497 1062 poenas
1534 992 1765 1057 aversis;
1810 991 1900 1063 qui
1954 1007 2058 1045 non

488 1099 663 1158 potest
718 1090 898 1143 dicere
952 1085 1409 1153 contemptoribus
1454 1081 1828 1137 admonitionis
1874 1096 1983 1136 sum
2043 1099 2056 1133 :

489 1183 744 1236 Futurum
789 1180 1019 1247 cogitate
1061 1188 1083 1216 ο
1124 1176 1414 1246 judicium,
1467 1175 1610 1245 quod
1637 1176 1750 1245 ipse
1781 1173 1917 1229 forte
1954 1189 2061 1228 non

487 1277 711 1344 cogitat;
736 1271 1062 1327 amatoribus
1085 1268 1269 1324 mundi
1300 1284 1315 1323 :
1340 1268 1512 1323 Nolite
1532 1267 1755 1337 diligere
1778 1266 2057 1332 mundum,

486 1368 531 1422 si
555 1382 677 1421 eum
703 1364 883 1419 mundi
920 1377 1073 1417 amor
1116 1360 1377 1425 oblectat;
1412 1358 1744 1413 ambitiosis:
1770 1356 2061 1412 Ambitioni

487 1455 515 1495 δ
538 1457 696 1510 tinem
727 1446 1067 1523 imponitefsi
1097 1465 1217 1505 eum
1245 1448 1463 1503 ambitio
1490 1448 1707 1504 ruiuosa
1734 1447 2055 1517 praecipitat;

488 1547 746 1623 ebriosis:
782 1555 807 1583 ο
845 1543 1168 1598 Ebrietatem
1197 1550 1409 1607 cavete,
1441 1542 1483 1594 si
1515 1554 1575 1595 se
1618 1554 1768 1594 mero
1796 1553 1961 1609 usque
1991 1538 2057 1594 ad

486 1638 857 1693 alienationem
885 1634 1079 1689 mentis
1113 1633 1419 1702 ingurgitat.
1454 1630 1795 1701 Sumptuosis
1832 1630 2058 1700 dapibus

2167 443 2322 512 hujus
2344 444 2608 514 enavigat,
2639 459 2759 514 qua:
2787 444 3010 499 diversis
3041 444 3387 499 tentationum
3411 444 3650 501 ﬂuctibus
3677 450 3721 505 in

2166 537 2267 592 hac
2308 539 2414 593 vita
2459 537 2838 604 contunditur,
2870 552 2989 604 (ιιιεο
3037 537 3430 593 immundorum
3458 539 3723 607 spirituum

2164 628 2626 696 persecutionibus
2646 627 2789 682 velut
2814 627 3127 697 quibusdam
3154 628 3465 696 procellosis
3490 628 3723 687 ﬂuctibus

2164 719 2217 772 in
2244 719 2452 773 diversa
2475 718 2724 787 jactatur,
2760 734 2879 788 quae
2905 718 3275 773 scandalorum
3304 720 3551 775 cautibus
3583 722 3724 777 vado.-

2161 808 2236 863 sis
2256 807 2503 874 illiditur,
2529 824 2650 878 qua;
2674 817 2703 845 υ
2730 809 2876 864 velut
2906 824 3099 879 aggere
3123 824 3300 865 arente
3327 811 3600 880 gravantis
3619 814 3722 867 cin-

2160 901 2325 972 gitur,
2356 916 2461 955 uon
2494 901 2842 971 relinquenda
2873 909 2955 955 est
2974 941 2988 964 ,
3014 901 3109 957 sed
3149 902 3382 971 regenda
3413 918 3574 972 :quae
3602 905 3724 959 sicut

2162 1006 2350 1047 omnes
2372 1007 2504 1061 quos
2535 992 2700 1055 vebit,
2735 992 2979 1059 perducit
3004 992 3295 1048 incolumes
3316 993 3681 1065 gubernatoris
3701 1004 3722 1031 °

2160 1085 2427 1154 vigilantia
2459 1085 2783 1154 gubernata,
2814 1085 2883 1138 ita
2928 1101 3031 1139 non
3063 1086 3235 1139 solum
3267 1100 3454 1141 omnes
3483 1101 3619 1155 quos
3644 1089 3725 1141 ba-

2159 1177 2269 1242 bet,
2287 1177 2381 1233 sed
2410 1178 2570 1232 etiam
2597 1177 2766 1245 ipsum
2786 1178 3195 1247 gubernatorem
3227 1179 3436 1246 perdet,
3460 1178 3724 1233 submersa

2159 1269 2408 1324 ﬂuctibus
2438 1277 2531 1323 aut
2568 1269 2760 1324 soluta.

2736 1358 2961 1414 CAPUT
3000 1359 3160 1414 XVII.

2162 1450 2261 1506 Ubi
2287 1452 2494 1525 anxium
2516 1450 2651 1520 quod
2683 1449 2964 1503 Ecclesium
2990 1467 3081 1525 nec
3111 1453 3415 1525 relinquere,
3448 1469 3540 1525 nec
3566 1469 3724 1525 regere

2229 1523 2690 1646 possit,lprovocat,
2720 1521 3036 1591 suggerendo
3084 1522 3220 1591 quod
3250 1539 3358 1577 eam
3386 1523 3570 1578 melius
3600 1521 3724 1596 regat

2225 1608 2406 1646 exemp
2431 1608 2481 1646 o.

2374 1610 2481 1662 pta.

490 1727 511 1768 ί
539 1728 754 1790 crudus,
774 1740 878 1780 non
902 1732 1077 1794 potest
1096 1725 1206 1779 suis
1235 1722 1607 1777 abstinentiam
1632 1721 1870 1785 laudare,
1894 1737 2053 1792 quam
2086 1712 2133 1773 Β
2230 1723 2355 1779 llaec
2400 1733 2559 1793 atque
2587 1734 2616 1773 ι’
2655 1722 3020 1793 hujuscemodi
3062 1738 3146 1778 me
3175 1736 3561 1796 prosequente,
3612 1740 3724 1795 per-

486 1820 687 1883 calcat;
706 1820 834 1874 vitio
856 1816 1159 1886 cupiditatis
1174 1814 1439 1880 addictus,
1459 1815 1665 1884 cupidis
1690 1829 1927 1869 amorem
1953 1830 2059 1869 non

487 1920 662 1981 potest
690 1908 999 1965 dissuadere
1032 1907 1299 1977 pecuniae;
1334 1906 1727 1961 inimicitiarum
1754 1916 1934 1973 tenax,
1954 1922 2061 1961 non

487 2001 700 2059 audebit
720 1999 923 2053 animos
945 1996 1320 2052 dissidentium
1337 1995 1659 2052 sacerdotali
1684 1995 2062 2066 tranquillitate

488 2106 839 2163 componere;
867 2090 1127 2161 justitiam
1158 2088 1455 2159 praedicare
1480 2088 1746 2158 judicibus
1771 2088 2058 2154 erubescit,

487 2200 642 2256 quam
682 2185 797 2254 ipse
839 2195 1081 2252 persona:
1125 2179 1357 2250 potentis
1385 2178 1566 2235 favore
1601 2179 1926 2249 corrumpit;
1959 2192 2061 2235 nec

487 2276 726 2334 defendit
761 2288 1070 2345 oppressos,
1094 2272 1140 2327 si
1162 2285 1422 2342 personas
1450 2279 1540 2326 aut
1564 2270 1811 2340 honorat,
1847 2280 1940 2326 aut
1968 2272 2062 2328 de-

487 2372 672 2441 spicit;
700 2380 753 2425 et
782 2367 1033 2439 quidquid
1062 2366 1185 2421 boni
1216 2381 1321 2420 non
1351 2363 1473 2420 facit
1495 2373 1587 2419 aut
1607 2365 1730 2419 mali
1753 2365 2058 2436 committit,

486 2476 587 2517 nec
626 2460 882 2531 Sjubcbit
934 2457 1085 2525 fieri,
1135 2471 1235 2512 nec
1286 2455 1487 2511 vetabit
1531 2455 1653 2526 quia
1706 2457 2060 2512 necessariam

486 2548 516 2590 δ
537 2551 762 2609 docendi
784 2549 1153 2605 auctoritatem
1177 2546 1550 2604 contrarietate
1576 2559 1685 2601 suae
1713 2546 1944 2603 actionis
1969 2553 2063 2602 aut

488 2642 706 2709 amittit,
737 2649 829 2696 aut
857 2640 1069 2694 minuit.

1069 2728 1294 2786 CAPUT
1335 2727 1475 2783 XVI.

491 2822 655 2889 Quale
683 2819 966 2891 periculum
998 2828 1199 2872 maneat
1226 2835 1311 2873 eos
1337 2819 1424 2889 qui
1462 2816 1748 2891 Ecclesium
1773 2818 1868 2873 sibi
1896 2820 2062 2874 credi-

555 2903 659 2945 tam
684 2889 759 2945 uel
784 2891 1069 2961 relinquere
1086 2890 1278 2954 volunt,
1314 2892 1389 2944 uel
1410 2897 1612 2944 strenue
1635 2889 1915 2959 gubernare
1938 2907 2062 2945 con-

557 2971 807 3018 temnunt.

555 3097 681 3153 Haec
715 3106 875 3167 atque
904 3095 989 3151 his
1029 3093 1222 3149 similia
1260 3102 1619 3151 memorantes
1665 3094 1681 3132 ί
1723 3096 2061 3166 episcopatus

484 3205 580 3247 vos
626 3190 829 3259 accepti
882 3186 1134 3258 paenituit
1173 3204 1187 3241 :
1238 3187 1360 3257 qui,
1389 3186 1526 3242 sicut
1571 3187 2059 3245 adtninistrtttorem

483 3295 636 3337 suum
662 3320 680 3345 ,
730 3279 774 3333 si
806 3279 820 3329 i
862 3277 1027 3345 probe
1056 3275 1478 3343 administretur,
1508 3277 1780 3342 illustrat,
1810 3281 1881 3333 ita
1932 3294 2060 3334 con-

484 3378 801 3438 temptorem
846 3381 999 3422 suum
1027 3366 1369 3421 condemnat.
1402 3366 1643 3435 Denique
1672 3369 1915 3424 volentes
1961 3370 2060 3425 Ec-

482 3462 699 3516 clesiam
729 3457 878 3513 vobis
917 3457 1177 3512 creditam
1202 3496 1217 3522 ,
1264 3458 1409 3510 velut
1439 3457 1671 3525 impares
1713 3458 1762 3512 ei
1812 3459 2057 3529 regendae

482 3552 756 3609 dimittere
777 3591 793 3617 ,
846 3559 1007 3618 atque
1034 3549 1087 3602 in
1118 3548 1349 3617 aliquam
1378 3548 1720 3604 solitudinem
1742 3549 1766 3588 ιι
1800 3567 1907 3606 non
1949 3560 2054 3606 tam

482 3643 658 3701 studio
687 3641 883 3712 quietis
905 3654 1063 3709 quam
1084 3638 1252 3708 ipsius
1280 3636 1441 3692 officii
1472 3642 1635 3694 vestri
1677 3641 2057 3711 desperatione

482 3732 759 3797 secedere,
782 3729 925 3785 nulla
946 3743 1033 3784 res
1059 3728 1161 3782 alia
1183 3727 1335 3782 vobis
1357 3728 1532 3799 exegit
1561 3728 1614 3784 in
1638 3731 1829 3786 melius
1850 3741 2056 3790 mutare

481 3823 793 3888 consilium,
845 3820 947 3877 nisi
987 3820 1127 3891 quod
1158 3819 1314 3875 veriti
1341 3820 1471 3876 eStis
1503 3821 1796 3891 periculum
1834 3822 1852 3861 ι
1885 3826 2055 3895 majus

481 3916 796 3971 incurrere:
828 3912 1078 3983 quoniam
1110 3911 1157 3967 si
1197 3912 1553 3982 periculosum
1590 3923 1673 3969 est
1699 3914 1874 3970 navim
1916 3916 2056 3972 inter

481 4008 670 4062 ﬂuctus
695 4013 849 4060 caute
869 4017 975 4057 non
999 4017 1207 4073 regere,
1238 4011 1438 4071 quanto
1462 4004 1811 4073 periculosius
1834 4016 1915 4063 est
1934 4023 2053 4065 eam

481 4098 638 4151 undis
689 4094 1171 4150 intumescentibus
1237 4094 1581 4150 ﬂuctuantem
1641 4097 1694 4151 in
1741 4106 2055 4167 tempestate

480 4189 815 4259 relinquere?
837 4187 918 4242 Ad
938 4203 1098 4257 quam
1120 4187 1256 4243 sicut
1271 4197 1310 4224 ω
1328 4188 1494 4243 satius
1509 4197 1593 4243 est
1615 4203 1719 4245 non
1736 4192 2046 4263 ascendere,

482 4282 553 4335 ita
587 4279 751 4334 semel
779 4290 1081 4349 susceptam
1109 4279 1358 4334 convenit
1383 4279 1689 4337 ﬂuctuantis
1724 4283 1892 4354 pelagi
1924 4300 2051 4355 pro-

481 4373 616 4442 iecta
647 4371 950 4437 formidine,
976 4386 1039 4426 ac
1064 4384 1160 4441 spe
1188 4372 1533 4441 perveniendi
1561 4384 1849 4445 concepta,
1880 4393 2050 4451 usque

2163 1814 2291 1868 moti
2341 1814 2576 1884 graviter
2599 1812 2953 1882 ingemuistis,
2979 1829 3072 1868 vos
3119 1815 3169 1868 in
3211 1828 3327 1869 eam
3360 1816 3722 1872 necessitatem

2161 1904 2324 1961 fuisse
2363 1906 2682 1975 perductos,
2725 1920 2884 1975 quam
2917 1919 3015 1959 nec
3055 1904 3277 1973 implere
3301 1905 3481 1974 aliquo
3527 1908 3725 1973 studio,

2162 2013 2261 2055 nec
2288 1998 2405 2055 sine
2428 2007 2646 2067 peccato
2663 1997 2962 2067 relinquere
2985 1995 3237 2052 valeretis
3257 2015 3270 2062 ;
3290 2012 3352 2052 ac
3368 1998 3585 2067 deinde,
3617 2014 3725 2054 cum

2163 2091 2261 2159 piis
2290 2090 2574 2161 gemitibus
2604 2090 2816 2154 vestris,
2841 2105 2902 2145 ea
2932 2104 3034 2160 qua
3062 2100 3090 2139 ει
3118 2088 3274 2143 vobis
3300 2090 3591 2145 obstrictus
3620 2108 3726 2146 sunt

2161 2182 2337 2239 cordis
2367 2182 2648 2238 aﬂ‘cctione
2676 2197 3011 2251 compassus,
3034 2182 3236 2237 orando
3263 2197 3357 2237 vos
3387 2192 3408 2220 τ
3441 2183 3551 2238 disi
3582 2200 3726 2253 posse

2162 2274 2420 2345 perficere
2467 2274 2607 2344 quod
2666 2290 2771 2329 non
2830 2274 3056 2344 possetis
3113 2274 3356 2328 docendo
3406 2288 3728 2345 suggerere;

2161 2365 2386 2436 plusque
2416 2364 2600 2421 fideles
2626 2365 2917 2420 catholicos
2947 2365 3101 2420 bonis
3147 2366 3434 2434 exemplis,
3465 2382 3629 2435 quam
3657 2368 3727 2421 lu-

2161 2457 2388 2513 culentis
2421 2458 2599 2513 verbis
2629 2458 2806 2512 solere
2845 2458 3135 2526 proficere;
3175 2473 3398 2526 eamque
3442 2469 3565 2513 esse
3594 2474 3729 2513 suru-

2162 2565 2304 2606 mam
2354 2550 2754 2620 perfectamque
2797 2549 3092 2602 doctrinam
3124 2589 3139 2615 ,
3192 2564 3348 2618 quam
3403 2552 3730 2604 conversatio

2162 2640 2458 2710 spiritualis
2494 2649 2516 2677 ³
2548 2639 2871 2705 05tenderit,
2914 2654 3019 2693 non
3063 2655 3220 2708 quam
3259 2640 3430 2695 inanis
3456 2656 3639 2696 sermo
3661 2642 3728 2711 ja-

2162 2733 2397 2799 ctitarit;
2433 2747 2529 2788 nec
2548 2734 2566 2770 ί
2593 2747 2623 2787 a
2648 2734 2801 2787 nobis
2832 2732 2883 2785 in
2912 2732 2999 2787 die
3024 2732 3211 2802 judicii
3240 2733 3401 2788 verba
3429 2734 3728 2803 quaerenda,

2160 2824 2257 2880 sed
2306 2838 2502 2895 opera;
2549 2837 2650 2879 nec
2699 2822 2853 2879 facile
2897 2831 2924 2859 ιι
2967 2823 3274 2893 persuaderi
3314 2837 3434 2879 esse
3482 2824 3733 2893 possibile

2161 2916 2303 2983 quod
2333 2915 2489 2971 docet
2516 2915 2695 2985 lingua
2719 2959 2735 2985 ,
2767 2916 2812 2970 si
2844 2929 2875 2969 a
2905 2916 3082 2986 lingua
3119 2916 3220 2970 vita
3251 2916 3563 2981 dissentiat;
3607 2915 3730 2971 illud

2162 3018 2341 3065 autem
2365 3018 2394 3046 ν
2423 3008 2632 3077 probari
2664 3007 2941 3078 possibile,
2972 3008 3113 3079 quod
3155 3008 3269 3064 sive
3298 3008 3558 3077 praedices
3581 3051 3596 3071 .
3627 3010 3737 3063 sive

2085 3075 2132 3140 (ἶ
2163 3116 2270 3157 non
2301 3075 2582 3171 praedices,
2606 3075 2848 3155 iaciendo
2871 3075 3176 3165 confirmas,
3207 3108 3260 3154 et
3284 3075 3477 3154 imitari
3510 3100 3732 3155 volenti~

2162 3192 2263 3248 bus
2315 3206 2437 3247 cum
2485 3189 2715 3262 quadam
2755 3189 3105 3245 delectatione
3145 3189 3313 3260 ipsius
3371 3189 3731 3259 possibilitatis

2163 3292 2190 3321 κ
2228 3283 2464 3339 inculcas
2486 3299 2499 3336 :
2525 3296 2619 3337 vos
2649 3296 2765 3337 mea
2794 3282 3134 3351 suggestione
3164 3279 3433 3351 paululum
3461 3279 3731 3344 delectati,

2147 3376 2264 3432 'hoc
2294 3375 2557 3446 protinus,
2588 3373 2634 3429 si
2664 3388 2750 3428 me
2776 3388 2883 3427 non
2917 3372 3078 3428 habet
3105 3372 3331 3441 oblivio,
3361 3371 3635 3428 retulistis.

2723 3503 2948 3561 CAPUT
2987 3503 3173 3559 XVIII.

2161 3600 2310 3667 Quod
2350 3615 2533 3668 parum
2569 3597 2736 3661 ualeat
2765 3598 2992 3665 exemplo
3028 3597 3235 3668 agenda
3268 3604 3582 3661 monstrare,
3635 3594 3735 3649 nisi

2228 3666 2381 3724 etiam
2419 3685 2533 3739 qua:
2571 3671 2671 3722 sint
2709 3669 2961 3723 credenda
3002 3666 3232 3721 docendo
3276 3669 3516 3721 sacerdos
3561 3677 3721 3721 osten-

2228 3741 2381 3795 derit.

2229 3831 2297 3885 Et
2319 3830 2429 3899 jam
2452 3829 2496 3884 si
2520 3836 2628 3884 tota
2656 3827 2916 3898 perfectio
2942 3825 2996 3881 in
3018 3840 3181 3896 opere
3201 3832 3424 3890 tantum,
3446 3841 3553 3880 non
3575 3825 3728 3881 etiam

2155 3923 2209 3978 in
2254 3922 2358 3978 ﬁde
2384 3919 2727 3986 consisteret,
2759 3934 2859 3975 nec
2883 3918 3010 3989 quid
3048 3918 3209 3973 homo
3237 3916 3595 3982 credidisset,
3632 3916 3731 3971 sed

2154 4014 2279 4087 quid
2308 4015 2506 4085 egisset
2531 4013 2583 4068 in
2607 4013 2693 4069 die
2715 4012 2898 4083 judicii
2930 4019 3279 4081 quereretur,
3306 4010 3425 4081 quis
3446 4010 3548 4065 erit
3572 4018 3729 4064 tantae

2154 4109 2490 4176 arrogantize,
2531 4106 2644 4175 qui,
2676 4104 3050 4160 ecclesiastica:
3078 4103 3338 4159 doctrina:
3363 4111 3391 4149 Y
3415 4103 3730 4157 auctoritate

2154 4201 2415 4271 neglecta,
2440 4197 2509 4254 de
2554 4212 2650 4253 sua
2690 4196 2792 4251 sibi
2815 4196 3018 4266 justitia
3048 4194 3381 4249 blandiatur?
3411 4202 3432 4229 ι
3461 4207 3579 4247 cum
3617 4205 3725 4245 non

2153 4288 2655 4365 solum,secundum
2682 4287 2998 4357 Apostolum
3025 4282 3079 4356 (1
3086 4282 3112 4337 Ι
3137 4283 3313 4338 Thess.
3336 4296 3415 4344 ut.
3438 4282 3502 4347 9;
3535 4281 3558 4335 ι
3583 4280 3722 4334 Petr.

2155 4398 2207 4447 v,
2247 4378 2302 4451 5)
2333 4395 2435 4435 nos
2473 4386 2720 4448 oporteat
2756 4376 2982 4432 formam
3024 4375 3263 4444 praebere
3305 4372 3582 4437 ﬁdelibus,
3627 4369 3722 4425 sed

482 4467 533 4520 in
564 4474 772 4533 portum
801 4465 919 4519 sine
947 4462 1050 4517 ulla
1073 4464 1324 4517 mercium
1347 4463 1554 4531 jactura
1586 4467 1897 4534 perducere.
1921 4445 2051 4539 Quae
2077 4445 2128 4506 ί)
2152 4445 2448 4532 8113111808
2476 4445 2619 4542 ipsos
2649 4470 2861 4538 ﬁdeles,
2892 4456 2984 4540 qui
3026 4469 3179 4523 nobis
3208 4466 3463 4522 divinitus
3492 4474 3546 4502 ιιι
3574 4463 3720 4517 insti-

480 4573 602 4612 cum
623 4555 776 4612 vobis
798 4554 1125 4624 comparatio
1144 4553 1452 4624 placuisset,
1476 4557 1692 4628 adjunxi
1727 4576 1737 4611 :
1764 4559 1831 4615 Et
1849 4559 2050 4621 idcirco

550 4701 576 4729 ι
605 4691 700 4746 Ms.
732 4689 862 4758 Reg.
897 4699 1053 4750 unus,
1082 4684 1276 4758 reddet.

550 4759 578 4798 δ
610 4763 706 4815 Ms.
732 4757 885 4813 (lolb.
912 4771 1078 4821 unus,
1105 4757 1328 4826 injustis.

552 4842 573 4870 ο
607 4830 705 4885 Ed.
735 4828 946 4893 Colon.,
977 4827 1349 4896 prmjudicium.

549 4898 575 4938 ἀ
599 4902 722 4955 Mss.
746 4896 1289 4970 quitt_que,_ambitioni
1307 4899 1424 4968 jam
1452 4898 1604 4967 ﬁnem
1626 4901 1815 4970 ponite.

554 4981 577 5009 ο
607 4972 705 5025 Ms.
734 4966 947 5031 Camb},
969 4966 1325 5019 ebriositatem.
1456 4966 1467 4995 7

558 5039 575 5079 ί
606 5042 702 5095 Ms.
731 5036 885 5092 Colb.
912 5044 1067 5103 nnits,
1093 5036 1352 5105 gravidus.

551 5121 577 5159 s
607 5111 701 5164 Ms.
728 5108 879 5165 Colb.
906 5122 1061 5169 unus,
1091 5121 1183 5158 uec
1200 5107 1349 5175 jubet
1372 5106 1503 5175 ﬁeri,
1527 5123 1617 5163 nec
1638 5119 1788 5164 retat.

548 5180 576 5218 ιι
602 5182 700 5236 Ms.
730 5178 880 5249 Colb.
911 5192 1049 5249 unus
1070 5218 1082 5239 ,
1115 5176 1337 5249 dxeendi.

555 5251 570 5289 ί
604 5251 729 5306 Mss.
760 5246 911 5304 COlb.
950 5248 1083 5321 duo,
1109 5246 1453 5321 episwpatum
1483 5263 1569 5321 uos
1595 5251 1864 5321 accepisse.

550 5324 563 5372 l
604 5322 701 5375 Ms.
726 5334 882 5383 unus,
912 5318 1133 5384 provide.
1165 5318 1262 5370 Ms.
1286 5317 1440 5385 alter,
1467 5320 1510 5372 si
1542 5321 1694 5389 probe
1713 5317 2039 5376 ministretur.

548 5391 571 5429 ’ί
598 5390 723 5445 Mss.
748 5402 951 5457 septem
978 5390 1230 5443 omittunt
1263 5402 1388 5441 non.

549 5460 570 5504 1
611 5462 709 5516 διε,
740 5474 896 5527 unus,
922 5459 1101 5530 magis.
1135 5457 1433 5530 Mssetres,
1460 5461 1624 5530 magis
1663 5461 1965 5518 incumbere.

552 5538 586 5573 ἔα
611 5533 708 5587 Ms.
733 5546 892 5594 unus,
918 5528 1140 5583 sanctius
1159 5535 1253 5582 est.
1269 5527 1394 5584 Mss.
1413 5527 1641 5602 septem,
1657 5548 1759 5588 non
1779 5536 2035 5588 accedere.

559 5610 574 5637 ⁸
605 5603 729 5657 Mss.
754 5615 962 5667 omnes,
987 5614 1101 5668 quis
1116 5612 1319 5665 aggere.

552 5682 574 5711 δ
598 5673 721 5727 Mss.
741 5672 892 5726 Culb.
922 5672 1028 5727 duo
1053 5668 1255 5723 addunt
1280 5669 1379 5725 sui.

2158 4565 2335 4624 tuendi
2357 4563 2628 4621 commissi
2650 4571 2796 4627 sunt,
2819 4562 3085 4617 instruere
3108 4559 3401 4617 debeamus
3425 4574 3441 4614 :
3462 4556 3527 4613 de
3548 4555 3721 4619 Patre,

2228 4705 2255 4744 Ρ
2277 4695 2403 4750 Mss.
2442 4703 2572 4757 tres,
2603 4704 2751 4762 atque
2776 4691 2856 4745 Itis
2880 4692 3089 4745 similia.

2225 4775 2252 4815 tt
2276 4766 2372 4820 Ms.
2395 4780 2554 4828 unus,
2583 4779 2613 4814 a
2640 4763 2774 4816 vobis
2802 4762 3038 4815 astrictus
3060 4775 3192 4815 sum.

2230 4845 2253 4872 τ
2283 4836 2371 4891 Sic
2390 4826 2631 4888 editi.At
2658 4847 2787 4885 mss.
2813 4834 3047 4901 quinque
3072 4830 3327 4901 omittunt
3349 4842 3533 4883 vocem
3551 4826 3719 4901 dixit.

2156 4906 2252 4960 Ms.
2276 4908 2432 4968 alter,
2449 4905 2644 4957 orando
2658 4918 2742 4955 vos
2757 4919 2818 4969 po
2830 4896 2899 4956 'se
2914 4896 3296 4969 perﬁcerequod
3308 4915 3408 4952 non
3426 4896 3722 4969 possitisdo-

2140 4976 2309 5028 'cendo
2330 4966 2664 5044 suggererem.
2686 4966 3352 5044 Aliquis,dicendo.’Alius,
3372 4985 3475 5021 non
3493 4966 3716 5038 potestis.

2226 5053 2248 5080 ⁸
2276 5050 2347 5097 Ita
2377 5042 2526 5098 editi.
2561 5047 2628 5095 At
2658 5058 2785 5095 mss.
2824 5052 2951 5104 tres,
2983 5042 3295 5105 ostenderet,
3329 5054 3430 5091 non
3451 5053 3717 5107 φωνην...

2138 5114 2580 5185 jactitaret._Mss_.
2610 5113 2744 5185 duo,
2778 5113 3017 5180 jactaret.
3046 5111 3145 5163 Ms.
3192 5110 3411 5185 unicus,
3430 5105 3716 5185 iactaverit.

2223 5188 2240 5221 ι
2277 5185 2314 5239 S
2336 5201 2365 5238 c
2386 5182 2512 5238 edit.
2541 5181 2707 5251 Lugd.
2741 5175 2859 5235 cum
2882 5194 3012 5234 mss.
3037 5195 3153 5235 sex.
3176 5178 3309 5234 Alite
3330 5178 3484 5247 edit.,
3506 5194 3538 5231 α
3558 5175 3715 5230 vobis.

2217 5264 2244 5291 ιι
2269 5256 2392 5307 Mss.
2423 5262 2671 5322 quatuor,
2706 5254 3030 5322 persuadere.

2217 5335 2246 5363 ν
2272 5324 2398 5378 Mss.
2429 5321 2672 5392 quatuor,
2705 5321 2938 5388 probare.

2217 5402 2247 5433 ι
2272 5395 2369 5448 Ms.
2395 5406 2552 5456 unus,
2577 5394 2856 5463 indu/gas.

2216 5473 2245 5513 γ
2278 5465 2403 5518 Mss.
2435 5475 2543 5517 tres
2572 5461 2747 5521 Colb.)
2774 5461 3006 5515 utilita'e.

2219 5543 2240 5570 ι
2272 5532 2395 5587 Mss.
2422 5536 2678 5603 quinque,
2703 5533 2927 5603 Atcum.
2950 5529 3045 5584 Ms.
3076 5527 3235 5603 alter,
3263 5536 3504 5603 autcum.

2216 5610 2274 5640 ιι·
2307 5590 2590 5667 Μεςὶαιισζ
2619 5590 2812 5655 tuendi.
2841 5602 2941 5654 Μ..
2969 5614 3125 5662 unus.
3152 5590 3400 5653 intuendi.
3430 5590 3722 5667 Ms._allt‘r-

2144 5672 2444 5727 instruendi.
2502 5664 2600 5726 Ms.
2631 5672 2765 5727 alius
2785 5714 2800 5732 .
2835 5674 3004 5726 divino
3050 5671 3278 5725 instituto
3302 5664 3547 5724 commissi
3574 5677 3721 5718 sun.»
