4024 6176
260 317 352 373 ιπδ
1309 306 1398 361 DE
1437 306 1593 359 VITA
1635 305 1852 360 CONTl’.

1964 304 2200 361 LATIVA
2244 306 2368 362 LIB.
2413 306 2454 364 1.
3402 314 3505 368 451

253 425 521 502 quomodo
566 424 711 481 solus
749 420 1042 491 accipiatur
1068 419 1361 489 ingenitus;
1394 418 1460 473 de
1491 418 1663 483 Filio,
1688 433 1828 487 quo-
1856 421 1905 479 Α
1934 419 2153 473 stillcat.
2187 418 2255 474 Et
2287 418 2409 477 ideo
2449 420 2494 476 si
2525 418 2689 475 corde
2727 419 2959 476 creditur
2980 420 3047 478 ad
3081 421 3376 491 justitiam,
3418 439 3511 479 ore

260 520 415 575 modo
446 534 512 573 ex
535 518 651 585 ipso
672 516 742 570 sit
766 516 998 586 genitus,
1028 512 1093 568 de
1108 512 1306 581 Spiritu
1333 520 1541 576 sancto,
1564 513 1834 581 quomodo
1937 520 2117 575 autem
2139 510 2410 567 confessio
2437 512 2495 567 ﬁt
2521 511 2588 566 ad
2616 511 2871 577 salutem;
2901 510 2918 551 ι
2948 514 3038 583 qui
3058 529 3165 569 non
3195 514 3512 579 crediderit,

260 629 318 667 ex
352 613 511 666 Patre
539 619 593 664 et
644 607 785 663 Filio
814 617 841 646 α
873 605 1197 675 procedens,
1247 619 1347 659 nec
1373 603 1640 674 ingenitus
1669 604 1835 672 possit

262 702 407 769 dici,
458 716 559 755 nec
586 700 829 770 genitus;
874 697 1103 766 qualiter
1132 697 1232 751 ista
1264 696 1361 750 tria
1407 710 1567 749 unum
1614 693 1751 760 sint,
1782 702 1837 771 et

263 796 361 849 huc
411 808 575 847 unum
617 806 725 845 non
774 789 1060 857 dividatur,
1090 788 1185 843 sed
1214 787 1570 857 distinguatur
1591 786 1643 840 in
1690 787 1786 840 tria
1821 803 1834 838 :

262 882 714 957 quemadmodum
738 896 839 937 nec
867 882 1043 945 Pater,
1075 894 1175 935 nec
1200 879 1432 947 Spiritus
1461 887 1706 943 sanctus,
1743 876 1837 931 sed

262 976 408 1031 solus
427 972 593 1029 Filius
609 972 677 1028 de
697 972 812 1028 solo
832 971 992 1026 Patre
1013 969 1351 1025 ineﬁ‘abiliter
1375 978 1546 1032 natus,
1569 968 1837 1023 hominem

263 1075 431 1121 totum
460 1065 579 1119 sine
604 1063 709 1118 ulla
730 1062 1022 1118 mutatione
1042 1061 1351 1115 substantia:
1379 1074 1489 1113 sua:
1511 1057 1836 1124 susceperit;

268 1171 325 1212 ac
352 1170 413 1212 se
444 1156 612 1212 Deum
640 1160 698 1209 et
725 1152 995 1208 hominem
1026 1165 1208 1206 verum
1239 1165 1334 1221 per
1357 1150 1600 1215 virtutes,
1632 1148 1839 1219 passio-

267 1259 468 1315 nesque
500 1243 836 1314 probaverit,
866 1239 1248 1309 comprehendi
1281 1238 1617 1308 permiserit,
1667 1238 1842 1294 occidi

268 1335 517 1397 voluerit,
550 1332 703 1389 tertia
733 1332 820 1386 die
847 1329 1221 1396 resurrexerit,
1254 1329 1281 1367 δ
1306 1330 1358 1383 in
1385 1328 1549 1383 caelos
1572 1326 1843 1382 hominem

269 1428 332 1481 de
360 1424 519 1480 nobis
566 1431 896 1491 assumptum
925 1436 1020 1476 sua
1062 1420 1255 1474 virtute
1285 1419 1542 1474 levaverit
1562 1462 1577 1486 ,
1607 1432 1717 1471 sua:
1761 1431 1846 1471 re-

269 1514 618 1571 surrectionis
656 1513 905 1582 exemplo
948 1510 1103 1566 nobis
1142 1510 1474 1580 regeneratis
1502 1510 1555 1562 in
1596 1523 1656 1563 se
1693 1522 1845 1578 spem

270 1606 500 1662 feliciter
520 1602 834 1674 resurgendi
870 1602 1207 1671 praestiterit;
1240 1600 1476 1654 membra
1522 1612 1619 1653 sua
1645 1611 1742 1651 nos
1773 1598 1849 1652 ie-

271 1698 433 1762 cerit;
467 1709 577 1750 non
619 1693 962 1748 credentibus
1005 1691 1150 1757 sibi,
1179 1692 1265 1745 vel
1308 1706 1335 1743 a
1366 1704 1426 1746 se
1473 1687 1847 1744 recedentibus

1938 618 2047 657 non
2072 602 2321 657 habendo
2346 602 2503 657 ﬁdem
2522 643 2537 668 ,
2566 618 2667 658 nec
2684 603 2946 672 justitiam
2988 605 3168 663 cordis
3196 606 3393 663 habere
3423 622 3513 678 po-

1939 695 2090 758 terit,
2120 709 2221 751 nec
2242 695 2491 751 salutem.

2530 786 2756 843 CAPUT
2795 786 2912 842 XX.

1947 880 2094 948 Quod
2131 880 2261 934 nihil
2299 882 2457 949 prosit
2513 882 2801 942 sacerdoti.
2855 882 3053 938 etiamsi
3100 884 3221 937 bene
3264 882 3432 949 vivat,
3472 885 3516 938 si

2176 951 2309 1004 male
2328 952 2568 1005 viventem
2597 953 2805 1006 tacendo
2833 951 2869 972 ⁸³³
2900 969 3000 1007 non
3022 953 3265 1025 corrigat.

2016 1067 2067 1121 ί.
2090 1066 2239 1133 Quod
2270 1081 2399 1121 vero
2427 1066 2557 1121 dicit
2586 1067 2875 1135 Apostolus
2897 1066 2945 1139 (l
2980 1067 3123 1122 Petr.
3147 1084 3199 1134 v,
3223 1068 3305 1136 3),
3336 1076 3393 1123 ut
3422 1083 3518 1121 nos

1943 1163 2168 1213 formam
2194 1158 2485 1214 debeamus
2514 1160 2769 1215 exhibere
2796 1160 3072 1225 ﬁdelibus,
3114 1162 3240 1232 quid
3286 1162 3515 1227 valebit,

1945 1252 1989 1304 si
2016 1251 2058 1304 is
2088 1251 2174 1305 cui
2204 1252 2284 1305 vel
2315 1251 2638 1306 exhortandi
2670 1253 2873 1318 bonos,
2906 1254 2987 1308 vel
3029 1254 3320 1324 castigandi
3351 1255 3520 1309 malos

1945 1358 2071 1399 cura
2098 1344 2385 1399 commissa
2417 1354 2520 1408 est,
2545 1345 2682 1400 bene
2701 1346 2929 1400 vivendo
2953 1360 3012 1400 se
3035 1347 3344 1401 imitandum
3368 1348 3522 1401 bonis

1948 1432 2220 1500 exhibeat,
2276 1443 2333 1490 et
2361 1435 2529 1489 malos
2578 1434 2801 1489 tacendo
2828 1451 2932 1490 non
2979 1438 3247 1506 corrigat?
3292 1438 3369 1492 Ad
3420 1440 3522 1493 hoc

1947 1525 2089 1581 enim
2108 1568 2123 1591 ,
2149 1525 2249 1579 nisi
2292 1539 2380 1579 me
2409 1524 2538 1580 fallit
2568 1525 2766 1596 opinio,
2800 1536 2984 1582 sancte
3010 1527 3295 1581 vivendum
3327 1536 3411 1581 est
3438 1543 3525 1581 sa-

1948 1616 2174 1680 cerdoti,
2205 1631 2272 1671 ne
2295 1616 2436 1670 dicta
2463 1631 2555 1671 sua
2585 1619 3004 1686 repugnantibus
3026 1618 3176 1673 factis
3203 1627 3455 1682 evacuet;
3479 1620 3522 1672 si

1951 1706 2092 1777 quod
2115 1707 2366 1776 praedicat
2386 1707 2502 1762 ﬁeri
2524 1708 2719 1763 debere
2738 1723 2844 1763 non
2870 1708 3054 1774 faciat,
3077 1718 3165 1763 aut
3188 1710 3230 1764 si
3256 1708 3396 1779 quod
3419 1723 3527 1763 non

273 1790 595 1861 supplicium
647 1785 1002 1842 comminatus
1045 1785 1155 1851 sit,
1203 1794 1262 1839 et
1309 1782 1703 1838 adhaerentibus
1737 1780 1844 1854 sibi
1874 1765 1924 1827 Β
1954 1765 2077 1853 facit
2109 1765 2399 1866 έπεειιίωη,
2428 1800 2848 1869 ρτωευωρεοι-ει,
2881 1808 2910 1835 n
2933 1799 2989 1854 Si
3020 1765 3196 1854 amem
3223 1765 3380 1855 δήια..
3399 1814 3531 1868 ομ,

276 1897 499 1955 regnum
529 1879 753 1937 caeleste
781 1877 1106 1949 promiserit.

849 1967 1074 2023 CAPUT
1112 1965 1254 2021 XIX.

281 2067 353 2122 De
376 2062 714 2146 virtutefdei
730 2102 748 2129 ,
775 2060 1016 2146 qut-adad
1042 2075 1154 2146 eam
1181 2075 1284 2111 non
1313 2056 1480 2137 solum
1512 2054 1712 2146 credere
1730 2094 1745 2118 ,
1775 2054 1852 2109 vel

430 2127 741 2205 intelligere,
766 2127 853 2187 sed
872 2131 1025 2184 etiam
1044 2130 1164 2183 bene
1191 2130 1389 2198 operari
1419 2127 1688 2195 pertineat.

347 2252 473 2307 llrec
506 2260 531 2289 ο
558 2258 616 2304 et
642 2247 771 2314 alia,
801 2255 858 2301 et
876 2242 1126 2300 sacerdos
1154 2255 1311 2295 nosse
1336 2239 1514 2301 debet,
1546 2248 1603 2292 ut
1631 2237 1850 2302 doceat,

282 2354 330 2397 et
382 2340 613 2412 populus
651 2336 896 2401 credere,
927 2332 1038 2389 utd
1083 2347 1203 2402 qua:
1253 2332 1506 2386 doceatur
1561 2327 1851 2398 intelligat;

283 2444 306 2470 ε
334 2432 549 2487 dicente
569 2427 826 2498 Apostolo
856 2442 872 2479 :
901 2424 1019 2478 Nisi
1041 2424 1384 2487 credideritis,
1427 2439 1527 2475 non
1562 2420 1854 2491 intelligetis

283 2522 431 2595 (lsai.
464 2536 565 2586 vu,
598 2518 653 2585 9,
675 2521 829 2589 juxta
861 2514 1050 2585 LXX).
1098 2513 1247 2569 Unde
1271 2512 1427 2567 datur
1456 2511 1602 2565 iutell
1623 2514 1672 2580 gi
1712 2510 1856 2581 quod

282 2630 385 2671 non
418 2611 550 2667 ﬁdes
588 2625 655 2665 ex
695 2607 1003 2671 intellectu,
1038 2606 1133 2660 sed
1163 2620 1232 2660 ex
1268 2604 1372 2659 ﬁde
1407 2603 1707 2659 intellectus
1744 2602 1858 2657 exi-

282 2717 417 2772 stat;
442 2702 463 2742 ί
491 2716 593 2758 nec
621 2702 709 2771 qui
741 2696 993 2769 intelligit
1008 2697 1210 2763 credat,
1229 2695 1323 2753 sed
1351 2696 1441 2771 qui
1468 2695 1636 2749 credit
1661 2694 1857 2749 intelli-

284 2810 395 2872 gat,
436 2809 489 2855 et
516 2798 607 2868 qui
651 2797 1002 2859 intellexerit,
1028 2793 1166 2849 bene
1198 2802 1349 2862 agat;
1380 2793 1515 2845 sicut
1557 2786 1681 2845 alibi
1721 2783 1857 2843 scri-

284 2902 437 2963 ptum
459 2899 541 2945 est
561 2907 576 2944 :
600 2886 779 2942 Noluit
802 2884 1100 2956 intelligere,
1116 2883 1303 2936 utbene
1319 2891 1485 2953 ageret
1506 2878 1677 2950 (Psal.
1700 2893 1855 2942 xxxv,

286 2981 363 3051 ι).
396 2980 512 3034 Non
541 2978 680 3033 dixit
715 2996 727 3031 :
761 2976 875 3031 Non
920 2975 1110 3046 potuit,
1137 2974 1230 3027 sed
1262 2974 1425 3026 noluit
1464 2970 1774 3041 intelligere;
1805 2980 1861 3024 ut

289 3072 421 3125 nihil
456 3070 599 3124 aliud
628 3069 767 3123 nolle
796 3067 1095 3136 intelligere
1123 3066 1349 3129 dictum,
1382 3079 1540 3135 quam
1571 3063 1713 3118 nolle
1737 3076 1858 3117 cre-

290 3160 420 3214 dere
448 3160 781 3223 noverimus;
812 3171 875 3212 ac
902 3171 993 3226 per
1022 3155 1126 3211 hoc
1149 3165 1207 3210 ut
1229 3156 1366 3210 bene
1393 3164 1512 3224 agat
1537 3152 1685 3223 quis‘,
1708 3154 1864 3208 intel-

291 3251 459 3319 ligere
479 3248 714 3317 studeat,
741 3256 798 3303 et
817 3258 874 3302 ut
904 3247 1181 3317 intelligat,
1205 3246 1408 3301 credat.
1444 3244 1547 3300 Sed
1576 3248 1696 3314 quia
1721 3244 1861 3299 idem

293 3341 588 3408 Apostolus
608 3338 738 3393 dicit
763 3355 775 3391 :
806 3336 966 3391 Fides
992 3352 1054 3390 ea:
1075 3338 1284 3402 auditu;
1303 3336 1509 3390 auditus
1537 3344 1703 3389 autem
1726 3344 1751 3383 ε
1776 3352 1865 3403 per

294 3431 499 3485 verbum
526 3431 624 3485 Dei
648 3430 824 3501 (Rom.
855 3445 911 3496 ι,
937 3426 1048 3497 17),
1071 3428 1228 3484 debet
1242 3427 1430 3483 doctor
1450 3428 1703 3483 Ecclesiae
1725 3443 1865 3498 prte-

296 3521 514 3585 dicare,
544 3520 687 3590 quod
713 3520 895 3574 audiat
932 3519 1233 3574 crediturus
1267 3537 1278 3572 :
1318 3519 1441 3588 quia
1466 3519 1581 3574 sine
1612 3520 1867 3588 praedica-

302 3611 448 3666 tione
469 3610 645 3664 nullus
658 3610 762 3665 erit
783 3609 1025 3673 auditus;
1044 3609 1234 3664 eodem
1256 3610 1513 3678 Apostolo
1534 3608 1559 3646 ιι
1582 3618 1868 3667 atteStaute

300 3709 464 3768 atque
478 3700 716 3755 dicente:
732 3699 999 3766 Quomodo
1019 3698 1228 3753 audient
1243 3699 1350 3753 sine
1363 3700 1667 3770 praedicante
1681 3700 1731 3773 (Ι
1738 3702 1823 3754 bid
1830 3743 1867 3767 .,

307 3793 439 3861 ll)?
459 3793 512 3849 Si
535 3807 662 3862 ergo
687 3792 910 3862 quilibet
934 3792 1051 3847 sine
1082 3792 1404 3862 praedicante
1426 3808 1529 3847 non
1559 3794 1727 3857 audit,
1755 3795 1872 3849 sine

302 3885 490 3938 auditu
514 3899 620 3938 non
642 3883 833 3954 credit,
864 3883 979 3939 sine
1008 3883 1112 3937 ﬁde
1141 3898 1246 3937 non
1279 3883 1543 3951 intelligit,
1576 3884 1691 3937 sine
1717 3884 1871 3938 intel-

304 3972 451 4027 lectu
497 3972 635 4027 bene
661 3989 765 4027 non
812 3974 948 4044 agit;
979 3974 1197 4028 verbum
1244 3972 1261 4009 ί
1310 3974 1433 4028 ﬁdei
1482 3973 1873 4042 prmdicandum

306 4071 412 4132 est,
462 4065 477 4113 l
527 4072 583 4118 ut
609 4064 829 4120 audiens
851 4066 1054 4133 credat,
1082 4067 1305 4121 credens
1333 4067 1615 4135 intelligat,
1647 4075 1701 4122 et
1724 4067 1876 4122 intel-

304 4152 485 4223 ligens
527 4152 728 4208 bonum
773 4170 907 4225 opus
962 4164 1369 4223 perseveranter
1404 4164 1697 4211 exerceat:
1746 4171 1880 4226 quo-

305 4246 458 4301 iam
486 4243 514 4283 ι
542 4260 662 4300 eum
683 4244 773 4316 qui
802 4253 978 4315 potest
1003 4248 1078 4300 uti
1109 4246 1289 4302 liberte
1317 4246 1605 4302 voluntatis
1630 4247 1876 4315 arbitrio,

305 4350 413 4391 nec
442 4349 603 4407 opera
631 4336 748 4392 sine
774 4335 907 4403 ﬁde,
938 4351 1039 4393 nec
1067 4337 1183 4393 sine
1208 4338 1458 4408 Operibus
1489 4338 1620 4395 ﬁdes
1648 4339 1759 4395 sola
1785 4340 1877 4411 ju-

383 4555 416 4617 f
446 4545 544 4602 Ms.
567 4560 724 4611 unus,
755 4546 819 4601 sit
842 4545 1136 4617 procedente,
1161 4561 1273 4617 nec.

380 4614 525 4697 l[Sic
557 4631 687 4673 mss.
720 4624 828 4672 tres
842 4614 1005 4671 Colb.
1034 4614 1197 4683 Editi,
1238 4615 1290 4667 in
1319 4615 1464 4669 caelo.
1513 4615 1613 4669 Ms.
1642 4614 1796 4685 alter,
1827 4616 1881 4669 in

306 4687 479 4741 caelis.

392 4766 416 4824 ξ
450 4755 525 4810 lta
554 4755 970 4824 mss.'quinque.
1003 4754 1161 4820 Editi,
1192 4763 1238 4807 et
1263 4753 1387 4808 alia.

385 4821 417 4861 δ
448 4826 574 4879 Mss.
603 4821 749 4889 tres,
764 4836 820 4878 ut
844 4821 904 4878 ea
932 4840 1045 4893 quae
1065 4825 1291 4878 docetur.

390 4904 417 4932 ⁸
452 4895 549 4949 Ms.
580 4909 740 4961 unus,
767 4892 1025 4949 dicam'de
1053 4894 1211 4965 (forte
1236 4892 1453 4963 dicente)
1481 4894 1760 4964 propheta,
1806 4894 1890 4950 vel

306 4964 613 5037 praphetia.
1064 4964 1067 4965 ⁷
1314 5033 1325 5045 1
1367 5034 1377 5045 _

392 5034 413 5073 ι
442 5034 541 5088 Ms.
575 5034 703 5102 Reg.
730 5049 888 5098 unus,
913 5050 1001 5087 nec
1024 5036 1142 5102 quia
1165 5033 1396 5101 intelligit
1416 5033 1608 5098 credat,
1633 5034 1719 5087 sed
1748 5034 1888 5101 quia.

388 5114 419 5151 Β
452 5104 547 5158 Ms.
580 5105 733 5160 Colb.
764 5119 933 5167 unus,
967 5121 1057 5170 per
1103 5105 1303 5157 verbum
1339 5102 1547 5157 Christi.
1589 5105 1714 5158 M~s.
1762 5105 1890 5167 duo,

305 5190 411 5243 per
455 5174 681 5228 verbum.
710 5174 811 5227 Alii
839 5188 959 5228 cum
1000 5174 1187 5240 editis,
1217 5190 1307 5243 per
1334 5173 1533 5227 verbum
1584 5173 1697 5240 Dei,
1739 5173 1890 5243 juxta

305 5247 502 5302 Graec.
533 5253 741 5299 textum
772 5244 1030 5312 Apostoli.

387 5312 421 5350 ⁸³
457 5313 615 5380 Editi,
650 5324 976 5368 contestante.
1001 5314 1098 5367 Ms.
1124 5329 1278 5378 unus,
1307 5322 1533 5368 testante.

394 5384 416 5423 ⁸
455 5384 582 5438 Mss.
609 5392 742 5451 tres,
769 5382 973 5437 verbum
1001 5382 1117 5437 Dei.

387 5464 410 5505 s
449 5454 550 5509 Ms.
580 5469 738 5517 unus,
771 5462 826 5507 ut
854 5454 1030 5506 audiat
1061 5463 1106 5505 et
1126 5454 1319 5508 credat.

387 5522 419 5561 ll
455 5524 582 5579 Hec
608 5524 803 5590 verba,
842 5539 957 5576 eum
986 5524 1074 5592 qui

299 5664 521 5733 tesguti.
556 5664 652 5719 Ms.
686 5664 841 5732 alter,
875 5664 1089 5733 potentis
1114 5666 1206 5717 uti.

392 5731 413 5771 ι
456 5732 553 5790 Ms.
578 5734 790 5804 Camb.,
829 5731 1069 5806 quoniam
1098 5737 1203 5801 qui.

387 5524 419 5561 ι
455 5524 582 5579 Haec
608 5524 803 5590 verba,
842 5539 957 5576 eum
986 5524 1074 5592 qui
1095 5535 1279 5647 (potest
1306 5526 1379 5579 uti
1408 5525 1580 5580 liberte
1623 5524 1900 5577 voluntatis

302 5593 568 5667 arbitrio,
584 5593 963 5667 desiderantur
983 5594 1036 5647 in
1052 5608 1092 5667 Ae
1132 5594 1192 5667 it.
1218 5593 1387 5667 Lugd.
1416 5595 1544 5654 Mss.
1568 5594 1696 5661 duo,
1725 5603 1902 5663 poten-

1953 1888 2055 1955 rit,
2081 1887 2214 1942 nihil
2242 1888 2384 1956 apud
2415 1903 2508 1943 eos
2533 1890 2622 1958 qui
2652 1890 2770 1952 ejus
2801 1889 2965 1943 vitam
2990 1903 3193 1944 novere
3220 1930 3238 1957 ,
3284 1890 3526 1958 proﬁcit;

1952 1980 2076 2049 quia
2102 1980 2169 2034 ad
2198 1980 2298 2034 hoc
2325 1988 2408 2034 est
2434 1979 2690 2036 Ecclesiae
2717 1981 2811 2036 Dei
2843 1981 3191 2051 praepositus,
3223 1990 3282 2035 ut
3310 1984 3416 2035 non
3441 1996 3530 2051 so-

1953 2074 2062 2128 lum
2084 2074 2222 2128 bene
2249 2072 2483 2127 vivendo
2501 2112 2518 2139 ,
2543 2073 2677 2128 alios
2705 2075 2950 2141 exemplo
2971 2088 3083 2128 suae
3106 2075 3530 2130 conversationis

1954 2162 2227 2227 instituat,
2263 2162 2354 2217 sed
2385 2163 2544 2217 etiam
2568 2162 2880 2217 ﬁducialiter
2907 2162 3268 2231 praedicando,
3293 2171 3318 2199 ο
3344 2162 3532 2234 singu-

1954 2256 2020 2310 lis
2040 2264 2165 2309 ante
2192 2254 2376 2308 oculos
2399 2262 2613 2321 peccata
2641 2270 2735 2307 sua
2756 2255 3043 2309 constituat
3062 2270 3077 2308 :
3096 2270 3217 2325 quae
3239 2269 3397 2323 pmna
3420 2270 3531 2308 ma-

1958 2354 2083 2401 neat
2107 2345 2292 2408 duros,
2310 2358 2429 2413 quae
2447 2344 2612 2413 gloria
2638 2344 2951 2401 obedien‘es
2979 2344 3256 2409 ostendat;
3282 2353 3311 2394 P
3332 2345 3531 2399 nullius

1956 2435 2183 2491 salutem
2231 2434 2565 2504 desperando
2614 2444 2953 2499 contemnat;
2993 2434 3200 2489 animas
3255 2433 3531 2489 emendari

1957 2526 2251 2582 nolentium
2301 2526 2549 2595 plangat,
2598 2525 2836 2582 imitatus
2889 2526 3238 2596 Aphstolum,
3276 2527 3365 2594 qui
3413 2527 3529 2578 ait:

1963 2617 2031 2673 Ut
2059 2617 2261 2690 lugeam
2293 2618 2479 2671 nmltos
2508 2632 2570 2671 ea:
2593 2617 2672 2670 his
2699 2617 2785 2687 qui
2810 2625 2926 2670 ante
2954 2623 3281 2686 peccaverunt
3299 2654 3315 2679 ,
3351 2622 3399 2668 et
3431 2630 3534 2667 non

1959 2717 2167 2780 egerunt
2194 2707 2535 2778 paenitentiam
2555 2704 2752 2777 (IICor.
2776 2722 2887 2769 xu,
2910 2705 3034 2774 21);
3058 2714 3112 2761 et
3140 2705 3332 2759 iterum
3358 2719 3375 2758 :
3406 2704 3533 2770 Quis

1960 2800 2271 2871 infirmatur,
2300 2807 2347 2852 et
2369 2813 2461 2868 ego
2490 2814 2590 2851 non
2618 2798 2889 2866 inﬁrmor?
2909 2797 3034 2863 Quis
3058 2796 3458 2860 scandalizatur,
3485 2802 3535 2847 et

1960 2908 2055 2964 ego
2086 2905 2185 2944 non
2217 2904 2338 2943 uror
2368 2887 2454 2958 (ll
2483 2886 2601 2941 Cor.
2634 2903 2709 2954 xt,
2731 2887 2863 2951 29)?

2031 2981 2088 3035 2.
2113 2981 2447 3047 Quapropter
2472 2977 2648 3032 sciens
2674 2976 2815 3046 quod
2846 2976 2890 3030 si
2935 2974 3256 3044 quibuslibet
3281 2972 3535 3028 divitibus

1967 3088 2030 3129 ac
2051 3072 2357 3144 potentibus
2379 3080 2407 3119 (ι
2430 3075 2633 3139 parcat,
2661 3067 2799 3122 male
2819 3067 3116 3123 viventibus
3136 3075 3315 3121 autem
3339 3064 3533 3124 faveat,

1963 3180 2059 3222 eos
2090 3164 2274 3234 perdat
2293 3161 2450 3217 simul
2476 3169 2531 3214 et
2561 3170 2585 3198 τ
2617 3168 2826 3229 pereat;
2859 3168 2914 3214 et
2951 3168 3134 3214 sancte
3162 3158 3345 3212 vivere
3376 3156 3538 3211 debet

1967 3263 2185 3325 propter
2211 3249 2514 3319 exemplum
2542 3289 2557 3314 ,
2607 3258 2662 3304 et
2703 3258 2725 3286 ι
2760 3249 2953 3305 docere
2979 3258 3194 3317 pmpter
3219 3262 3332 3302 suae
3366 3245 3537 3301 admi-

1969 3342 2300 3400 nistrationis
2324 3340 2556 3394 ofﬁcium
2584 3357 2596 3392 :
2625 3347 2804 3394 certus
2827 3337 2965 3407 quod
2988 3337 3037 3392 ei
3068 3336 3201 3391 nihil
3221 3351 3317 3392 sua
3334 3335 3537 3404 justitia

1968 3437 2307 3505 suffragetur,
2330 3432 2399 3488 de
2424 3431 2576 3500 cujus
2602 3445 2763 3485 manu
2795 3430 2970 3484 anima
2994 3427 3267 3497 pereuntis
3289 3425 3536 3496 exigitur.

1970 3529 2194 3600 Quando
2221 3528 2526 3598 quicunque
2551 3525 2691 3581 alius
2712 3524 2952 3595 perierit,
2970 3539 3126 3593 quem
3153 3522 3294 3577 nulla
3318 3519 3540 3595 docendi

1970 3620 2260 3677 necessitas
2303 3626 2514 3684 manet,
2553 3617 2701 3673 solus
2730 3631 2915 3686 pmnas
2945 3615 2963 3652 ί
2994 3614 3216 3670 sceleris
3244 3613 3328 3667 sui
3357 3612 3539 3676 dabit;

1972 3712 2064 3767 ille
2083 3718 2259 3765 autem
2283 3710 2367 3764 cui
2389 3708 2712 3779 dispensatio
2727 3706 2872 3762 verbi
2898 3705 3181 3761 commissa
3204 3713 3308 3769 est,
3336 3700 3544 3757 etiamsi

1974 3810 2159 3859 sancte
2183 3802 2359 3865 vivat,
2409 3808 2464 3855 et
2492 3809 2671 3855 tamen
2708 3798 2914 3865 perdite
2942 3799 3182 3852 viventes
3210 3810 3431 3863 arguere
3456 3802 3546 3843 aut

1976 3892 2278 3957 erubescat,
2312 3899 2405 3945 aut
2433 3898 2655 3955 metuat,
2687 3904 2808 3944 cum
2839 3888 3108 3952 omnibus,
3135 3887 3222 3955 qui
3250 3902 3315 3938 eo
3342 3894 3550 3938 tacente

1978 3980 2259 4051 perierint,
2285 3979 2443 4048 perit.
2486 3978 2552 4032 Et
2578 3977 2701 4046 quid
2735 3979 2783 4032 ei
2815 3977 3057 4046 proderit
3086 3991 3189 4030 non
3221 3975 3398 4044 puniri
3427 3988 3547 4038 suo,

1980 4070 2071 4140 qui
2099 4067 2395 4138 puniendus
2423 4074 2507 4123 est
2530 4067 2704 4121 alieno
2729 4067 2980 4135 peccato?
3003 4067 3251 4130 Mentior,
3267 4074 3297 4101 ιι
3317 4065 3420 4118 nisi
3443 4064 3544 4118 hoc

1984 4160 2242 4215 Dominus
2282 4172 2377 4227 per
2415 4157 2753 4212 Ezechielem
2788 4156 3102 4225 prophetam
3144 4156 3242 4210 sub
3273 4153 3549 4222 cujusdam

1984 4250 2204 4307 terroris
2226 4248 2627 4303 denuntiatione
2649 4246 2903 4315 loquitur,
2924 4246 3107 4301 dicens
3130 4245 3194 4298 ad
3217 4260 3370 4299 cum:
3393 4243 3459 4295 Et
3477 4252 3550 4306 tu,

1988 4342 2066 4413 ﬁli
2094 4341 2331 4407 hominis,
2352 4343 2720 4412 speculatorem
2740 4338 2857 4392 dedi
2878 4348 2925 4393 te
2944 4339 3121 4393 domui
3149 4336 3313 4393 Israel
3342 4335 3552 4407 (Ezech.

1904 4546 1959 4607 Ῑ)
2053 4554 2091 4583 ω
2118 4545 2218 4601 Ms.
2250 4542 2402 4599 Colb.
2429 4558 2589 4605 unus,
2623 4558 2723 4595 non
2753 4548 2952 4610 arguat.
2984 4540 3109 4610 Mss.
3145 4539 3249 4592 duo
3274 4537 3431 4606 Reg.,
3457 4537 3557 4592 δας

1987 4616 2273 4670 cerdotibus
2302 4614 2499 4668 etiamsi
2521 4617 2644 4666 bene
2670 4609 2930 4664 vivant....
2970 4609 3245 4677 corrigunt.

2059 4694 2088 4721 υ
2113 4686 2237 4740 Mss.
2270 4693 2471 4751 septem
2503 4691 2559 4736 et
2584 4681 2733 4735 ~edit.
2756 4680 2938 4751 Lugd.
2967 4694 3070 4751 non
3101 4679 3306 4751 habent
3330 4676 3468 4751 hmo,
3515 4678 3562 4729 si

1990 4764 2155 4808 autem
2177 4746 2525 4823 aliteregerit;
2554 4751 2606 4805 in
2635 4751 2716 4823 his
2737 4746 2931 4823 dein—de
2963 4749 3154 4818 legitur
3176 4746 3430 4816 proﬁciat,
3457 4761 3563 4801 non

1990 4825 2207 4895 proﬁcit.
2245 4821 2526 4895 Ms.f_unu_s,
2568 4821 2816 4895 proﬁciet.

2066 4885 2093 4929 τί
2114 4894 2237 4948 Μες.
2270 4893 2422 4949 Colb.
2448 4885 2577 4954 duo,
2606 4885 2819 4960 singulis
2868 4888 3162 4942 imitabilem
3210 4902 3264 4939 se
3315 4885 3563 4954 praebeat,

1992 4973 2141 5030 atque
2162 4975 2276 5017 ante
2303 4964 2497 5016 oculos.

2068 5043 2096 5083 P
2119 5034 2217 5088 Ms.
2252 5034 2381 5103 Reg.
2416 5045 2572 5094 unus,
2604 5029 2776 5103 nullus
2797 5029 3029 5103 salutem
3052 5026 3398 5103 desperando,
3443 5040 3568 5076 con-

1997 5112 2188 5157 temnat
2212 5096 2408 5157 aninias
2437 5100 2695 5155 entendari
2720 5098 3017 5161 nolentium,
3042 5096 3131 5151 sed
3160 5097 3390 5161 plangat.

2070 5184 2095 5221 (ι
2127 5174 2250 5227 Mss.
2286 5174 2413 5233 Reg.
2447 5173 2574 5237 duo,
2604 5180 2659 5225 et
2684 5168 2871 5225 Camb.
2904 5184 3023 5221 cum
3069 5165 3197 5221 edit.
3242 5163 3433 5237 Lugd.,
3461 5164 3568 5229 qui-

2001 5243 2213 5298 buslibet
2258 5245 2493 5300 diuitibus
2526 5235 2588 5295 ac
2631 5237 2913 5309 potentibus
2938 5238 3068 5290 male
3092 5235 3365 5309 viventibus
3398 5242 3571 5302 parcat

1998 5326 2088 5451 gat
2116 5318 2300 5383 faveat.
2353 5315 2454 5369 Ms.
2493 5307 2648 5367 Colb.
2689 5324 2847 5373 unus,
2871 5323 2931 5361 ac
2962 5307 3240 5376 potentibus
3268 5312 3441 5373 parcat
3482 5310 3572 5361 aut

2024 5393 2186 5439 aveat.
2562 5414 2566 5417 Α

2024 5393 2186 5439 aveat.
2562 5414 2566 5417 Α

2076 5463 2098 5491 τ
2129 5453 2227 5507 Ms.
2264 5465 2423 5515 unus,
2449 5451 2678 5520 perimat.

2078 5531 2099 5558 ³
2130 5521 2229 5575 Ms.
2263 5535 2417 5588 unus,
2448 5519 2493 5572 et
2524 5521 2605 5588 pie
2626 5519 2821 5588 docere.

2080 5592 2097 5625 ί
2128 5590 2253 5644 Mss.
2278 5583 2411 5656 Reg.
2444 5583 2569 5651 duo,
2602 5586 2707 5640 suis
2736 5583 3060 5656 ποιέο-ἔρως

2042 5729 2051 5739 _
2080 5666 2106 5693 υ
2139 5659 2212 5712 Ita
2236 5646 2594 5727 mssfseptem
2614 5670 2737 5714 cum
2759 5656 2890 5713 edit.
2906 5652 3073 5721 Lugd.
3100 5650 3260 5706 Duae.
3285 5656 3340 5703 et
3359 5646 3572 5716 Colon.,

2007 5744 2051 5784 81
2081 5744 2206 5783 "Oli.
