4024 6176
475 323 580 380 455

1794 320 2053 377 JUL‘IANI
2092 320 2373 378 POMEBII
3636 332 3731 388 456

476 454 665 502 xxxm,
682 436 758 507 7).
786 434 893 489 Nec
916 433 1017 489 boc
1044 439 1377 488 transeunter
1404 429 1662 487 debemus
1690 430 1897 497 audire,
1922 432 2063 502 quod
2090 436 2142 495 Α
2167 433 2349 503 sequia
2364 432 2661 489 desiderata
2676 420 3001 494 subducant:
3028 454 3090 495 ac
3110 454 3186 495 sic
3205 440 3513 496 muneribus
3530 456 3727 508 eorum,

478 530 811 584 sacerdotem
837 525 1228 596 speculatorem
1243 523 1477 593 appellat
1493 540 1507 577 :
1523 524 1731 579 utsicut
1751 525 2057 593 speculato-

478 622 556 677 ris
581 628 694 686 est,
727 618 793 672 dc
828 618 950 672 loco
978 614 1187 671 editiori
1218 614 1547 684 prOSpicere,
1582 622 1635 669 et
1666 615 1783 682 plus
1812 615 2060 669 omnibus

479 710 861 779 contemplari;
886 711 957 763 ita
979 706 1232 762 sacerdos
1252 706 1411 760 debet
1428 721 1546 761 esse
1572 715 1598 742 ιι
1617 706 1873 776 propositi
1899 706 2062 760 subli—

480 804 665 858 mitate
686 802 875 857 celsior
886 799 1116 867 cunctis,
1132 812 1193 851 ac
1210 798 1425 867 majoris
1438 798 1673 852 scientia:
1688 797 1945 867 propositi
1970 797 2059 850 ba-

481 896 611 948 bere
656 893 914 960 gratiam,
949 904 1050 959 qua
1084 890 1251 959 possit
1282 888 1380 941 sub
1408 903 1467 943 se
1496 888 1740 943 viventes
1771 888 2059 943 instruere.

552 985 606 1037 5.
652 982 942 1036 Videamus
966 982 1077 1051 jam
1110 979 1233 1049 quid
1264 979 1471 1033 divinus
1500 992 1677 1032 sermo
1708 977 1734 1016 ιι
1766 981 2060 1033 contineat.

484 1078 735 1141 Audiens,
781 1076 972 1145 inquit,
1020 1092 1083 1129 ex
1113 1091 1199 1129 ore
1234 1092 1341 1128 meo
1383 1090 1687 1135 sermonem,
1738 1073 2063 1126 annuntiabis

481 1168 553 1220 eis
584 1183 645 1221 ea:
670 1182 747 1220 me
776 1164 999 1235 (Ibid.);
1054 1177 1110 1219 ut
1162 1165 1264 1219 hoc
1305 1164 1446 1217 dicat
1493 1163 1763 1228 sacerdos,
1813 1161 1953 1231 quod
1998 1176 2061 1216 ex

486 1260 664 1312 divina
690 1259 917 1313 lectione
944 1258 1211 1325 didicerit,
1238 1259 1377 1328 quod
1410 1258 1485 1312 illi
1520 1258 1658 1311 Deus
1699 1256 2059 1325 inspiravcrit,

484 1368 588 1407 non
618 1353 758 1421 quod
793 1362 815 1391 ε
850 1352 1268 1421 przcsumptione
1309 1351 1524 1404 humani
1556 1365 1745 1405 sensus
1776 1350 2061 1407 invenerit.

486 1445 824 1497 Annuntiabis
867 1444 957 1509 eis,
1001 1442 1194 1511 inquit,
1243 1458 1306 1496 ea:
1334 1459 1427 1495 me.
1466 1440 1547 1494 Ea:
1577 1457 1687 1506 me;
1716 1438 1743 1476 ά
1780 1456 1886 1495 non
1921 1456 1984 1495 ex
2013 1449 2065 1495 te

486 1549 604 1589 mea
630 1535 791 1587 verba
821 1535 1075 1603 loqueris.
1105 1532 1219 1587 Non
1242 1543 1324 1588 est
1358 1543 1380 1570 θ
1405 1533 1543 1603 quod
1583 1547 1647 1586 ex
1677 1533 1779 1596 eis,
1808 1544 2063 1602 tanquam

488 1629 556 1684 de
581 1629 685 1682 tuis
709 1627 929 1682 infleris.
965 1628 1042 1681 Ex
1074 1643 1180 1696 me,
1206 1626 1397 1697 inquit,
1430 1626 1507 1681 eis
1529 1625 1806 1679 aununtia.
1834 1625 2062 1692 Sedjam

488 1719 612 1789 quid
635 1721 914 1774 annuntiet
942 1719 1219 1773 audiamus
1251 1736 1263 1771 :
1298 1717 1359 1772 Si
1386 1733 1463 1770 me
1484 1717 1681 1771 dicente
1720 1717 1786 1770 ad
1808 1717 2019 1787 impium
2042 1731 2063 1770 :

2163 534 2217 579 et
2241 525 2513 593 obsequiis
2537 527 2701 595 capti,
2734 527 2842 582 imo
2880 546 2975 599 per
3026 532 3142 585 bzcc
3188 533 3295 585 illis
3338 532 3558 601 addicti,
3597 534 3726 604 loqui

2163 614 2266 669 illis
2287 615 2353 670 de
2384 626 2602 685 peccato
2627 631 2722 671 suo
2748 620 2921 674 autde
2943 620 3120 675 futuro
3144 622 3348 689 judicio
3371 624 3728 679 formidamus.

2162 704 2229 759 Et
2259 706 2381 760 ideo
2407 707 2687 763 minaciter
2717 710 3019 778 superbiam
3052 722 3292 766 nostram
3323 713 3533 768 divinus
3560 730 3729 770 sermo

2162 796 2469 862 contundit;
2502 799 2594 853 sed
2628 809 2808 855 noster
2828 802 3041 856 auditus
3071 802 3206 857 nihil
3234 804 3373 858 unde
3397 804 3730 873 proficiamus

2165 888 2438 943 admittit:
2467 892 2589 960 quia
2628 895 2907 960 praesentis
2954 896 3076 949 vita:
3114 897 3251 964 capti
3287 897 3590 964 dulcedine,
3624 916 3732 966 qua:

2165 992 2322 1046 paena
2351 987 2375 1014 ο
2407 981 2783 1049 negligentiam
2826 996 3059 1039 noetram
3102 996 3315 1041 maneat
3360 986 3414 1041 in
3452 996 3727 1058 aeternum,

2166 1069 2411 1124 nolumus
2439 1072 2698 1139 cogitare.

2234 1161 2288 1214 2.
2324 1161 2377 1215 lu
2409 1172 2652 1230 pastores
2678 1179 2805 1234 ergo
2834 1166 2932 1219 ista
2952 1166 3220 1235 dicuntur,
3251 1168 3316 1224 de
3337 1184 3560 1237 quorum
3586 1172 3733 1226 nobis

2167 1250 2308 1304 inani
2341 1251 2697 1320 appellatione
2726 1254 3028 1309 blandimur
3061 1273 3075 1308 ε
3124 1256 3253 1311 Haec
3294 1260 3418 1312 dicit
3444 1259 3689 1313 Dominus
3717 1277 3736 1314 :

2172 1338 2265 1393 Va:
2292 1341 2575 1409 pastoribus
2606 1340 2792 1410 Israel,
2814 1345 2900 1413 qui
2923 1347 3190 1414 pascebant
3219 1350 3528 1416 semetipsos.
3559 1349 3736 1404 Nonne

2165 1448 2340 1505 greges
2389 1444 2670 1503 pascuntur
2702 1451 2743 1487 -α
2790 1438 3121 1504 pastoribus?
3165 1439 3268 1491 Lac
3311 1441 3664 1507 camedebatis,
3693 1452 3737 1493 et

2167 1525 2299 1577 lanis
2339 1525 2747 1594 aperiebamini;
2797 1529 2936 1595 quod
2983 1546 3213 1583 crassum
3260 1542 3369 1585 erat
3416 1534 3735 1599 occidebatis,

2167 1632 2367 1686 gregem
2395 1627 2561 1672 autem
2596 1636 2761 1673 meum
2792 1638 2893 1674 non
2939 1624 3244 1691 pascebatis.
3289 1626 3440 1691 Quod
3484 1626 3735 1693 inﬁrmum

2169 1708 2266 1776 fuit
2298 1726 2399 1763 non
2423 1711 2800 1777 consolidastis,
2829 1722 2877 1765 et
2907 1715 3044 1784 quod
3069 1726 3317 1784 trgrotum
3344 1734 3445 1770 non
3488 1721 3701 1772 sanastis
3720 1762 3735 1784 ,

488 1811 677 1881 Impie,
704 1820 865 1864 morte
892 1811 1158 1875 morieris;
1197 1807 1216 1846 ί
1242 1825 1343 1862 non
1373 1807 1531 1875 fueris
1561 1808 1778 1870 locutus,
1816 1816 1870 1859 ut
1898 1817 2065 1860 custo-
2093 1790 2141 1850 Β
2168 1803 2302 1871 quod
2329 1813 2356 1851 ι)
2384 1804 2603 1873 fractum
2630 1815 2740 1858 erat
2770 1822 2870 1859 non
2908 1805 3194 1877 alligastis,
3227 1817 3274 1861 et
3316 1809 3455 1878 quod
3497 1812 3740 1880 abjectum

490 1904 596 1956 diat
623 1919 677 1957 se
703 1903 890 1972 impius
918 1919 949 1955 a
971 1902 1052 1954 via
1090 1918 1201 1966 sua,
1235 1901 1341 1970 ipse
1366 1900 1553 1967 impius
1584 1899 1635 1952 in
1662 1899 1931 1967 iniquitate
1970 1915 2064 1952 sua

490 1997 754 2061 marietur,
786 1996 1081 2064 sanguinem
1109 2010 1224 2047 vero
1260 1993 1371 2054 eius
1411 1992 1473 2044 de
1500 2008 1653 2044 manu
1683 1999 1770 2043 tua
1811 1991 2065 2060 requiram

491 2085 679 2153 (lbid.,
711 2084 789 2156 8).
836 2084 971 2151 Quid
1016 2084 1182 2153 potuit
1225 2082 1554 2152 expressius,
1594 2090 1618 2128 ϐ
1661 2080 1785 2150 (μιῑά
1832 2082 2066 2149 apertius

489 2186 666 2245 potest
692 2176 795 2231 dici
822 2176 845 2229 ?
883 2176 939 2231 Si
968 2176 1149 2245 impio,
1182 2175 1371 2245 inquit,
1413 2176 1622 2228 locutus
1655 2189 1756 2226 non
1793 2173 1977 2238 fueris,
2009 2181 2067 2227 ut

491 2269 559 2323 ab
589 2268 859 2338 impietate
880 2283 971 2322 sua
1004 2283 1061 2322 se
1082 2268 1364 2329 custodiat,
1400 2263 1425 2301 δ
1457 2277 1508 2320 et
1542 2265 1632 2319 ille
1661 2265 1901 2334 perierit,
1944 2280 2067 2318 san-

490 2358 702 2428 guinem
725 2357 841 2426 ejus
866 2357 930 2411 de
953 2372 1109 2409 manu
1132 2364 1221 2410 tua
1250 2353 1535 2422 requiram.
1593 2353 1703 2407 Hoc
1732 2364 1812 2407 est
1840 2354 2018 2407 dicere
2045 2370 2061 2406 :

494 2448 551 2504 Si
580 2450 625 2502 ei
658 2456 867 2516 peccata
899 2461 991 2500 sua
1024 2460 1126 2499 non
1149 2444 1570 2506 annuntiaveris,
1600 2443 1645 2495 si
1672 2459 1792 2497 eum
1837 2458 1942 2496 non
1979 2457 2067 2496 ar-

493 2538 693 2607 gueris,
728 2545 786 2590 ut
814 2536 880 2590 ab
911 2535 1179 2603 impietate
1216 2548 1309 2587 sua
1340 2541 1681 2587 convertatur
1712 2541 1767 2586 et
1804 2533 1979 2595 vivat;
2012 2541 2067 2587 et

492 2638 568 2694 te,
592 2628 679 2695 qui
706 2643 808 2681 non
840 2627 1149 2695 i.;crepasti,
1177 2636 1231 2681 et
1260 2626 1453 2694 ipsum,
1491 2626 1580 2694 qui
1613 2635 1662 2678 te
1687 2633 1910 2689 tacente,
1938 2638 2065 2693 pec-

492 2720 653 2787 cavit,
687 2720 914 2773 flammis
940 2719 1261 2788 perennibus
1288 2717 1529 2785 perdam.
1575 2718 1725 2782 Quis,
1765 2732 1916 2786 rogo,
1958 2727 2063 2771 tam

493 2811 638 2865 saxei
668 2811 919 2878 pectoris,
950 2812 1069 2881 quis
1101 2819 1205 2864 tam
1236 2809 1438 2863 ferreus
1467 2810 1590 2869 erit,
1619 2822 1774 2876 quem
1801 2808 2064 2862 sententia

494 2903 593 2955 ista
626 2917 729 2955 non
756 2902 987 2956 terreat?
1013 2902 1131 2970 quis
1161 2911 1264 2954 tam
1288 2898 1491 2954 alienus
1521 2914 1550 2951 a
1577 2898 1705 2966 fide,
1732 2900 1822 2968 qui
1850 2906 2066 2954 senten-

494 2994 581 3048 tiae
612 2992 696 3048 isti
724 3008 826 3047 non
859 2992 1081 3048 credat?

1083 3081 1307 3139 CAPUT
1346 3082 1485 3136 XXI.

544 3176 793 3231 Luctuosa
822 3176 1092 3245 descriptio
1121 3174 1137 3213 ί
1172 3176 1446 3229 sacerdotis
1475 3176 1747 3229 carnaliter
1769 3176 2001 3230 viventis.

565 3270 619 3323 1.
652 3269 757 3325 Sed
789 3284 885 3324 nos
914 3269 1263 3338 pra-sentibus
1294 3268 1565 3332 delectati,
1598 3268 1721 3323 dum
1748 3270 1797 3322 in
1829 3269 1928 3323 bac
1953 3269 2062 3324 vita

495 3358 771 3414 cmumoda
800 3367 998 3424 nostra,
1024 3368 1077 3413 et
1100 3359 1328 3413 bounres
1350 3357 1697 3427 inquirimus;
1732 3373 1837 3412 non
1868 3368 1927 3415 ut
1953 3374 2067 3414 me-

494 3452 677 3515 liores,
705 3451 796 3504 sed
828 3460 885 3504 ut
913 3452 1172 3513 ditiores;
1205 3466 1303 3502 nec
1333 3460 1385 3501 ut
1409 3450 1724 3516 sanctiores,
1759 3450 1851 3503 sed
1888 3460 1942 3503 ut
1970 3451 2066 3504 bo-

494 3541 792 3594 nwratiores
835 3541 998 3593 simus
1032 3543 1048 3588 Ι
1082 3539 1289 3593 crcteris
1341 3539 1692 3593 festinamus:
1726 3557 1822 3594 nec
1850 3557 2062 3611 gregem

497 3631 833 3698 Domini,qui
867 3629 1018 3683 nobis
1052 3630 1350 3699 pascendus
1389 3630 1721 3698 tuendasque
1746 3634 2064 3687 commissus

492 3733 606 3788 est;
646 3721 741 3777 sed
777 3729 985 3775 nostras
1022 3719 1049 3757 ¹ι
1087 3721 1404 3790 voluptates,
1452 3723 1897 3788 dominationem,
1930 3724 2058 3777 divi-

494 3813 618 3877 tias,
649 3821 701 3866 et
729 3822 922 3865 caetera
964 3811 1324 3865 blandimenta
1358 3810 1375 3848 1
1407 3812 1692 3867 carnaliter
1729 3813 2060 3882 cogitamus;

494 3910 736 3972 pastores
761 3902 865 3956 dici
897 3903 1159 3968 volumus,
1188 3917 1283 3956 nec
1308 3912 1483 3957 tamen
1505 3919 1626 3958 esse
1649 3904 2020 3959 contendimus
2045 3922 2060 3970 ;

492 3992 649 4046 officii
672 3992 838 4046 nostri
870 3994 1096 4047 vitamus
1117 3993 1374 4058 laborem,
1406 3996 1702 4062 appetimus
1729 3994 2059 4063 dignitatem.

496 4083 890 4137 lmmundorum
938 4086 1217 4151 Spirituum
1266 4085 1401 4139 feras
1447 4100 1473 4137 a
1518 4100 1676 4153 grege
1722 4086 2063 4143 dilaceraudo

494 4191 599 4228 non
632 4176 894 4243 pellitnus,
925 4185 964 4210 ιιι
995 4186 1047 4230 et
1081 4177 1221 4244 quod
1251 4170 1325 4229 eis
1357 4179 1676 4231 remanserit
1715 4176 1813 4245 ipsi
1858 4192 2059 4234 consu-

493 4268 722 4333 mimus;
772 4267 986 4336 quando
1016 4279 1297 4335 peecantes
1332 4270 1546 4335 divites,
1598 4270 1683 4326 vel
1732 4281 1977 4338 potentes
2009 4282 2061 4341 η,

494 4377 601 4415 non
628 4362 801 4417 solum
834 4378 939 4416 non
963 4363 1252 4431 arguimus,
1287 4363 1381 4417 sed
1421 4364 1581 4417 etiam
1613 4378 1961 4430 veneramur;
1994 4381 2062 4420 ne

2169 1907 2270 1945 non
2299 1894 2595 1947 reduxistis.
2630 1894 2778 1960 Quod
2808 1896 3024 1962 perierat
3064 1914 3165 1950 non
3194 1900 3471 1967 qua’sistis,
3516 1900 3608 1952 sed
3633 1917 3742 1954 cum

2168 1984 2459 2036 austeritate
2483 1983 2804 2050 imperabatis
2825 1986 2917 2052 eis,
2948 1995 2993 2039 et
3015 2004 3129 2039 cum
3147 1989 3369 2056 potentia
3396 2005 3412 2042 :
3438 2000 3487 2043 et
3507 1992 3744 2057 dispersa

2170 2082 2294 2126 sunt
2321 2089 2438 2129 oves
2464 2090 2608 2143 mea},
2637 2091 2697 2129 eo
2725 2078 2862 2146 quod
2884 2094 2985 2131 non
3018 2088 3144 2131 esset
3170 2086 3365 2147 pastor,
3398 2089 3443 2132 et
3479 2081 3605 2150 facti
3633 2092 3745 2135 sunt

2168 2166 2221 2217 in
2251 2165 2624 2219 devorationem
2640 2170 2861 2221 omnium
2885 2170 3154 2222 bestiarum
3172 2170 3283 2239 agri
3312 2170 3522 2241 (Ezech.
3563 2188 3742 2238 xxxw,

2166 2256 2201 2309 2
2223 2256 2407 2324 seqq.).
2456 2256 2520 2310 Et
2555 2258 2711 2325 paulo
2760 2268 2914 2326 post:
2950 2257 3245 2329 PrOpteren,
3277 2269 3528 2327 pastores,
3573 2264 3742 2315 audite

2167 2348 2371 2401 verbum
2416 2348 2668 2401 Domini:
2704 2349 2830 2403 Vivo
2888 2366 2980 2420 ego
3009 2391 3023 2416 ,
3078 2352 3201 2403 dicit
3249 2350 3500 2404 Dominus
3561 2352 3742 2405 Deus:

2170 2449 2195 2488 (ι
2216 2441 2335 2509 quia
2364 2456 2455 2511 pro
2482 2458 2539 2494 eo
2565 2442 2703 2511 quod
2728 2444 2849 2511 facti
2878 2452 2992 2495 sunt
3013 2458 3188 2513 greges
3218 2443 3317 2495 mei
3343 2444 3393 2495 in
3419 2445 3670 2513 rapinam,
3699 2454 3741 2496 et

2169 2548 2279 2585 oves
2308 2549 2428 2585 mea:
2456 2533 2506 2585 in
2547 2534 2918 2586 devorationem
2947 2534 3169 2587 omnium
3201 2534 3473 2587 bestiarum
3520 2538 3649 2606 agri,
3690 2552 3741 2589 eo

2167 2624 2302 2694 quod
2326 2640 2425 2676 non
2457 2632 2581 2677 esset
2611 2636 2820 2692 pastor;
2852 2641 3009 2691 neque
3027 2627 3160 2678 enim
3189 2627 3499 2695 quaesierunt
3523 2637 3737 2697 pastores

2168 2731 2369 2784 gregem
2403 2731 2601 2778 meum;
2640 2715 2729 2768 sed
2763 2717 3035 2786 pascebant
3073 2728 3297 2782 pastores
3345 2719 3659 2786 semetipsos,
3698 2728 3738 2770 et

2169 2822 2368 2877 gregem
2394 2816 2414 2842 ι’
2449 2822 2613 2859 meum
2641 2822 2738 2859 non
2772 2808 3040 2871 pascebant
3076 2824 3094 2861 :
3140 2807 3450 2876 Propterea,
3498 2822 3733 2879 pastores,

2169 2901 2342 2953 audite
2364 2900 2567 2952 verbum
2591 2899 2815 2953 Domini.
2874 2900 2996 2953 lla'c
3026 2901 3144 2952 dirit
3168 2901 3460 2962 Dominus:
3497 2902 3627 2955 Ecce
3653 2920 3734 2971 ego

2172 2993 2278 3062 ipse
2306 3009 2459 3061 super
2483 3001 2741 3062 pastores;
2777 2994 3029 3061 requiram
3067 3010 3267 3065 gregem
3302 3009 3468 3047 meum
3497 2995 3561 3048 de
3595 3012 3736 3047 manu

2171 3100 2364 3149 eorum,
2394 3094 2441 3136 et
2470 3100 2664 3137 cessare
2687 3100 2769 3138 eos
2798 3085 3009 3153 faciam,
3040 3095 3093 3138 ut
3125 3085 3260 3138 ultra
3286 3102 3384 3138 non
3406 3096 3615 3155 pascant
3635 3103 3735 3154 gre-

2173 3192 2285 3245 gem
2318 3191 2503 3242 meum,
2549 3191 2639 3228 nec
2683 3184 2907 3243 pastores
2941 3177 3162 3243 amplius
3207 3185 3417 3245 pascant
3456 3177 3734 3247 semctipsos

2174 3264 2363 3335 (Ibid.,
2393 3265 2423 3318 7
2452 3272 2496 3318 et
2528 3264 2711 3335 seqq.).

2244 3357 2296 3410 5.
2337 3354 2465 3419 Quis
2494 3354 2561 3409 ad
2592 3354 2704 3409 haec
2728 3369 2835 3408 non
2858 3355 3266 3409 contremiscat?
3312 3354 3440 3422 Quis
3484 3354 3581 3409 ista
3625 3355 3731 3409 sine

2174 3447 2494 3503 intolerabili
2529 3456 2672 3501 metu
2704 3447 2891 3501 futurae
2921 3447 3330 3500 examinatiouis
3359 3446 3597 3513 accipiat,
3636 3445 3728 3499 nisi

2175 3542 2262 3610 qui
2311 3549 2403 3594 aut
2445 3554 2553 3593 non
2597 3539 2867 3606 intelligit,
2908 3546 3000 3592 aut
3041 3538 3212 3592 futura
3245 3553 3349 3592 non
3390 3539 3593 3593 credit?
3630 3536 3727 3592 Sed

2179 3642 2198 3669 ε
2231 3632 2350 3700 quia
2374 3630 2549 3686 omnia
2588 3645 2704 3699 quae
2734 3628 2875 3682 Deus
2900 3629 3171 3683 observari
3210 3629 3397 3695 voluit,
3430 3640 3534 3683 tam
3564 3638 3727 3698 aperte

2172 3720 2367 3790 posuit,
2391 3729 2444 3775 et
2462 3721 2531 3774 ita
2551 3720 2781 3773 nominis
2809 3720 2888 3773 sui
2916 3719 3231 3773 auctoritate
3256 3720 3509 3789 firmavit,
3541 3728 3596 3773 ut
3625 3721 3640 3753 ί
3670 3732 3725 3771 ea

2173 3814 2373 3867 facilius
2397 3813 2561 3881 (quod
2606 3812 2748 3865 dictu
2780 3827 2988 3881 quoque
3021 3813 3167 3866 nefas
3188 3810 3291 3882 est)
3315 3821 3722 3877 contemnamus,

2172 3912 2198 3939 υ
2232 3919 2392 3971 quam
2434 3918 2536 3957 non
2577 3903 2878 3972 intelligere
2918 3904 3003 3956 vel
3033 3918 3139 3956 non
3174 3903 3391 3958 credere
3421 3913 3526 3957 tam
3562 3911 3723 3971 aperta

2172 4006 2225 4050 ct
2252 3996 2428 4050 divina
2453 3995 2709 4062 tingamus
2740 4012 2751 4045 :
2782 3994 2992 4063 quando
3023 3996 3285 4062 audimus,
3330 3995 3457 4048 Haec
3483 3997 3601 4048 dicit
3631 3995 3724 4046 Do-

2173 4091 2339 4144 minus
2363 4134 2376 4157 ,
2401 4100 2428 4125 ν
2453 4090 2569 4156 quis
2613 4087 2846 4141 futurum
2884 4103 3004 4141 esse
3058 4103 3162 4141 non
3212 4087 3397 4142 credat
3435 4088 3573 4156 quod
3614 4086 3723 4139 dicit

2174 4192 2197 4217 ι
2219 4182 2493 4247 Dominus,
2520 4181 2620 4235 nisi
2644 4182 2731 4249 qui
2760 4181 2867 4234 Deo
2885 4196 2988 4233 non
3006 4181 3204 4234 credit?
3226 4181 3376 4246 Quod
3393 4190 3565 4234 autem
3580 4179 3719 4234 dicit:

2179 4273 2269 4327 Va:
2311 4272 2614 4344 pastoribus,
2667 4272 2807 4326 istud
2853 4288 2926 4325 va:
2968 4288 3065 4340 pro
3106 4272 3393 4325 maledicto
3434 4281 3459 4319 ι
3502 4270 3636 4340 poni,
3674 4275 3720 4322 et

2174 4374 2442 4433 pastorum
2475 4364 2692 4418 nomine
2718 4378 2813 4417 nos
2844 4364 3128 4431 signiﬁcari
3156 4364 3274 4433 quis
3315 4379 3420 4417 non
3459 4363 3713 4430 intelligat,

493 4454 648 4509 nobis
676 4464 767 4508 aut
796 4468 1014 4508 munera
1045 4454 1199 4508 solita
1229 4454 1413 4507 oﬂ‘ensi
1441 4468 1541 4507 non
1565 4452 1817 4523 dirigant,
1849 4462 1940 4508 aut
1965 4457 2058 4511 ob-
2087 4443 2136 4501 Ι)
2164 4454 2262 4509 nisi
2290 4454 2379 4523 qui
2409 4463 2430 4489 '-
2463 4454 2639 4508 futura
2677 4470 2782 4509 nou
2810 4453 3049 4524 cogitat?
3076 4464 3133 4491 ενι
3176 4454 3376 4525 Greges
3409 4452 3608 4510 Domini
3636 4468 3717 4522 pa—

563 4639 590 4698 fl
620 4630 693 4698 lta
726 4642 852 4698 mss.
877 4640 1084 4679 omnes.
1119 4626 1255 4698 Editi
1291 4637 1488 4691 autem,
1520 4638 1802 4698 prapostta.

560 4696 590 4735 ι’
621 4697 715 4751 Ms.
741 4696 892 4749 Colb.
924 4710 1081 4759 unus,
1113 4697 1351 4749 obtineat.
1402 4699 1570 4765 Alter,
1601 4696 1878 4752 continuet.

565 4778 587 4805 ο
621 4769 749 4819 Mss.
783 4766 886 4818 duo
916 4766 1063 4819 Colb.
1090 4768 1435 4834 prtesttmptio.

563 4834 591 4871 ά
616 4835 737 4889 Mss.
765 4836 890 4900 duo,
922 4850 1022 4887 non
1051 4851 1111 4887 ea:
1133 4846 1178 4888 te
1202 4836 1348 4889 verba
1384 4835 1625 4905 loqueris.
1666 4836 1768 4890 Ms.
1799 4836 1952 4903 alter,
1985 4837 2064 4891 lo-

491 4906 655 4976 queris
677 4906 769 4976 eis.

568 4986 591 5013 θ
621 4975 782 5045 Editi,
805 4990 903 5045 quo
925 4975 976 5027 in
1002 4975 1095 5027 eis.
1119 4974 1243 5030 Mss.
1269 4976 1524 5045 quinque,
1558 4976 1692 5045 quod
1719 4991 1781 5029 ea:
1803 4976 1895 5030 eis.

566 5045 586 5082 τ
619 5043 780 5111 Editi,
810 5044 853 5096 si
880 5060 980 5096 non
1011 5046 1187 5113 fueris.

565 5125 589 5162 ι
621 5114 747 5187 Mss.
791 5123 1066 5187 quatuor.
1093 5115 1218 5182 quid
1257 5116 1481 5185 apertius
1527 5115 1669 5169 dici?
1715 5114 1888 5184 Editi,
1931 5120 2058 5187 quid

487 5186 714 5256 apertius
746 5192 903 5251 potest
928 5184 1030 5256 (fici
1045 5184 1070 5236 ?

562 5255 589 5328 ιβ
745 5267 901 5313 unus,
930 5252 967 5303 il
978 5256 1018 5306 r'e
1038 5255 1237 5328 quidem
1261 5254 1720 5328 perit,sanguinem
1740 5265 1908 5309 autem
1928 5259 2053 5328 ejus.

566 5324 582 5361 ί
619 5326 742 5377 Mss.
772 5333 901 5386 tres,
932 5326 1203 5377 carnaliter
1227 5340 1253 5377 v
1278 5328 1493 5377 centium
1516 5324 1849 5379 sacerdotum.

563 5392 578 5461 ᾖ
619 5394 716 5447 Ms.
749 5407 901 5445 unus.
936 5395 1129 5446 caneris
1153 5411 1361 5461 pra‘esse
1383 5395 1703 5457 festinamus.

558 5459 589 5530 ξι
620 5463 743 5515 Mss.
777 5468 1004 5529 quatuor
1031 5459 1160 5516 cum'
1178 5465 1304 5518 edit.
1332 5464 1497 5530 Lugd.
1521 5508 1533 5530 ,
1566 5464 1829 5517 vanitates.

557 5518 588 5604 ξ
617 5518 911 5604 abest-vox
941 5534 1215 5604 cqrnatifer
1241 5550 1269 5587 a
1293 5550 1392 5589 ms.
1410 5518 1549 5587 ἶιιιό.

550 5600 591 5670 'f‘
619 5599 726 5670 Ms.
750 5616 903 5667 unus,
933 5599 1021 5654 sed
1040 5604 1199 5670 quod.

556 5666 583 5741 ’_'
618 5668 718 5741 Ms.
749 5686 885 5725 unus
910 5666 1061 5741 addit
1082 5672 1419 5741 conspicimus

558 5737 584 5765 °
618 5736 717 5792 Ms.
738 5754 803 5793 ex
825 5740 978 5795 Colb.
1004 5755 1160 5798 unus.
1196 5736 1249 5795 et
1274 5742 1486 5808 Camb.,
1527 5742 1847 5809 negligentia:
1876 5754 2063 5799 nostra:

2168 4629 2451 4684 immineat.

2240 4710 2266 4748 ιι
2297 4699 2423 4753 Mss.
2456 4708 2562 4753 tres
2591 4699 2765 4764 Colb.,
2796 4701 3014 4769 fractum
3044 4710 3137 4754 est.
3184 4700 3326 4755 Edit.
3367 4700 3554 4771 Lugd.,
3597 4697 3716 4768 quod

2167 4773 2391 4837 fractum
2412 4786 2513 4822 non
2544 4771 2812 4839 alligastis.
3550 4820 3557 4825 .

2238 4850 2266 4888 (ι
2296 4840 2423 4911 Mss.
2451 4840 2557 4894 duo
2583 4855 2686 4893 non
2720 4840 2917 4896 habent
2942 4841 3028 4895 hic
3046 4842 3187 4911 quia.

2240 4920 2263 4946 τ
2300 4909 2461 4962 Abest
2489 4926 2587 4963 vox
2619 4926 2782 4962 meum
2809 4928 2834 4962 a
2859 4925 2984 4965 mss.
3010 4909 3132 4965 sex.

2240 4990 2260 5053 ἐ
2294 4979 2425 5053 Mss.
2454 4988 2681 5053 quatuor
2711 4991 2894 5034 carent
2921 4981 3019 5035 hac
3048 4982 3301 5050 particula
3320 4982 3460 5053 quia.

2244 5050 2262 5085 ί
2301 5050 2422 5101 Mss.
2457 5050 2668 5116 Camb.,
2697 5066 2757 5102 ea
2779 5067 2902 5103 non.
2956 5086 2961 5091 -

2238 5126 2265 5154 υ
2298 5119 2392 5172 Ms.
2415 5115 2626 5183 Catnb.,
2668 5130 2714 5172 et
2737 5136 3050 5190 nequaquam
3076 5138 3167 5175 nos
3198 5139 3299 5176 non
3330 5120 3597 5193 intelligere
3618 5127 3713 5170 tam

2162 5199 2359 5257 aperta.

2236 5259 2378 5380 leta?
2394 5273 2521 5313 mss.
2574 5266 2821 5327 quatuor.
2868 5260 3025 5325 Editi,
3069 5263 3181 5330 quis
3219 5279 3317 5315 non
3367 5265 3581 5333 futurum
3612 5270 3719 5311 esse

2236 5344 2247 5380 ξ
2287 5340 2365 5380 at.
3391 5359 3408 5373 ,

2164 5331 2378 5382 credat?
3369 5331 3408 5373 ‘,

2237 5409 2261 5434 κ
2291 5398 2413 5453 Mss.
2437 5398 2560 5463 duo,
2596 5399 2748 5453 Deus.

2232 5479 2261 5515 Υ
2289 5469 2417 5523 Mss.
2444 5469 2568 5531 duo,
2601 5471 2762 5536 ponit.
2805 5468 2901 5523 Ms.
2936 5486 3094 5535 unus,
3119 5471 3347 5539 ponitur.

2236 5548 2257 5574 ι
2288 5539 2411 5593 Mss.
2444 5548 2687 5607 quatuor,
2718 5542 2969 5606 futurum.

2237 5617 2294 5645 δ’
2330 5610 2403 5663 Ita
2434 5624 2562 5663 mss.
2586 5624 2805 5682 omnes;
2831 5622 2882 5663 at
2900 5610 3047 5673 editi,
3075 5610 3289 5682 Gregem
3310 5612 3505 5667 Domini
3521 5619 3685 5681 parcen
3712 5632 3715 5633 ν

2166 5680 2286 5732 dum
2313 5690 2542 5749 pastores
2572 5681 2693 5749 {acti
2719 5681 3053 5750 suscepimus.
