4024 6176
285 309 367 365 57
510 262 522 277 ’
1254 320 1259 325 ~
1304 299 1392 356 DE
1436 299 1591 354 ma
1631 294 2207 354 CONTEMI‘LATIVA
2251 299 2375 354 LIB.
2421 299 2460 353 ι.

3426 294 3542 359 tas

249 416 500 473 scendos
525 421 770 487 pastores
792 411 913 467 lacti
936 410 1285 479 suscipimus;
1312 422 1368 463 et
1389 425 1483 464 nos
1513 410 1654 476 ipsos
1678 408 1851 478 pasci-
1879 415 1927 472 Α
1960 408 2144 476 impius
2167 410 2219 461 in
2250 410 2516 477 iniquitate
2546 424 2638 461 sua
2675 410 2937 475 morietur,
2984 420 3029 465 et
3072 420 3124 464 tu
3155 413 3377 465 animum
3408 426 3544 467 (mut

249 525 382 564 mus
402 554 419 577 ,
456 509 667 576 quando
692 520 799 559 non
828 517 1049 573 gregum
1075 501 1283 556 utilitati
1325 500 1700 569 prospicimus,
1753 498 1848 553 sed

248 600 388 669 quid
430 597 609 652 foveat
650 605 704 650 et
746 604 937 664 augeat
980 601 1188 647 nostras
1219 602 1242 627 κ
1279 591 1577 659 voluptates
1628 588 1857 643 attendi-

251 704 405 743 mus.
449 688 554 741 Lac
582 696 633 739 et
661 686 810 739 lanas
833 684 1009 737 ovium
1039 682 1231 737 Christi
1260 680 1311 747 δ,
1338 680 1696 734 oblationibus
1723 694 1853 749 quo-

254 777 487 832 tidianis
512 792 577 831 ac
598 774 821 829 decimis
845 773 1075 827 ﬁdelium
1110 772 1401 842 gaudentes
1443 770 1755 840 accipimus,
1801 778 1856 824 et

251 882 454 921 curam
480 865 869 935 pascendorum
896 879 1111 933 gregum
1134 878 1196 916 ac
1220 861 1651 926 reﬁciendorum,
1683 876 1709 912 a
1741 861 1858 929 qui-

250 960 356 1012 bus
384 973 651 1027 perverso
675 957 863 1011 ordine
893 956 1135 1009 volumus
1168 956 1334 1025 pa-ci,
1367 954 1705 1023 deponimus.
1739 953 1853 1007 Non

250 1066 529 1106 sinamus
560 1050 827 1119 spirituali
861 1049 1090 1117 consilio
1128 1047 1357 1116 peccatis
1407 1047 1702 1112 inﬁrmum,
1753 1061 1857 1100 non

247 1142 595 1197 Sacerdotali
620 1157 721 1211 ope
748 1140 1145 1196 consolidamus
1172 1149 1193 1177 ο
1226 1148 1316 1193 aut
1338 1137 1612 1193 reficimus
1634 1137 1861 1190 diversis

248 1235 711 1289 tribulationibus
739 1235 985 1300 fractum,
1013 1249 1118 1288 non
1150 1233 1215 1287 ad
1250 1234 1386 1287 viam
1428 1232 1614 1286 salutis
1646 1247 1861 1287 revoca-

252 1314 381 1379 mus
413 1321 445 1361 (ι
482 1333 778 1387 errantem,
811 1339 916 1379 non
950 1325 1268 1393 requirimus
1301 1322 1656 1377 sollicitudine
1682 1332 1862 1391 pasto-

252 1415 355 1468 rali
402 1415 588 1469 veniae
631 1414 1007 1484 desperatione
1033 1415 1141 1483 jam
1173 1414 1435 1482 perdEtum
1465 1428 1480 1468 :
1513 1414 1577 1466 ad
1610 1413 1710 1466 hoc
1746 1422 1863 1466 tan-

253 1517 371 1560 tum
405 1515 665 1575 potentes
695 1506 893 1571 eﬁecti,
925 1514 983 1559 ut
1013 1505 1166 1560 nobis
1212 1504 1265 1558 in
1310 1504 1581 1572 subjectos
1623 1505 1864 1558 domina-

258 1601 483 1653 tionem
538 1599 870 1668 tyrannicam
929 1597 1305 1661 vindicentus;
1369 1611 1475 1650 non
1530 1605 1587 1649 ut
1637 1594 1865 1649 afﬂictos

254 1702 466 1747 contra
515 1692 826 1747 violentiam
878 1692 1199 1761 potentium,
1252 1691 1341 1761 qui
1388 1691 1439 1744 in
1489 1704 1584 1745 eos
1629 1688 1860 1743 ferarum

254 1799 416 1839 more
456 1784 707 1848 saeviunt,
744 1782 1113 1837 defendamus.

325 1873 381 1927 4.
431 1873 574 1927 Inde
596 1882 679 1927 est
716 1872 859 1942 quod
892 1882 915 1909 θ
949 1884 1053 1925 tam
1085 1888 1112 1926 a
1144 1873 1450 1943 potentibus
1488 1874 1644 1943 hujus
1674 1873 1861 1928 mundi

218 1950 227 1957 ’
252 1978 423 2032 quam
464 1978 493 2016 a
527 1962 700 2025 nobis,
727 1962 866 2032 quod
896 1966 1048 2032 pejus
1074 1972 1181 2029 est,
1211 1964 1448 2018 nonnulli
1479 1964 1713 2035 graviter
1734 1963 1857 2016 fati-

253 2055 365 2122 gati
419 2054 748 2121 depereunt,
799 2068 932 2121 (pros
973 2070 1033 2108 se
1084 2054 1151 2109 de
1197 2070 1357 2109 manu
1390 2064 1569 2108 nostra
1606 2055 1864 2109 Duuiinus

255 2144 660 2214 requisiturum
694 2144 1005 2199 terribiliter
1032 2146 1410 2213 comminatur,
1438 2146 1623 2200 dicens
1648 2162 1662 2200 :
1689 2145 1871 2216 Requi-

256 2250 371 2285 rant
397 2249 527 2285 ores
558 2249 695 2285 meas
718 2234 780 2286 de
795 2250 948 2286 manu
969 2245 1254 2303 pastorum,
1269 2246 1314 2288 et
1338 2251 1533 2290 cessare
1552 2252 1634 2290 eos
1656 2236 1866 2304 faciam,

260 2332 320 2376 ut
351 2325 502 2377 ultra
527 2341 631 2377 non
655 2336 865 2392 pascant
895 2325 1107 2395 (Ezeclt.
1135 2342 1318 2391 xxxtv,
1342 2326 1455 2395 I0).
1479 2328 1628 2394 Quod
1645 2328 1766 2399 quid
1788 2338 1871 2383 est

258 2415 411 2469 aliud
427 2424 866 2483 quam,pastores
879 2418 966 2485 qtti
980 2420 1320 2488 semetipsos,
1340 2434 1445 2474 non
1461 2437 1674 2490 gregem
1692 2437 1866 2475 meum

260 2516 527 2576 pascunt,
546 2508 875 2563 sublimitate
893 2524 1002 2563 suae
1019 2512 1291 2580 dignitatis
1315 2514 1639 2579 cxspoliem;
1664 2526 1715 2568 et
1732 2514 1871 2569 inter

262 2601 569 2669 reprobos,
602 2603 723 2669 quia
752 2602 1009 2656 honorem
1056 2618 1208 2657 suum
1253 2605 1538 2659 noluerunt
1577 2606 1867 2674 custodire,

264 2692 608 2760 projiciam?
671 2692 867 2746 florum
917 2702 972 2747 et
1008 2693 1092 2747 bis
1140 2694 1393 2748 similium
1433 2696 1865 2752 consideratione

267 2780 288 2817 ί
323 2783 747 2851 perterritus:T
750 2786 880 2837 imor
906 2794 952 2838 et
988 2795 1173 2838 tremor
1205 2788 1491 2839 ceciderunt
1516 2804 1668 2856 super
1696 2804 1794 2853 me,
1821 2797 1870 2841 et

264 2887 623 2931 contexerant
651 2896 727 2930 me
758 2879 991 2945 tertebrw,
1025 2889 1071 2934 et
1101 2881 1210 2934 duri
1232 2896 1249 2933 :
1278 2882 1403 2947 Quis
1431 2882 1571 2936 dabit
1602 2885 1725 2937 nti/ti
1751 2901 1873 2955 pcn-

264 2985 361 3023 nas
387 2970 534 3022 sicut
564 2971 827 3036 columbaz,
861 2980 907 3025 et
932 2972 1132 3037 volabo,
1162 2984 1208 3027 et
1229 2976 1539 3043 requiescant
1564 2976 1734 3046 (Psal.
1761 2993 1868 3042 LIV,

266 3062 323 3125 6,
358 3062 465 3128 7)?
498 3060 570 3113 Et
598 3060 694 3115 hoc
720 3071 799 3115 est
825 3071 993 3117 totum
1027 3074 1245 3132 prepter
1266 3066 1405 3134 quod
1437 3067 1713 3136 imperiti-.e
1738 3084 1869 3123 mete

1960 499 2186 553 liberasti
2221 497 2436 565 (Ezeclt.
2463 514 2642 565 xsxtx,
2685 500 2764 569 9).
2808 500 2903 556 Hic
2938 512 3085 557 certe
3111 504 3241 557 satis
3271 503 3547 558 eviden'er

1959 592 2283 655 ostenditur,
2312 593 2451 663 quod
2484 593 2596 647 sive
2625 594 2924 663 proﬁciant,
2969 597 3080 651 sive
3122 613 3226 651 non
3270 598 3548 668 proﬁciant

1958 682 2250 749 auditores,
2277 693 2451 738 tacere
2472 684 2550 737 eis
2570 701 2672 738 non
2693 684 2924 740 debeant
2945 688 3282 751 sacerdotes;
3316 706 3414 744 nec
3434 691 3549 744 ideo

1960 774 2036 827 rei
2063 774 2187 839 sint,
2210 773 2255 827 si
2279 772 2415 829 forte
2440 790 2622 827 eorum
2647 775 2807 829 verba
2835 778 3013 845 populi
3038 794 3140 832 non
3174 777 3188 815 ί
3221 780 3445 833 audiunt
3466 783 3548 835 vel

1961 866 2135 919 au-lita
2150 874 2528 929 contemnunt;
2559 866 2649 920 sed
2668 867 2711 920 si
2734 868 2800 921 ab
2813 870 2888 921 eis
2903 869 3233 939 corrigendis
3252 872 3548 926 absistunt:

1961 956 2081 1024 quia
2112 955 2155 1009 si
2182 971 2277 1009 nec
2308 956 2559 1025 exemplo
2589 958 2710 1011 vitae
2748 958 3155 1027 prrepositornm
3184 977 3423 1028 suorum,
3450 979 3550 1019 nec

1962 1045 2125 1099 verbo
2142 1044 2395 1099 doctrinae
2410 1046 2589 1115 populi
2603 1056 2946 1103 contumaces
2961 1051 3224 1105 emendati
3244 1052 3549 1120 proﬁciunt,

1964 1134 2067 1203 ipsi
2112 1134 2211 1189 sibi
2252 1150 2408 1190 causa
2446 1151 2559 1191 suae
2594 1138 2909 1207 perdition‘s
2938 1141 3192 1207 existunt,
3224 1150 3277 1195 et
3304 1141 3551 1197 doctores

1963 1242 2114 1291 suos,
2143 1244 2368 1296 quorum
2392 1231 2630 1299 exempla
2655 1231 2811 1284 simul
2836 1245 2896 1285 ac
2922 1232 3083 1287 verba
3112 1233 3432 1302 despiciunt,
3464 1234 3549 1290 in-

1969 1318 2185 1373 volvere
2219 1320 2530 1373 rriminibus
2561 1321 2672 1375 suis
2698 1325 2912 1376 omnino
2939 1340 3040 1377 non
3064 1332 3331 1393 poterunt.
3520 1326 3525 1329 ’

2033 1409 2089 1462 2.
2131 1410 2279 1477 Quod
2306 1410 2442 1464 idem
2470 1412 2723 1480 prOpheta
2747 1413 3043 1467 evidentius
3072 1416 3174 1466 alio
3208 1416 3325 1469 loco
3356 1432 3546 1484 prosc-

1966 1502 2145 1571 quitur
2175 1502 2357 1555 diceus
2384 1520 2397 1555 :
2432 1502 2740 1573 Speculator
2773 1505 2785 1553 i
2824 1506 2867 1557 si
2890 1506 3072 1558 viderit
3098 1508 3326 1576 gladium
3352 1508 3552 1561 venien-

1969 1603 2067 1646 tem
2087 1611 2240 1663 super
2264 1605 2471 1664 terram,
2502 1604 2551 1648 et
2576 1597 2811 1649 cecinerit
2841 1598 3071 1664 buccina,
3101 1609 3148 1653 et
3178 1617 3297 1653 ann~
3322 1602 3553 1655 ntiaz'ertt

1970 1686 2192 1754 populo;
2215 1687 2430 1739 audiens
2460 1696 2646 1751 autent,
2676 1689 2902 1757 quisquis
2929 1690 3018 1743 ille
3039 1701 3129 1755 est,
3168 1706 3347 1744 sonum
3387 1692 3555 1746 bucci—

1903 1783 1945 1842 Β
1971 1793 2066 1839 nte,
2105 1795 2205 1830 non
2249 1796 2301 1831 se
2332 1778 2683 1846 observaverit,
2720 1783 3009 1848 verteritque
3056 1783 3255 1852 gladius
3293 1792 3338 1835 et
3389 1784 3553 1838 tulerit

1970 1885 2107 1935 eum,
2136 1870 2348 1937 sanguis
2378 1871 2538 1937 ipsius
2570 1886 2723 1940 super
2744 1884 2895 1939 caput
2918 1874 3026 1942 ejus
3058 1874 3188 1937 erit;
3224 1889 3402 1925 sonum
3433 1876 3553 1927 buc-

1972 1960 2099 2013 cina:
2121 1960 2335 2027 audivit,
2362 1970 2407 2013 et
2436 1976 2488 2014 se
2510 1977 2611 2013 non
2638 1960 2937 2022 (bservavit,
2980 1963 3189 2033 sanguis
3219 1965 3327 2033 ejus
3361 1965 3412 2017 in
3444 1967 3553 2031 ipso

1971 2052 2085 2104 erit.
2134 2050 2195 2104 Si
2235 2063 2404 2104 autent
2442 2068 2495 2106 se
2539 2054 2852 2120 custodierit,
2887 2054 3112 2105 animam
3154 2071 3299 2106 suam
3340 2057 3553 2107 sulvalit

1975 2141 2187 2213 (Ezech.
2215 2159 2406 2210 χχχιιι,
2431 2145 2463 2198 5
2484 2153 2528 2199 et
2556 2144 2707 2214 seq.).
2764 2145 2857 2199 llic
2889 2154 3064 2199 autem
3095 2146 3221 2215 quid
3257 2161 3415 2215 agrre
3462 2147 3554 2201 de-

1974 2235 2095 2290 beat
2121 2236 2206 2303 qui
2237 2235 2472 2306 fungitur
2504 2236 2857 2305 Speculatoiis
2878 2236 3055 2291 ol‘ﬁcio
3083 2254 3095 2289 :
3130 2236 3345 2291 divinus
3374 2253 3553 2293 sermo

1973 2329 2100 2383 satis
2125 2328 2380 2394 ostendit,
2418 2317 2621 2385 scilicet
2658 2340 2712 2383 nt
2758 2331 2969 2399 quando
3016 2330 3206 2385 viderit
3248 2331 3551 2385 venientem

1971 2419 2203 2486 gladium
2231 2435 2392 2485 super
2418 2429 2640 2485 terram,
2664 2418 2691 2457 ιι
2716 2420 2847 2473 iram
2868 2420 2964 2474 Dei
2997 2420 3196 2475 scilicet
3220 2434 3382 2489 super
3424 2435 3551 2489 pec-

1974 2510 2230 2565 ratoresl
2283 2510 2534 2578 operibus
2588 2498 2815 2565 terrenis
2859 2511 3124 2576 addictos,
3174 2512 3393 2565 omnino
3445 2529 3547 2565 non

1973 2607 2178 2661 taceat,
2222 2608 2380 2669 atque
2420 2600 2497 2654 eis
2551 2600 2786 2669 quandiu
2832 2600 3140 2656 inliceschnt
3190 2602 3553 2672 iniquitatibus

1972 2691 2105 2756 suis,
2131 2699 2169 2726 ιη
2194 2691 2499 2760 impendere
2528 2690 2722 2746 divinae
2751 2692 3126 2760 indignationis
3151 2694 3421 2749 interitum
3454 2696 3551 2749 de-

1973 2780 2219 2835 nuntiare
2244 2796 2349 2835 nou
2378 2780 2619 2845 desinat;
2678 2782 2773 2836 sed
2812 2783 2953 2837 clare
3005 2794 3059 2838 et
3108 2786 3320 2852 publice
3367 2796 3552 2855 arguat

1977 2869 2121 2942 (quia
2144 2870 2244 2924 hoc
2273 2870 2509 2924 buccina:
2541 2887 2735 2926 nomen
2770 2872 3044 2942 insinuat),
3077 2887 3127 2925 ut
3158 2875 3235 2928 sic
3276 2890 3334 2931 se
3373 2892 3401 2930 a
3440 2877 3552 2931 suis

1971 2961 2281 3016 criminibus
2321 2961 2691 3025 emendantes,
2738 2964 3054 3031 supplicium
3101 2964 3293 3019 futura:
3328 2968 3552 3021 damna-

1974 3053 2135 3107 tionis
2171 3048 2440 3121 efl'ngiant.
2473 3054 2622 3119 Quod
2654 3055 2694 3107 si
2721 3056 3125 3124 corripientcm,
3158 3060 3202 3111 si
3236 3061 3365 3113 iram
3406 3060 3549 3115 futu-

265 3166 328 3205 ac
354 3152 533 3204 futuri
568 3149 686 3205 ﬁnis
732 3154 1041 3209 recordatus
1081 3154 1333 3224 ingemui,
1368 3165 1422 3211 et
1462 3158 1622 3224 volui,
1652 3160 1863 3213 sarcina

1971 3160 2104 3210 ram,
2137 3161 2257 3213 quae
2296 3145 2759 3213 contemptoribus
2786 3154 2813 3182 ιι
2846 3148 2953 3214 jam
3002 3148 3261 3214 imminet,
3304 3154 3551 3205 nuntian-

263 3243 632 3312 episcopatus
656 3246 758 3299 mei
788 3246 1049 3315 deposita,
1099 3249 1350 3318 elongare
1393 3250 1616 3319 fugiens,
1655 3262 1709 3305 et
1756 3267 1868 3307 ma-

263 3350 404 3389 nere
428 3336 484 3389 in
521 3337 839 3402 solitudine,
880 3349 933 3393 et
984 3339 1053 3393 ibi
1082 3351 1397 3408 exSpectare
1430 3341 1729 3409 Dominum,
1776 3344 1865 3413 qui

265 3441 359 3480 me
387 3426 607 3479 salvum
642 3429 885 3483 facereta
918 3430 1353 3497 pusillanimitate
1384 3447 1523 3498 mea,
1559 3444 1612 3487 ct
1649 3435 1715 3488 ab
1756 3434 1866 3503 ipsa

266 3516 699 3572 intolerabilium
732 3519 863 3573 mihi
900 3518 1299 3575 sollicitudinum
1340 3532 1673 3591 tempesta‘e.

867 3629 1091 3686 CAPUT
1136 3631 1299 3686 XXII.

270 3715 436 3795 Quod
454 3719 743 3795 secundum
763 3735 1041 3795 sermonem
1063 3725 1339 3795 prophetia,
1355 3722 1506 3791 culpa
1525 3742 1620 3778 sua
1638 3738 1864 3795 pereant,

338 3787 436 3855 qui
464 3789 795 3868 sacerdotum
830 3787 1195 3858 increpationes
1232 3793 1307 3847 vel
1329 3787 1717 3852 admonitiones
1745 3787 1863 3868 per;

340 3872 499 3910 versa
533 3859 787 3911 voluntate
812 3871 1152 3914 contemnunt.

343 3967 401 4021 1.
440 3966 531 4020 Ad
558 3968 669 4021 haec
695 3984 792 4037 ego
823 3978 848 4015 8
884 3979 1006 4024 tunc
1031 3990 1040 4022 :
1066 3971 1172 4037 Sic,
1198 3971 1435 4042 inquam,
1464 3976 1560 4029 ista
1591 3976 1867 4034 invidiosis

266 4058 565 4125 questibus
609 4057 812 4125 jactus,
861 4068 915 4114 et
964 4062 1015 4114 in
1066 4063 1488 4131 suggillatiouem
1534 4068 1865 4141 pontificum,

265 4146 358 4201 \el
392 4155 553 4201 certe
590 4148 755 4217 ipsius
797 4151 1136 4219 pontiﬁcatus
1174 4168 1460 4223 exaggeras
1486 4173 1499 4209 :
1530 4157 1679 4225 quasi
1706 4156 1729 4193 ιι
1761 4175 1868 4215 non

267 4242 362 4295 ubi
398 4241 507 4294 ista
538 4241 732 4310 legisti,
763 4245 954 4312 quibus
990 4246 1377 4301 rationabiliter
1406 4250 1762 4316 permoveris,
1797 4253 1867 4306 ibi

268 4339 327 4383 et
374 4330 468 4383 illa
515 4329 623 4384 sint
654 4346 793 4399 qum,
837 4348 865 4384 a
909 4334 1060 4387 vobis
1101 4337 1489 4402 prretermissa,
1534 4338 1769 4392 breviter
1814 4340 1866 4393 in

270 4420 692 4476 excusationem
731 4423 889 4478 officii
927 4425 1276 4479 sacerdotalis
1302 4426 1579 4496 attingam.
1624 4428 1752 4483 Post
1778 4430 1869 4485 illa

1973 3247 2078 3291 tem
2121 3237 2366 3290 homines
2416 3237 2611 3291 terreni
2662 3238 2983 3305 destriciunt,
3030 3242 3243 3310 sanguis
3280 3260 3465 3296 eorum
3497 3245 3548 3299 in

1970 3329 2100 3398 ipsis
2129 3330 2261 3393 erit;
2294 3338 2348 3383 et
2376 3329 2625 3385 sacerdos
2656 3332 2745 3399 qui
2769 3332 2845 3385 eis
2868 3344 3082 3402 peccata
3112 3351 3203 3389 sua
3233 3350 3339 3391 non
3364 3346 3551 3406 tacuit,

1971 3434 2140 3487 preme
2160 3435 2278 3489 quae
2303 3436 2395 3475 eos
2425 3430 2698 3491 exSpcctat
2726 3422 2993 3495 particeps
3017 3440 3136 3482 esse
3159 3443 3263 3482 non
3296 3430 3510 3499 poterit.

2540 3576 2763 3635 CAPUT
2803 3580 2988 3636 XXIII.

1974 3688 2444 3769 Quodsarerdotes
2468 3693 2615 3745 etiam
2636 3695 2724 3762 qui
2753 3694 2905 3748 aliter
2928 3707 3157 3769 possunt,
3176 3708 3275 3753 tam
3306 3701 3555 3769 simplics-

2018 3772 2089 3812 ter
2110 3759 2290 3815 docere
2310 3763 2544 3831 debeant,
2561 3772 2614 3817 ut
2632 3759 2806 3818 omnes
2826 3782 2909 3820 eos
2928 3759 3165 3823 docentes
3194 3759 3504 3842 intelligant.

2047 3891 2153 3947 Nec
2190 3909 2319 3948 vero
2356 3909 2415 3949 se
2465 3910 2559 3963 per
2614 3894 2931 3962 imperitiam
2981 3900 3217 3967 pontifex
3257 3903 3553 3961 ercusabit,

1975 3984 2124 4051 quasi
2156 3995 2435 4052 propterea
2463 3985 2660 4039 docere
2688 4002 2792 4039 non
2819 3988 3015 4052 valeat,
3049 3990 3188 4055 quod
3212 3991 3257 4043 ei
3281 3990 3557 4044 sufﬁciens

1973 4085 2028 4128 et
2059 4075 2360 4130 luculentus
2388 4090 2569 4129 sermo
2597 4093 2702 4129 non
2729 4088 2975 4146 suppetat
3007 4096 3020 4129 ε
3051 4080 3260 4146 quando
3288 4080 3429 4133 nulla
3451 4082 3551 4135 alia

1974 4166 2269 4221 sacerdotis
2323 4167 2563 4221 doctrina
2611 4167 2769 4222 debet
2821 4184 2941 4223 esse
2967 4185 3124 4236 quam
3157 4171 3284 4239 vita,
3318 4174 3554 4241 satisque

1976 4256 2245 4311 auditores
2277 4257 2480 4326 possint
2510 4256 2790 4326 proﬁcere,
2816 4260 2857 4313 si
2888 4276 2915 4311 a
2938 4260 3249 4317 doctoribus
3273 4264 3384 4315 suis
3410 4263 3550 4332 quod

1977 4348 2161 4401 vident
2191 4349 2537 4418 spiritualiter
2564 4349 2702 4412 ﬁeri,
2753 4348 2855 4404 hoc
2890 4351 2989 4403 sibi
3032 4353 3190 4405 etiam
3238 4352 3552 4421 simpliciter

1978 4439 2193 4493 audiant
2224 4440 2518 4509 prtedicari,
2560 4440 2771 4496 dicente
2797 4442 3053 4508 Apostolo
3087 4462 3097 4495 :
3138 4443 3249 4497 Etsi
3288 4445 3553 4514 imperitus

269 4516 465 4579 verba,
494 4515 689 4583 quibus
716 4517 1092 4586 negligentiam
1119 4518 1455 4573 sacerdotum
1488 4521 1609 4575 ﬁnis
1630 4524 1868 4577 ostendi-
1894 4512 1943 4570 Ῑ)
1971 4547 2221 4595 sermone,
2250 4532 2337 4585 sed
2360 4547 2458 4585 non
2484 4532 2698 4586 scientia
2720 4531 2803 4602 (Il
2830 4532 2947 4587 Cor.
2979 4550 3051 4595 ιιι,
3084 4534 3161 4601 6).
3212 4512 3367 4589 Unde
3395 4534 3550 4590 datur

272 4613 389 4667 tur,
422 4604 494 4658 de
528 4605 775 4673 pontiﬁce
801 4606 1034 4661 ofﬁcium
1066 4624 1219 4661 suum
1250 4620 1470 4664 curante
1501 4612 1758 4681 propheta
1787 4614 1866 4670 sic

269 4695 527 4764 loquitur
550 4714 562 4748 :
599 4697 661 4751 Si
688 4707 855 4752 autem
876 4700 1209 4753 annuntiante
1238 4712 1283 4754 te
1309 4703 1376 4755 ad
1401 4704 1610 4771 impium
1642 4715 1695 4757 ut
1723 4724 1753 4758 a
1779 4708 1869 4761 viis

269 4789 382 4841 suis
418 4800 765 4859 convertatur,
807 4808 909 4845 non
930 4794 1080 4862 fuerit
1104 4810 1371 4849 conversus
1411 4810 1443 4848 α
1484 4796 1564 4849 via
1604 4814 1719 4863 sua,
1763 4802 1870 4869 ipse

351 4946 379 5006 Ρ
411 4937 540 4991 Mss.
572 4948 820 5006 quatuor,
848 4944 1152 4998 voluntates.

348 5005 398 5084 1'_
433 5008 534 5060 Ms.
577 5005 1062 5077 Camb.,rvidelicet
1114 5015 1393 5069 oblationes
1431 5018 1757 5084 quotidianae
1807 5037 1868 5074 ac

271 5078 535 5132 decimas.

356 5158 382 5225 ξ
420 5147 511 5225 §_ic
538 5164 667 5203 mss.
701 5151 949 5219 quinque.
979 5153 1140 5223 Editi,
1166 5164 1316 5225 atque
1336 5156 1613 5223 reﬁcimus.

352 5210 385 5251 δ
420 5217 549 5271 MSS.
579 5210 1013 5283 lres,'erroiteum.

359 5296 386 5322 ι’
415 5287 517 5340 Ms.
546 5288 760 5349 Camb.,
783 5303 1027 5347 nontam.

362 5354 384 5392 τ
419 5357 509 5410 Sic
546 5359 677 5435 edit,
717 5359 850 5429 Lng.
900 5378 1025 5435 cum
1073 5378 1203 5417 mss.
1246 5363 1497 5432 quinque.
1550 5367 1650 5421 Alii
1712 5384 1860 5435 vero,

252 5496 255 5497 ν
279 5428 487 5505 _Duac.,
511 5437 563 5481 et
585 5428 1108 5505 l_lt_ilon.,’perterritus
1138 5428 1572 5505 prap'ltetahimot'
1592 5448 1636 5490 et
1664 5428 1870 5505 tremor,

273 5497 475 5565 inquit,
511 5497 980 5580 ceciderunt‘super
1009 5519 1107 5580 me,
1138 5497 1200 5557 iet
1226 5497 1553 5580 contexerttnt
1586 5524 1664 5561 nte
1694 5497 1874 5580 pecco;

275 5577 459 5619 torum
505 5585 730 5622 meorunt
770 5574 1007 5626 tenebrat.
1063 5574 1185 5629 Mss.
1223 5574 1328 5630 duo
1374 5590 1440 5631 ex
1481 5578 1590 5643 bis,
1633 5574 1871 5635 venerunt

276 5651 447 5703 super
473 5653 570 5691 me.

364 5712 393 5753 ι
422 5705 518 5764 Ms.
550 5708 679 5780 Reg.
713 5727 877 5782 unus,
908 5724 1086 5770 tecum.

1974 4622 2195 4691 intelligi
2226 4622 2369 4690 quod
2398 4638 2504 4676 non
2535 4638 2593 4678 se
2622 4623 2814 4678 debeat
2843 4625 3095 4679 Ecclesia:
3132 4626 3319 4680 doctor
3357 4626 3426 4682 de
3457 4642 3553 4682 ac-

1972 4713 2139 4766 curati
2199 4713 2463 4768 sermonis
2512 4717 2866 4769 ostentatione
2908 4716 3143 4784 jar-tare,
3199 4732 3266 4771 tte
3313 4717 3554 4772 videatur

1975 4812 1999 4837 ο
2035 4802 2327 4857 Ecclesiam
2363 4804 2455 4859 Dei
2504 4819 2607 4859 non
2654 4806 2790 4860 velle
2826 4807 3113 4871 aediﬁcare,
3152 4807 3248 4863 sed
3297 4810 3465 4880 magis
3493 4825 3554 4865 se

2049 4950 2078 4989 ιι
2107 4955 2206 5009 Ms.
2234 4954 2367 5032 Reg.
2397 4971 2554 5032 unus,
2591 4974 2694 5010 non
2730 4958 2817 5032 ubi
2845 4958 2943 5011 ista
2971 4976 3083 5032 qutc
3110 4960 3192 5012 hic
3226 4961 3411 5031 legisti,
3441 4980 3555 5032 qut-

1977 5023 2088 5148 ﬁus,
2119 5034 2223 5079 etc.
2276 5023 2372 5081 Ms.
2400 5027 2549 5082 Colb.
2581 5044 2740 5096 unus,
2776 5023 3211 5099 irrationabiliter,
3246 5023 3340 5086 séd
3379 5023 3555 5087 minus

2015 5110 2136 5148 ene.

2015 5110 2136 5148 ene.

2058 5163 2073 5201 ί
2110 5166 2235 5218 Mss.
2262 5176 2387 5229 tres,
2420 5166 2655 5233 audiant,
2689 5179 3079 5224 contemnant...
3108 5169 3376 5223 absistant.

2056 5234 2068 5282 Ι
2109 5235 2233 5289 Mss.
2259 5250 2375 5295 sex,
2401 5254 2513 5289 cum
2543 5238 2743 5289 viderit.

2052 5301 2077 5339 k
2109 5305 2180 5358 Ita
2215 5306 2303 5358 ed.
2331 5306 2461 5372 Lug.
2488 5317 2542 5359 et
2566 5321 2692 5359 mss.
2726 5317 2969 5375 quatuor.
3015 5308 3113 5362 Ed.
3156 5308 3317 5364 Duac.
3358 5319 3412 5364 et
3448 5310 3552 5365 Co-

1982 5373 2117 5435 lon.,
2143 5380 2235 5427 hoc
2266 5382 2338 5427 est
2363 5376 2491 5427 iram
2520 5375 2633 5427 Dei.

2061 5441 2076 5479 ι
2114 5444 2210 5497 Ms.
2238 5460 2394 5507 unus,
2424 5446 2634 5496 terrenis
2657 5444 2849 5497 actibus
2879 5446 3129 5501 addictos.

2052 5523 2090 5549 ιη
2122 5514 2220 5566 Ms.
2246 5527 2401 5575 unus,
2433 5513 2713 5566 imminere.

2048 5590 2075 5617 ιι
2108 5580 2403 5653 ρερειλαιη
2432 5582 2485 5636 in
2517 5598 2647 5636 mss.
2674 5584 2927 5653 quinque.

2050 5660 2073 5686 °
2103 5651 2227 5705 Mss.
2256 5651 2383 5718 duo,
2416 5668 2516 5706 non
2542 5651 2801 5723 redi/icore
2825 5651 3116 5711 Ecclesium
3145 5656 3293 5712 velle.
