4016 6168
485 261 588 318 ι59

1806 253 2062 312 lULlANl
2101 254 2375 312 POMERII

3619 253 3732 309 δεον

482 381 692 443 quantae
719 372 788 428 sit
814 370 1132 428 eruditionis
1159 368 1460 424 ostendere.
1503 367 1618 423 Non
1661 368 1819 438 igitur
1846 369 1897 422 in
1925 383 2048 424 .ver-
2078 370 2134 429 A
2157 369 2336 438 beant,
2383 371 2429 424 si
2483 357 2818 425 infirmitates
2861 369 3146 424 carnaliter
3174 365 3460 421 viventium
3502 362 3720 418 fratrum

485 466 674 519 borum
703 462 1010 531 splendore,
1037 460 1130 515 sed
1154 460 1206 514 in
1242 473 1466 527 operum
1495 458 1689 512 virtute
1715 467 1877 513 totam
1911 471 2050 528 prm-

486 554 699 610 dicandi
723 553 968 607 ﬁduciam
998 560 1197 620 ponat;
1237 565 1340 604 non
1375 549 1595 604 vocibus
1642 549 1936 604 delectetur
1958 562 2055 618 po-

488 645 595 710 puli
623 642 963 698 acclamantis
987 641 1109 706 sibi,
1160 641 1254 694 sed
1298 638 1538 703 ﬂetibus;
1594 654 1693 693 nec
1739 640 1977 706 plausum
2025 652 2056 692 a

490 737 682 806 populo
709 735 920 789 studeat
943 740 1271 801 exspectare,
1296 730 1390 786 sed
1413 730 1686 800 gemitum.
1718 730 1835 784 lloc-
1852 730 2057 799 specia-

487 829 609 882 liter
651 830 839 880 doctor
881 822 1274 879 ecclesiasticus
1323 821 1581 886 elaboret,
1635 835 1742 890 quo
1792 821 1919 874 fiant
1964 820 2054 888 qui

487 922 707 977 audiunt
748 935 868 976 eum
924 919 1067 973 sanis
1123 916 1569 987 disputationibus
1622 915 1903 978 meliores,
1953 928 2057 966 non

491 1024 517 1050 ⁸
547 1027 682 1068 vana
711 1012 1073 1067 assentatione
1115 1009 1369 1063 fautores.
1397 1008 1684 1076 Lacrymas
1729 1019 1858 1076 quas
1887 1005 1999 1058 vult
2028 1018 2058 1057 a

491 1103 601 1157 suis
635 1102 966 1156 auditoribus
1003 1100 1151 1154 fundi
1190 1101 1303 1169 ipse
1341 1100 1584 1168 primitus
1624 1097 1831 1164 fundat,
1883 1106 1938 1151 et
1983 1095 2059 1150 sic

491 1209 585 1249 eos
607 1193 1014 1262 compunctionc
1038 1192 1119 1246 sui
1140 1191 1317 1246 cordis
1342 1190 1618 1245 accendat.
1676 1189 1805 1242 Tam
1836 1187 2062 1255 simplex

492 1292 548 1340 et
572 1293 824 1353 apertus;
863 1282 1071 1337 etiamsi
1100 1283 1273 1336 minus
1297 1281 1532 1346 Latinus,
1579 1279 1950 1347 disciplinatus
1985 1287 2064 1331 ta.

493 1393 616 1433 men
664 1386 718 1431 et
759 1378 933 1445 gravis
979 1391 1155 1431 sermo
1206 1375 1368 1430 debet
1412 1388 1531 1428 esse
1571 1372 1838 1441 pontificis
1869 1387 1882 1424 :
1914 1379 1971 1424 ut
1996 1369 2064 1424 ab

493 1468 840 1538 intelligentia
874 1466 956 1520 sui
985 1466 1011 1504 ι’
1043 1467 1248 1531 nullos,
1277 1466 1520 1535 quamvis
1560 1464 1854 1534 imperitos,
1885 1462 2065 1518 exclu-

497 1558 624 1624 dat;
658 1558 750 1613 sed
793 1557 844 1610 in
887 1557 1120 1610 omnium
1162 1556 1488 1610 audientium
1522 1566 1543 1593 ε
1577 1565 1758 1625 pectus
1783 1568 1902 1608 cum
1937 1567 2067 1622 qua-

497 1650 626 1704 dam
645 1649 999 1705 delectatione
1023 1646 1332 1702 descendat.

1061 1760 1285 1815 CAPUT
1325 1759 1508 1813 XXIV.

503 1853 640 1920 Quid
676 1853 874 1907 intersit
910 1853 1040 1904 inter
1071 1853 1300 1905 doctores
1325 1853 1410 1919 qui
1454 1849 1733 1902 Ecclesium
1774 1848 2070 1920 simpliciter

570 1924 801 1977 docentes
832 1923 1110 1988 cedi/icant,
1144 1931 1188 1973 ct
1217 1938 1299 1973 eos
1323 1922 1406 1989 qui
1433 1920 1769 1986 eloquentiam
1800 1935 1945 1971 suam
1984 1919 2065 1970 lu-

570 1993 783 2048 culentis
815 1993 1262 2046 declamationibus
1282 1993 1506 2061 jactant.

569 2105 807 2175 Denique
834 2105 935 2158 alia
953 2115 1033 2159 est
1059 2104 1194 2158 ratio
1215 2103 1657 2169 declamatorum,
1701 2110 1754 2157 et
1773 2101 1876 2155 alia
1903 2099 2066 2155 debet

502 2211 624 2253 esse
652 2197 950 2250 doctorum.
993 2195 1074 2248 llli
1109 2194 1434 2250 elucubratas
1481 2192 1882 2248 declamationis
1924 2207 2074 2261 pom-

504 2304 624 2358 pam
668 2289 791 2342 totis
840 2287 1099 2342 facundiae
1144 2301 1254 2340 sua:
1300 2286 1500 2340 viribus
1535 2284 1937 2352 concupiscunt,
1988 2282 2075 2338 isti

505 2379 688 2433 sobrio
715 2377 1017 2444 usitatoque
1047 2391 1297 2431 sermone
1325 2375 1525 2430 Christi
1551 2376 1776 2444 gloriam
1806 2384 2070 2446 quaerunt.

505 2470 587 2524 illi
619 2470 777 2524 rebus
805 2469 1049 2522 inanibus
1081 2466 1310 2535 pretiosa
1337 2467 1618 2521 verborum
1648 2466 1873 2520 induunt
1914 2479 2076 2519 orna-

505 2570 722 2626 menta;
769 2560 853 2613 isti
899 2560 1174 2613 veracibus
1216 2559 1494 2613 sententiis
1539 2567 1752 2625 ornant,
1797 2554 1897 2613 etd
1925 2572 2076 2612 com-

511 2651 767 2706 mendant
798 2650 957 2703 verba
989 2650 1269 2718 simplicia.
1303 2650 1381 2704 llli
1411 2649 1660 2705 affectant
1699 2664 1918 2704 suorum
1947 2665 2046 2704 sen

509 2757 665 2796 suum
695 2741 1087 2795 deformitatem
1121 2753 1369 2810 tanquam
1400 2742 1664 2796 velamine
1689 2741 1918 2811 quodam
1947 2741 2049 2809 plia

508 2831 664 2886 lerati
691 2832 954 2884 sermonis
981 2831 1309 2885 abscondere
1334 2848 1347 2896 ;
1381 2832 1466 2886 isti
1496 2832 1829 2900 eloquiorum
1861 2845 2077 2884 suorum

509 2922 857 2976 rusticitatem
904 2921 1117 2975 student
1178 2923 1424 2990 pretiosis
1473 2922 1720 2978 sensibus
1770 2931 2076 2977 venustare.

511 3012 589 3066 llli
613 3020 774 3065 totam
807 3011 1016 3066 laudem
1044 3025 1194 3065 suam
1223 3013 1272 3064 in
1298 3011 1482 3066 favore
1503 3013 1662 3080 vulgi,
1691 3012 1776 3066 isti
1805 3012 1857 3066 in
1886 3011 2080 3066 virtute

2158 463 2318 517 modo
2365 463 2648 518 verborum
2691 462 2984 516 salubrium
3025 459 3466 516 medicaminibus
3513 467 3720 515 curent.

2159 555 2320 610 modo
2358 569 2492 624 quas
2541 555 2861 610 incurabiles
2901 554 3162 624 iudicant,
3213 551 3482 621 patientia:
3531 550 3722 604 virtute

2159 644 2487 709 sustineant;
2530 643 2576 698 si
2605 644 2840 698 moribus
2876 658 2938 696 ac
2977 641 3437 712 praedicationibus
3475 641 3582 694 suis
3619 653 3722 693 non

2160 750 2334 803 suam,
2373 735 2467 790 sed
2495 734 2692 790 Christi
2737 735 2957 803 gloriam
3001 741 3282 802 quaerant;
3325 745 3423 785 nec
3461 728 3620 783 verba
3663 741 3724 782 ac

2162 829 2295 881 facta
2317 840 2410 880 sua
2439 827 2491 880 in
2529 825 2544 863 ί
2574 825 2796 895 pretium
2829 824 3026 878 favoris
3059 821 3375 876 conciliandi
3410 819 3726 874 miserabili«

2163 926 2242 972 ter
2267 916 2509 985 perdant,
2543 915 2635 970 sed
2667 914 2918 984 quidquid
2949 915 3046 968 sibi
3069 912 3472 968 sacerdotaliter
3499 910 3728 965 viventi-

2162 1007 2262 1062 bus
2290 1016 2446 1074 atque
2470 1007 2786 1061 docentibus
2813 1005 3032 1060 honoris
3058 1004 3401 1072 impenditur,
3441 1004 3553 1058 Deo
3591 1018 3728 1057 scm-

2163 1112 2257 1167 per
2277 1097 2574 1161 ascribunt;
2599 1097 2644 1150 si
2668 1111 2772 1150 non
2797 1096 3047 1150 inflentur
3069 1095 3320 1150 ofﬁciosis
3338 1091 3730 1149 occurrentium

2163 1187 2591 1253 salutationibus,
2628 1187 2729 1241 sed'
2746 1195 3066 1256 graventur;
3098 1200 3197 1239 nec
3218 1183 3470 1238 honorari
3512 1197 3594 1248 se,
3639 1182 3731 1235 sed

2165 1279 2376 1332 onerari
2417 1277 2698 1331 faventium
2734 1278 2833 1332 sibi
2871 1276 3115 1331 laudibus
3155 1274 3417 1329 credant:
3458 1273 3503 1328 si
3542 1286 3731 1326 conso-

2166 1371 2339 1424 lentur
2361 1369 2605 1436 afﬂictos,
2634 1377 2852 1438 pascant
2872 1382 3089 1438 egenos,
3118 1368 3346 1422 vestiant
3373 1365 3566 1430 nudos,
3594 1364 3732 1420 redi-

2167 1469 2312 1514 mant
2341 1459 2602 1528 captivos,
2639 1460 2930 1529 suscipiant
2975 1459 3323 1528 peregrinos;
3363 1458 3407 1511 si
3437 1456 3733 1510 errantibus

2167 1548 2304 1602 viam
2329 1549 2514 1604 salutis
2541 1549 2841 1612 ostendant,
2871 1548 2884 1598 i
2923 1548 3218 1615 deSperatis
3246 1561 3394 1616 spem
3423 1547 3590 1601 veniae
3612 1559 3733 1600 con~

2168 1641 2455 1712 sequenda:
2486 1641 2828 1710 promittant;
2866 1647 3143 1694 currentes
3166 1637 3192 1676 ιι
3225 1637 3520 1706 impellant,
3558 1648 3735 1690 remo-

2094 1728 2144 1790 Β
2173 1743 2351 1787 rantes
2375 1730 2694 1795 accendant,
2728 1739 2780 1784 et
2803 1729 3058 1799 quidquid
3086 1727 3152 1782 ad
3181 1726 3417 1781 officium
3443 1739 3597 1779 suum
3622 1739 3735 1794 per-

2172 1826 2325 1892 tinet,
2363 1833 2670 1878 constanter
2704 1829 3025 1876 exerceant:
3055 1820 3173 1890 quis
3206 1822 3282 1874 sic
3319 1818 3421 1873 erit
3469 1818 3676 1872 alienus
3708 1831 3736 1868 a

2173 1918 2296 1983 fide,
2337 1927 2395 1972 ut
2436 1916 2644 1971 dubitet
2685 1915 2818 1970 tales
2848 1909 3327 1983 contemplativael
3374 1910 3585 1965 virtutis
3623 1923 3740 1964 esse

2172 2012 2475 2082 participes,
2504 2023 2728 2079 quorum
2755 2006 3002 2076 exemplo
3053 2005 3208 2059 simul
3259 2017 3322 2058 ac
3361 2002 3522 2057 verbo
3565 2001 3743 2070 plures

2174 2103 2307 2158 fiunt
2335 2115 2616 2170 regnorum
2647 2099 2941 2154 caelestium
2964 2095 3270 2151 cohmredes
3299 2093 3322 2145 ?

2243 2196 2298 2249 2.
2339 2193 2428 2249 Isti
2459 2200 2582 2246 sunt
2611 2190 2834 2246 ministri
2858 2187 3031 2251 verbi,
3055 2196 3094 2223 ω
3113 2186 3380 2256 adjutores
3407 2183 3524 2251 Dei,
3554 2196 3746 2236 oracu-

2179 2288 2286 2343 lum
2312 2285 2542 2354 Spiritus
2570 2281 2760 2337 sancti.
2807 2280 2908 2336 Per
2938 2279 3072 2335 tales
3099 2278 3240 2332 Deus
3266 2277 3502 2346 placatur
3527 2273 3747 2343 populo,

2177 2378 2403 2451 p0pulus
2425 2385 2451 2412 η
2476 2374 2755 2430 instruitur
2781 2372 2911 2426 Deo.
2960 2370 3050 2425 lsti
3087 2378 3210 2424 sunt
3250 2366 3610 2437 apostolorum
3641 2365 3749 2416 Do-

2179 2476 2307 2532 mini
2355 2483 2728 2536 successores,
2777 2468 2866 2538 qui
2916 2464 3183 2520 Ecclesias
3224 2477 3355 2532 quas
3401 2461 3476 2514 illi
3522 2468 3546 2495 ο
3587 2456 3752 2512 editis

2177 2564 2503 2631 mirabilibus
2533 2560 2904 2624 fundaverant,
2929 2554 3246 2611 mirabiliter
3273 2549 3581 2621 apostolicis
3611 2561 3754 2617 prte-

2179 2657 2272 2712 diti
2321 2654 2604 2710 virtutibus
2652 2660 2881 2721 regunt;
2931 2649 3022 2717 qui
3072 2646 3231 2700 fidem
3283 2642 3603 2699 catholicam
3656 2648 3756 2692 aut

2180 2744 2654 2814 disputationibus,
2695 2750 2783 2794 aut
2813 2741 2856 2794 si
2889 2738 2962 2793 ita
2989 2735 3278 2791 necessitas
3318 2740 3532 2804 poscat,
3573 2745 3755 2785 mem-

2183 2841 2398 2895 brorum
2425 2848 2638 2890 suorum
2667 2832 2991 2887 laceratione
3020 2827 3333 2891 defendunt,
3361 2839 3458 2894 pro
3487 2837 3594 2894 qua
3624 2822 3755 2877 totis

2184 2941 2210 2980 P
2232 2930 2430 2983 viribus
2460 2923 2732 2980 retinenda
2751 2963 2764 2986 ,
2807 2921 3017 2975 amissis
3044 2919 3378 2973 facultatibus
3405 2917 3545 2981 suis,
3588 2915 3757 2969 etiam

2185 3020 2318 3074 mori
2353 3017 2520 3087 parati
2557 3023 2700 3070 sunt.
2753 3012 3014 3068 Fidelium
3038 3008 3433 3065 'catholicorum
3462 3005 3758 3059 virtutibus

512 3101 608 3155 Dei
635 3102 984 3156 constituunt.
1027 3102 1102 3155 Illi
1134 3102 1490 3170 plausibiliter
1515 3101 1716 3168 dicunt,
1749 3110 1804 3157 et
1833 3103 1960 3156 nihil
1989 3118 2082 3156 au-
2111 3092 2156 3156 C
2187 3116 2449 3171 crescunt,
2477 3106 2563 3174 qui
2597 3119 2689 3172 per
2710 3117 2804 3158 eos
2831 3103 2942 3157 Deo
2968 3107 3188 3154 auctore
3215 3096 3526 3167 proﬁciunt;
3558 3103 3617 3149 et
3649 3094 3760 3148 Deo

511 3192 771 3246 ditoribus
801 3193 909 3245 suis
939 3192 1291 3247 declamando
1320 3202 1343 3230 ο
1390 3192 1701 3262 proficiunt;
1744 3193 1827 3248 isti
1875 3194 2082 3248 usitatis

511 3283 854 3338 sermonibus
896 3284 1111 3352 docent,
1159 3292 1214 3338 et
1264 3285 1559 3340 imitatores
1598 3299 1722 3339 suos
1781 3286 2079 3341 instituunt.

513 3373 645 3440 Quia
673 3375 933 3428 rationem
982 3374 1144 3445 [forte
1171 3375 1498 3446 orationem]
1539 3391 1688 3430 suam
1718 3377 1859 3430 nulla
1894 3378 2082 3433 fucata:

512 3467 912 3534 compositionis
947 3465 964 3504 τ
991 3466 1325 3521 affectatione
1346 3477 1713 3536 corrumpunt.

1092 3575 1316 3632 CAPUT
1355 3578 1519 3632 XXV.

517 3663 704 3731 Quales
745 3681 852 3718 esse
885 3665 1096 3719 debeant
1143 3668 1428 3720 sacerdotes
1467 3669 1554 3736 qui
1600 3667 1775 3721 volunt
1821 3669 1934 3736 ﬁeri
1967 3670 2084 3724 vitta

929 3737 1328 3807 contemplativa:
1369 3739 1658 3808 participes.

585 3824 638 3879 1.
677 3825 959 3892 Quocirca,
992 3829 1036 3881 si
1068 3828 1372 3882 sacerdotes
1409 3829 1576 3883 sancti
1614 3829 1744 3898 (non
1785 3830 1969 3899 quales
2006 3830 2082 3885 illi

515 3926 794 3987 suntquos
834 3918 1150 3986 iudicandos
1198 3930 1355 3988 atque
1385 3920 1713 3976 damnandos
1742 3923 2082 3977 comminatio

514 4010 692 4062 divina
746 4012 1074 4078 pronuntiat,
1130 4010 1223 4064 sed
1277 4013 1458 4077 quales
1505 4013 1795 4080 apostolica
1841 4015 2081 4069 doctrina

513 4100 897 4168 commendat),
948 4102 1276 4155 multossad
1318 4102 1482 4157 Deum
1531 4112 1711 4158 sancte
1758 4105 1984 4158 vivendo
2029 4114 2084 4159 et

515 4191 852 4258 prmdicando
878 4202 1228 4256 convertant;
1276 4194 1320 4247 si
1369 4195 1496 4247 nihil
1528 4192 1552 4229 ¹¹
1586 4210 1650 4249 ex
1697 4195 1941 4265 imperio,
1989 4197 2083 4251 sed

513 4283 691 4336 omnia
744 4281 1014 4337 humiliter
1056 4293 1232 4352 agant.
1282 4299 1345 4338 ac
1383 4301 1442 4339 se
1488 4301 1797 4343 communes
1846 4289 1924 4344 eis
1967 4290 2084 4358 qui-

517 4370 616 4425 bus
637 4380 761 4425 sunt
799 4373 1086 4441 praepositi,
1129 4372 1304 4427 studio
1345 4384 1538 4429 sancta:
1583 4376 1886 4433 dilectionis
1921 4378 2085 4434 exhi-

583 4537 606 4564 ε
640 4527 736 4580 llis.
759 4525 912 4580 Colb.
945 4540 1100 4592 unus,
1129 4541 1274 4579 vanae
1294 4530 1668 4585 assentationis.

541 4596 634 4718 (3d
650 4597 748 4717 ills.
789 4595 940 4650 Colb.
979 4612 1145 4662 unus,
1195 4597 1368 4650 nullus
1409 4600 1635 4667 quamvis
1673 4602 1935 4673 imperitus
1984 4621 2075 4660 ea:-

565 4685 593 4718 u
638 4686 662 4715 11
695 4682 772 4718 ur.

511 4682 772 4721 Cluantur.

588 4747 609 4773 ο
645 4736 740 4788 Ms.
773 4748 931 4797 unus,
960 4745 1186 4801 pectora.

585 4805 612 4840 α
643 4804 786 4856 Edit.
821 4803 986 4870 Lugd.
1013 4803 1144 4867 sola,
1169 4806 1509 4860 commodant.

587 4882 609 4946 ξ
641 4872 764 4946 Mss.
790 4874 913 4936 duo,
947 4872 1156 4946 et_edit.
1186 4873 1375 4944 Lugd,
1410 4877 1742 4946 prospiciunt.

588 4940 609 4980 ί
648 4941 773 5007 Mss.
807 4949 934 5006 tres,
963 4941 1244 5008 aﬁ’ectione.

584 5020 611 5057 ι
643 5010 768 5064 Mss.
796 5018 925 5074 tres,
952 5014 1019 5063 ad
1051 5009 1347 5066 Dominum.

581 5076 612 5117 ιι
639 5080 909 5150 Mss._tres
937 5091 1119 5135 carent
1145 5085 1328 5150 partic.
1362 5101 1443 5139 ex.

591 5150 604 5186 ί
635 5149 731 5202 Ms.
754 5148 962 5212 Camb.,
990 5148 1168 5217 pretio.

584 5218 602 5270 l
635 5220 734 5276 Ms.
760 5234 915 5288 unus,
939 5210 1336 5291 desperantibus.

2183 3213 2282 3252 suo
2312 3193 2733 3266 inseparabiliter
2761 3191 3126 3256 adluerentes,
3168 3190 3223 3242 in
3249 3201 3352 3256 quo
3387 3185 3487 3240 sibi
3526 3183 3761 3239 credunt

2182 3289 2352 3346 solida
2390 3303 2452 3341 ac
2490 3299 2834 3356 permansura
2877 3284 3014 3337 bona
3055 3281 3324 3349 reposita,
3370 3276 3555 3332 mundi
3599 3276 3762 3344 hujus

2181 3381 2370 3452 gaudia
2403 3379 2618 3447 fugitiva
2647 3374 2940 3431 fastidiunt.
2987 3373 3251 3426 Hactenus
3279 3382 3436 3436 super
3461 3366 3643 3421 tribus
3671 3381 3764 3420 ca-

2184 3470 2361 3540 pilulis
2388 3482 2689 3523 sermonem
2713 3477 2738 3515 ιι
2762 3464 3031 3518 laciniosa:
3051 3459 3419 3529 disputationis
3448 3456 3764 3527 prolixitata

2184 3561 2530 3631 produximus
2556 3578 2567 3612 :
2614 3559 2666 3612 in
2707 3572 2834 3626 quo,
2864 3571 2980 3625 qua:
3009 3562 3154 3609 esset
3179 3553 3300 3605 vitze
3329 3548 3766 3616 contemplatis-te

2186 3654 2523 3724 proprietas,
2581 3664 2700 3718 quae
2748 3646 3047 3701 differentia
3090 3644 3256 3713 ipsius
3305 3651 3361 3696 et
3413 3640 3656 3709 activae,
3714 3647 3766 3692 et

2185 3744 2410 3815 qualiter
2454 3736 2884 3807 contemplativa
2928 3742 2950 3772 τ
2985 3733 3196 3788 virtutis
3241 3728 3544 3785 sacerdotes
3587 3733 3614 3761 ⁸
3653 3727 3767 3784 ﬁeri

2186 3835 2471 3907 participes
2515 3833 2752 3900 possint,
2800 3827 3150 3891 sufficienter,
3182 3830 3240 3878 ut
3269 3822 3477 3889 opinor,
3513 3818 3768 3874 ostendi-

2185 3941 2323 3982 mus.
2376 3924 2600 3991 ldeoque
2645 3919 2767 3973 huic
2809 3917 3022 3971 tandem
3061 3915 3196 3969 libro
3223 3912 3506 3968 terminum
3537 3910 3765 3974 dantes,

2186 4019 2237 4072 in
2269 4015 2501 4071 secundo
2527 4011 2794 4066 volumine
2821 4009 2925 4062 alia
2955 4006 3051 4062 tria
3079 4004 3334 4076 capitula,
3365 4004 3473 4057 Deo
3503 4012 3769 4057 conatum

2186 4118 2426 4164 nostrum
2461 4104 2656 4158 vestris
2695 4100 3023 4155 orationibus
3044 4098 3348 4168 adiuvante,
3375 4093 3769 4159 tractabimus;

2185 4207 2243 4254 ut
2294 4200 2346 4252 in
2395 4196 2552 4250 tertio
2603 4193 2738 4247 libro
2777 4193 2845 4245 de
2883 4190 3100 4259 reliquis
3142 4194 3390 4256 quatuor,
3434 4184 3643 4254 quibus
3692 4185 3773 4238 vi-

2186 4291 2378 4346 tiorum
2418 4294 2574 4354 atque
2601 4282 2852 4338 virtutum
2881 4279 3213 4336 discutienda
3251 4277 3555 4335 continetur
3588 4278 3768 4343 ratio,

2185 4380 2534 4435 disseramus.

2252 4533 2277 4571 ¹ί
2302 4533 2398 4588 Ms.
2423 4545 2578 4592 unus,
2601 4527 2877 4596 impediant

2263 4602 2280 4640 1
2311 4604 2436 4656 Mss.
2461 4600 2587 4661 duo,
2617 4598 2753 4650 ritw.

2254 4672 2387 4725 mlta
2419 4684 2547 4724 mss.
2575 4657 2693 4721 cum
2724 4664 2854 4719 edit.
2887 4664 3019 4732 Lug.
3057 4669 3112 4716 et
3150 4659 3335 4714 Duaci.
3368 4657 3569 4716 Colon:
3614 4672 3772 4726 vero,

2187 4743 2450 4797 auditores
2480 4737 2595 4791 Dei.

2258 4819 2288 4847 ιι
2312 4812 2408 4864 Ms.
2433 4809 2584 4863 Colb.
2615 4819 2772 4867 unus,
2801 4802 2980 4874 populi
3007 4801 3364 4854 instituuntur.

2264 4888 2288 4914 ⁰
2315 4881 2413 4934 Ms.
2437 4877 2643 4938 Camb.,
2661 4875 2894 4945 judiciis.

2260 4959 2288 4998 ι)
2311 4949 2435 5002 Mss.
2459 4961 2550 5001 sex
2574 4954 2627 4999 et
2648 4938 2777 5012 édit.
2806 4942 2960 5012 Lug.,
2986 4938 3278 4994 visceribus.

2263 5030 2290 5068 ιι
2312 5019 2408 5073 Ms.
2433 5015 2641 5079 Camb.,
2670 5011 2950 5064 lacunosa).

2258 5099 2280 5126 τ
2307 5089 2362 5141 ln
2389 5101 2490 5140 ms.
2527 5075 2637 5139 uno
2661 5082 2809 5137 deest
2834 5080 3050 5134 virtutis.
3081 5076 3136 5131 In
3163 5077 3269 5133 alio
3291 5075 3520 5132 habetur
3541 5079 3774 5126 contem-

2191 5159 2394 5227 plativa:
2423 5157 2554 5209 vitaz.
2741 5224 2752 5227 _
2791 5223 2802 5227 _
3175 5217 3186 5227 ι

2260 5236 2280 5263 ⁸
2308 5227 2405 5282 Ms.
2430 5240 2588 5292 unus,
2617 5223 2894 5296 participes
2921 5235 3026 5276 esse
3051 5223 3264 5288 possint.
