4016 6168
222 293 312 349 Mi
1224 285 1313 342 DE
1353 284 1514 341 "TA
1553 283 2125 342 CONTEMPLATIV'A
2161 284 2285 341 LIB.
2330 285 2393 341 li.

3343 289 3463 344 N22

1131 484 1607 597 LIBER
1682 480 2511 591 SECUNDUS.

785 651 1176 710 PREFATIO.

276 747 325 803 Ι.
347 744 613 816 Superiori
630 746 758 799 libro
777 745 1021 798 rationem
1042 744 1440 814 contemplativa:
1456 741 1569 795 vita:
1585 750 1610 778 ⁸
1625 757 1761 794 com-

216 838 396 907 plexus,
437 852 530 907 pro
566 837 753 890 viribus
780 852 905 905 quas
933 830 1197 888 Dominus
1221 835 1412 888 donare
1448 834 1759 903 dignabitur,

214 929 268 982 de
305 927 490 981 actuali
535 927 676 995 vita,
728 930 857 980 sicut
904 925 1148 994 promisi,
1199 925 1460 994 disputare
1504 924 1756 978 constitui.

217 1014 565 1089 Quaprqpterb
586 1016 716 1069 sicut
743 1016 797 1069 in
822 1014 1122 1086 praefatione
1158 1014 1306 1083 primi
1343 1014 1613 1068 voluminis
1641 1014 1758 1082 feci,

214 1110 283 1161 hic
321 1124 516 1177 quoque
559 1108 707 1177 ofﬁcii
747 1107 849 1159 mei
884 1106 1273 1159 cnecessitatem
1321 1106 1497 1177 paucis
1541 1105 1714 1172 aperio
1739 1119 1759 1157 :

213 1201 318 1269 quia
343 1199 387 1252 si
417 1200 692 1267 potuissem
715 1198 824 1251 sine
849 1198 1142 1251 obedientice
1168 1212 1301 1249 noxa
1338 1194 1474 1265 quod
1503 1194 1761 1265 jubebatis

212 1295 432 1355 abnuere,
455 1307 710 1360 nunquam
733 1306 813 1343 me
829 1289 1051 1360 propria:
1070 1287 1340 1341 voluntatis
1362 1287 1601 1339 instinctu
1624 1300 1763 1338 com-

212 1382 442 1433 mitterem
466 1380 859 1435 obtrectatorum
898 1377 1145 1433 malevolo
1185 1377 1213 1413 ει
1234 1377 1384 1430 dente
1420 1376 1762 1445 carpendum;

212 1472 284 1539 qui
328 1470 555 1524 nolentes
605 1472 861 1524 advertere
906 1486 1060 1540 quam
1109 1469 1298 1522 invitus
1346 1468 1453 1521 htec
1498 1466 1764 1519 scribenda

211 1564 522 1631 susceperim,
544 1572 706 1616 totum
723 1563 859 1632 quod
878 1571 950 1616 est
972 1569 1148 1615 vestrae
1162 1560 1434 1631 jussionis,
1456 1558 1763 1630 applicaturi

212 1665 308 1706 sunt
331 1662 353 1690 ο
377 1659 508 1723 forte
534 1655 657 1707 vitio
688 1655 924 1707 vanitatis
946 1669 965 1707 :
1004 1654 1221 1707 maxime
1248 1653 1293 1707 si
1321 1653 1383 1707 de
1408 1652 1555 1705 rebus
1579 1650 1763 1704 talibus

210 1747 468 1811 locuturus,
506 1748 688 1816 quibus
727 1747 1180 1800 ecclesiasticarum
1221 1762 1347 1815 pene
1383 1746 1608 1799 omnium
1636 1760 1762 1797 con-

211 1838 401 1890 versatio
430 1837 649 1891 tenenda
673 1837 989 1901 describitur,
1014 1837 1209 1905 aliquid
1239 1836 1340 1890 tale
1366 1851 1604 1905 posuero,
1627 1834 1765 1904 quod

209 1930 500 1983 taculariter
542 1931 812 1985 viventium
861 1941 1048 1984 mentes
1095 1929 1362 1997 offendat;
1408 1938 1453 1983 et
1493 1926 1513 1967 ί
1551 1928 1673 1982 dum
1710 1927 1763 1981 in

1794 651 1846 709 Α
1875 647 2044 700 tuerit.
2088 646 2327 701 Voluistis
2352 648 2525 718 itaque
2548 646 2688 702 vobis
2711 647 3069 717 proprietatem
3090 646 3205 700 vitae
3225 648 3455 702 actualis

1867 739 2082 807 exponi,
2126 747 2184 791 ut
2229 754 2315 794 vos
2359 755 2476 793 cum
2516 739 2693 792 vestris
2740 738 3019 791 secundum
3054 738 3219 807 ipsam
3258 740 3456 793 vixisse

1861 848 2081 901 semper,
2127 841 2173 886 et
2204 834 2365 887 vivere
2392 832 2711 901 probaretis;
2752 849 2851 887 non
2879 834 3097 902 qualifer
3125 835 3263 887 vobis
3304 843 3440 889 esset

1860 926 2125 979 vivendum
2166 928 2338 980 °meis
2372 925 2801 995 disputationibus
2839 926 3118 979 disceretis.
3181 926 3446 992 Siquidem

1875 1019 2190 1070 conversatio
2215 1018 2452 1088 religiosa
2482 1016 2698 1071 actualis
2728 1025 2800 1070 est
2826 1017 2945 1083 vita,
2974 1033 3090 1087 qua?
3139 1018 3285 1071 docet
3319 1035 3447 1088 quo-

1863 1111 2012 1163 modo
2051 1111 2312 1180 pra'positi
2347 1111 2437 1163 sub
2468 1127 2521 1164 se
2558 1119 2731 1181 regant
2774 1111 2987 1164 viventes
3018 1121 3065 1164 et
3095 1111 3346 1181 diligant;
3384 1129 3444 1164 ac

1863 1216 1965 1254 non
2011 1200 2176 1255 minus
2224 1202 2286 1255 de
2331 1218 2527 1267 eorum,
2559 1218 2709 1272 quam
2758 1203 2821 1256 de
2867 1219 2962 1256 sua
3009 1204 3173 1257 salute
3210 1204 3443 1269 solliciti,

1864 1295 1997 1360 quod
2026 1294 2097 1348 eis
2121 1295 2357 1364 expedire
2382 1296 2568 1360 sciunt,
2612 1303 2825 1361 paterna
2860 1312 2987 1349 cura
3024 1296 3357 1365 provideant:
3396 1307 3443 1349 et

1863 1387 2080 1455 qualiter
2102 1387 2372 1456 prteposito
2394 1402 2486 1439 suo
2506 1386 2737 1456 subjecti,
2767 1396 3006 1455 tanquam
3037 1377 3189 1455 capiti
3217 1387 3439 1439 membra

1865 1479 2183 1544 deserviant,
2250 1493 2312 1531 ac
2361 1486 2613 1546 precepta
2667 1480 2777 1549 ejus
2828 1476 2959 1530 velut
3014 1477 3282 1544 imperium
3342 1476 3437 1529 Dei

1863 1584 2060 1623 summa
2098 1583 2273 1621 amore
2308 1568 2631 1633 custodiant;
2671 1569 2765 1620 Itoc
2796 1584 2899 1621 esse
2932 1575 3184 1631 sanctum,
3218 1567 3312 1619 hoc
3349 1568 3442 1620 sibi

1864 1660 2069 1713 salubre
2106 1668 2152 1713 et
2192 1659 2525 1713 necessarium
2553 1658 2877 1729 judicantes,
2924 1657 3060 1727 quod
3114 1658 3300 1711 rectori
3344 1674 3441 1710 suo

1865 1753 2154 1823 placuerit;
2197 1768 2297 1805 non
2335 1750 2469 1822 quod
2507 1751 2577 1804 eis
2617 1752 2669 1803 in
2709 1750 2976 1819 perniciem
3023 1750 3104 1804 sui
3141 1750 3444 1818 arrogantia

1866 1844 2047 1898 mentis
2088 1833 2281 1897 vitiosa:
2319 1843 2604 1897 dictaverit.
2649 1839 2875 1907 Ideoque
2907 1841 3204 1895 obedientite
3246 1858 3307 1895 ac
3347 1858 3441 1912 pa-

1868 1936 2058 1989 tientia:
2102 1934 2281 1989 virtute
2322 1934 2544 2005 fundati,
2587 1934 2842 2002 majorum
2877 1946 3091 1984 suorum
3126 1948 3227 1984 non
3267 1932 3442 1984 discu-

212 2021 524 2093 descriptione
544 2023 897 2077 ecclesiastico:
917 2024 1030 2076 vitae
1054 2038 1218 2076 mores
1242 2038 1360 2075 suos
1375 2026 1521 2092 (quos
1544 2020 1766 2075 snesciri
1795 2015 1841 2074 Β
1869 2028 1999 2079 tium
2040 2026 2337 2089 constituta,
2384 2026 2471 2078 sed
2512 2024 2740 2094 faciunt;
2784 2032 2829 2075 et
2868 2021 3071 2088 quando
3110 2022 3251 2092 rigor
3283 2022 3439 2091 exigit

207 2112 345 2181 magis
370 2128 523 2182 quam
549 2112 809 2166 emendari
827 2111 1025 2181 volunt)
1056 2113 1266 2166 viderint
1293 2110 1574 2183 publicari;
1602 2112 1655 2164 in
1680 2126 1760 2163 me

209 2207 426 2269 tanquam
454 2218 663 2256 suorum
700 2211 904 2256 actuum
943 2204 1281 2271 proditorem,
1324 2202 1597 2256 carnaliter
1620 2216 1761 2254 com-

207 2292 313 2344 moti
348 2294 643 2359 destrviant,
694 2304 843 2365 atque
887 2311 945 2349 ea
987 2310 1102 2365 qua:
1131 2295 1343 2364 fuerint,
1377 2294 1599 2349 donante
1624 2293 1755 2362 Deo,

208 2384 403 2452 prolata,
432 2386 527 2439 etsi
554 2384 924 2440 rationabiliter
951 2386 1087 2439 dicta
1107 2386 1409 2455 dijudicent,
1430 2401 1463 2437 a
1489 2401 1567 2438 me
1592 2394 1759 2438 tamen

206 2475 293 2528 dici
333 2493 433 2530 non
482 2477 712 2533 debuisse
756 2476 1105 2543 contendant;
1154 2478 1325 2546 sicque
1368 2486 1457 2531 aut
1500 2477 1761 2532 materiam

206 2564 571 2635 disputationis,
595 2578 683 2623 aut
716 2585 981 2639 personam
1007 2570 1313 2639 disputantis
1339 2570 1609 2623 irrideant.
1655 2567 1760 2623 Sed

206 2658 422 2723 quoniam
440 2675 569 2713 sana
588 2676 726 2714 mens
745 2661 1205 2731 incomparabiliter
1224 2660 1445 2729 amplius
1466 2659 1762 2715 obedientia:

205 2745 405 2814 fructum
441 2747 588 2803 debet
626 2762 860 2821 appetere
884 2766 1039 2820 quam
1076 2750 1233 2804 vitare
1272 2750 1480 2821 injustw
1512 2749 1762 2804 obtrecta-

205 2837 338 2893 tionis
364 2840 735 2909 opprobrium;
778 2840 805 2877 δ
827 2842 985 2897 levius
1016 2842 1212 2895 credidi
1240 2856 1318 2895 me
1343 2842 1547 2911 gravari
1588 2857 1760 2911 repre-

203 2925 514 2982 hendentium
541 2930 680 2984 dicta
706 2948 816 2985 mea
851 2932 1073 3001 judicio,
1106 2946 1260 3002 quam
1289 2931 1559 3002 pertinacis
1588 2930 1761 2985 inobe-

204 3016 385 3072 tientia
405 3019 671 3090 subjacere
691 3020 939 3093 periculo.
972 3019 1197 3074 Proinde
1222 3036 1448 3087 securus,
1470 3020 1488 3058 ί
1514 3020 1647 3090 quod
1672 3036 1759 3074 vos

204 3107 312 3161 milii
338 3110 641 3178 perﬁciendi
677 3109 971 3178 facultatem
1011 3111 1245 3180 precibus
1282 3110 1560 3179 impetretis
1588 3125 1621 3162 a
1644 3107 1756 3162 Do-

203 3198 343 3264 mino,
359 3202 449 3269 qui
465 3201 690 3271 jussistis
710 3210 765 3255 ut
788 3203 1040 3270 loquerer,
1065 3210 1111 3254 et
1137 3201 1579 3269 prtesumptionem
1596 3215 1758 3253 meam

204 3288 320 3356 spud
348 3306 429 3345 eos
454 3291 541 3361 qui
568 3307 648 3344 me
665 3291 951 3362 judicaturi
973 3301 1112 3362 sunt,
1136 3293 1414 3357 cxcusetis;
1440 3308 1566 3362 opus
1586 3306 1757 3346 susce-

203 3387 329 3447 ptum
354 3384 366 3431 1
397 3383 538 3436 vobis
565 3383 825 3437 orantibus
852 3383 1179 3455 adjuvandus
1206 3384 1486 3455 expediam.

262 3465 311 3521 2.
347 3469 453 3525 Sed
495 3472 794 3541 priusquam
829 3472 1145 3526 membratim
1181 3474 1387 3544 singula
1424 3490 1537 3543 quce
1570 3490 1757 3544 propo-

204 3560 353 3615 suistis
376 3562 662 3630 absolvam,
702 3565 1052 3620 universaliter
1078 3565 1142 3619 de
1179 3567 1291 3633 ipsa
1331 3582 1385 3619 re
1422 3580 1535 3635 qute
1572 3567 1628 3619 in
1661 3568 1757 3621 hoc

202 3646 356 3705 libello
386 3655 662 3707 tractanda
692 3664 765 3708 est
808 3671 973 3724 pauca
1012 3655 1136 3708 mihi
1174 3656 1319 3710 video
1357 3672 1465 3710 esse
1497 3656 1714 3710 dicenda
1737 3672 1756 3710 :

202 3741 362 3808 quibus
387 3744 642 3798 evidenter
667 3755 909 3815 appareat
944 3763 1045 3816 qua
1078 3747 1279 3800 ratione
1320 3746 1444 3800 mihi
1471 3749 1757 3801 succenseri

200 3851 331 3904 posse
353 3838 604 3907 praefatus
629 3838 745 3904 sim,
776 3838 838 3891 ab
864 3840 938 3893 eis
966 3840 1053 3909 qui
1082 3839 1243 3910 magis
1264 3839 1375 3907 quis
1400 3839 1568 3907 dicat,
1600 3854 1756 3909 quam

201 3930 307 3995 quid
348 3930 490 3983 dicat
538 3930 848 3996 attendunt;
904 3947 994 3985 nec
1050 3930 1296 3984 rationem
1335 3929 1621 3996 dictorum,
1668 3931 1757 3984 sed

200 4019 485 4091 dignitatem
508 4023 783 4075 dicentium
802 4020 827 4060 ι
848 4040 1004 4095 prava
1035 4022 1409 4076 examinatione
1445 4023 1755 4086 discutiunt;

199 4120 240 4163 et
260 4112 388 4179 quod
416 4113 588 4181 facere
614 4120 703 4165 aut
730 4111 841 4181 fieri
869 4114 1076 4177 nolunt,
1121 4112 1224 4165 dici
1263 4128 1459 4182 quoque
1491 4111 1510 4149 ι
1534 4113 1629 4166 sibi
1670 4117 1755 4183 fa-

198 4205 423 4271 stidiunt;
459 4205 743 4276 paratiores
768 4204 960 4274 aliquid
989 4204 1252 4272 doctrinas,
1284 4207 1437 4259 etiam
1466 4205 1602 4274 quod
1629 4207 1755 4259 scire

199 4298 387 4367 cupiunt
406 4298 684 4367 ignorare;
705 4311 855 4365 quam
877 4312 907 4347 a
929 4312 1144 4364 persona
1166 4296 1408 4365 inferiore
1427 4311 1755 4368 epgnoscere:

199 4401 299 4439 sum
322 4388 501 4441 veritas
533 4387 860 4455 undecunque
886 4386 1159 4451 claruerit,
1191 4402 1292 4439 non
1317 4386 1383 4439 sit
1419 4387 1621 4455 ingenio
1659 4386 1757 4439 [tuo

200 4493 329 4533 mane
349 4478 664 4551 deputanda,
688 4478 775 4531 sed
800 4478 935 4542 Deo;
964 4494 1055 4531 nec
1079 4478 1367 4548 aliquorum
1390 4479 1564 4533 debeat
1596 4479 1754 4545 credi,

199 4572 275 4623 sed
316 4574 563 4637 omnium,
594 4587 709 4640 qua:
748 4586 837 4641 per
862 4586 913 4623 se
942 4580 1147 4624 mtanta
1194 4581 1239 4624 et
1282 4571 1399 4625 talis
1428 4580 1520 4635 est,
1559 4580 1613 4624 ut
1656 4588 1757 4627 non

196 4666 300 4714 tunc
335 4664 399 4716 sit
427 4679 640 4733 magna,
681 4662 724 4714 si
767 4676 876 4713 eam
915 4662 1085 4732 magni
1122 4661 1417 4726 docuerint;
1463 4662 1552 4716 sed
1591 4665 1756 4729 potius

1862 2114 2178 2186 disciplina,
2237 2125 2291 2168 ut
2324 2124 2355 2164 P
2383 2113 2621 2168 severiter
2661 2122 2965 2184 arguantur,
3014 2120 3274 2180 acceptam
3316 2128 3439 2164 cor-

1861 2207 2139 2276 reptionem
2182 2204 2575 2277 magnanimiter
2616 2202 2824 2271 ferunt;
2872 2217 2962 2255 nec
3006 2201 3222 2255 motibus
3260 2216 3434 2255 eorum

1862 2317 1894 2353 a
1934 2299 2114 2369 quibus
2157 2299 2346 2369 fuerint
2386 2297 2662 2368 objurgati,
2686 2294 2773 2349 sed
2798 2295 2904 2349 suis
2928 2294 3263 2365 negligentiis,
3292 2293 3432 2363 quod

1861 2394 2193 2460 castigantur,
2230 2388 2511 2467 ascribunt.
2554 2386 2696 2440 Cives
2733 2400 2929 2455 quoque
2966 2400 3087 2438 suos
3130 2384 3348 2455 plebeios
3386 2395 3433 2439 et

1861 2486 2073 2551 nobiles,
2112 2484 2291 2537 divites
2332 2499 2392 2536 ac
2431 2490 2677 2551 potentes,
2717 2478 2935 2551 qualiter
2957 2486 3175 2532 tractare
3198 2488 3247 2532 et
3270 2493 3439 2549 regere

1862 2579 2074 2632 debeant
2116 2576 2439 2643 sacerdotes,
2496 2573 2653 2646 hujus
2718 2556 2879 2626 libelli
2932 2572 3085 2626 series
3142 2570 3436 2625 continebit.

1866 2669 1994 2737 Quae
2037 2684 2150 2741 ego,
2192 2668 2323 2722 sicut
2362 2680 2494 2736 stupe
2531 2666 2642 2736 jam
2680 2662 2826 2728 dixi,
2868 2660 3086 2716 scribere
3132 2677 3235 2714 non
3273 2660 3439 2713 aude-

1859 2775 1967 2812 rem
2016 2758 2061 2812 si
2116 2756 2254 2811 vobis
2293 2769 2483 2826 negare
2520 2753 2717 2823 aliquid
2759 2762 2786 2802 ει
2824 2750 3118 2822 potuissem.
3184 2749 3289 2805 Sed
3323 2751 3440 2819 jam“

1861 2855 2089 2925 capitula
2138 2853 2253 2921 ipsa
2301 2849 2597 2905 disserenda
2636 2862 2909 2918 ponamus.
2967 2844 3233 2912 Quwsistis
3280 2844 3441 2912 igitur

1860 2954 2031 2999 utrum
2069 2942 2425 3015 a’quanimiler
2462 2937 2749 2993 sustinendi
2801 2938 2903 2991 sint
2954 2935 3125 2989 divina
3186 2940 3439 3002 pracepta

1858 3037 2140 3100 calcantes,
2189 3048 2256 3086 an
2294 3048 2388 3103 pro
2421 3029 2571 3085 modo
2605 3028 2795 3101 peccati
2830 3027 3043 3082 debeant
3078 3024 3429 3080 ecclesiastica

1858 3125 2123 3183 severitate
2160 3122 2393 3195 coargui.

2456 3206 2837 3264 ELENCHUS.

1928 3304 2107 3360 CAPUT
2136 3303 2177 3358 1.
2222 3302 2373 3370 Quod
2399 3316 2492 3371 pro
2517 3298 2803 3353 diversitate
2827 3294 3166 3357 peccantium,
3188 3291 3283 3346 alii
3312 3306 3435 3363 pora-

1783 3372 1829 3436 Ο
1862 3398 2008 3452 tandi
2032 3403 2175 3462 sunt,
2201 3395 2295 3448 alii
2318 3392 2625 3463 castigandi.

1927 3488 2058 3541 CAP.
2090 3486 2150 3540 11.
2194 3484 2273 3539 De
2300 3483 2451 3537 luude
2479 3491 2773 3535 sanctorum
2803 3477 3141 3533 sacerdotum.

1929 3576 2057 3631 CAP.
2092 3575 2177 3629 Ill.
2219 3572 2298 3627 De
2326 3572 2625 3627 testimoniis
2651 3568 2980 3640 apostolicis,
3021 3567 3099 3620 vel
3134 3568 3197 3619 de
3234 3566 3437 3637 exposi-

1858 3669 1994 3721 tione
2021 3682 2215 3720 eorum.

1925 3756 2053 3812 CAP.
2085 3755 2173 3811 IV.
2217 3754 2469 3826 Objectio,
2500 3767 2661 3822 quare
2691 3751 2976 3804 sacerdotes
3003 3748 3184 3812 sancti,
3210 3762 3435 3815 quorum-

1854 3863 1977 3901 cura
2004 3857 2075 3901 est
2105 3846 2299 3914 perdite
2328 3845 2543 3897 viventes
2565 3856 2799 3912 arguere,
2825 3838 3146 3893 simulatores
3167 3837 3433 3905 religionis

1857 3936 2209 4007 aquanimiter
2239 3935 2424 4002 ferant.

1926 4028 2056 4082 CAP.
2090 4025 2155 4080 ν.
2202 4024 2515 4093 Responsio,
2558 4022 2643 4074 ubi
2692 4021 2973 4074 ostenditur
3008 4018 3188 4087 quibus
3228 4017 3432 4085 exigen.

1857 4118 1986 4172 tibus
2010 4116 2177 4170 causis
2203 4113 2543 4185 quorumdam
2569 4110 2841 4176 inﬁrmitas
2872 4107 3054 4160 blande
3080 4115 3345 4159 tractetur.

1927 4210 2055 4265 CAP.
2081 4206 2167 4262 Vl.
2210 4205 2359 4272 Quod
2390 4204 2471 4257 illi
2498 4211 2703 4271 peccata
2728 4200 2899 4254 aliena
2930 4198 3250 4267 impatienter
3278 4213 3445 4250 accu-

1858 4310 1993 4365 sant,
2026 4300 2112 4370 qui
2142 4314 2236 4351 sua
2265 4312 2367 4349 non
2392 4295 2634 4365 cogitant.

1930 4391 2059 4447 CAP.
2085 4389 2197 4444 VII.
2242 4388 2499 4454 Quantum
2526 4382 2737 4437 remedii
2763 4381 2942 4435 habeat
2971 4381 3226 4450 confessio
3254 4395 3439 4450 pecca~

1861 4492 2047 4547 torum,
2069 4490 2114 4534 et
2137 4480 2287 4550 quale
2315 4486 2569 4531 mereatur
2597 4474 2869 4530 occultatio
2897 4474 3074 4528 dolosa
3102 4473 3425 4543 supplicmm.

1928 4572 2056 4626 CAP.
2081 4569 2215 4625 Vill.
2258 4569 2408 4635 Quod
2434 4568 2633 4636 inique,
2673 4576 2720 4619 et
2757 4578 2861 4619 non
2887 4562 3184 4633 simpliciter
3212 4579 3433 4633 arguetb

1861 4676 1952 4732 tes,
1981 4663 2099 4717 vani
2126 4664 2249 4726 sint,
2277 4677 2336 4714 ac
2358 4660 2529 4713 divino
2546 4658 2746 4729 judicio
2771 4658 3162 4711 condemnandi.

196 4748 294 4819 ipsa
318 4770 526 4825 magnos
552 4753 709 4822 faciat
736 4768 842 4817 eos,
874 4768 908 4805 a
935 4754 1111 4821 quibus
1139 4753 1307 4806 doceri
1343 4754 1419 4807 vel
1438 4755 1614 4809 ndisci
1658 4774 1754 4823 ρο·
1784 4753 1837 4813 D
1929 4757 2060 4811 CAP.
2090 4752 2185 4808 IX.
2227 4753 2376 4818 Quod
2407 4751 2695 4805 sacerdotes
2724 4748 2854 4803 nihil
2885 4752 3084 4822 proprii
3121 4748 3299 4804 habere
3335 4745 3430 4802 des

257 4918 282 4980 f'
305 4911 405 4966 Ms.
426 4911 644 4977 Camb.,
672 4909 964 4980 complexus
992 4926 1127 4977 sum,
1155 4926 1289 4964 nunc
1313 4926 1407 4980 pro
1433 4911 1642 4968 viribus.

254 4976 280 5017 δ
300 4980 424 5035 Mss.
455 4994 575 5048 seu,
597 4976 731 5047 quod
758 4979 831 5031 in.

257 5059 277 5086 ε
298 5049 429 5104 Mss.
457 5058 587 5113 tres,
610 5050 922 5103 necessitate.

251 5114 276 5153 ⁸
296 5118 393 5173 Ms.
419 5119 578 5173 Coll).
601 5135 755 5183 unus,
782 5119 1029 5173 malevolo
1049 5122 1207 5173 denti.

254 5187 395 5258 ξμς.
420 5187 576 5244 Colb.
600 5202 739 5242 unus
746 5188 955 5258 _omiuit
984 5189 1132 5258 forte.

258 5253 275 5291 ί
300 5257 427 5328 Mss.
453 5259 707 5328 quinque,
736 5255 802 5310 Et
830 5274 962 5312 cum.

165 5326 175 5363 ῖ
251 5331 275 5399 ξ
298 5324 425 5399 Mss.
451 5324 699 5399 q'ugtu'or,
726 5329 919 5399 nescire
948 5329 1107 5399 magis
1133 5344 1286 5399 quam
1310 5328 1599 5383 emendare.

248 5391 277 5469 ’ξ
295 5394 384 5452 Sic
404 5391 511 5452 mi.
529 5397 659 5469 Reg.
685 5391 839 5452 unus.
860 5391 1175 5468 Lugdfvero
1195 5414 1315 5453 cum
1338 5413 1438 5453 ms.
1461 5399 1567 5453 alio
1588 5399 1748 5469 Reg.,

186 5464 329 5537 (cuius
363 5482 453 5537 me
466 5464 661 5521 credidi
688 5469 887 5537 gravari
913 5464 1384 5536 rEpreliendentium
1410 5469 1589 5532 dictis,
1636 5464 1747 5524 meo

1860 4914 2015 4968 dicio.

1937 4982 1954 5021 ί
1982 4982 2080 5036 Ms.
2100 4980 2308 5041 Camb.,
2337 4995 2542 5033 securus
2569 4994 2745 5033 sum...
2775 4984 2829 5029 ut
2861 4991 2986 5044 opus
3014 4982 3333 5044 susceptum.

1938 5053 1951 5101 i
1987 5053 2086 5105 Ms.
2109 5064 2265 5115 unus,
2292 5050 2468 5103 vestris
2508 5047 2817 5102 orationibus
2853 5043 3232 5114 adjuvantibus.

1930 5119 1956 5159 ιι
1982 5121 2077 5173 Ms.
2103 5135 2166 5174 ex
2189 5118 2340 5173 Colb.
2364 5133 2523 5182 unus,
2546 5133 2703 5188 praro
2730 5116 2980 5170 examine.

1935 5191 1951 5228 ι
1982 5190 2079 5244 Ms.
2106 5203 2238 5243 unus
2268 5204 2373 5242 non
2404 5188 2562 5241 habet
2590 5188 2706 5241 sibi.

1933 5268 1972 5297 ω
1996 5259 2119 5314 Mss.
2141 5260 2397 5327 quinque,
2441 5258 2558 5327 talis
2598 5274 2656 5309 nc
2692 5264 2835 5309 tanta
2870 5261 2968 5309 est.

1928 5338 1952 5365 ιι
1977 5329 2064 5383 Sic
2093 5343 2222 5384 mss.
2245 5326 2361 5383 sex.
2388 5326 2549 5392 Editi,
2574 5327 2694 5379 dici.

1924 5408 1949 5435 °
1972 5399 2116 5471 _Edit.
2142 5399 2351 5471 Lugd,
2376 5399 2428 5449 in
2464 5398 2555 5449 eis.
2586 5465 2624 5471 _
2649 5463 2683 5471 η
2714 5464 2727 5471 _
2946 5460 2958 5471 C

1918 5469 2042 5523 Plta
2073 5457 2392 5523 mss.VColb.
2419 5475 2549 5521 tres.
2586 5463 2774 5529 Editi.,
2803 5460 3083 5518 severitate.
3128 5457 3256 5515 Mss.
3292 5464 3423 5509 tres.

184 5529 389 5606 iudicio.
431 5536 596 5591 Duae.
627 5529 893 5606 et'Colon.
930 5529 1049 5592 cum
1078 5539 1114 5594 4
1139 5538 1290 5593 Colb.
1321 5553 1448 5606 ωε..
1480 5529 1637 5592 levius
1668 5556 1745 5594 me
1845 5537 2003 5595 severi
2024 5537 2226 5590 acriter.

180 5605 370 5677 credidi
416 5607 620 5675 gravari
665 5605 1138 5677 reprehendentium
1188 5608 1322 5663 dicta
1371 5605 1483 5661 mea
1525 5607 1736 5673 iudicio.

180 5666 362 5729 Lamb.
383 5666 584 5743 autem,
610 5666 819 5745 gravare
847 5676 1317 5732 revreltendrntium
1347 5679 1482 5732 dicta
1512 5666 1622 5731 meti
1646 5680 1730 5749 jus

1843 5666 1849 5676 ,
1917 5618 1945 5661 ει
1964 5606 2065 5664 Ms.
2092 5618 2251 5676 unus,
2277 5618 2497 5679 possem.
