  <div class='ocr_page' id='page_1' title='image "/cluster/home/n/w/nwhite01/storage/ocr_20150623/59/hvd.32044073505117/229.png"; bbox 0 0 4024 6176; ppageno 0'>
   <div class='ocr_carea' id='block_1_1' title="bbox 539 322 644 375">
    <p class='ocr_par' dir='ltr' id='par_1_1' title="bbox 539 322 644 375">
     <span class='ocr_line' id='line_1_1' title="bbox 539 322 644 375; baseline 0 0"><span class='ocrx_word' id='word_1_1' title='bbox 539 322 644 375; x_wconf 57' lang='grc' dir='ltr'><strong><em>(ΑΒ</em></strong></span> 
     </span>
    </p>
   </div>
   <div class='ocr_carea' id='block_1_2' title="bbox 1890 308 3779 377">
    <p class='ocr_par' dir='ltr' id='par_1_2' title="bbox 1890 308 3779 377">
     <span class='ocr_line' id='line_1_2' title="bbox 1890 308 3779 377; baseline -0.013 -10"><span class='ocrx_word' id='word_1_2' title='bbox 1890 310 2151 367; x_wconf 81' lang='lat' dir='ltr'><strong><em>JULIANI</em></strong></span> <span class='ocrx_word' id='word_1_3' title='bbox 2192 308 2470 363; x_wconf 77' lang='lat' dir='ltr'><strong><em>POMERII</em></strong></span> <span class='ocrx_word' id='word_1_4' title='bbox 3602 372 3603 375; x_wconf 6' lang='grc' dir='ltr'>γ</span> <span class='ocrx_word' id='word_1_5' title='bbox 3692 321 3779 377; x_wconf 65' lang='lat' dir='ltr'><strong><em>m</em></strong></span> 
     </span>
    </p>
   </div>
   <div class='ocr_carea' id='block_1_3' title="bbox 540 422 3779 498">
    <p class='ocr_par' dir='ltr' id='par_1_3' title="bbox 540 422 3779 498">
     <span class='ocr_line' id='line_1_3' title="bbox 540 422 3779 498; baseline -0.001 -13"><span class='ocrx_word' id='word_1_6' title='bbox 540 434 715 497; x_wconf 89' lang='lat' dir='ltr'><strong><em>beant,</em></strong></span> <span class='ocrx_word' id='word_1_7' title='bbox 760 442 801 484; x_wconf 82' lang='lat' dir='ltr'><strong><em>et</em></strong></span> <span class='ocrx_word' id='word_1_8' title='bbox 834 430 1077 486; x_wconf 65' lang='lat' dir='ltr'><strong><em>Ecclesia</em></strong></span> <span class='ocrx_word' id='word_1_9' title='bbox 1117 428 1385 496; x_wconf 77' lang='lat' dir='ltr'><strong><em>facultates</em></strong></span> <span class='ocrx_word' id='word_1_10' title='bbox 1414 428 1560 497; x_wconf 88' lang='lat' dir='ltr'><strong><em>quasi</em></strong></span> <span class='ocrx_word' id='word_1_11' title='bbox 1588 441 1900 489; x_wconf 78' lang='lat' dir='ltr'><strong><em>communes,</em></strong></span> <span class='ocrx_word' id='word_1_12' title='bbox 1946 432 2117 496; x_wconf 84' lang='lat' dir='ltr'><strong><em>utpote</em></strong></span> <span class='ocrx_word' id='word_1_13' title='bbox 2145 422 2197 481; x_wconf 71' lang='grc' dir='ltr'><strong>Δ</strong></span> <span class='ocrx_word' id='word_1_14' title='bbox 2225 430 2250 468; x_wconf 75' lang='grc' dir='ltr'><em>ε</em></span> <span class='ocrx_word' id='word_1_15' title='bbox 2273 423 2343 475; x_wconf 86' lang='lat' dir='ltr'><strong><em>ita</em></strong></span> <span class='ocrx_word' id='word_1_16' title='bbox 2383 422 2616 488; x_wconf 77' lang='lat' dir='ltr'><strong><em>peccatis</em></strong></span> <span class='ocrx_word' id='word_1_17' title='bbox 2645 422 2927 477; x_wconf 81' lang='lat' dir='ltr'><strong><em>dissimilia</em></strong></span> <span class='ocrx_word' id='word_1_18' title='bbox 2962 432 3079 476; x_wconf 87' lang='lat' dir='ltr'><strong><em>sunt</em></strong></span> <span class='ocrx_word' id='word_1_19' title='bbox 3113 423 3420 479; x_wconf 85' lang='lat' dir='ltr'><strong><em>adhibenda</em></strong></span> <span class='ocrx_word' id='word_1_20' title='bbox 3450 428 3695 498; x_wconf 76' lang='lat' dir='ltr'><strong><em>remedia,</em></strong></span> <span class='ocrx_word' id='word_1_21' title='bbox 3720 437 3779 488; x_wconf 86' lang='lat' dir='ltr'><strong><em>si-</em></strong></span> 
     </span>
    </p>
   </div>
   <div class='ocr_carea' id='block_1_4' title="bbox 541 519 1555 588">
    <p class='ocr_par' dir='ltr' id='par_1_4' title="bbox 541 519 1555 588">
     <span class='ocr_line' id='line_1_4' title="bbox 541 519 1555 588; baseline -0.006 -12"><span class='ocrx_word' id='word_1_22' title='bbox 541 520 649 576; x_wconf 88' lang='lat' dir='ltr'><strong><em>Deo</em></strong></span> <span class='ocrx_word' id='word_1_23' title='bbox 676 524 919 576; x_wconf 87' lang='lat' dir='ltr'><strong><em>rationem</em></strong></span> <span class='ocrx_word' id='word_1_24' title='bbox 948 521 1219 584; x_wconf 89' lang='lat' dir='ltr'><strong><em>reddituri,</em></strong></span> <span class='ocrx_word' id='word_1_25' title='bbox 1249 519 1555 588; x_wconf 72' lang='lat' dir='ltr'><strong><em>suscipiant.</em></strong></span> 
     </span>
    </p>
   </div>
   <div class='ocr_carea' id='block_1_5' title="bbox 608 607 2127 678">
    <p class='ocr_par' dir='ltr' id='par_1_5' title="bbox 608 607 2127 678">
     <span class='ocr_line' id='line_1_5' title="bbox 608 607 2127 678; baseline -0.003 -13"><span class='ocrx_word' id='word_1_26' title='bbox 608 613 736 666; x_wconf 60' lang='lat' dir='ltr'><strong><em>Cir.</em></strong></span> <span class='ocrx_word' id='word_1_27' title='bbox 771 613 835 667; x_wconf 75' lang='grc' dir='ltr'><strong><em>Χ.</em></strong></span> <span class='ocrx_word' id='word_1_28' title='bbox 882 612 1009 666; x_wconf 88' lang='lat' dir='ltr'><strong><em>Cum</em></strong></span> <span class='ocrx_word' id='word_1_29' title='bbox 1053 627 1151 678; x_wconf 88' lang='lat' dir='ltr'><strong><em>quo</em></strong></span> <span class='ocrx_word' id='word_1_30' title='bbox 1194 610 1382 662; x_wconf 89' lang='lat' dir='ltr'><strong><em>damno</em></strong></span> <span class='ocrx_word' id='word_1_31' title='bbox 1430 610 1613 662; x_wconf 70' lang='lat' dir='ltr'><strong><em>animat</em></strong></span> <span class='ocrx_word' id='word_1_32' title='bbox 1651 624 1758 661; x_wconf 70' lang='lat' dir='ltr'><strong><em>sua:</em></strong></span> <span class='ocrx_word' id='word_1_33' title='bbox 1800 609 1865 661; x_wconf 90' lang='lat' dir='ltr'><strong><em>ab</em></strong></span> <span class='ocrx_word' id='word_1_34' title='bbox 1896 607 2127 661; x_wconf 80' lang='lat' dir='ltr'><strong><em>Ecclesia</em></strong></span> 
     </span>
    </p>
   </div>
   <div class='ocr_carea' id='block_1_6' title="bbox 544 698 2129 772">
    <p class='ocr_par' dir='ltr' id='par_1_6' title="bbox 544 698 2129 772">
     <span class='ocr_line' id='line_1_6' title="bbox 544 698 2129 772; baseline -0.003 -17"><span class='ocrx_word' id='word_1_35' title='bbox 544 719 652 771; x_wconf 70' lang='lat' dir='ltr'><strong><em>quia</em></strong></span> <span class='ocrx_word' id='word_1_36' title='bbox 685 719 931 772; x_wconf 78' lang='lat' dir='ltr'><strong><em>pauperes</em></strong></span> <span class='ocrx_word' id='word_1_37' title='bbox 962 702 1143 770; x_wconf 87' lang='lat' dir='ltr'><strong><em>pascit,</em></strong></span> <span class='ocrx_word' id='word_1_38' title='bbox 1175 701 1431 769; x_wconf 79' lang='lat' dir='ltr'><strong><em>accipiant</em></strong></span> <span class='ocrx_word' id='word_1_39' title='bbox 1471 699 1551 753; x_wconf 91' lang='lat' dir='ltr'><strong><em>illi</em></strong></span> <span class='ocrx_word' id='word_1_40' title='bbox 1581 701 1667 765; x_wconf 84' lang='lat' dir='ltr'><strong><em>qui</em></strong></span> <span class='ocrx_word' id='word_1_41' title='bbox 1690 700 1785 751; x_wconf 80' lang='lat' dir='ltr'><strong><em>sibi</em></strong></span> <span class='ocrx_word' id='word_1_42' title='bbox 1811 700 1872 751; x_wconf 90' lang='lat' dir='ltr'><strong><em>de</em></strong></span> <span class='ocrx_word' id='word_1_43' title='bbox 1898 714 1993 751; x_wconf 84' lang='lat' dir='ltr'><strong><em>suo</em></strong></span> <span class='ocrx_word' id='word_1_44' title='bbox 2017 698 2129 767; x_wconf 81' lang='lat' dir='ltr'><strong><em>suf-</em></strong></span> 
     </span>
    </p>
   </div>
   <div class='ocr_carea' id='block_1_7' title="bbox 547 793 749 858">
    <p class='ocr_par' dir='ltr' id='par_1_7' title="bbox 547 793 749 858">
     <span class='ocr_line' id='line_1_7' title="bbox 547 793 749 858; baseline 0 -15"><span class='ocrx_word' id='word_1_45' title='bbox 547 793 749 858; x_wconf 76' lang='lat' dir='ltr'><strong><em>ﬁcium.</em></strong></span> 
     </span>
    </p>
   </div>
   <div class='ocr_carea' id='block_1_8' title="bbox 611 875 2129 946">
    <p class='ocr_par' dir='ltr' id='par_1_8' title="bbox 611 875 2129 946">
     <span class='ocr_line' id='line_1_8' title="bbox 611 875 2129 946; baseline -0.003 -13"><span class='ocrx_word' id='word_1_46' title='bbox 611 880 738 933; x_wconf 73' lang='lat' dir='ltr'><strong><em>CAP.</em></strong></span> <span class='ocrx_word' id='word_1_47' title='bbox 763 880 854 933; x_wconf 91' lang='lat' dir='ltr'><strong><em>XI.</em></strong></span> <span class='ocrx_word' id='word_1_48' title='bbox 899 879 1000 946; x_wconf 91' lang='lat' dir='ltr'><strong><em>Qui</em></strong></span> <span class='ocrx_word' id='word_1_49' title='bbox 1021 881 1123 933; x_wconf 88' lang='lat' dir='ltr'><strong><em>sint</em></strong></span> <span class='ocrx_word' id='word_1_50' title='bbox 1142 880 1229 945; x_wconf 85' lang='lat' dir='ltr'><strong><em>qui</em></strong></span> <span class='ocrx_word' id='word_1_51' title='bbox 1251 880 1400 931; x_wconf 86' lang='lat' dir='ltr'><strong><em>etiam</em></strong></span> <span class='ocrx_word' id='word_1_52' title='bbox 1421 893 1537 930; x_wconf 89' lang='lat' dir='ltr'><strong><em>cum</em></strong></span> <span class='ocrx_word' id='word_1_53' title='bbox 1564 875 1791 945; x_wconf 80' lang='lat' dir='ltr'><strong><em>profectu</em></strong></span> <span class='ocrx_word' id='word_1_54' title='bbox 1817 876 2000 928; x_wconf 66' lang='lat' dir='ltr'><strong><em>animi:</em></strong></span> <span class='ocrx_word' id='word_1_55' title='bbox 2022 891 2129 929; x_wconf 65' lang='lat' dir='ltr'><strong><em>suae</em></strong></span> 
     </span>
    </p>
   </div>
   <div class='ocr_carea' id='block_1_9' title="bbox 544 970 1393 1041">
    <p class='ocr_par' dir='ltr' id='par_1_9' title="bbox 544 970 1393 1041">
     <span class='ocr_line' id='line_1_9' title="bbox 544 970 1393 1041; baseline 0 -17"><span class='ocrx_word' id='word_1_56' title='bbox 544 971 724 1041; x_wconf 85' lang='lat' dir='ltr'><strong><em>opibus</em></strong></span> <span class='ocrx_word' id='word_1_57' title='bbox 750 980 1100 1024; x_wconf 71' lang='lat' dir='ltr'><strong><em>sustentantur</em></strong></span> <span class='ocrx_word' id='word_1_58' title='bbox 1132 970 1393 1024; x_wconf 65' lang='lat' dir='ltr'><strong><em>Ecclesiae.</em></strong></span> 
     </span>
    </p>
   </div>
   <div class='ocr_carea' id='block_1_10' title="bbox 612 1058 2128 1127">
    <p class='ocr_par' dir='ltr' id='par_1_10' title="bbox 612 1058 2128 1127">
     <span class='ocr_line' id='line_1_10' title="bbox 612 1058 2128 1127; baseline -0.003 -13"><span class='ocrx_word' id='word_1_59' title='bbox 612 1058 743 1115; x_wconf 69' lang='lat' dir='ltr'><strong><em>Car.</em></strong></span> <span class='ocrx_word' id='word_1_60' title='bbox 777 1060 891 1114; x_wconf 84' lang='lat' dir='ltr'><strong><em>XII.</em></strong></span> <span class='ocrx_word' id='word_1_61' title='bbox 937 1062 1073 1126; x_wconf 84' lang='lat' dir='ltr'><strong><em>Quid</em></strong></span> <span class='ocrx_word' id='word_1_62' title='bbox 1102 1061 1273 1127; x_wconf 78' lang='lat' dir='ltr'><strong><em>facere</em></strong></span> <span class='ocrx_word' id='word_1_63' title='bbox 1300 1059 1507 1112; x_wconf 83' lang='lat' dir='ltr'><strong><em>debeant</em></strong></span> <span class='ocrx_word' id='word_1_64' title='bbox 1534 1058 1706 1111; x_wconf 64' lang='lat' dir='ltr'><strong><em>clsrici</em></strong></span> <span class='ocrx_word' id='word_1_65' title='bbox 1734 1074 1949 1127; x_wconf 88' lang='lat' dir='ltr'><strong><em>quorum</em></strong></span> <span class='ocrx_word' id='word_1_66' title='bbox 1978 1058 2128 1125; x_wconf 76' lang='lat' dir='ltr'><strong><em>inﬁr—</em></strong></span> 
     </span>
    </p>
   </div>
   <div class='ocr_carea' id='block_1_11' title="bbox 546 1152 1505 1218">
    <p class='ocr_par' dir='ltr' id='par_1_11' title="bbox 546 1152 1505 1218">
     <span class='ocr_line' id='line_1_11' title="bbox 546 1152 1505 1218; baseline -0.002 -13"><span class='ocrx_word' id='word_1_67' title='bbox 546 1152 697 1205; x_wconf 90' lang='lat' dir='ltr'><strong><em>mitas</em></strong></span> <span class='ocrx_word' id='word_1_68' title='bbox 726 1168 827 1203; x_wconf 90' lang='lat' dir='ltr'><strong><em>non</em></strong></span> <span class='ocrx_word' id='word_1_69' title='bbox 856 1160 1016 1218; x_wconf 85' lang='lat' dir='ltr'><strong><em>potest</em></strong></span> <span class='ocrx_word' id='word_1_70' title='bbox 1043 1166 1137 1203; x_wconf 85' lang='lat' dir='ltr'><strong><em>sua</em></strong></span> <span class='ocrx_word' id='word_1_71' title='bbox 1164 1161 1505 1203; x_wconf 86' lang='lat' dir='ltr'><strong><em>contemnere.</em></strong></span> 
     </span>
    </p>
   </div>
   <div class='ocr_carea' id='block_1_12' title="bbox 616 1238 2125 1308">
    <p class='ocr_par' dir='ltr' id='par_1_12' title="bbox 616 1238 2125 1308">
     <span class='ocr_line' id='line_1_12' title="bbox 616 1238 2125 1308; baseline -0.001 -14"><span class='ocrx_word' id='word_1_72' title='bbox 616 1240 743 1294; x_wconf 77' lang='lat' dir='ltr'><strong><em>CAP.</em></strong></span> <span class='ocrx_word' id='word_1_73' title='bbox 777 1239 914 1294; x_wconf 90' lang='lat' dir='ltr'><strong><em>XIII.</em></strong></span> <span class='ocrx_word' id='word_1_74' title='bbox 960 1240 1086 1303; x_wconf 64' lang='lat' dir='ltr'><strong><em>Quae</em></strong></span> <span class='ocrx_word' id='word_1_75' title='bbox 1114 1241 1213 1292; x_wconf 84' lang='lat' dir='ltr'><strong><em>sint</em></strong></span> <span class='ocrx_word' id='word_1_76' title='bbox 1242 1240 1434 1308; x_wconf 82' lang='lat' dir='ltr'><strong><em>gaudia</em></strong></span> <span class='ocrx_word' id='word_1_77' title='bbox 1463 1255 1610 1303; x_wconf 86' lang='lat' dir='ltr'><strong><em>vera,</em></strong></span> <span class='ocrx_word' id='word_1_78' title='bbox 1650 1239 1725 1291; x_wconf 88' lang='lat' dir='ltr'><strong><em>vel</em></strong></span> <span class='ocrx_word' id='word_1_79' title='bbox 1754 1254 1884 1292; x_wconf 73' lang='lat' dir='ltr'><strong><em>vera:</em></strong></span> <span class='ocrx_word' id='word_1_80' title='bbox 1917 1238 2125 1305; x_wconf 78' lang='lat' dir='ltr'><strong><em>divititc,</em></strong></span> 
     </span>
    </p>
   </div>
   <div class='ocr_carea' id='block_1_13' title="bbox 547 1330 2130 1401">
    <p class='ocr_par' dir='ltr' id='par_1_13' title="bbox 547 1330 2130 1401">
     <span class='ocr_line' id='line_1_13' title="bbox 547 1330 2130 1401; baseline -0.001 -17"><span class='ocrx_word' id='word_1_81' title='bbox 547 1341 591 1384; x_wconf 82' lang='lat' dir='ltr'><strong><em>ct</em></strong></span> <span class='ocrx_word' id='word_1_82' title='bbox 618 1340 641 1366; x_wconf 78' lang='grc' dir='ltr'>α</span> <span class='ocrx_word' id='word_1_83' title='bbox 666 1332 788 1398; x_wconf 89' lang='lat' dir='ltr'><strong><em>quid</em></strong></span> <span class='ocrx_word' id='word_1_84' title='bbox 821 1332 1167 1399; x_wconf 76' lang='lat' dir='ltr'><strong><em>impedimenti</em></strong></span> <span class='ocrx_word' id='word_1_85' title='bbox 1201 1330 1420 1397; x_wconf 67' lang='lat' dir='ltr'><strong><em>afferant</em></strong></span> <span class='ocrx_word' id='word_1_86' title='bbox 1459 1331 1588 1383; x_wconf 89' lang='lat' dir='ltr'><strong><em>bona</em></strong></span> <span class='ocrx_word' id='word_1_87' title='bbox 1616 1330 1887 1401; x_wconf 72' lang='lat' dir='ltr'><strong><em>prementia</em></strong></span> <span class='ocrx_word' id='word_1_88' title='bbox 1915 1333 2130 1384; x_wconf 58' lang='lat' dir='ltr'><strong><em>amato-5</em></strong></span> 
     </span>
    </p>
   </div>
   <div class='ocr_carea' id='block_1_14' title="bbox 549 1422 1029 1489">
    <p class='ocr_par' dir='ltr' id='par_1_14' title="bbox 549 1422 1029 1489">
     <span class='ocr_line' id='line_1_14' title="bbox 549 1422 1029 1489; baseline 0.002 -15"><span class='ocrx_word' id='word_1_89' title='bbox 549 1422 689 1474; x_wconf 85' lang='lat' dir='ltr'><strong><em>ribus</em></strong></span> <span class='ocrx_word' id='word_1_90' title='bbox 716 1422 1029 1489; x_wconf 78' lang='lat' dir='ltr'><strong><em>futurorum.</em></strong></span> 
     </span>
    </p>
   </div>
   <div class='ocr_carea' id='block_1_15' title="bbox 616 1510 2129 1582">
    <p class='ocr_par' dir='ltr' id='par_1_15' title="bbox 616 1510 2129 1582">
     <span class='ocr_line' id='line_1_15' title="bbox 616 1510 2129 1582; baseline 0.002 -19"><span class='ocrx_word' id='word_1_91' title='bbox 616 1510 745 1563; x_wconf 74' lang='lat' dir='ltr'><strong><em>CAP.</em></strong></span> <span class='ocrx_word' id='word_1_92' title='bbox 776 1510 915 1564; x_wconf 92' lang='lat' dir='ltr'><strong><em>XIV.</em></strong></span> <span class='ocrx_word' id='word_1_93' title='bbox 963 1511 1192 1575; x_wconf 79' lang='lat' dir='ltr'><strong><em>Qualiter</em></strong></span> <span class='ocrx_word' id='word_1_94' title='bbox 1221 1511 1561 1579; x_wconf 71' lang='lat' dir='ltr'><strong><em>intelfigatur,</em></strong></span> <span class='ocrx_word' id='word_1_95' title='bbox 1593 1511 1734 1581; x_wconf 89' lang='lat' dir='ltr'><strong><em>quod</em></strong></span> <span class='ocrx_word' id='word_1_96' title='bbox 1761 1512 1884 1565; x_wconf 87' lang='lat' dir='ltr'><strong><em>dicit</em></strong></span> <span class='ocrx_word' id='word_1_97' title='bbox 1914 1513 2129 1582; x_wconf 76' lang='lat' dir='ltr'><strong><em>Aposto-</em></strong></span> 
     </span>
    </p>
   </div>
   <div class='ocr_carea' id='block_1_16' title="bbox 551 1604 2127 1675">
    <p class='ocr_par' dir='ltr' id='par_1_16' title="bbox 551 1604 2127 1675">
     <span class='ocr_line' id='line_1_16' title="bbox 551 1604 2127 1675; baseline 0.001 -19"><span class='ocrx_word' id='word_1_98' title='bbox 551 1605 665 1657; x_wconf 91' lang='lat' dir='ltr'><strong><em>lus:</em></strong></span> <span class='ocrx_word' id='word_1_99' title='bbox 698 1604 796 1669; x_wconf 87' lang='lat' dir='ltr'><strong><em>Qui</em></strong></span> <span class='ocrx_word' id='word_1_100' title='bbox 828 1605 881 1657; x_wconf 90' lang='lat' dir='ltr'><strong><em>in</em></strong></span> <span class='ocrx_word' id='word_1_101' title='bbox 911 1605 1137 1657; x_wconf 89' lang='lat' dir='ltr'><strong><em>sacrario</em></strong></span> <span class='ocrx_word' id='word_1_102' title='bbox 1183 1613 1477 1673; x_wconf 83' lang='lat' dir='ltr'><strong><em>operantur,</em></strong></span> <span class='ocrx_word' id='word_1_103' title='bbox 1512 1620 1626 1675; x_wconf 78' lang='lat' dir='ltr'><strong><em>quae</em></strong></span> <span class='ocrx_word' id='word_1_104' title='bbox 1653 1604 1717 1657; x_wconf 89' lang='lat' dir='ltr'><strong><em>de</em></strong></span> <span class='ocrx_word' id='word_1_105' title='bbox 1742 1607 1971 1658; x_wconf 85' lang='lat' dir='ltr'><strong><em>sacrario</em></strong></span> <span class='ocrx_word' id='word_1_106' title='bbox 2012 1613 2127 1658; x_wconf 89' lang='lat' dir='ltr'><strong><em>sunt</em></strong></span> 
     </span>
    </p>
   </div>
   <div class='ocr_carea' id='block_1_17' title="bbox 552 1694 730 1747">
    <p class='ocr_par' dir='ltr' id='par_1_17' title="bbox 552 1694 730 1747">
     <span class='ocr_line' id='line_1_17' title="bbox 552 1694 730 1747; baseline 0.006 -1"><span class='ocrx_word' id='word_1_107' title='bbox 552 1694 730 1747; x_wconf 77' lang='lat' dir='ltr'><strong><em>edunt.</em></strong></span> 
     </span>
    </p>
   </div>
   <div class='ocr_carea' id='block_1_18' title="bbox 2230 513 3779 587">
    <p class='ocr_par' dir='ltr' id='par_1_18' title="bbox 2230 513 3779 587">
     <span class='ocr_line' id='line_1_18' title="bbox 2230 513 3779 587; baseline 0.008 -19"><span class='ocrx_word' id='word_1_108' title='bbox 2230 522 2319 568; x_wconf 88' lang='lat' dir='ltr'><strong><em>cut</em></strong></span> <span class='ocrx_word' id='word_1_109' title='bbox 2344 528 2409 567; x_wconf 81' lang='lat' dir='ltr'><strong><em>ex</em></strong></span> <span class='ocrx_word' id='word_1_110' title='bbox 2437 513 2782 568; x_wconf 87' lang='lat' dir='ltr'><strong><em>dissimilibus</em></strong></span> <span class='ocrx_word' id='word_1_111' title='bbox 2811 514 2985 569; x_wconf 85' lang='lat' dir='ltr'><strong><em>causis</em></strong></span> <span class='ocrx_word' id='word_1_112' title='bbox 3013 516 3233 570; x_wconf 78' lang='lat' dir='ltr'><strong><em>veniunt</em></strong></span> <span class='ocrx_word' id='word_1_113' title='bbox 3264 516 3379 584; x_wconf 87' lang='lat' dir='ltr'><strong><em>ipsa</em></strong></span> <span class='ocrx_word' id='word_1_114' title='bbox 3409 529 3643 587; x_wconf 85' lang='lat' dir='ltr'><strong><em>peccata.</em></strong></span> <span class='ocrx_word' id='word_1_115' title='bbox 3675 524 3779 580; x_wconf 76' lang='lat' dir='ltr'><strong><em>I’lc~</em></strong></span> 
     </span>
    </p>
   </div>
   <div class='ocr_carea' id='block_1_19' title="bbox 2230 604 3779 674">
    <p class='ocr_par' dir='ltr' id='par_1_19' title="bbox 2230 604 3779 674">
     <span class='ocr_line' id='line_1_19' title="bbox 2230 604 3779 674; baseline 0.007 -17"><span class='ocrx_word' id='word_1_116' title='bbox 2230 616 2425 672; x_wconf 86' lang='lat' dir='ltr'><strong><em>resque</em></strong></span> <span class='ocrx_word' id='word_1_117' title='bbox 2452 604 2596 658; x_wconf 91' lang='lat' dir='ltr'><strong><em>enim</em></strong></span> <span class='ocrx_word' id='word_1_118' title='bbox 2627 604 2882 673; x_wconf 83' lang='lat' dir='ltr'><strong><em>peccandi</em></strong></span> <span class='ocrx_word' id='word_1_119' title='bbox 2911 606 3242 660; x_wconf 75' lang='lat' dir='ltr'><strong><em>consuetudo</em></strong></span> <span class='ocrx_word' id='word_1_120' title='bbox 3271 607 3531 674; x_wconf 87' lang='lat' dir='ltr'><strong><em>delectat,</em></strong></span> <span class='ocrx_word' id='word_1_121' title='bbox 3571 611 3694 666; x_wconf 85' lang='lat' dir='ltr'><strong><em>alios</em></strong></span> <span class='ocrx_word' id='word_1_122' title='bbox 3726 615 3779 668; x_wconf 85' lang='lat' dir='ltr'><strong><em>ad</em></strong></span> 
     </span>
    </p>
   </div>
   <div class='ocr_carea' id='block_1_20' title="bbox 2231 693 3779 767">
    <p class='ocr_par' dir='ltr' id='par_1_20' title="bbox 2231 693 3779 767">
     <span class='ocr_line' id='line_1_20' title="bbox 2231 693 3779 767; baseline 0.005 -20"><span class='ocrx_word' id='word_1_123' title='bbox 2231 693 2556 759; x_wconf 85' lang='lat' dir='ltr'><strong><em>peccandum</em></strong></span> <span class='ocrx_word' id='word_1_124' title='bbox 2587 694 2798 748; x_wconf 85' lang='lat' dir='ltr'><strong><em>occasio</em></strong></span> <span class='ocrx_word' id='word_1_125' title='bbox 2826 694 3053 762; x_wconf 85' lang='lat' dir='ltr'><strong><em>alicujus</em></strong></span> <span class='ocrx_word' id='word_1_126' title='bbox 3082 696 3214 750; x_wconf 90' lang='lat' dir='ltr'><strong><em>lucri</em></strong></span> <span class='ocrx_word' id='word_1_127' title='bbox 3249 698 3559 765; x_wconf 82' lang='lat' dir='ltr'><strong><em>temporalis</em></strong></span> <span class='ocrx_word' id='word_1_128' title='bbox 3600 700 3779 767; x_wconf 83' lang='lat' dir='ltr'><strong><em>invitat,</em></strong></span> 
     </span>
    </p>
   </div>
   <div class='ocr_carea' id='block_1_21' title="bbox 2228 779 3780 857">
    <p class='ocr_par' dir='ltr' id='par_1_21' title="bbox 2228 779 3780 857">
     <span class='ocr_line' id='line_1_21' title="bbox 2228 779 3780 857; baseline 0.008 -22"><span class='ocrx_word' id='word_1_129' title='bbox 2228 779 2489 851; x_wconf 74' lang='lat' dir='ltr'><strong><em>fragilitas</em></strong></span> <span class='ocrx_word' id='word_1_130' title='bbox 2539 784 2821 838; x_wconf 92' lang='lat' dir='ltr'><strong><em>nonnullos</em></strong></span> <span class='ocrx_word' id='word_1_131' title='bbox 2870 783 3135 850; x_wconf 82' lang='lat' dir='ltr'><strong><em>inclinat,</em></strong></span> <span class='ocrx_word' id='word_1_132' title='bbox 3200 787 3461 856; x_wconf 88' lang='lat' dir='ltr'><strong><em>quosdam</em></strong></span> <span class='ocrx_word' id='word_1_133' title='bbox 3515 791 3780 857; x_wconf 73' lang='lat' dir='ltr'><strong><em>ignorantia</em></strong></span> 
     </span>
    </p>
   </div>
   <div class='ocr_carea' id='block_1_22' title="bbox 2228 870 3781 949">
    <p class='ocr_par' dir='ltr' id='par_1_22' title="bbox 2228 870 3781 949">
     <span class='ocr_line' id='line_1_22' title="bbox 2228 870 3781 949; baseline 0.008 -24"><span class='ocrx_word' id='word_1_134' title='bbox 2228 870 2355 925; x_wconf 84' lang='lat' dir='ltr'><strong><em>boni</em></strong></span> <span class='ocrx_word' id='word_1_135' title='bbox 2384 873 2508 928; x_wconf 80' lang='lat' dir='ltr'><strong><em>facit</em></strong></span> <span class='ocrx_word' id='word_1_136' title='bbox 2536 875 2743 929; x_wconf 88' lang='lat' dir='ltr'><strong><em>nescire</em></strong></span> <span class='ocrx_word' id='word_1_137' title='bbox 2793 877 2931 946; x_wconf 87' lang='lat' dir='ltr'><strong><em>quod</em></strong></span> <span class='ocrx_word' id='word_1_138' title='bbox 2983 887 3239 944; x_wconf 85' lang='lat' dir='ltr'><strong><em>peccant,</em></strong></span> <span class='ocrx_word' id='word_1_139' title='bbox 3285 887 3341 931; x_wconf 90' lang='lat' dir='ltr'><strong><em>et</em></strong></span> <span class='ocrx_word' id='word_1_140' title='bbox 3391 878 3781 949; x_wconf 65' lang='lat' dir='ltr'><strong><em>impedithmali</em></strong></span> 
     </span>
    </p>
   </div>
   <div class='ocr_carea' id='block_1_23' title="bbox 2230 957 3779 1041">
    <p class='ocr_par' dir='ltr' id='par_1_23' title="bbox 2230 957 3779 1041">
     <span class='ocr_line' id='line_1_23' title="bbox 2230 957 3779 1041; baseline 0.011 -30"><span class='ocrx_word' id='word_1_141' title='bbox 2230 957 2477 1030; x_wconf 84' lang='lat' dir='ltr'><strong><em>dulcedo,</em></strong></span> <span class='ocrx_word' id='word_1_142' title='bbox 2494 978 2562 1017; x_wconf 89' lang='lat' dir='ltr'><strong><em>ne</em></strong></span> <span class='ocrx_word' id='word_1_143' title='bbox 2582 966 2812 1033; x_wconf 89' lang='lat' dir='ltr'><strong><em>correpti</em></strong></span> <span class='ocrx_word' id='word_1_144' title='bbox 2841 966 3123 1035; x_wconf 87' lang='lat' dir='ltr'><strong><em>aliquando</em></strong></span> <span class='ocrx_word' id='word_1_145' title='bbox 3145 968 3355 1037; x_wconf 87' lang='lat' dir='ltr'><strong><em>sapiant</em></strong></span> <span class='ocrx_word' id='word_1_146' title='bbox 3374 971 3516 1039; x_wconf 91' lang='lat' dir='ltr'><strong><em>quod</em></strong></span> <span class='ocrx_word' id='word_1_147' title='bbox 3545 971 3779 1041; x_wconf 81' lang='lat' dir='ltr'><strong><em>ignorant.</em></strong></span> 
     </span>
    </p>
   </div>
   <div class='ocr_carea' id='block_1_24' title="bbox 2230 1050 3779 1131">
    <p class='ocr_par' dir='ltr' id='par_1_24' title="bbox 2230 1050 3779 1131">
     <span class='ocr_line' id='line_1_24' title="bbox 2230 1050 3779 1131; baseline 0.01 -27"><span class='ocrx_word' id='word_1_148' title='bbox 2230 1050 2407 1108; x_wconf 87' lang='lat' dir='ltr'><strong><em>Taceo</em></strong></span> <span class='ocrx_word' id='word_1_149' title='bbox 2426 1052 2492 1108; x_wconf 92' lang='lat' dir='ltr'><strong><em>de</em></strong></span> <span class='ocrx_word' id='word_1_150' title='bbox 2517 1054 2623 1109; x_wconf 90' lang='lat' dir='ltr'><strong><em>illis</em></strong></span> <span class='ocrx_word' id='word_1_151' title='bbox 2646 1070 2782 1123; x_wconf 90' lang='lat' dir='ltr'><strong><em>quos</em></strong></span> <span class='ocrx_word' id='word_1_152' title='bbox 2816 1057 2987 1112; x_wconf 89' lang='lat' dir='ltr'><strong><em>aliena</em></strong></span> <span class='ocrx_word' id='word_1_153' title='bbox 3009 1058 3203 1114; x_wconf 88' lang='lat' dir='ltr'><strong><em>delicta</em></strong></span> <span class='ocrx_word' id='word_1_154' title='bbox 3226 1060 3419 1130; x_wconf 85' lang='lat' dir='ltr'><strong><em>quibus</em></strong></span> <span class='ocrx_word' id='word_1_155' title='bbox 3447 1065 3779 1131; x_wconf 87' lang='lat' dir='ltr'><strong><em>consentiunt,</em></strong></span> 
     </span>
    </p>
   </div>
   <div class='ocr_carea' id='block_1_25' title="bbox 2230 1141 3778 1223">
    <p class='ocr_par' dir='ltr' id='par_1_25' title="bbox 2230 1141 3778 1223">
     <span class='ocr_line' id='line_1_25' title="bbox 2230 1141 3778 1223; baseline 0.009 -26"><span class='ocrx_word' id='word_1_156' title='bbox 2230 1141 2558 1198; x_wconf 75' lang='lat' dir='ltr'><strong><em>decolorent.</em></strong></span> <span class='ocrx_word' id='word_1_157' title='bbox 2611 1146 2731 1199; x_wconf 93' lang='lat' dir='ltr'><strong><em>Illos</em></strong></span> <span class='ocrx_word' id='word_1_158' title='bbox 2760 1147 2920 1201; x_wconf 87' lang='lat' dir='ltr'><strong><em>etiam</em></strong></span> <span class='ocrx_word' id='word_1_159' title='bbox 2972 1152 3321 1218; x_wconf 62' lang='lat' dir='ltr'><strong><em>prastermitto</em></strong></span> <span class='ocrx_word' id='word_1_160' title='bbox 3368 1155 3481 1223; x_wconf 90' lang='lat' dir='ltr'><strong><em>qui,</em></strong></span> <span class='ocrx_word' id='word_1_161' title='bbox 3532 1157 3778 1223; x_wconf 89' lang='lat' dir='ltr'><strong><em>cupientes</em></strong></span> 
     </span>
    </p>
   </div>
   <div class='ocr_carea' id='block_1_26' title="bbox 2230 1236 3784 1314">
    <p class='ocr_par' dir='ltr' id='par_1_26' title="bbox 2230 1236 3784 1314">
     <span class='ocr_line' id='line_1_26' title="bbox 2230 1236 3784 1314; baseline 0.008 -24"><span class='ocrx_word' id='word_1_162' title='bbox 2230 1236 2453 1305; x_wconf 85' lang='lat' dir='ltr'><strong><em>adipisci</em></strong></span> <span class='ocrx_word' id='word_1_163' title='bbox 2498 1237 2638 1307; x_wconf 91' lang='lat' dir='ltr'><strong><em>quod</em></strong></span> <span class='ocrx_word' id='word_1_164' title='bbox 2686 1239 2956 1308; x_wconf 86' lang='lat' dir='ltr'><strong><em>diligunt,</em></strong></span> <span class='ocrx_word' id='word_1_165' title='bbox 3013 1243 3096 1297; x_wconf 85' lang='lat' dir='ltr'><strong><em>vel</em></strong></span> <span class='ocrx_word' id='word_1_166' title='bbox 3144 1244 3475 1313; x_wconf 79' lang='lat' dir='ltr'><strong><em>refugientes</em></strong></span> <span class='ocrx_word' id='word_1_167' title='bbox 3521 1248 3631 1314; x_wconf 88' lang='lat' dir='ltr'><strong><em>pati</em></strong></span> <span class='ocrx_word' id='word_1_168' title='bbox 3666 1248 3784 1314; x_wconf 87' lang='lat' dir='ltr'><strong><em>quod</em></strong></span> 
     </span>
    </p>
   </div>
   <div class='ocr_carea' id='block_1_27' title="bbox 2230 1329 3782 1402">
    <p class='ocr_par' dir='ltr' id='par_1_27' title="bbox 2230 1329 3782 1402">
     <span class='ocr_line' id='line_1_27' title="bbox 2230 1329 3782 1402; baseline 0.006 -21"><span class='ocrx_word' id='word_1_169' title='bbox 2230 1332 2495 1389; x_wconf 79' lang='lat' dir='ltr'><strong><em>metuunt,</em></strong></span> <span class='ocrx_word' id='word_1_170' title='bbox 2530 1336 2621 1381; x_wconf 90' lang='lat' dir='ltr'><strong><em>aut</em></strong></span> <span class='ocrx_word' id='word_1_171' title='bbox 2650 1329 2807 1383; x_wconf 91' lang='lat' dir='ltr'><strong><em>ﬁdem</em></strong></span> <span class='ocrx_word' id='word_1_172' title='bbox 2836 1331 3154 1385; x_wconf 85' lang='lat' dir='ltr'><strong><em>catholicam</em></strong></span> <span class='ocrx_word' id='word_1_173' title='bbox 3188 1334 3450 1402; x_wconf 87' lang='lat' dir='ltr'><strong><em>produnt,</em></strong></span> <span class='ocrx_word' id='word_1_174' title='bbox 3489 1335 3504 1372; x_wconf 85' lang='grc' dir='ltr'><strong>ί</strong></span> <span class='ocrx_word' id='word_1_175' title='bbox 3540 1346 3631 1390; x_wconf 86' lang='lat' dir='ltr'><strong><em>aut</em></strong></span> <span class='ocrx_word' id='word_1_176' title='bbox 3658 1354 3782 1392; x_wconf 87' lang='lat' dir='ltr'><strong><em>men-</em></strong></span> 
     </span>
    </p>
   </div>
   <div class='ocr_carea' id='block_1_28' title="bbox 2229 1416 3782 1488">
    <p class='ocr_par' dir='ltr' id='par_1_28' title="bbox 2229 1416 3782 1488">
     <span class='ocr_line' id='line_1_28' title="bbox 2229 1416 3782 1488; baseline 0.007 -16"><span class='ocrx_word' id='word_1_177' title='bbox 2229 1416 2384 1472; x_wconf 89' lang='lat' dir='ltr'><strong><em>dacio</em></strong></span> <span class='ocrx_word' id='word_1_178' title='bbox 2434 1421 2795 1488; x_wconf 65' lang='lat' dir='ltr'><strong><em>praestantiam</em></strong></span> <span class='ocrx_word' id='word_1_179' title='bbox 2839 1423 3080 1476; x_wconf 86' lang='lat' dir='ltr'><strong><em>veritatis</em></strong></span> <span class='ocrx_word' id='word_1_180' title='bbox 3123 1423 3395 1478; x_wconf 86' lang='lat' dir='ltr'><strong><em>addicunt.</em></strong></span> <span class='ocrx_word' id='word_1_181' title='bbox 3446 1425 3459 1475; x_wconf 85' lang='lat' dir='ltr'><strong><em>i</em></strong></span> <span class='ocrx_word' id='word_1_182' title='bbox 3508 1427 3640 1481; x_wconf 89' lang='lat' dir='ltr'><strong><em>Illud</em></strong></span> <span class='ocrx_word' id='word_1_183' title='bbox 3680 1445 3782 1484; x_wconf 80' lang='lat' dir='ltr'><strong><em>vero</em></strong></span> 
     </span>
    </p>
   </div>
   <div class='ocr_carea' id='block_1_29' title="bbox 2230 1505 3783 1584">
    <p class='ocr_par' dir='ltr' id='par_1_29' title="bbox 2230 1505 3783 1584">
     <span class='ocr_line' id='line_1_29' title="bbox 2230 1505 3783 1584; baseline 0.009 -25"><span class='ocrx_word' id='word_1_184' title='bbox 2230 1505 2351 1560; x_wconf 88' lang='lat' dir='ltr'><strong><em>dico</em></strong></span> <span class='ocrx_word' id='word_1_185' title='bbox 2405 1524 2419 1561; x_wconf 92' lang='lat'>:</span> <span class='ocrx_word' id='word_1_186' title='bbox 2468 1507 2597 1573; x_wconf 88' lang='lat' dir='ltr'><strong><em>Quis</em></strong></span> <span class='ocrx_word' id='word_1_187' title='bbox 2651 1510 2854 1564; x_wconf 89' lang='lat' dir='ltr'><strong><em>nesciat</em></strong></span> <span class='ocrx_word' id='word_1_188' title='bbox 2908 1508 2933 1547; x_wconf 73' lang='grc' dir='ltr'><strong><em>¹ί</em></strong></span> <span class='ocrx_word' id='word_1_189' title='bbox 2983 1511 3138 1565; x_wconf 88' lang='lat' dir='ltr'><strong><em>aliter</em></strong></span> <span class='ocrx_word' id='word_1_190' title='bbox 3195 1513 3439 1568; x_wconf 88' lang='lat' dir='ltr'><strong><em>homines</em></strong></span> <span class='ocrx_word' id='word_1_191' title='bbox 3491 1516 3783 1584; x_wconf 80' lang='lat' dir='ltr'><strong><em>cogitatione</em></strong></span> 
     </span>
    </p>
   </div>
   <div class='ocr_carea' id='block_1_30' title="bbox 2230 1599 3774 1673">
    <p class='ocr_par' dir='ltr' id='par_1_30' title="bbox 2230 1599 3774 1673">
     <span class='ocr_line' id='line_1_30' title="bbox 2230 1599 3774 1673; baseline 0.005 -21"><span class='ocrx_word' id='word_1_192' title='bbox 2230 1599 2443 1663; x_wconf 86' lang='lat' dir='ltr'><strong><em>subita,</em></strong></span> <span class='ocrx_word' id='word_1_193' title='bbox 2502 1600 2656 1654; x_wconf 88' lang='lat' dir='ltr'><strong><em>aliter</em></strong></span> <span class='ocrx_word' id='word_1_194' title='bbox 2702 1601 3011 1658; x_wconf 86' lang='lat' dir='ltr'><strong><em>deﬁnitione</em></strong></span> <span class='ocrx_word' id='word_1_195' title='bbox 3063 1602 3415 1673; x_wconf 77' lang='lat' dir='ltr'><strong><em>delinquere,</em></strong></span> <span class='ocrx_word' id='word_1_196' title='bbox 3474 1604 3635 1660; x_wconf 89' lang='lat' dir='ltr'><strong><em>aliter</em></strong></span> <span class='ocrx_word' id='word_1_197' title='bbox 3677 1621 3774 1661; x_wconf 88' lang='lat' dir='ltr'><strong><em>ser-</em></strong></span> 
     </span>
    </p>
   </div>
   <div class='ocr_carea' id='block_1_31' title="bbox 2232 1691 3781 1763">
    <p class='ocr_par' dir='ltr' id='par_1_31' title="bbox 2232 1691 3781 1763">
     <span class='ocr_line' id='line_1_31' title="bbox 2232 1691 3781 1763; baseline 0.006 -19"><span class='ocrx_word' id='word_1_198' title='bbox 2232 1706 2411 1756; x_wconf 87' lang='lat' dir='ltr'><strong><em>mone,</em></strong></span> <span class='ocrx_word' id='word_1_199' title='bbox 2433 1691 2591 1746; x_wconf 87' lang='lat' dir='ltr'><strong><em>aliter</em></strong></span> <span class='ocrx_word' id='word_1_200' title='bbox 2619 1707 2802 1763; x_wconf 88' lang='lat' dir='ltr'><strong><em>opere,</em></strong></span> <span class='ocrx_word' id='word_1_201' title='bbox 2836 1694 2990 1749; x_wconf 70' lang='lat' dir='ltr'><strong><em>aliter</em></strong></span> <span class='ocrx_word' id='word_1_202' title='bbox 3018 1695 3361 1761; x_wconf 84' lang='lat' dir='ltr'><strong><em>necessitate,</em></strong></span> <span class='ocrx_word' id='word_1_203' title='bbox 3391 1696 3550 1751; x_wconf 84' lang='lat' dir='ltr'><strong><em>aliter</em></strong></span> <span class='ocrx_word' id='word_1_204' title='bbox 3576 1694 3594 1734; x_wconf 76' lang='grc' dir='ltr'>ι</span> <span class='ocrx_word' id='word_1_205' title='bbox 3619 1698 3781 1753; x_wconf 80' lang='lat' dir='ltr'><strong><em>volun-</em></strong></span> 
     </span>
    </p>
   </div>
   <div class='ocr_carea' id='block_1_32' title="bbox 618 1773 2595 1857">
    <p class='ocr_par' dir='ltr' id='par_1_32' title="bbox 618 1773 2595 1857">
     <span class='ocr_line' id='line_1_32' title="bbox 618 1773 2595 1857; baseline -0.001 -18"><span class='ocrx_word' id='word_1_206' title='bbox 618 1785 749 1841; x_wconf 69' lang='grc' dir='ltr'><strong>Ου’.</strong></span> <span class='ocrx_word' id='word_1_207' title='bbox 776 1785 891 1841; x_wconf 79' lang='lat' dir='ltr'><strong><em>XV.</em></strong></span> <span class='ocrx_word' id='word_1_208' title='bbox 932 1783 1009 1840; x_wconf 88' lang='lat' dir='ltr'><strong><em>De</em></strong></span> <span class='ocrx_word' id='word_1_209' title='bbox 1031 1786 1327 1857; x_wconf 78' lang='lat' dir='ltr'><strong><em>cupiditate,</em></strong></span> <span class='ocrx_word' id='word_1_210' title='bbox 1367 1786 1586 1853; x_wconf 81' lang='lat' dir='ltr'><strong><em>qualiter</em></strong></span> <span class='ocrx_word' id='word_1_211' title='bbox 1610 1786 1682 1840; x_wconf 88' lang='lat' dir='ltr'><strong><em>eis</em></strong></span> <span class='ocrx_word' id='word_1_212' title='bbox 1708 1800 1834 1853; x_wconf 80' lang='lat' dir='ltr'><strong><em>quos</em></strong></span> <span class='ocrx_word' id='word_1_213' title='bbox 1867 1785 2021 1839; x_wconf 89' lang='lat' dir='ltr'><strong><em>semel</em></strong></span> <span class='ocrx_word' id='word_1_214' title='bbox 2047 1785 2129 1839; x_wconf 85' lang='lat' dir='ltr'><strong><em>in-</em></strong></span> <span class='ocrx_word' id='word_1_215' title='bbox 2156 1773 2205 1833; x_wconf 88' lang='grc' dir='ltr'><strong>Β</strong></span> <span class='ocrx_word' id='word_1_216' title='bbox 2234 1792 2343 1839; x_wconf 89' lang='lat' dir='ltr'><strong><em>tale</em></strong></span> <span class='ocrx_word' id='word_1_217' title='bbox 2374 1798 2595 1849; x_wconf 82' lang='lat' dir='ltr'><strong><em>peccare</em></strong></span> 
     </span>
    </p>
   </div>
   <div class='ocr_carea' id='block_1_33' title="bbox 553 1879 1069 1932">
    <p class='ocr_par' dir='ltr' id='par_1_33' title="bbox 553 1879 1069 1932">
     <span class='ocr_line' id='line_1_33' title="bbox 553 1879 1069 1932; baseline -0.002 -1"><span class='ocrx_word' id='word_1_218' title='bbox 553 1880 732 1932; x_wconf 70' lang='lat' dir='ltr'><strong><em>snserit</em></strong></span> <span class='ocrx_word' id='word_1_219' title='bbox 760 1879 1069 1932; x_wconf 82' lang='lat' dir='ltr'><strong><em>dominetur.</em></strong></span> 
     </span>
    </p>
   </div>
   <div class='ocr_carea' id='block_1_34' title="bbox 619 1966 2133 2040">
    <p class='ocr_par' dir='ltr' id='par_1_34' title="bbox 619 1966 2133 2040">
     <span class='ocr_line' id='line_1_34' title="bbox 619 1966 2133 2040; baseline 0.001 -18"><span class='ocrx_word' id='word_1_220' title='bbox 619 1966 748 2022; x_wconf 77' lang='lat' dir='ltr'><strong><em>CAP.</em></strong></span> <span class='ocrx_word' id='word_1_221' title='bbox 772 1968 909 2021; x_wconf 80' lang='lat' dir='ltr'><strong><em>XVI.</em></strong></span> <span class='ocrx_word' id='word_1_222' title='bbox 946 1969 1095 2035; x_wconf 88' lang='lat' dir='ltr'><strong><em>Quod</em></strong></span> <span class='ocrx_word' id='word_1_223' title='bbox 1121 1968 1280 2022; x_wconf 90' lang='lat' dir='ltr'><strong><em>Deum</em></strong></span> <span class='ocrx_word' id='word_1_224' title='bbox 1308 1969 1577 2037; x_wconf 80' lang='lat' dir='ltr'><strong><em>per/ectius</em></strong></span> <span class='ocrx_word' id='word_1_225' title='bbox 1602 1967 1681 2021; x_wconf 85' lang='lat' dir='ltr'><strong><em>illi</em></strong></span> <span class='ocrx_word' id='word_1_226' title='bbox 1712 1969 2026 2036; x_wconf 83' lang='lat' dir='ltr'><strong><em>possideant,</em></strong></span> <span class='ocrx_word' id='word_1_227' title='bbox 2044 1970 2133 2040; x_wconf 87' lang='lat' dir='ltr'><strong><em>qui</em></strong></span> 
     </span>
    </p>
   </div>
   <div class='ocr_carea' id='block_1_35' title="bbox 556 2061 1811 2129">
    <p class='ocr_par' dir='ltr' id='par_1_35' title="bbox 556 2061 1811 2129">
     <span class='ocr_line' id='line_1_35' title="bbox 556 2061 1811 2129; baseline -0.002 -16"><span class='ocrx_word' id='word_1_228' title='bbox 556 2061 769 2114; x_wconf 86' lang='lat' dir='ltr'><strong><em>terrenis</em></strong></span> <span class='ocrx_word' id='word_1_229' title='bbox 800 2061 1200 2129; x_wconf 84' lang='lat' dir='ltr'><strong><em>possessionibus</em></strong></span> <span class='ocrx_word' id='word_1_230' title='bbox 1231 2078 1291 2114; x_wconf 78' lang='lat' dir='ltr'><strong><em>ea:</em></strong></span> <span class='ocrx_word' id='word_1_231' title='bbox 1318 2061 1466 2115; x_wconf 87' lang='lat' dir='ltr'><strong><em>corde</em></strong></span> <span class='ocrx_word' id='word_1_232' title='bbox 1498 2062 1811 2114; x_wconf 89' lang='lat' dir='ltr'><strong><em>renuntiant.</em></strong></span> 
     </span>
    </p>
   </div>
   <div class='ocr_carea' id='block_1_36' title="bbox 624 2154 2132 2226">
    <p class='ocr_par' dir='ltr' id='par_1_36' title="bbox 624 2154 2132 2226">
     <span class='ocr_line' id='line_1_36' title="bbox 624 2154 2132 2226; baseline 0.002 -18"><span class='ocrx_word' id='word_1_233' title='bbox 624 2154 754 2209; x_wconf 75' lang='grc' dir='ltr'><strong>ΟΑΡ.</strong></span> <span class='ocrx_word' id='word_1_234' title='bbox 793 2154 954 2208; x_wconf 83' lang='lat' dir='ltr'><strong><em>XVII.</em></strong></span> <span class='ocrx_word' id='word_1_235' title='bbox 1000 2156 1148 2221; x_wconf 87' lang='lat' dir='ltr'><strong><em>Quod</em></strong></span> <span class='ocrx_word' id='word_1_236' title='bbox 1184 2155 1312 2208; x_wconf 80' lang='lat' dir='ltr'><strong><em>nihil</em></strong></span> <span class='ocrx_word' id='word_1_237' title='bbox 1361 2157 1651 2223; x_wconf 77' lang='lat' dir='ltr'><strong><em>proficiant,</em></strong></span> <span class='ocrx_word' id='word_1_238' title='bbox 1684 2156 1793 2226; x_wconf 86' lang='lat' dir='ltr'><strong><em>qui,</em></strong></span> <span class='ocrx_word' id='word_1_239' title='bbox 1827 2156 2132 2211; x_wconf 88' lang='lat' dir='ltr'><strong><em>abstinentes</em></strong></span> 
     </span>
    </p>
   </div>
   <div class='ocr_carea' id='block_1_37' title="bbox 559 2245 2134 2316">
    <p class='ocr_par' dir='ltr' id='par_1_37' title="bbox 559 2245 2134 2316">
     <span class='ocr_line' id='line_1_37' title="bbox 559 2245 2134 2316; baseline 0.003 -21"><span class='ocrx_word' id='word_1_240' title='bbox 559 2260 589 2295; x_wconf 95' lang='lat' dir='ltr'><strong><em>a</em></strong></span> <span class='ocrx_word' id='word_1_241' title='bbox 627 2246 772 2309; x_wconf 86' lang='lat' dir='ltr'><strong><em>cibis,</em></strong></span> <span class='ocrx_word' id='word_1_242' title='bbox 806 2246 936 2298; x_wconf 85' lang='lat' dir='ltr'><strong><em>vitiis</em></strong></span> <span class='ocrx_word' id='word_1_243' title='bbox 975 2247 1235 2309; x_wconf 87' lang='lat' dir='ltr'><strong><em>serviunt;</em></strong></span> <span class='ocrx_word' id='word_1_244' title='bbox 1265 2261 1354 2299; x_wconf 85' lang='lat' dir='ltr'><strong><em>nec</em></strong></span> <span class='ocrx_word' id='word_1_245' title='bbox 1386 2246 1543 2309; x_wconf 86' lang='lat' dir='ltr'><strong><em>prosit</em></strong></span> <span class='ocrx_word' id='word_1_246' title='bbox 1573 2245 1675 2299; x_wconf 90' lang='lat' dir='ltr'><strong><em>illis</em></strong></span> <span class='ocrx_word' id='word_1_247' title='bbox 1704 2245 1975 2314; x_wconf 75' lang='lat' dir='ltr'><strong><em>facultates</em></strong></span> <span class='ocrx_word' id='word_1_248' title='bbox 2001 2247 2134 2316; x_wconf 87' lang='lat' dir='ltr'><strong><em>abji-</em></strong></span> 
     </span>
    </p>
   </div>
   <div class='ocr_carea' id='block_1_38' title="bbox 557 2336 1496 2405">
    <p class='ocr_par' dir='ltr' id='par_1_38' title="bbox 557 2336 1496 2405">
     <span class='ocr_line' id='line_1_38' title="bbox 557 2336 1496 2405; baseline 0.004 -19"><span class='ocrx_word' id='word_1_249' title='bbox 557 2351 687 2399; x_wconf 87' lang='lat' dir='ltr'><strong><em>cere,</em></strong></span> <span class='ocrx_word' id='word_1_250' title='bbox 715 2337 801 2405; x_wconf 88' lang='lat' dir='ltr'><strong><em>qui</em></strong></span> <span class='ocrx_word' id='word_1_251' title='bbox 830 2353 947 2389; x_wconf 63' lang='lat' dir='ltr'><strong><em>tuas</em></strong></span> <span class='ocrx_word' id='word_1_252' title='bbox 976 2338 1170 2405; x_wconf 77' lang='lat' dir='ltr'><strong><em>faciunt</em></strong></span> <span class='ocrx_word' id='word_1_253' title='bbox 1199 2336 1496 2390; x_wconf 83' lang='lat' dir='ltr'><strong><em>voluntates.</em></strong></span> 
     </span>
    </p>
   </div>
   <div class='ocr_carea' id='block_1_39' title="bbox 625 2424 2134 2495">
    <p class='ocr_par' dir='ltr' id='par_1_39' title="bbox 625 2424 2134 2495">
     <span class='ocr_line' id='line_1_39' title="bbox 625 2424 2134 2495; baseline 0.003 -17"><span class='ocrx_word' id='word_1_254' title='bbox 625 2424 754 2478; x_wconf 80' lang='lat' dir='ltr'><strong><em>CAP.</em></strong></span> <span class='ocrx_word' id='word_1_255' title='bbox 799 2424 982 2479; x_wconf 80' lang='lat' dir='ltr'><strong><em>XVIII.</em></strong></span> <span class='ocrx_word' id='word_1_256' title='bbox 1028 2427 1233 2492; x_wconf 87' lang='lat' dir='ltr'><strong><em>Quanta</em></strong></span> <span class='ocrx_word' id='word_1_257' title='bbox 1280 2427 1408 2479; x_wconf 90' lang='lat' dir='ltr'><strong><em>bona</em></strong></span> <span class='ocrx_word' id='word_1_258' title='bbox 1439 2428 1637 2495; x_wconf 89' lang='lat' dir='ltr'><strong><em>primus</em></strong></span> <span class='ocrx_word' id='word_1_259' title='bbox 1670 2428 1841 2494; x_wconf 85' lang='lat' dir='ltr'><strong><em>homo,</em></strong></span> <span class='ocrx_word' id='word_1_260' title='bbox 1872 2429 2134 2483; x_wconf 84' lang='lat' dir='ltr'><strong><em>abstinen-</em></strong></span> 
     </span>
    </p>
   </div>
   <div class='ocr_carea' id='block_1_40' title="bbox 560 2515 1521 2586">
    <p class='ocr_par' dir='ltr' id='par_1_40' title="bbox 560 2515 1521 2586">
     <span class='ocr_line' id='line_1_40' title="bbox 560 2515 1521 2586; baseline 0.003 -19"><span class='ocrx_word' id='word_1_261' title='bbox 560 2515 642 2569; x_wconf 72' lang='lat' dir='ltr'><strong><em>tia:</em></strong></span> <span class='ocrx_word' id='word_1_262' title='bbox 669 2516 853 2568; x_wconf 88' lang='lat' dir='ltr'><strong><em>bonum</em></strong></span> <span class='ocrx_word' id='word_1_263' title='bbox 881 2516 1176 2585; x_wconf 63' lang='lat' dir='ltr'><strong><em>negligenda</em></strong></span> <span class='ocrx_word' id='word_1_264' title='bbox 1223 2518 1521 2586; x_wconf 85' lang='lat' dir='ltr'><strong><em>perdiderit.</em></strong></span> 
     </span>
    </p>
   </div>
   <div class='ocr_carea' id='block_1_41' title="bbox 628 2604 2135 2673">
    <p class='ocr_par' dir='ltr' id='par_1_41' title="bbox 628 2604 2135 2673">
     <span class='ocr_line' id='line_1_41' title="bbox 628 2604 2135 2673; baseline 0.003 -13"><span class='ocrx_word' id='word_1_265' title='bbox 628 2605 755 2660; x_wconf 73' lang='grc' dir='ltr'><strong><em>ΟΑΡ.</em></strong></span> <span class='ocrx_word' id='word_1_266' title='bbox 798 2604 937 2659; x_wconf 76' lang='lat' dir='ltr'><strong><em>XIX.</em></strong></span> <span class='ocrx_word' id='word_1_267' title='bbox 989 2605 1064 2659; x_wconf 70' lang='lat' dir='ltr'><strong><em>De</em></strong></span> <span class='ocrx_word' id='word_1_268' title='bbox 1102 2617 1306 2671; x_wconf 77' lang='lat' dir='ltr'><strong><em>peccato</em></strong></span> <span class='ocrx_word' id='word_1_269' title='bbox 1357 2609 1507 2673; x_wconf 89' lang='lat' dir='ltr'><strong><em>primi</em></strong></span> <span class='ocrx_word' id='word_1_270' title='bbox 1544 2607 1785 2673; x_wconf 83' lang='lat' dir='ltr'><strong><em>hominis,</em></strong></span> <span class='ocrx_word' id='word_1_271' title='bbox 1814 2610 1866 2663; x_wconf 88' lang='lat' dir='ltr'><strong><em>et</em></strong></span> <span class='ocrx_word' id='word_1_272' title='bbox 1896 2610 1958 2663; x_wconf 87' lang='lat' dir='ltr'><strong><em>de</em></strong></span> <span class='ocrx_word' id='word_1_273' title='bbox 1986 2608 2135 2665; x_wconf 87' lang='lat' dir='ltr'><strong><em>malis</em></strong></span> 
     </span>
    </p>
   </div>
   <div class='ocr_carea' id='block_1_42' title="bbox 560 2697 1990 2768">
    <p class='ocr_par' dir='ltr' id='par_1_42' title="bbox 560 2697 1990 2768">
     <span class='ocr_line' id='line_1_42' title="bbox 560 2697 1990 2768; baseline 0.003 -19"><span class='ocrx_word' id='word_1_274' title='bbox 560 2712 675 2768; x_wconf 79' lang='lat' dir='ltr'><strong><em>qua:</em></strong></span> <span class='ocrx_word' id='word_1_275' title='bbox 699 2697 845 2749; x_wconf 87' lang='lat' dir='ltr'><strong><em>illum</em></strong></span> <span class='ocrx_word' id='word_1_276' title='bbox 874 2706 1176 2765; x_wconf 80' lang='lat' dir='ltr'><strong><em>peccantem,</em></strong></span> <span class='ocrx_word' id='word_1_277' title='bbox 1213 2698 1317 2751; x_wconf 82' lang='lat' dir='ltr'><strong><em>Deo</em></strong></span> <span class='ocrx_word' id='word_1_278' title='bbox 1331 2699 1621 2768; x_wconf 87' lang='lat' dir='ltr'><strong><em>judicante,</em></strong></span> <span class='ocrx_word' id='word_1_279' title='bbox 1649 2708 1821 2753; x_wconf 84' lang='lat' dir='ltr'><strong><em>secuta</em></strong></span> <span class='ocrx_word' id='word_1_280' title='bbox 1850 2711 1990 2755; x_wconf 86' lang='lat' dir='ltr'><strong><em>sunt.</em></strong></span> 
     </span>
    </p>
   </div>
   <div class='ocr_carea' id='block_1_43' title="bbox 632 2787 2137 2865">
    <p class='ocr_par' dir='ltr' id='par_1_43' title="bbox 632 2787 2137 2865">
     <span class='ocr_line' id='line_1_43' title="bbox 632 2787 2137 2865; baseline 0.005 -24"><span class='ocrx_word' id='word_1_281' title='bbox 632 2787 758 2842; x_wconf 67' lang='lat' dir='ltr'><strong><em>Car.</em></strong></span> <span class='ocrx_word' id='word_1_282' title='bbox 803 2789 918 2842; x_wconf 89' lang='lat' dir='ltr'><strong><em>XX.</em></strong></span> <span class='ocrx_word' id='word_1_283' title='bbox 967 2789 1117 2854; x_wconf 84' lang='lat' dir='ltr'><strong><em>Quod</em></strong></span> <span class='ocrx_word' id='word_1_284' title='bbox 1149 2792 1316 2843; x_wconf 86' lang='lat' dir='ltr'><strong><em>omnia</em></strong></span> <span class='ocrx_word' id='word_1_285' title='bbox 1344 2792 1473 2845; x_wconf 88' lang='lat' dir='ltr'><strong><em>bona</em></strong></span> <span class='ocrx_word' id='word_1_286' title='bbox 1498 2809 1613 2863; x_wconf 80' lang='lat' dir='ltr'><strong><em>qua:</em></strong></span> <span class='ocrx_word' id='word_1_287' title='bbox 1640 2793 1692 2846; x_wconf 91' lang='lat' dir='ltr'><strong><em>in</em></strong></span> <span class='ocrx_word' id='word_1_288' title='bbox 1722 2794 1886 2846; x_wconf 82' lang='lat' dir='ltr'><strong><em>Adam</em></strong></span> <span class='ocrx_word' id='word_1_289' title='bbox 1908 2796 2137 2865; x_wconf 86' lang='lat' dir='ltr'><strong><em>corrupti</em></strong></span> 
     </span>
    </p>
   </div>
   <div class='ocr_carea' id='block_1_44' title="bbox 561 2878 1849 2951">
    <p class='ocr_par' dir='ltr' id='par_1_44' title="bbox 561 2878 1849 2951">
     <span class='ocr_line' id='line_1_44' title="bbox 561 2878 1849 2951; baseline 0.007 -22"><span class='ocrx_word' id='word_1_290' title='bbox 561 2878 894 2947; x_wconf 84' lang='lat' dir='ltr'><strong><em>perdidimus,</em></strong></span> <span class='ocrx_word' id='word_1_291' title='bbox 923 2881 974 2932; x_wconf 90' lang='lat' dir='ltr'><strong><em>in</em></strong></span> <span class='ocrx_word' id='word_1_292' title='bbox 997 2879 1197 2933; x_wconf 77' lang='lat' dir='ltr'><strong><em>Christo</em></strong></span> <span class='ocrx_word' id='word_1_293' title='bbox 1224 2882 1448 2948; x_wconf 84' lang='lat' dir='ltr'><strong><em>reparati</em></strong></span> <span class='ocrx_word' id='word_1_294' title='bbox 1473 2880 1500 2919; x_wconf 74' lang='grc' dir='ltr'>δ</span> <span class='ocrx_word' id='word_1_295' title='bbox 1529 2883 1849 2951; x_wconf 88' lang='lat' dir='ltr'><strong><em>recipiemus.</em></strong></span> 
     </span>
    </p>
   </div>
   <div class='ocr_carea' id='block_1_45' title="bbox 626 2968 2125 3045">
    <p class='ocr_par' dir='ltr' id='par_1_45' title="bbox 626 2968 2125 3045">
     <span class='ocr_line' id='line_1_45' title="bbox 626 2968 2125 3045; baseline 0.003 -22"><span class='ocrx_word' id='word_1_296' title='bbox 626 2968 754 3023; x_wconf 68' lang='lat' dir='ltr'><strong><em>Car.</em></strong></span> <span class='ocrx_word' id='word_1_297' title='bbox 796 2969 935 3024; x_wconf 83' lang='lat' dir='ltr'><strong><em>XXI.</em></strong></span> <span class='ocrx_word' id='word_1_298' title='bbox 979 2970 1210 3036; x_wconf 87' lang='lat' dir='ltr'><strong><em>Qualiter</em></strong></span> <span class='ocrx_word' id='word_1_299' title='bbox 1250 2973 1412 3025; x_wconf 86' lang='lat' dir='ltr'><strong><em>vivere</em></strong></span> <span class='ocrx_word' id='word_1_300' title='bbox 1452 2974 1668 3027; x_wconf 84' lang='lat' dir='ltr'><strong><em>debeant</em></strong></span> <span class='ocrx_word' id='word_1_301' title='bbox 1723 2975 1811 3045; x_wconf 86' lang='lat' dir='ltr'><strong><em>qui</em></strong></span> <span class='ocrx_word' id='word_1_302' title='bbox 1864 2973 2125 3029; x_wconf 86' lang='lat' dir='ltr'><strong><em>Christum</em></strong></span> 
     </span>
    </p>
   </div>
   <div class='ocr_carea' id='block_1_46' title="bbox 560 3061 1095 3116">
    <p class='ocr_par' dir='ltr' id='par_1_46' title="bbox 560 3061 1095 3116">
     <span class='ocr_line' id='line_1_46' title="bbox 560 3061 1095 3116; baseline 0.006 -4"><span class='ocrx_word' id='word_1_303' title='bbox 560 3061 755 3113; x_wconf 88' lang='lat' dir='ltr'><strong><em>imitari</em></strong></span> <span class='ocrx_word' id='word_1_304' title='bbox 782 3062 1095 3116; x_wconf 86' lang='lat' dir='ltr'><strong><em>desiderant.</em></strong></span> 
     </span>
    </p>
   </div>
   <div class='ocr_carea' id='block_1_47' title="bbox 2302 1874 3785 1945">
    <p class='ocr_par' dir='ltr' id='par_1_47' title="bbox 2302 1874 3785 1945">
     <span class='ocr_line' id='line_1_47' title="bbox 2302 1874 3785 1945; baseline 0.003 -16"><span class='ocrx_word' id='word_1_305' title='bbox 2302 1876 2371 1929; x_wconf 74' lang='lat'><strong><em>2:</em></strong></span> <span class='ocrx_word' id='word_1_306' title='bbox 2399 1874 2530 1929; x_wconf 90' lang='lat' dir='ltr'><strong><em>Cum</em></strong></span> <span class='ocrx_word' id='word_1_307' title='bbox 2575 1876 2735 1943; x_wconf 84' lang='lat' dir='ltr'><strong><em>igitur</em></strong></span> <span class='ocrx_word' id='word_1_308' title='bbox 2782 1884 2888 1930; x_wconf 93' lang='lat' dir='ltr'><strong><em>tam</em></strong></span> <span class='ocrx_word' id='word_1_309' title='bbox 2936 1876 3311 1945; x_wconf 88' lang='lat' dir='ltr'><strong><em>multiplicibus</em></strong></span> <span class='ocrx_word' id='word_1_310' title='bbox 3338 1917 3353 1942; x_wconf 95' lang='lat'><strong><em>,</em></strong></span> <span class='ocrx_word' id='word_1_311' title='bbox 3400 1892 3464 1932; x_wconf 88' lang='lat' dir='ltr'><strong><em>ac</em></strong></span> <span class='ocrx_word' id='word_1_312' title='bbox 3493 1880 3705 1934; x_wconf 85' lang='lat' dir='ltr'><strong><em>multum</em></strong></span> <span class='ocrx_word' id='word_1_313' title='bbox 3731 1881 3785 1933; x_wconf 80' lang='lat' dir='ltr'><strong><em>ab</em></strong></span> 
     </span>
    </p>
   </div>
   <div class='ocr_carea' id='block_1_48' title="bbox 2236 1963 3784 2038">
    <p class='ocr_par' dir='ltr' id='par_1_48' title="bbox 2236 1963 3784 2038">
     <span class='ocr_line' id='line_1_48' title="bbox 2236 1963 3784 2038; baseline 0.005 -21"><span class='ocrx_word' id='word_1_314' title='bbox 2236 1963 2462 2018; x_wconf 86' lang='lat' dir='ltr'><strong><em>invicem</em></strong></span> <span class='ocrx_word' id='word_1_315' title='bbox 2492 1974 2529 2000; x_wconf 68' lang='grc' dir='ltr'><strong><em>τι)</em></strong></span> <span class='ocrx_word' id='word_1_316' title='bbox 2562 1964 2879 2021; x_wconf 88' lang='lat' dir='ltr'><strong><em>distantibus</em></strong></span> <span class='ocrx_word' id='word_1_317' title='bbox 2913 1967 3086 2021; x_wconf 90' lang='lat' dir='ltr'><strong><em>modis</em></strong></span> <span class='ocrx_word' id='word_1_318' title='bbox 3123 1967 3364 2023; x_wconf 83' lang='lat' dir='ltr'><strong><em>homines</em></strong></span> <span class='ocrx_word' id='word_1_319' title='bbox 3407 1981 3663 2038; x_wconf 86' lang='lat' dir='ltr'><strong><em>peccent,</em></strong></span> <span class='ocrx_word' id='word_1_320' title='bbox 3691 1973 3784 2038; x_wconf 83' lang='lat' dir='ltr'><strong><em>quis</em></strong></span> 
     </span>
    </p>
   </div>
   <div class='ocr_carea' id='block_1_49' title="bbox 2236 2055 3785 2130">
    <p class='ocr_par' dir='ltr' id='par_1_49' title="bbox 2236 2055 3785 2130">
     <span class='ocr_line' id='line_1_49' title="bbox 2236 2055 3785 2130; baseline 0.004 -21"><span class='ocrx_word' id='word_1_321' title='bbox 2236 2070 2343 2109; x_wconf 90' lang='lat' dir='ltr'><strong><em>non</em></strong></span> <span class='ocrx_word' id='word_1_322' title='bbox 2376 2055 2635 2127; x_wconf 78' lang='lat' dir='ltr'><strong><em>intelligat</em></strong></span> <span class='ocrx_word' id='word_1_323' title='bbox 2658 2072 2765 2113; x_wconf 86' lang='lat' dir='ltr'><strong><em>uno</em></strong></span> <span class='ocrx_word' id='word_1_324' title='bbox 2794 2057 2954 2112; x_wconf 92' lang='lat' dir='ltr'><strong><em>modo</em></strong></span> <span class='ocrx_word' id='word_1_325' title='bbox 2983 2059 3062 2112; x_wconf 93' lang='lat' dir='ltr'><strong><em>eis</em></strong></span> <span class='ocrx_word' id='word_1_326' title='bbox 3093 2074 3195 2112; x_wconf 88' lang='lat' dir='ltr'><strong><em>non</em></strong></span> <span class='ocrx_word' id='word_1_327' title='bbox 3230 2074 3384 2128; x_wconf 86' lang='lat' dir='ltr'><strong><em>posse</em></strong></span> <span class='ocrx_word' id='word_1_328' title='bbox 3403 2063 3581 2130; x_wconf 87' lang='lat' dir='ltr'><strong><em>utique</em></strong></span> <span class='ocrx_word' id='word_1_329' title='bbox 3612 2062 3785 2117; x_wconf 85' lang='lat' dir='ltr'><strong><em>mederi</em></strong></span> 
     </span>
    </p>
   </div>
   <div class='ocr_carea' id='block_1_50' title="bbox 2234 2148 3788 2223">
    <p class='ocr_par' dir='ltr' id='par_1_50' title="bbox 2234 2148 3788 2223">
     <span class='ocr_line' id='line_1_50' title="bbox 2234 2148 3788 2223; baseline 0.005 -22"><span class='ocrx_word' id='word_1_330' title='bbox 2234 2160 2460 2216; x_wconf 89' lang='lat' dir='ltr'><strong><em>quorum</em></strong></span> <span class='ocrx_word' id='word_1_331' title='bbox 2492 2155 2599 2202; x_wconf 89' lang='lat' dir='ltr'><strong><em>tam</em></strong></span> <span class='ocrx_word' id='word_1_332' title='bbox 2628 2148 2823 2203; x_wconf 80' lang='lat' dir='ltr'><strong><em>diversi</em></strong></span> <span class='ocrx_word' id='word_1_333' title='bbox 2855 2158 2978 2202; x_wconf 91' lang='lat' dir='ltr'><strong><em>sunt</em></strong></span> <span class='ocrx_word' id='word_1_334' title='bbox 3015 2151 3185 2204; x_wconf 90' lang='lat' dir='ltr'><strong><em>morbi</em></strong></span> <span class='ocrx_word' id='word_1_335' title='bbox 3215 2152 3237 2203; x_wconf 88' lang='lat'><strong>?</strong></span> <span class='ocrx_word' id='word_1_336' title='bbox 3284 2152 3348 2205; x_wconf 87' lang='lat' dir='ltr'><strong><em>Et</em></strong></span> <span class='ocrx_word' id='word_1_337' title='bbox 3391 2152 3510 2207; x_wconf 85' lang='lat' dir='ltr'><strong><em>ideo</em></strong></span> <span class='ocrx_word' id='word_1_338' title='bbox 3535 2153 3788 2223; x_wconf 87' lang='lat' dir='ltr'><strong><em>dupliciter</em></strong></span> 
     </span>
    </p>
   </div>
   <div class='ocr_carea' id='block_1_51' title="bbox 2235 2237 3781 2311">
    <p class='ocr_par' dir='ltr' id='par_1_51' title="bbox 2235 2237 3781 2311">
     <span class='ocr_line' id='line_1_51' title="bbox 2235 2237 3781 2311; baseline 0.008 -22"><span class='ocrx_word' id='word_1_339' title='bbox 2235 2237 2445 2305; x_wconf 87' lang='lat' dir='ltr'><strong><em>quidem</em></strong></span> <span class='ocrx_word' id='word_1_340' title='bbox 2496 2237 2755 2307; x_wconf 80' lang='lat' dir='ltr'><strong><em>fragilitas</em></strong></span> <span class='ocrx_word' id='word_1_341' title='bbox 2801 2238 3031 2294; x_wconf 86' lang='lat' dir='ltr'><strong><em>humana</em></strong></span> <span class='ocrx_word' id='word_1_342' title='bbox 3073 2240 3163 2295; x_wconf 89' lang='lat' dir='ltr'><strong><em>Dei</em></strong></span> <span class='ocrx_word' id='word_1_343' title='bbox 3197 2251 3459 2311; x_wconf 64' lang='lat' dir='ltr'><strong><em>praicepta</em></strong></span> <span class='ocrx_word' id='word_1_344' title='bbox 3499 2249 3781 2301; x_wconf 87' lang='lat' dir='ltr'><strong><em>contemnit.</em></strong></span> 
     </span>
    </p>
   </div>
   <div class='ocr_carea' id='block_1_52' title="bbox 2236 2326 3785 2404">
    <p class='ocr_par' dir='ltr' id='par_1_52' title="bbox 2236 2326 3785 2404">
     <span class='ocr_line' id='line_1_52' title="bbox 2236 2326 3785 2404; baseline 0.006 -25"><span class='ocrx_word' id='word_1_345' title='bbox 2236 2334 2329 2380; x_wconf 89' lang='lat' dir='ltr'><strong><em>aut</em></strong></span> <span class='ocrx_word' id='word_1_346' title='bbox 2375 2326 2615 2381; x_wconf 78' lang='lat' dir='ltr'><strong><em>faciendo</em></strong></span> <span class='ocrx_word' id='word_1_347' title='bbox 2659 2328 2801 2397; x_wconf 87' lang='lat' dir='ltr'><strong><em>quod</em></strong></span> <span class='ocrx_word' id='word_1_348' title='bbox 2831 2337 2860 2364; x_wconf 71' lang='grc' dir='ltr'><strong>ιι</strong></span> <span class='ocrx_word' id='word_1_349' title='bbox 2891 2329 3056 2384; x_wconf 89' lang='lat' dir='ltr'><strong><em>vetuit</em></strong></span> <span class='ocrx_word' id='word_1_350' title='bbox 3079 2372 3093 2395; x_wconf 91' lang='lat'><strong><em>,</em></strong></span> <span class='ocrx_word' id='word_1_351' title='bbox 3133 2340 3223 2384; x_wconf 88' lang='lat' dir='ltr'><strong><em>aut</em></strong></span> <span class='ocrx_word' id='word_1_352' title='bbox 3257 2346 3362 2385; x_wconf 90' lang='lat' dir='ltr'><strong><em>non</em></strong></span> <span class='ocrx_word' id='word_1_353' title='bbox 3404 2331 3642 2388; x_wconf 82' lang='lat' dir='ltr'><strong><em>faciendo</em></strong></span> <span class='ocrx_word' id='word_1_354' title='bbox 3670 2336 3785 2404; x_wconf 87' lang='lat' dir='ltr'><strong><em>quod</em></strong></span> 
     </span>
    </p>
   </div>
   <div class='ocr_carea' id='block_1_53' title="bbox 2232 2420 3787 2497">
    <p class='ocr_par' dir='ltr' id='par_1_53' title="bbox 2232 2420 3787 2497">
     <span class='ocr_line' id='line_1_53' title="bbox 2232 2420 3787 2497; baseline 0.006 -25"><span class='ocrx_word' id='word_1_355' title='bbox 2232 2420 2394 2490; x_wconf 87' lang='lat' dir='ltr'><strong><em>jussit</em></strong></span> <span class='ocrx_word' id='word_1_356' title='bbox 2418 2438 2431 2476; x_wconf 91' lang='lat'><strong>:</strong></span> <span class='ocrx_word' id='word_1_357' title='bbox 2456 2424 2549 2477; x_wconf 88' lang='lat' dir='ltr'><strong><em>sed</em></strong></span> <span class='ocrx_word' id='word_1_358' title='bbox 2576 2431 2600 2459; x_wconf 85' lang='grc' dir='ltr'><strong>ο</strong></span> <span class='ocrx_word' id='word_1_359' title='bbox 2630 2424 2895 2492; x_wconf 89' lang='lat' dir='ltr'><strong><em>quomodo</em></strong></span> <span class='ocrx_word' id='word_1_360' title='bbox 2924 2440 3030 2479; x_wconf 90' lang='lat' dir='ltr'><strong><em>non</em></strong></span> <span class='ocrx_word' id='word_1_361' title='bbox 3062 2425 3234 2480; x_wconf 90' lang='lat' dir='ltr'><strong><em>solum</em></strong></span> <span class='ocrx_word' id='word_1_362' title='bbox 3265 2441 3329 2481; x_wconf 81' lang='lat' dir='ltr'><strong><em>ex</em></strong></span> <span class='ocrx_word' id='word_1_363' title='bbox 3358 2426 3462 2481; x_wconf 90' lang='lat' dir='ltr'><strong><em>illis</em></strong></span> <span class='ocrx_word' id='word_1_364' title='bbox 3489 2428 3658 2483; x_wconf 89' lang='lat' dir='ltr'><strong><em>causis</em></strong></span> <span class='ocrx_word' id='word_1_365' title='bbox 3678 2444 3787 2497; x_wconf 86' lang='lat' dir='ltr'><strong><em>quas</em></strong></span> 
     </span>
    </p>
   </div>
   <div class='ocr_carea' id='block_1_54' title="bbox 2235 2514 3787 2586">
    <p class='ocr_par' dir='ltr' id='par_1_54' title="bbox 2235 2514 3787 2586">
     <span class='ocr_line' id='line_1_54' title="bbox 2235 2514 3787 2586; baseline 0.003 -19"><span class='ocrx_word' id='word_1_366' title='bbox 2235 2514 2681 2579; x_wconf 83' lang='lat' dir='ltr'><strong><em>commemoravi,</em></strong></span> <span class='ocrx_word' id='word_1_367' title='bbox 2712 2515 2804 2569; x_wconf 91' lang='lat' dir='ltr'><strong><em>sed</em></strong></span> <span class='ocrx_word' id='word_1_368' title='bbox 2845 2515 3003 2569; x_wconf 88' lang='lat' dir='ltr'><strong><em>etiam</em></strong></span> <span class='ocrx_word' id='word_1_369' title='bbox 3029 2530 3095 2569; x_wconf 79' lang='lat' dir='ltr'><strong><em>ex</em></strong></span> <span class='ocrx_word' id='word_1_370' title='bbox 3125 2515 3244 2570; x_wconf 89' lang='lat' dir='ltr'><strong><em>aliis</em></strong></span> <span class='ocrx_word' id='word_1_371' title='bbox 3282 2532 3416 2586; x_wconf 90' lang='lat' dir='ltr'><strong><em>quas</em></strong></span> <span class='ocrx_word' id='word_1_372' title='bbox 3444 2532 3549 2571; x_wconf 90' lang='lat' dir='ltr'><strong><em>non</em></strong></span> <span class='ocrx_word' id='word_1_373' title='bbox 3572 2534 3787 2572; x_wconf 58' lang='lat' dir='ltr'><strong><em>commeo</em></strong></span> 
     </span>
    </p>
   </div>
   <div class='ocr_carea' id='block_1_55' title="bbox 2236 2605 3787 2678">
    <p class='ocr_par' dir='ltr' id='par_1_55' title="bbox 2236 2605 3787 2678">
     <span class='ocr_line' id='line_1_55' title="bbox 2236 2605 3787 2678; baseline 0.002 -20"><span class='ocrx_word' id='word_1_374' title='bbox 2236 2606 2463 2671; x_wconf 84' lang='lat' dir='ltr'><strong><em>moravi,</em></strong></span> <span class='ocrx_word' id='word_1_375' title='bbox 2500 2606 2552 2659; x_wconf 93' lang='lat' dir='ltr'><strong><em>in</em></strong></span> <span class='ocrx_word' id='word_1_376' title='bbox 2583 2605 2861 2675; x_wconf 69' lang='lat' dir='ltr'><strong><em>praeceptis</em></strong></span> <span class='ocrx_word' id='word_1_377' title='bbox 2890 2605 3000 2660; x_wconf 91' lang='lat' dir='ltr'><strong><em>suis</em></strong></span> <span class='ocrx_word' id='word_1_378' title='bbox 3026 2622 3146 2660; x_wconf 88' lang='lat' dir='ltr'><strong><em>eum</em></strong></span> <span class='ocrx_word' id='word_1_379' title='bbox 3180 2617 3553 2674; x_wconf 90' lang='lat' dir='ltr'><strong><em>contemnunt,</em></strong></span> <span class='ocrx_word' id='word_1_380' title='bbox 3584 2611 3670 2678; x_wconf 90' lang='lat' dir='ltr'><strong><em>qui</em></strong></span> <span class='ocrx_word' id='word_1_381' title='bbox 3694 2610 3787 2677; x_wconf 85' lang='lat' dir='ltr'><strong><em>ejus</em></strong></span> 
     </span>
    </p>
   </div>
   <div class='ocr_carea' id='block_1_56' title="bbox 2237 2690 3787 2763">
    <p class='ocr_par' dir='ltr' id='par_1_56' title="bbox 2237 2690 3787 2763">
     <span class='ocr_line' id='line_1_56' title="bbox 2237 2690 3787 2763; baseline 0.001 -15"><span class='ocrx_word' id='word_1_382' title='bbox 2237 2706 2500 2763; x_wconf 61' lang='lat' dir='ltr'><strong><em>praecepta</em></strong></span> <span class='ocrx_word' id='word_1_383' title='bbox 2531 2710 2634 2749; x_wconf 93' lang='lat' dir='ltr'><strong><em>non</em></strong></span> <span class='ocrx_word' id='word_1_384' title='bbox 2678 2690 2915 2758; x_wconf 74' lang='lat' dir='ltr'><strong><em>faciunt;</em></strong></span> <span class='ocrx_word' id='word_1_385' title='bbox 2966 2697 3043 2750; x_wconf 88' lang='lat' dir='ltr'><strong><em>sic</em></strong></span> <span class='ocrx_word' id='word_1_386' title='bbox 3084 2696 3281 2751; x_wconf 83' lang='lat' dir='ltr'><strong><em>debent</em></strong></span> <span class='ocrx_word' id='word_1_387' title='bbox 3317 2712 3504 2751; x_wconf 89' lang='lat' dir='ltr'><strong><em>omnes</em></strong></span> <span class='ocrx_word' id='word_1_388' title='bbox 3535 2698 3685 2752; x_wconf 90' lang='lat' dir='ltr'><strong><em>modo</em></strong></span> <span class='ocrx_word' id='word_1_389' title='bbox 3706 2697 3787 2749; x_wconf 86' lang='lat' dir='ltr'><strong><em>do-</em></strong></span> 
     </span>
    </p>
   </div>
   <div class='ocr_carea' id='block_1_57' title="bbox 2237 2770 3789 2853">
    <p class='ocr_par' dir='ltr' id='par_1_57' title="bbox 2237 2770 3789 2853">
     <span class='ocr_line' id='line_1_57' title="bbox 2237 2770 3789 2853; baseline 0 -14"><span class='ocrx_word' id='word_1_390' title='bbox 2237 2785 2407 2840; x_wconf 90' lang='lat' dir='ltr'><strong><em>cendo</em></strong></span> <span class='ocrx_word' id='word_1_391' title='bbox 2431 2825 2445 2851; x_wconf 94' lang='lat'><strong><em>,</em></strong></span> <span class='ocrx_word' id='word_1_392' title='bbox 2477 2785 2637 2839; x_wconf 92' lang='lat' dir='ltr'><strong><em>modo</em></strong></span> <span class='ocrx_word' id='word_1_393' title='bbox 2676 2770 3011 2841; x_wconf 62' lang='lat' dir='ltr'><strong><em>exhortando</em></strong></span> <span class='ocrx_word' id='word_1_394' title='bbox 3036 2827 3051 2853; x_wconf 92' lang='lat'><strong><em>,</em></strong></span> <span class='ocrx_word' id='word_1_395' title='bbox 3082 2787 3240 2841; x_wconf 85' lang='lat' dir='ltr'><strong><em>mo&#39;do</em></strong></span> <span class='ocrx_word' id='word_1_396' title='bbox 3277 2788 3585 2842; x_wconf 85' lang='lat' dir='ltr'><strong><em>sustinendo</em></strong></span> <span class='ocrx_word' id='word_1_397' title='bbox 3608 2830 3623 2851; x_wconf 86' lang='lat'><strong><em>,</em></strong></span> <span class='ocrx_word' id='word_1_398' title='bbox 3654 2787 3789 2841; x_wconf 85' lang='lat' dir='ltr'><strong><em>modo</em></strong></span> 
     </span>
    </p>
   </div>
   <div class='ocr_carea' id='block_1_58' title="bbox 2238 2877 3789 2947">
    <p class='ocr_par' dir='ltr' id='par_1_58' title="bbox 2238 2877 3789 2947">
     <span class='ocr_line' id='line_1_58' title="bbox 2238 2877 3789 2947; baseline 0.001 -17"><span class='ocrx_word' id='word_1_399' title='bbox 2238 2877 2561 2945; x_wconf 88' lang='lat' dir='ltr'><strong><em>increpando</em></strong></span> <span class='ocrx_word' id='word_1_400' title='bbox 2584 2888 2609 2926; x_wconf 74' lang='grc' dir='ltr'><strong>Ρ</strong></span> <span class='ocrx_word' id='word_1_401' title='bbox 2635 2878 2833 2942; x_wconf 89' lang='lat' dir='ltr'><strong><em>curari,</em></strong></span> <span class='ocrx_word' id='word_1_402' title='bbox 2857 2888 2914 2931; x_wconf 90' lang='lat' dir='ltr'><strong><em>ut</em></strong></span> <span class='ocrx_word' id='word_1_403' title='bbox 2940 2878 3041 2931; x_wconf 89' lang='lat' dir='ltr'><strong><em>sub</em></strong></span> <span class='ocrx_word' id='word_1_404' title='bbox 3062 2893 3160 2947; x_wconf 85' lang='lat' dir='ltr'><strong><em>Ope</em></strong></span> <span class='ocrx_word' id='word_1_405' title='bbox 3184 2878 3379 2933; x_wconf 85' lang='lat' dir='ltr'><strong><em>Christi</em></strong></span> <span class='ocrx_word' id='word_1_406' title='bbox 3402 2890 3432 2929; x_wconf 74' lang='lat' dir='ltr'><strong>q</strong></span> <span class='ocrx_word' id='word_1_407' title='bbox 3459 2880 3646 2934; x_wconf 91' lang='lat' dir='ltr'><strong><em>nullius</em></strong></span> <span class='ocrx_word' id='word_1_408' title='bbox 3668 2880 3789 2933; x_wconf 81' lang='lat' dir='ltr'><strong><em>salus</em></strong></span> 
     </span>
    </p>
   </div>
   <div class='ocr_carea' id='block_1_59' title="bbox 2238 2969 3789 3039">
    <p class='ocr_par' dir='ltr' id='par_1_59' title="bbox 2238 2969 3789 3039">
     <span class='ocr_line' id='line_1_59' title="bbox 2238 2969 3789 3039; baseline -0.001 -17"><span class='ocrx_word' id='word_1_409' title='bbox 2238 2969 2291 3022; x_wconf 75' lang='lat' dir='ltr'><strong><em>in</em></strong></span> <span class='ocrx_word' id='word_1_410' title='bbox 2323 2969 2420 3023; x_wconf 89' lang='lat' dir='ltr'><strong><em>hac</em></strong></span> <span class='ocrx_word' id='word_1_411' title='bbox 2449 2969 2554 3022; x_wconf 87' lang='lat' dir='ltr'><strong><em>vita</em></strong></span> <span class='ocrx_word' id='word_1_412' title='bbox 2583 2969 2775 3023; x_wconf 85' lang='lat' dir='ltr'><strong><em>debeat</em></strong></span> <span class='ocrx_word' id='word_1_413' title='bbox 2797 2970 3089 3036; x_wconf 86' lang='lat' dir='ltr'><strong><em>desperari.</em></strong></span> <span class='ocrx_word' id='word_1_414' title='bbox 3115 2970 3229 3023; x_wconf 82' lang='lat' dir='ltr'><strong><em>Jain</em></strong></span> <span class='ocrx_word' id='word_1_415' title='bbox 3268 2986 3408 3025; x_wconf 90' lang='lat' dir='ltr'><strong><em>nunc</em></strong></span> <span class='ocrx_word' id='word_1_416' title='bbox 3432 2971 3475 3024; x_wconf 80' lang='lat' dir='ltr'><strong><em>si</em></strong></span> <span class='ocrx_word' id='word_1_417' title='bbox 3502 2970 3627 3024; x_wconf 88' lang='lat' dir='ltr'><strong><em>satis</em></strong></span> <span class='ocrx_word' id='word_1_418' title='bbox 3650 2985 3789 3039; x_wconf 85' lang='lat' dir='ltr'><strong><em>appa-</em></strong></span> 
     </span>
    </p>
   </div>
   <div class='ocr_carea' id='block_1_60' title="bbox 2240 3059 3789 3130">
    <p class='ocr_par' dir='ltr' id='par_1_60' title="bbox 2240 3059 3789 3130">
     <span class='ocr_line' id='line_1_60' title="bbox 2240 3059 3789 3130; baseline -0.001 -16"><span class='ocrx_word' id='word_1_419' title='bbox 2240 3061 2345 3115; x_wconf 88' lang='lat' dir='ltr'><strong><em>ruit</em></strong></span> <span class='ocrx_word' id='word_1_420' title='bbox 2373 3059 2513 3129; x_wconf 93' lang='lat' dir='ltr'><strong><em>quod</em></strong></span> <span class='ocrx_word' id='word_1_421' title='bbox 2540 3060 2716 3115; x_wconf 88' lang='lat' dir='ltr'><strong><em>divina</em></strong></span> <span class='ocrx_word' id='word_1_422' title='bbox 2754 3070 3013 3129; x_wconf 68' lang='lat' dir='ltr'><strong><em>praecepta</em></strong></span> <span class='ocrx_word' id='word_1_423' title='bbox 3052 3061 3320 3115; x_wconf 88' lang='lat' dir='ltr'><strong><em>calcantes</em></strong></span> <span class='ocrx_word' id='word_1_424' title='bbox 3354 3076 3458 3115; x_wconf 90' lang='lat' dir='ltr'><strong><em>non</em></strong></span> <span class='ocrx_word' id='word_1_425' title='bbox 3491 3062 3648 3115; x_wconf 85' lang='lat' dir='ltr'><strong><em>solum</em></strong></span> <span class='ocrx_word' id='word_1_426' title='bbox 3677 3075 3789 3130; x_wconf 84' lang='lat' dir='ltr'><strong><em>por-</em></strong></span> 
     </span>
    </p>
   </div>
   <div class='ocr_carea' id='block_1_61' title="bbox 630 3129 3788 3226">
    <p class='ocr_par' dir='ltr' id='par_1_61' title="bbox 630 3129 3788 3226">
     <span class='ocr_line' id='line_1_61' title="bbox 630 3129 3788 3226; baseline -0.001 -21"><span class='ocrx_word' id='word_1_427' title='bbox 630 3150 757 3205; x_wconf 64' lang='lat' dir='ltr'><strong><em>Cae.</em></strong></span> <span class='ocrx_word' id='word_1_428' title='bbox 787 3151 948 3206; x_wconf 75' lang='lat' dir='ltr'><strong><em>XXII.</em></strong></span> <span class='ocrx_word' id='word_1_429' title='bbox 978 3164 999 3192; x_wconf 79' lang='grc' dir='ltr'><strong>ο</strong></span> <span class='ocrx_word' id='word_1_430' title='bbox 1032 3154 1146 3218; x_wconf 88' lang='lat' dir='ltr'><strong><em>Qua</em></strong></span> <span class='ocrx_word' id='word_1_431' title='bbox 1173 3156 1505 3223; x_wconf 87' lang='lat' dir='ltr'><strong><em>temperantia</em></strong></span> <span class='ocrx_word' id='word_1_432' title='bbox 1533 3157 1605 3210; x_wconf 87' lang='lat' dir='ltr'><strong><em>uti</em></strong></span> <span class='ocrx_word' id='word_1_433' title='bbox 1633 3158 1845 3211; x_wconf 87' lang='lat' dir='ltr'><strong><em>debeant</em></strong></span> <span class='ocrx_word' id='word_1_434' title='bbox 1869 3160 1959 3226; x_wconf 85' lang='lat' dir='ltr'><strong><em>qui</em></strong></span> <span class='ocrx_word' id='word_1_435' title='bbox 1985 3176 2017 3211; x_wconf 93' lang='lat' dir='ltr'><strong><em>a</em></strong></span> <span class='ocrx_word' id='word_1_436' title='bbox 2045 3174 2135 3212; x_wconf 81' lang='lat' dir='ltr'><strong><em>vo-</em></strong></span> <span class='ocrx_word' id='word_1_437' title='bbox 2166 3129 2212 3191; x_wconf 79' lang='lat' dir='ltr'><strong><em>C</em></strong></span> <span class='ocrx_word' id='word_1_438' title='bbox 2248 3151 2386 3206; x_wconf 88' lang='lat' dir='ltr'><strong><em>landi</em></strong></span> <span class='ocrx_word' id='word_1_439' title='bbox 2410 3161 2552 3217; x_wconf 90' lang='lat' dir='ltr'><strong><em>sunt,</em></strong></span> <span class='ocrx_word' id='word_1_440' title='bbox 2576 3152 2668 3206; x_wconf 91' lang='lat' dir='ltr'><strong><em>sed</em></strong></span> <span class='ocrx_word' id='word_1_441' title='bbox 2690 3153 2846 3207; x_wconf 89' lang='lat' dir='ltr'><strong><em>etiam</em></strong></span> <span class='ocrx_word' id='word_1_442' title='bbox 2868 3153 3193 3221; x_wconf 86' lang='lat' dir='ltr'><strong><em>castigandi;</em></strong></span> <span class='ocrx_word' id='word_1_443' title='bbox 3224 3168 3253 3205; x_wconf 88' lang='lat' dir='ltr'><strong><em>a</em></strong></span> <span class='ocrx_word' id='word_1_444' title='bbox 3274 3152 3464 3222; x_wconf 88' lang='lat' dir='ltr'><strong><em>quibus</em></strong></span> <span class='ocrx_word' id='word_1_445' title='bbox 3493 3152 3542 3207; x_wconf 90' lang='lat' dir='ltr'><strong><em>id</em></strong></span> <span class='ocrx_word' id='word_1_446' title='bbox 3568 3152 3667 3215; x_wconf 88' lang='lat' dir='ltr'><strong><em>ﬁat,</em></strong></span> <span class='ocrx_word' id='word_1_447' title='bbox 3682 3129 3788 3220; x_wconf 88' lang='lat' dir='ltr'><strong><em>qui,</em></strong></span> 
     </span>
    </p>
   </div>
   <div class='ocr_carea' id='block_1_62' title="bbox 565 3242 2140 3319">
    <p class='ocr_par' dir='ltr' id='par_1_62' title="bbox 565 3242 2140 3319">
     <span class='ocr_line' id='line_1_62' title="bbox 565 3242 2140 3319; baseline 0.006 -26"><span class='ocrx_word' id='word_1_448' title='bbox 565 3242 759 3309; x_wconf 88' lang='lat' dir='ltr'><strong><em>luptate</em></strong></span> <span class='ocrx_word' id='word_1_449' title='bbox 787 3244 1180 3315; x_wconf 86' lang='lat' dir='ltr'><strong><em>delectabiliurn,</em></strong></span> <span class='ocrx_word' id='word_1_450' title='bbox 1222 3248 1298 3299; x_wconf 93' lang='lat' dir='ltr'><strong><em>vel</em></strong></span> <span class='ocrx_word' id='word_1_451' title='bbox 1337 3247 1397 3298; x_wconf 88' lang='lat' dir='ltr'><strong><em>ab</em></strong></span> <span class='ocrx_word' id='word_1_452' title='bbox 1439 3247 1773 3301; x_wconf 88' lang='lat' dir='ltr'><strong><em>immoderata</em></strong></span> <span class='ocrx_word' id='word_1_453' title='bbox 1820 3251 2140 3319; x_wconf 87' lang='lat' dir='ltr'><strong><em>perceptione</em></strong></span> 
     </span>
    </p>
   </div>
   <div class='ocr_carea' id='block_1_63' title="bbox 560 3332 2139 3405">
    <p class='ocr_par' dir='ltr' id='par_1_63' title="bbox 560 3332 2139 3405">
     <span class='ocr_line' id='line_1_63' title="bbox 560 3332 2139 3405; baseline 0.005 -20"><span class='ocrx_word' id='word_1_454' title='bbox 560 3332 783 3385; x_wconf 74' lang='lat' dir='ltr'><strong><em>ciborum</em></strong></span> <span class='ocrx_word' id='word_1_455' title='bbox 811 3336 1173 3401; x_wconf 86' lang='lat' dir='ltr'><strong><em>communium,</em></strong></span> <span class='ocrx_word' id='word_1_456' title='bbox 1205 3345 1354 3405; x_wconf 88' lang='lat' dir='ltr'><strong><em>atque</em></strong></span> <span class='ocrx_word' id='word_1_457' title='bbox 1373 3353 1404 3388; x_wconf 92' lang='lat' dir='ltr'><strong><em>a</em></strong></span> <span class='ocrx_word' id='word_1_458' title='bbox 1432 3337 1531 3390; x_wconf 85' lang='lat' dir='ltr'><strong><em>vini</em></strong></span> <span class='ocrx_word' id='word_1_459' title='bbox 1567 3338 1897 3392; x_wconf 87' lang='lat' dir='ltr'><strong><em>immoderato</em></strong></span> <span class='ocrx_word' id='word_1_460' title='bbox 1920 3355 2016 3392; x_wconf 89' lang='lat' dir='ltr'><strong><em>usu</em></strong></span> <span class='ocrx_word' id='word_1_461' title='bbox 2050 3356 2139 3393; x_wconf 90' lang='lat' dir='ltr'><strong><em>cu-</em></strong></span> 
     </span>
    </p>
   </div>
   <div class='ocr_carea' id='block_1_64' title="bbox 561 3425 1009 3491">
    <p class='ocr_par' dir='ltr' id='par_1_64' title="bbox 561 3425 1009 3491">
     <span class='ocr_line' id='line_1_64' title="bbox 561 3425 1009 3491; baseline 0.022 -18"><span class='ocrx_word' id='word_1_462' title='bbox 561 3425 705 3491; x_wconf 86' lang='lat' dir='ltr'><strong><em>piunt</em></strong></span> <span class='ocrx_word' id='word_1_463' title='bbox 736 3425 1009 3483; x_wconf 87' lang='lat' dir='ltr'><strong><em>abstinere.</em></strong></span> 
     </span>
    </p>
   </div>
   <div class='ocr_carea' id='block_1_65' title="bbox 630 3512 2140 3586">
    <p class='ocr_par' dir='ltr' id='par_1_65' title="bbox 630 3512 2140 3586">
     <span class='ocr_line' id='line_1_65' title="bbox 630 3512 2140 3586; baseline 0.007 -22"><span class='ocrx_word' id='word_1_464' title='bbox 630 3512 759 3565; x_wconf 80' lang='lat' dir='ltr'><strong><em>CAP.</em></strong></span> <span class='ocrx_word' id='word_1_465' title='bbox 802 3514 988 3568; x_wconf 80' lang='lat' dir='ltr'><strong><em>XXIII.</em></strong></span> <span class='ocrx_word' id='word_1_466' title='bbox 1036 3517 1184 3580; x_wconf 81' lang='lat' dir='ltr'><strong><em>Quod</em></strong></span> <span class='ocrx_word' id='word_1_467' title='bbox 1225 3526 1418 3569; x_wconf 87' lang='lat' dir='ltr'><strong><em>utentes</em></strong></span> <span class='ocrx_word' id='word_1_468' title='bbox 1458 3517 1695 3570; x_wconf 89' lang='lat' dir='ltr'><strong><em>carnibus</em></strong></span> <span class='ocrx_word' id='word_1_469' title='bbox 1733 3520 2140 3586; x_wconf 87' lang='lat' dir='ltr'><strong><em>concupiscentia</em></strong></span> 
     </span>
    </p>
   </div>
   <div class='ocr_carea' id='block_1_66' title="bbox 564 3604 1400 3672">
    <p class='ocr_par' dir='ltr' id='par_1_66' title="bbox 564 3604 1400 3672">
     <span class='ocr_line' id='line_1_66' title="bbox 564 3604 1400 3672; baseline 0.007 -19"><span class='ocrx_word' id='word_1_470' title='bbox 564 3604 793 3655; x_wconf 86' lang='lat' dir='ltr'><strong><em>carnium</em></strong></span> <span class='ocrx_word' id='word_1_471' title='bbox 822 3606 1038 3672; x_wconf 87' lang='lat' dir='ltr'><strong><em>polluat,</em></strong></span> <span class='ocrx_word' id='word_1_472' title='bbox 1071 3622 1172 3658; x_wconf 87' lang='lat' dir='ltr'><strong><em>non</em></strong></span> <span class='ocrx_word' id='word_1_473' title='bbox 1199 3616 1400 3659; x_wconf 87' lang='lat' dir='ltr'><strong><em>natura.</em></strong></span> 
     </span>
    </p>
   </div>
   <div class='ocr_carea' id='block_1_67' title="bbox 635 3692 2134 3768">
    <p class='ocr_par' dir='ltr' id='par_1_67' title="bbox 635 3692 2134 3768">
     <span class='ocr_line' id='line_1_67' title="bbox 635 3692 2134 3768; baseline 0.006 -23"><span class='ocrx_word' id='word_1_474' title='bbox 635 3692 762 3747; x_wconf 70' lang='lat' dir='ltr'><strong><em>Car.</em></strong></span> <span class='ocrx_word' id='word_1_475' title='bbox 792 3693 978 3748; x_wconf 82' lang='lat' dir='ltr'><strong><em>XXIV.</em></strong></span> <span class='ocrx_word' id='word_1_476' title='bbox 1024 3696 1189 3760; x_wconf 87' lang='lat' dir='ltr'><strong><em>Quam</em></strong></span> <span class='ocrx_word' id='word_1_477' title='bbox 1221 3696 1345 3749; x_wconf 88' lang='lat' dir='ltr'><strong><em>utile</em></strong></span> <span class='ocrx_word' id='word_1_478' title='bbox 1369 3695 1432 3749; x_wconf 87' lang='lat' dir='ltr'><strong><em>sit</em></strong></span> <span class='ocrx_word' id='word_1_479' title='bbox 1452 3697 1659 3767; x_wconf 72' lang='lat' dir='ltr'><strong><em>jejunio</em></strong></span> <span class='ocrx_word' id='word_1_480' title='bbox 1685 3697 1762 3751; x_wconf 91' lang='lat' dir='ltr'><strong><em>vel</em></strong></span> <span class='ocrx_word' id='word_1_481' title='bbox 1799 3698 2134 3768; x_wconf 62' lang='lat' dir='ltr'><strong><em>abstinentiae,</em></strong></span> 
     </span>
    </p>
   </div>
   <div class='ocr_carea' id='block_1_68' title="bbox 567 3780 1867 3858">
    <p class='ocr_par' dir='ltr' id='par_1_68' title="bbox 567 3780 1867 3858">
     <span class='ocr_line' id='line_1_68' title="bbox 567 3780 1867 3858; baseline 0.006 -26"><span class='ocrx_word' id='word_1_482' title='bbox 567 3780 937 3836; x_wconf 87' lang='lat' dir='ltr'><strong><em>advenientium</em></strong></span> <span class='ocrx_word' id='word_1_483' title='bbox 964 3784 1222 3837; x_wconf 86' lang='lat' dir='ltr'><strong><em>caritatem</em></strong></span> <span class='ocrx_word' id='word_1_484' title='bbox 1250 3784 1541 3855; x_wconf 89' lang='lat' dir='ltr'><strong><em>plerumque</em></strong></span> <span class='ocrx_word' id='word_1_485' title='bbox 1562 3784 1589 3822; x_wconf 75' lang='grc' dir='ltr'><strong>ἀ</strong></span> <span class='ocrx_word' id='word_1_486' title='bbox 1610 3788 1867 3858; x_wconf 73' lang='lat' dir='ltr'><strong><em>prazferre.</em></strong></span> 
     </span>
    </p>
   </div>
   <div class='ocr_carea' id='block_1_69' title="bbox 1077 3895 1641 3954">
    <p class='ocr_par' dir='ltr' id='par_1_69' title="bbox 1077 3895 1641 3954">
     <span class='ocr_line' id='line_1_69' title="bbox 1077 3895 1641 3954; baseline 0.007 -4"><span class='ocrx_word' id='word_1_487' title='bbox 1077 3895 1301 3951; x_wconf 77' lang='lat' dir='ltr'><strong><em>CAPUT</em></strong></span> <span class='ocrx_word' id='word_1_488' title='bbox 1340 3897 1641 3954; x_wconf 75' lang='lat' dir='ltr'><strong><em>PRIMUM.</em></strong></span> 
     </span>
    </p>
   </div>
   <div class='ocr_carea' id='block_1_70' title="bbox 565 3984 2131 4062">
    <p class='ocr_par' dir='ltr' id='par_1_70' title="bbox 565 3984 2131 4062">
     <span class='ocr_line' id='line_1_70' title="bbox 565 3984 2131 4062; baseline 0.006 -24"><span class='ocrx_word' id='word_1_489' title='bbox 565 3984 717 4052; x_wconf 88' lang='lat' dir='ltr'><strong><em>Quod</em></strong></span> <span class='ocrx_word' id='word_1_490' title='bbox 762 4002 854 4057; x_wconf 88' lang='lat' dir='ltr'><strong><em>pro</em></strong></span> <span class='ocrx_word' id='word_1_491' title='bbox 898 3986 1200 4062; x_wconf 74' lang='lat' dir='ltr'><strong><em>diversitate</em></strong></span> <span class='ocrx_word' id='word_1_492' title='bbox 1232 3990 1542 4062; x_wconf 79' lang='lat' dir='ltr'><strong><em>peccantium</em></strong></span> <span class='ocrx_word' id='word_1_493' title='bbox 1573 3990 1665 4043; x_wconf 88' lang='lat' dir='ltr'><strong><em>alii</em></strong></span> <span class='ocrx_word' id='word_1_494' title='bbox 1706 3993 1944 4059; x_wconf 88' lang='lat' dir='ltr'><strong><em>portandi</em></strong></span> <span class='ocrx_word' id='word_1_495' title='bbox 1979 4004 2131 4062; x_wconf 89' lang='lat' dir='ltr'><strong><em>sunt,</em></strong></span> 
     </span>
    </p>
   </div>
   <div class='ocr_carea' id='block_1_71' title="bbox 1129 4059 1559 4128">
    <p class='ocr_par' dir='ltr' id='par_1_71' title="bbox 1129 4059 1559 4128">
     <span class='ocr_line' id='line_1_71' title="bbox 1129 4059 1559 4128; baseline 0.009 -19"><span class='ocrx_word' id='word_1_496' title='bbox 1129 4059 1221 4110; x_wconf 85' lang='lat' dir='ltr'><strong><em>alii</em></strong></span> <span class='ocrx_word' id='word_1_497' title='bbox 1255 4059 1559 4128; x_wconf 86' lang='lat' dir='ltr'><strong><em>castigandi.</em></strong></span> 
     </span>
    </p>
   </div>
   <div class='ocr_carea' id='block_1_72' title="bbox 636 4147 2129 4223">
    <p class='ocr_par' dir='ltr' id='par_1_72' title="bbox 636 4147 2129 4223">
     <span class='ocr_line' id='line_1_72' title="bbox 636 4147 2129 4223; baseline 0.005 -22"><span class='ocrx_word' id='word_1_498' title='bbox 636 4148 687 4201; x_wconf 79' lang='grc'><strong>1.</strong></span> <span class='ocrx_word' id='word_1_499' title='bbox 728 4147 782 4203; x_wconf 89' lang='lat' dir='ltr'><strong><em>Si</em></strong></span> <span class='ocrx_word' id='word_1_500' title='bbox 813 4164 916 4203; x_wconf 89' lang='lat' dir='ltr'><strong><em>una</em></strong></span> <span class='ocrx_word' id='word_1_501' title='bbox 947 4163 1136 4204; x_wconf 90' lang='lat' dir='ltr'><strong><em>omnes</em></strong></span> <span class='ocrx_word' id='word_1_502' title='bbox 1165 4152 1479 4219; x_wconf 63' lang='lat' dir='ltr'><strong><em>{egritudine</em></strong></span> <span class='ocrx_word' id='word_1_503' title='bbox 1511 4153 1769 4206; x_wconf 90' lang='lat' dir='ltr'><strong><em>mentium</em></strong></span> <span class='ocrx_word' id='word_1_504' title='bbox 1800 4154 2129 4223; x_wconf 84' lang='lat' dir='ltr'><strong><em>laborarent,</em></strong></span> 
     </span>
    </p>
   </div>
   <div class='ocr_carea' id='block_1_73' title="bbox 564 4240 2131 4310">
    <p class='ocr_par' dir='ltr' id='par_1_73' title="bbox 564 4240 2131 4310">
     <span class='ocr_line' id='line_1_73' title="bbox 564 4240 2131 4310; baseline 0.007 -18"><span class='ocrx_word' id='word_1_505' title='bbox 564 4253 628 4293; x_wconf 88' lang='lat' dir='ltr'><strong><em>ac</em></strong></span> <span class='ocrx_word' id='word_1_506' title='bbox 652 4240 863 4304; x_wconf 84' lang='lat' dir='ltr'><strong><em>paribus</em></strong></span> <span class='ocrx_word' id='word_1_507' title='bbox 891 4242 1189 4295; x_wconf 90' lang='lat' dir='ltr'><strong><em>animorum</em></strong></span> <span class='ocrx_word' id='word_1_508' title='bbox 1218 4243 1418 4297; x_wconf 89' lang='lat' dir='ltr'><strong><em>morbis</em></strong></span> <span class='ocrx_word' id='word_1_509' title='bbox 1436 4242 1633 4310; x_wconf 77' lang='lat' dir='ltr'><strong><em>allecti,</em></strong></span> <span class='ocrx_word' id='word_1_510' title='bbox 1661 4245 1790 4298; x_wconf 84' lang='lat' dir='ltr'><strong><em>nihil</em></strong></span> <span class='ocrx_word' id='word_1_511' title='bbox 1812 4247 1878 4300; x_wconf 87' lang='lat' dir='ltr'><strong><em>ab</em></strong></span> <span class='ocrx_word' id='word_1_512' title='bbox 1904 4246 2131 4303; x_wconf 88' lang='lat' dir='ltr'><strong><em>invicem</em></strong></span> 
     </span>
    </p>
   </div>
   <div class='ocr_carea' id='block_1_74' title="bbox 564 4327 2130 4405">
    <p class='ocr_par' dir='ltr' id='par_1_74' title="bbox 564 4327 2130 4405">
     <span class='ocr_line' id='line_1_74' title="bbox 564 4327 2130 4405; baseline 0.008 -24"><span class='ocrx_word' id='word_1_513' title='bbox 564 4327 964 4398; x_wconf 87' lang='lat' dir='ltr'><strong><em>discreparent,</em></strong></span> <span class='ocrx_word' id='word_1_514' title='bbox 1010 4343 1102 4385; x_wconf 90' lang='lat' dir='ltr'><strong><em>aut</em></strong></span> <span class='ocrx_word' id='word_1_515' title='bbox 1129 4342 1150 4368; x_wconf 71' lang='grc' dir='ltr'>ο</span> <span class='ocrx_word' id='word_1_516' title='bbox 1176 4334 1426 4386; x_wconf 82' lang='lat' dir='ltr'><strong><em>sustineri</em></strong></span> <span class='ocrx_word' id='word_1_517' title='bbox 1466 4349 1654 4387; x_wconf 89' lang='lat' dir='ltr'><strong><em>omnes</em></strong></span> <span class='ocrx_word' id='word_1_518' title='bbox 1697 4350 1916 4391; x_wconf 89' lang='lat' dir='ltr'><strong><em>necesse</em></strong></span> <span class='ocrx_word' id='word_1_519' title='bbox 1958 4348 2130 4405; x_wconf 88' lang='lat' dir='ltr'><strong><em>esset,</em></strong></span> 
     </span>
    </p>
   </div>
   <div class='ocr_carea' id='block_1_75' title="bbox 565 4422 2129 4496">
    <p class='ocr_par' dir='ltr' id='par_1_75' title="bbox 565 4422 2129 4496">
     <span class='ocr_line' id='line_1_75' title="bbox 565 4422 2129 4496; baseline 0.007 -24"><span class='ocrx_word' id='word_1_520' title='bbox 565 4428 657 4474; x_wconf 89' lang='lat' dir='ltr'><strong><em>aut</em></strong></span> <span class='ocrx_word' id='word_1_521' title='bbox 687 4423 855 4490; x_wconf 78' lang='lat' dir='ltr'><strong><em>argui.</em></strong></span> <span class='ocrx_word' id='word_1_522' title='bbox 897 4422 1046 4478; x_wconf 85' lang='lat' dir='ltr'><strong><em>Nunc</em></strong></span> <span class='ocrx_word' id='word_1_523' title='bbox 1074 4438 1221 4487; x_wconf 91' lang='lat' dir='ltr'><strong><em>vero,</em></strong></span> <span class='ocrx_word' id='word_1_524' title='bbox 1252 4437 1532 4491; x_wconf 87' lang='lat' dir='ltr'><strong><em>prepterea</em></strong></span> <span class='ocrx_word' id='word_1_525' title='bbox 1571 4425 1663 4478; x_wconf 90' lang='lat' dir='ltr'><strong><em>alii</em></strong></span> <span class='ocrx_word' id='word_1_526' title='bbox 1701 4427 1943 4494; x_wconf 80' lang='lat' dir='ltr'><strong><em>portandi</em></strong></span> <span class='ocrx_word' id='word_1_527' title='bbox 1983 4437 2129 4496; x_wconf 87' lang='lat' dir='ltr'><strong><em>sunt,</em></strong></span> 
     </span>
    </p>
   </div>
   <div class='ocr_carea' id='block_1_76' title="bbox 564 4513 2128 4587">
    <p class='ocr_par' dir='ltr' id='par_1_76' title="bbox 564 4513 2128 4587">
     <span class='ocr_line' id='line_1_76' title="bbox 564 4513 2128 4587; baseline 0.007 -21"><span class='ocrx_word' id='word_1_528' title='bbox 564 4513 653 4567; x_wconf 85' lang='lat' dir='ltr'><strong><em>alii</em></strong></span> <span class='ocrx_word' id='word_1_529' title='bbox 681 4515 989 4583; x_wconf 80' lang='lat' dir='ltr'><strong><em>cast‘gandi,</em></strong></span> <span class='ocrx_word' id='word_1_530' title='bbox 1021 4516 1141 4584; x_wconf 88' lang='lat' dir='ltr'><strong><em>quia</em></strong></span> <span class='ocrx_word' id='word_1_531' title='bbox 1170 4531 1266 4585; x_wconf 89' lang='lat' dir='ltr'><strong><em>pro</em></strong></span> <span class='ocrx_word' id='word_1_532' title='bbox 1292 4517 1596 4572; x_wconf 87' lang='lat' dir='ltr'><strong><em>diversitate</em></strong></span> <span class='ocrx_word' id='word_1_533' title='bbox 1628 4520 1981 4587; x_wconf 85' lang='lat' dir='ltr'><strong><em>peccantium,</em></strong></span> <span class='ocrx_word' id='word_1_534' title='bbox 2011 4537 2128 4576; x_wconf 89' lang='lat' dir='ltr'><strong><em>mo-</em></strong></span> 
     </span>
    </p>
   </div>
   <div class='ocr_carea' id='block_1_77' title="bbox 565 4603 2129 4681">
    <p class='ocr_par' dir='ltr' id='par_1_77' title="bbox 565 4603 2129 4681">
     <span class='ocr_line' id='line_1_77' title="bbox 565 4603 2129 4681; baseline 0.006 -23"><span class='ocrx_word' id='word_1_535' title='bbox 565 4603 664 4658; x_wconf 92' lang='lat' dir='ltr'><strong><em>dus</em></strong></span> <span class='ocrx_word' id='word_1_536' title='bbox 693 4621 902 4675; x_wconf 89' lang='lat' dir='ltr'><strong><em>quoque</em></strong></span> <span class='ocrx_word' id='word_1_537' title='bbox 948 4606 1189 4661; x_wconf 82' lang='lat' dir='ltr'><strong><em>diversus</em></strong></span> <span class='ocrx_word' id='word_1_538' title='bbox 1236 4606 1796 4677; x_wconf 68' lang='lat' dir='ltr'><strong><em>estfprazceptoruin.</em></strong></span> <span class='ocrx_word' id='word_1_539' title='bbox 1851 4611 1917 4664; x_wconf 89' lang='lat' dir='ltr'><strong><em>Et</em></strong></span> <span class='ocrx_word' id='word_1_540' title='bbox 1948 4612 2129 4681; x_wconf 86' lang='lat' dir='ltr'><strong><em>utique</em></strong></span> 
     </span>
    </p>
   </div>
   <div class='ocr_carea' id='block_1_78' title="bbox 637 4782 1599 4851">
    <p class='ocr_par' dir='ltr' id='par_1_78' title="bbox 637 4782 1599 4851">
     <span class='ocr_line' id='line_1_78' title="bbox 637 4782 1599 4851; baseline 0.001 -16"><span class='ocrx_word' id='word_1_541' title='bbox 637 4793 662 4820; x_wconf 74' lang='grc'><em>⁸</em></span> <span class='ocrx_word' id='word_1_542' title='bbox 691 4784 812 4835; x_wconf 88' lang='lat' dir='ltr'><strong><em>Mss.</em></strong></span> <span class='ocrx_word' id='word_1_543' title='bbox 837 4791 965 4847; x_wconf 88' lang='lat' dir='ltr'><strong><em>tres,</em></strong></span> <span class='ocrx_word' id='word_1_544' title='bbox 997 4784 1131 4851; x_wconf 87' lang='lat' dir='ltr'><strong><em>quod</em></strong></span> <span class='ocrx_word' id='word_1_545' title='bbox 1166 4782 1599 4851; x_wconf 85' lang='lat' dir='ltr'><strong><em>impedimentum.</em></strong></span> 
     </span>
    </p>
   </div>
   <div class='ocr_carea' id='block_1_79' title="bbox 638 4851 1332 4919">
    <p class='ocr_par' dir='ltr' id='par_1_79' title="bbox 638 4851 1332 4919">
     <span class='ocr_line' id='line_1_79' title="bbox 638 4851 1332 4919; baseline 0 -15"><span class='ocrx_word' id='word_1_546' title='bbox 638 4851 666 4890; x_wconf 70' lang='lat' dir='ltr'><strong><em>b</em></strong></span> <span class='ocrx_word' id='word_1_547' title='bbox 693 4855 787 4905; x_wconf 92' lang='lat' dir='ltr'><strong><em>Ms.</em></strong></span> <span class='ocrx_word' id='word_1_548' title='bbox 813 4854 1019 4912; x_wconf 62' lang='lat' dir='ltr'><strong><em>(lamin,</em></strong></span> <span class='ocrx_word' id='word_1_549' title='bbox 1044 4853 1332 4919; x_wconf 77' lang='lat' dir='ltr'><strong><em>recipimus.</em></strong></span> 
     </span>
    </p>
   </div>
   <div class='ocr_carea' id='block_1_80' title="bbox 642 4923 1074 4983">
    <p class='ocr_par' dir='ltr' id='par_1_80' title="bbox 642 4923 1074 4983">
     <span class='ocr_line' id='line_1_80' title="bbox 642 4923 1074 4983; baseline -0.002 -9"><span class='ocrx_word' id='word_1_550' title='bbox 642 4932 665 4957; x_wconf 68' lang='grc' dir='ltr'>ε</span> <span class='ocrx_word' id='word_1_551' title='bbox 695 4923 870 4981; x_wconf 69' lang='grc' dir='ltr'><strong><em>Εὐιιὶη</em></strong></span> <span class='ocrx_word' id='word_1_552' title='bbox 904 4924 1074 4983; x_wconf 74' lang='lat' dir='ltr'><strong><em>Quali.</em></strong></span> 
     </span>
    </p>
   </div>
   <div class='ocr_carea' id='block_1_81' title="bbox 635 4989 1291 5061">
    <p class='ocr_par' dir='ltr' id='par_1_81' title="bbox 635 4989 1291 5061">
     <span class='ocr_line' id='line_1_81' title="bbox 635 4989 1291 5061; baseline -0.002 -18"><span class='ocrx_word' id='word_1_553' title='bbox 635 4989 659 5028; x_wconf 75' lang='grc' dir='ltr'><em>ά</em></span> <span class='ocrx_word' id='word_1_554' title='bbox 688 4993 781 5043; x_wconf 90' lang='lat' dir='ltr'><strong><em>Ms.</em></strong></span> <span class='ocrx_word' id='word_1_555' title='bbox 806 4993 1013 5061; x_wconf 59' lang='lat' dir='ltr'><strong><em>Qumln,</em></strong></span> <span class='ocrx_word' id='word_1_556' title='bbox 1042 4993 1291 5061; x_wconf 71' lang='lat' dir='ltr'><strong><em>prwferii.</em></strong></span> 
     </span>
    </p>
   </div>
   <div class='ocr_carea' id='block_1_82' title="bbox 636 5059 2131 5127">
    <p class='ocr_par' dir='ltr' id='par_1_82' title="bbox 636 5059 2131 5127">
     <span class='ocr_line' id='line_1_82' title="bbox 636 5059 2131 5127; baseline 0.001 -13"><span class='ocrx_word' id='word_1_557' title='bbox 636 5071 660 5098; x_wconf 79' lang='grc' dir='ltr'><strong><em>ο</em></strong></span> <span class='ocrx_word' id='word_1_558' title='bbox 686 5062 783 5114; x_wconf 88' lang='lat' dir='ltr'><strong><em>Ms.</em></strong></span> <span class='ocrx_word' id='word_1_559' title='bbox 809 5059 960 5115; x_wconf 88' lang='lat' dir='ltr'><strong><em>Colb.</em></strong></span> <span class='ocrx_word' id='word_1_560' title='bbox 989 5059 1158 5127; x_wconf 75' lang='lat' dir='ltr'><strong><em>unus,</em></strong></span> <span class='ocrx_word' id='word_1_561' title='bbox 1190 5062 1432 5114; x_wconf 84' lang='lat' dir='ltr'><strong><em>sustinere</em></strong></span> <span class='ocrx_word' id='word_1_562' title='bbox 1455 5078 1626 5115; x_wconf 90' lang='lat' dir='ltr'><strong><em>omnes</em></strong></span> <span class='ocrx_word' id='word_1_563' title='bbox 1664 5076 1861 5114; x_wconf 86' lang='lat' dir='ltr'><strong><em>necesse</em></strong></span> <span class='ocrx_word' id='word_1_564' title='bbox 1892 5072 2020 5115; x_wconf 84' lang='lat' dir='ltr'><strong><em>esset</em></strong></span> <span class='ocrx_word' id='word_1_565' title='bbox 2042 5076 2131 5116; x_wconf 91' lang='lat' dir='ltr'><strong><em>aut</em></strong></span> 
     </span>
    </p>
   </div>
   <div class='ocr_carea' id='block_1_83' title="bbox 564 5148 2126 5270">
    <p class='ocr_par' dir='ltr' id='par_1_83' title="bbox 564 5148 2126 5270">
     <span class='ocr_line' id='line_1_83' title="bbox 724 5149 796 5184; baseline 0.014 -1"><span class='ocrx_word' id='word_1_566' title='bbox 724 5149 748 5183; x_wconf 91' lang='lat' dir='ltr'><strong><em>r</em></strong></span> <span class='ocrx_word' id='word_1_567' title='bbox 783 5172 796 5184; x_wconf 94' lang='lat'><strong><em>.</em></strong></span> 
     </span>
     <span class='ocr_line' id='line_1_84' title="bbox 564 5148 2126 5270; baseline 0.001 -16"><span class='ocrx_word' id='word_1_568' title='bbox 564 5148 812 5256; x_wconf 42' lang='lat' dir='ltr'><strong><em>arggt‘lflses.</em></strong></span> <span class='ocrx_word' id='word_1_569' title='bbox 835 5201 987 5255; x_wconf 82' lang='lat' dir='ltr'><strong><em>Colb.</em></strong></span> <span class='ocrx_word' id='word_1_570' title='bbox 1023 5210 1152 5267; x_wconf 87' lang='lat' dir='ltr'><strong><em>tres,</em></strong></span> <span class='ocrx_word' id='word_1_571' title='bbox 1198 5212 1252 5254; x_wconf 81' lang='lat' dir='ltr'><strong><em>et</em></strong></span> <span class='ocrx_word' id='word_1_572' title='bbox 1290 5201 1416 5270; x_wconf 82' lang='lat' dir='ltr'><strong><em>Reg.</em></strong></span> <span class='ocrx_word' id='word_1_573' title='bbox 1447 5215 1598 5264; x_wconf 86' lang='lat' dir='ltr'><strong><em>unus,</em></strong></span> <span class='ocrx_word' id='word_1_574' title='bbox 1635 5211 1976 5270; x_wconf 85' lang='lat' dir='ltr'><strong><em>peccatorum.</em></strong></span> <span class='ocrx_word' id='word_1_575' title='bbox 2028 5202 2126 5256; x_wconf 47' lang='lat' dir='ltr'><strong><em>Ms.</em></strong></span> 
     </span>
    </p>
   </div>
   <div class='ocr_carea' id='block_1_84' title="bbox 564 5273 1276 5341">
    <p class='ocr_par' dir='ltr' id='par_1_84' title="bbox 564 5273 1276 5341">
     <span class='ocr_line' id='line_1_85' title="bbox 564 5273 1276 5341; baseline -0.004 -16"><span class='ocrx_word' id='word_1_576' title='bbox 564 5273 701 5326; x_wconf 82' lang='lat' dir='ltr'><strong><em>alter</em></strong></span> <span class='ocrx_word' id='word_1_577' title='bbox 732 5273 883 5339; x_wconf 77' lang='lat' dir='ltr'><strong><em>Ileg.,</em></strong></span> <span class='ocrx_word' id='word_1_578' title='bbox 914 5273 1276 5341; x_wconf 74' lang='lat' dir='ltr'><strong><em>paenitentiam.</em></strong></span> 
     </span>
    </p>
   </div>
   <div class='ocr_carea' id='block_1_85' title="bbox 637 5340 2130 5411">
    <p class='ocr_par' dir='ltr' id='par_1_85' title="bbox 637 5340 2130 5411">
     <span class='ocr_line' id='line_1_86' title="bbox 637 5340 2130 5411; baseline 0.003 -22"><span class='ocrx_word' id='word_1_579' title='bbox 637 5352 661 5389; x_wconf 76' lang='grc' dir='ltr'><em>ε</em></span> <span class='ocrx_word' id='word_1_580' title='bbox 690 5343 783 5395; x_wconf 82' lang='lat' dir='ltr'><strong><em>Ms.</em></strong></span> <span class='ocrx_word' id='word_1_581' title='bbox 822 5342 975 5396; x_wconf 82' lang='lat' dir='ltr'><strong><em>Coll).</em></strong></span> <span class='ocrx_word' id='word_1_582' title='bbox 1013 5358 1167 5407; x_wconf 83' lang='lat' dir='ltr'><strong><em>unus,</em></strong></span> <span class='ocrx_word' id='word_1_583' title='bbox 1202 5346 1272 5393; x_wconf 85' lang='lat' dir='ltr'><strong><em>ita</em></strong></span> <span class='ocrx_word' id='word_1_584' title='bbox 1302 5342 1516 5411; x_wconf 67' lang='lat' dir='ltr'><strong><em>peccatis</em></strong></span> <span class='ocrx_word' id='word_1_585' title='bbox 1543 5340 1871 5395; x_wconf 87' lang='lat' dir='ltr'><strong><em>dissimilibus</em></strong></span> <span class='ocrx_word' id='word_1_586' title='bbox 1902 5341 2130 5394; x_wconf 87' lang='lat' dir='ltr'><strong><em>dissimi-</em></strong></span> 
     </span>
    </p>
   </div>
   <div class='ocr_carea' id='block_1_86' title="bbox 565 5412 1363 5465">
    <p class='ocr_par' dir='ltr' id='par_1_86' title="bbox 565 5412 1363 5465">
     <span class='ocr_line' id='line_1_87' title="bbox 565 5412 1363 5465; baseline -0.001 0"><span class='ocrx_word' id='word_1_587' title='bbox 565 5413 638 5465; x_wconf 90' lang='lat' dir='ltr'><strong><em>lia</em></strong></span> <span class='ocrx_word' id='word_1_588' title='bbox 662 5412 950 5465; x_wconf 85' lang='lat' dir='ltr'><strong><em>adhibenda</em></strong></span> <span class='ocrx_word' id='word_1_589' title='bbox 978 5423 1093 5465; x_wconf 87' lang='lat' dir='ltr'><strong><em>sunt</em></strong></span> <span class='ocrx_word' id='word_1_590' title='bbox 1123 5414 1363 5464; x_wconf 87' lang='lat' dir='ltr'><strong><em>remedia.</em></strong></span> 
     </span>
    </p>
   </div>
   <div class='ocr_carea' id='block_1_87' title="bbox 635 5481 1398 5546">
    <p class='ocr_par' dir='ltr' id='par_1_87' title="bbox 635 5481 1398 5546">
     <span class='ocr_line' id='line_1_88' title="bbox 635 5481 1398 5546; baseline -0.001 -10"><span class='ocrx_word' id='word_1_591' title='bbox 635 5481 665 5521; x_wconf 69' lang='grc' dir='ltr'><strong><em>ιι</em></strong></span> <span class='ocrx_word' id='word_1_592' title='bbox 690 5482 788 5536; x_wconf 83' lang='lat' dir='ltr'><strong><em>Ms.</em></strong></span> <span class='ocrx_word' id='word_1_593' title='bbox 815 5496 970 5546; x_wconf 88' lang='lat' dir='ltr'><strong><em>unus,</em></strong></span> <span class='ocrx_word' id='word_1_594' title='bbox 1001 5483 1136 5534; x_wconf 90' lang='lat' dir='ltr'><strong><em>mala</em></strong></span> <span class='ocrx_word' id='word_1_595' title='bbox 1161 5481 1398 5536; x_wconf 83' lang='lat' dir='ltr'><strong><em>dulcedo.</em></strong></span> 
     </span>
    </p>
   </div>
   <div class='ocr_carea' id='block_1_88' title="bbox 642 5551 2131 5619">
    <p class='ocr_par' dir='ltr' id='par_1_88' title="bbox 642 5551 2131 5619">
     <span class='ocr_line' id='line_1_89' title="bbox 642 5551 2131 5619; baseline -0.001 -14"><span class='ocrx_word' id='word_1_596' title='bbox 642 5552 659 5590; x_wconf 75' lang='grc' dir='ltr'><strong>ί</strong></span> <span class='ocrx_word' id='word_1_597' title='bbox 704 5552 845 5605; x_wconf 84' lang='lat' dir='ltr'><strong><em>Editi</em></strong></span> <span class='ocrx_word' id='word_1_598' title='bbox 870 5560 1063 5619; x_wconf 63' lang='lat' dir='ltr'><strong><em>praeter</em></strong></span> <span class='ocrx_word' id='word_1_599' title='bbox 1084 5552 1275 5619; x_wconf 69' lang='lat' dir='ltr'><strong><em>I.ugd.,</em></strong></span> <span class='ocrx_word' id='word_1_600' title='bbox 1300 5570 1359 5606; x_wconf 88' lang='lat' dir='ltr'><strong><em>ac</em></strong></span> <span class='ocrx_word' id='word_1_601' title='bbox 1380 5551 1659 5606; x_wconf 79' lang='lat' dir='ltr'><strong><em>mendacio.</em></strong></span> <span class='ocrx_word' id='word_1_602' title='bbox 1684 5551 1779 5607; x_wconf 89' lang='lat' dir='ltr'><strong><em>Ms.</em></strong></span> <span class='ocrx_word' id='word_1_603' title='bbox 1805 5551 1954 5606; x_wconf 86' lang='lat' dir='ltr'><strong><em>Colb.</em></strong></span> <span class='ocrx_word' id='word_1_604' title='bbox 1978 5566 2131 5615; x_wconf 65' lang='lat' dir='ltr'><strong><em>unus,</em></strong></span> 
     </span>
    </p>
   </div>
   <div class='ocr_carea' id='block_1_89' title="bbox 565 5622 1524 5692">
    <p class='ocr_par' dir='ltr' id='par_1_89' title="bbox 565 5622 1524 5692">
     <span class='ocr_line' id='line_1_90' title="bbox 565 5622 1524 5692; baseline 0 -19"><span class='ocrx_word' id='word_1_605' title='bbox 565 5632 654 5675; x_wconf 86' lang='lat' dir='ltr'><strong><em>aut</em></strong></span> <span class='ocrx_word' id='word_1_606' title='bbox 674 5622 988 5692; x_wconf 85' lang='lat' dir='ltr'><strong><em>mendacium</em></strong></span> <span class='ocrx_word' id='word_1_607' title='bbox 999 5623 1283 5692; x_wconf 67' lang='lat' dir='ltr'><strong><em>prasferunt</em></strong></span> <span class='ocrx_word' id='word_1_608' title='bbox 1310 5625 1524 5676; x_wconf 87' lang='lat' dir='ltr'><strong><em>veritati.</em></strong></span> 
     </span>
    </p>
   </div>
   <div class='ocr_carea' id='block_1_90' title="bbox 639 5691 2131 5763">
    <p class='ocr_par' dir='ltr' id='par_1_90' title="bbox 639 5691 2131 5763">
     <span class='ocr_line' id='line_1_91' title="bbox 639 5691 2131 5763; baseline 0.003 -22"><span class='ocrx_word' id='word_1_609' title='bbox 639 5705 655 5741; x_wconf 77' lang='grc' dir='ltr'><strong><em>ι</em></strong></span> <span class='ocrx_word' id='word_1_610' title='bbox 703 5691 841 5747; x_wconf 85' lang='lat' dir='ltr'><strong><em>Edit.</em></strong></span> <span class='ocrx_word' id='word_1_611' title='bbox 868 5691 1039 5761; x_wconf 76' lang='lat' dir='ltr'><strong><em>Lugd.</em></strong></span> <span class='ocrx_word' id='word_1_612' title='bbox 1068 5691 1192 5749; x_wconf 74' lang='lat' dir='ltr'><strong><em>cam</em></strong></span> <span class='ocrx_word' id='word_1_613' title='bbox 1227 5706 1357 5749; x_wconf 86' lang='lat' dir='ltr'><strong><em>mss.</em></strong></span> <span class='ocrx_word' id='word_1_614' title='bbox 1401 5695 1656 5763; x_wconf 85' lang='lat' dir='ltr'><strong><em>quinque,</em></strong></span> <span class='ocrx_word' id='word_1_615' title='bbox 1698 5693 1827 5748; x_wconf 87' lang='lat' dir='ltr'><strong><em>illud</em></strong></span> <span class='ocrx_word' id='word_1_616' title='bbox 1859 5694 1990 5748; x_wconf 87' lang='lat' dir='ltr'><strong><em>dico.</em></strong></span> <span class='ocrx_word' id='word_1_617' title='bbox 2034 5692 2131 5748; x_wconf 84' lang='lat' dir='ltr'><strong><em>Ms.</em></strong></span> 
     </span>
    </p>
   </div>
   <div class='ocr_carea' id='block_1_91' title="bbox 2241 3242 3786 3314">
    <p class='ocr_par' dir='ltr' id='par_1_91' title="bbox 2241 3242 3786 3314">
     <span class='ocr_line' id='line_1_92' title="bbox 2241 3242 3786 3314; baseline 0 -15"><span class='ocrx_word' id='word_1_618' title='bbox 2241 3244 2323 3299; x_wconf 86' lang='lat' dir='ltr'><strong><em>vel</em></strong></span> <span class='ocrx_word' id='word_1_619' title='bbox 2354 3260 2458 3314; x_wconf 92' lang='lat' dir='ltr'><strong><em>quo</em></strong></span> <span class='ocrx_word' id='word_1_620' title='bbox 2481 3243 2687 3311; x_wconf 89' lang='lat' dir='ltr'><strong><em>ordine,</em></strong></span> <span class='ocrx_word' id='word_1_621' title='bbox 2713 3251 2764 3298; x_wconf 90' lang='lat' dir='ltr'><strong><em>et</em></strong></span> <span class='ocrx_word' id='word_1_622' title='bbox 2792 3243 3024 3312; x_wconf 87' lang='lat' dir='ltr'><strong><em>quandiu</em></strong></span> <span class='ocrx_word' id='word_1_623' title='bbox 3053 3243 3269 3297; x_wconf 90' lang='lat' dir='ltr'><strong><em>curandi</em></strong></span> <span class='ocrx_word' id='word_1_624' title='bbox 3294 3243 3401 3296; x_wconf 89' lang='lat' dir='ltr'><strong><em>sint</em></strong></span> <span class='ocrx_word' id='word_1_625' title='bbox 3421 3242 3511 3312; x_wconf 91' lang='lat' dir='ltr'><strong><em>qui</em></strong></span> <span class='ocrx_word' id='word_1_626' title='bbox 3542 3251 3786 3299; x_wconf 87' lang='lat' dir='ltr'><strong><em>curantur.</em></strong></span> 
     </span>
    </p>
   </div>
   <div class='ocr_carea' id='block_1_92' title="bbox 2241 3334 3787 3406">
    <p class='ocr_par' dir='ltr' id='par_1_92' title="bbox 2241 3334 3787 3406">
     <span class='ocr_line' id='line_1_93' title="bbox 2241 3334 3787 3406; baseline -0.002 -16"><span class='ocrx_word' id='word_1_627' title='bbox 2241 3336 2608 3406; x_wconf 87' lang='lat' dir='ltr'><strong><em>adjuvantibus</em></strong></span> <span class='ocrx_word' id='word_1_628' title='bbox 2639 3351 2722 3391; x_wconf 90' lang='lat' dir='ltr'><strong><em>me</em></strong></span> <span class='ocrx_word' id='word_1_629' title='bbox 2755 3345 2774 3373; x_wconf 73' lang='grc' dir='ltr'>τ</span> <span class='ocrx_word' id='word_1_630' title='bbox 2805 3336 3010 3391; x_wconf 88' lang='lat' dir='ltr'><strong><em>meritis</em></strong></span> <span class='ocrx_word' id='word_1_631' title='bbox 3036 3345 3092 3391; x_wconf 89' lang='lat' dir='ltr'><strong><em>et</em></strong></span> <span class='ocrx_word' id='word_1_632' title='bbox 3117 3336 3448 3391; x_wconf 87' lang='lat' dir='ltr'><strong><em>orationibus</em></strong></span> <span class='ocrx_word' id='word_1_633' title='bbox 3476 3334 3673 3401; x_wconf 86' lang='lat' dir='ltr'><strong><em>vestris,</em></strong></span> <span class='ocrx_word' id='word_1_634' title='bbox 3706 3334 3787 3388; x_wconf 84' lang='lat' dir='ltr'><strong><em>de-</em></strong></span> 
     </span>
    </p>
   </div>
   <div class='ocr_carea' id='block_1_93' title="bbox 2243 3425 3527 3482">
    <p class='ocr_par' dir='ltr' id='par_1_93' title="bbox 2243 3425 3527 3482">
     <span class='ocr_line' id='line_1_94' title="bbox 2243 3425 3527 3482; baseline 0.002 -2"><span class='ocrx_word' id='word_1_635' title='bbox 2243 3426 2342 3482; x_wconf 91' lang='lat' dir='ltr'><strong><em>beo</em></strong></span> <span class='ocrx_word' id='word_1_636' title='bbox 2368 3425 2663 3482; x_wconf 85' lang='lat' dir='ltr'><strong><em>declarare.</em></strong></span> <span class='ocrx_word' id='word_1_637' title='bbox 3524 3426 3527 3427; x_wconf 61' lang='grc'><strong><em>⁷</em></strong></span> 
     </span>
    </p>
   </div>
   <div class='ocr_carea' id='block_1_94' title="bbox 2875 3520 3199 3578">
    <p class='ocr_par' dir='ltr' id='par_1_94' title="bbox 2875 3520 3199 3578">
     <span class='ocr_line' id='line_1_95' title="bbox 2875 3520 3199 3578; baseline -0.003 -2"><span class='ocrx_word' id='word_1_638' title='bbox 2875 3520 3097 3578; x_wconf 82' lang='lat' dir='ltr'><strong><em>CAPUT</em></strong></span> <span class='ocrx_word' id='word_1_639' title='bbox 3136 3521 3199 3576; x_wconf 92' lang='lat' dir='ltr'><strong><em>Il.</em></strong></span> 
     </span>
    </p>
   </div>
   <div class='ocr_carea' id='block_1_95' title="bbox 2563 3609 3496 3667">
    <p class='ocr_par' dir='ltr' id='par_1_95' title="bbox 2563 3609 3496 3667">
     <span class='ocr_line' id='line_1_96' title="bbox 2563 3609 3496 3667; baseline 0.005 -5"><span class='ocrx_word' id='word_1_640' title='bbox 2563 3609 2637 3665; x_wconf 85' lang='lat' dir='ltr'><strong><em>De</em></strong></span> <span class='ocrx_word' id='word_1_641' title='bbox 2665 3610 2816 3664; x_wconf 89' lang='lat' dir='ltr'><strong><em>laude</em></strong></span> <span class='ocrx_word' id='word_1_642' title='bbox 2843 3620 3131 3665; x_wconf 85' lang='lat' dir='ltr'><strong><em>sanctorum</em></strong></span> <span class='ocrx_word' id='word_1_643' title='bbox 3160 3615 3496 3667; x_wconf 84' lang='lat' dir='ltr'><strong><em>sacerdotum.</em></strong></span> 
     </span>
    </p>
   </div>
   <div class='ocr_carea' id='block_1_96' title="bbox 2312 3699 3783 3770">
    <p class='ocr_par' dir='ltr' id='par_1_96' title="bbox 2312 3699 3783 3770">
     <span class='ocr_line' id='line_1_97' title="bbox 2312 3699 3783 3770; baseline 0.001 -16"><span class='ocrx_word' id='word_1_644' title='bbox 2312 3700 2363 3755; x_wconf 78' lang='grc'><strong>1.</strong></span> <span class='ocrx_word' id='word_1_645' title='bbox 2405 3700 2481 3755; x_wconf 87' lang='lat' dir='ltr'><strong><em>Ac</em></strong></span> <span class='ocrx_word' id='word_1_646' title='bbox 2519 3714 2587 3755; x_wconf 88' lang='lat' dir='ltr'><strong><em>ne</em></strong></span> <span class='ocrx_word' id='word_1_647' title='bbox 2624 3699 2781 3755; x_wconf 88' lang='lat' dir='ltr'><strong><em>ﬁdem</em></strong></span> <span class='ocrx_word' id='word_1_648' title='bbox 2816 3716 2966 3755; x_wconf 91' lang='lat' dir='ltr'><strong><em>meus</em></strong></span> <span class='ocrx_word' id='word_1_649' title='bbox 2990 3714 3170 3755; x_wconf 89' lang='lat' dir='ltr'><strong><em>sermo</em></strong></span> <span class='ocrx_word' id='word_1_650' title='bbox 3197 3703 3340 3757; x_wconf 89' lang='lat' dir='ltr'><strong><em>velut</em></strong></span> <span class='ocrx_word' id='word_1_651' title='bbox 3370 3704 3593 3757; x_wconf 89' lang='lat' dir='ltr'><strong><em>humana</em></strong></span> <span class='ocrx_word' id='word_1_652' title='bbox 3627 3702 3783 3770; x_wconf 80' lang='lat' dir='ltr'><strong><em>conje-</em></strong></span> 
     </span>
    </p>
   </div>
   <div class='ocr_carea' id='block_1_97' title="bbox 2239 3789 3780 3863">
    <p class='ocr_par' dir='ltr' id='par_1_97' title="bbox 2239 3789 3780 3863">
     <span class='ocr_line' id='line_1_98' title="bbox 2239 3789 3780 3863; baseline -0.001 -17"><span class='ocrx_word' id='word_1_653' title='bbox 2239 3800 2389 3846; x_wconf 89' lang='lat' dir='ltr'><strong><em>ctura</em></strong></span> <span class='ocrx_word' id='word_1_654' title='bbox 2417 3805 2522 3845; x_wconf 89' lang='lat' dir='ltr'><strong><em>non</em></strong></span> <span class='ocrx_word' id='word_1_655' title='bbox 2556 3789 2780 3855; x_wconf 87' lang='lat' dir='ltr'><strong><em>habeat,</em></strong></span> <span class='ocrx_word' id='word_1_656' title='bbox 2809 3790 3163 3861; x_wconf 67' lang='lat' dir='ltr'><strong><em>effectumque</em></strong></span> <span class='ocrx_word' id='word_1_657' title='bbox 3186 3834 3199 3858; x_wconf 92' lang='lat'><strong><em>,</em></strong></span> <span class='ocrx_word' id='word_1_658' title='bbox 3244 3793 3368 3847; x_wconf 92' lang='lat' dir='ltr'><strong><em>dum</em></strong></span> <span class='ocrx_word' id='word_1_659' title='bbox 3399 3794 3448 3848; x_wconf 89' lang='lat' dir='ltr'><strong><em>ei</em></strong></span> <span class='ocrx_word' id='word_1_660' title='bbox 3481 3809 3653 3863; x_wconf 89' lang='lat' dir='ltr'><strong><em>parum</em></strong></span> <span class='ocrx_word' id='word_1_661' title='bbox 3678 3805 3780 3845; x_wconf 84' lang='lat' dir='ltr'><strong><em>cre-</em></strong></span> 
     </span>
    </p>
   </div>
   <div class='ocr_carea' id='block_1_98' title="bbox 2238 3879 3780 3949">
    <p class='ocr_par' dir='ltr' id='par_1_98' title="bbox 2238 3879 3780 3949">
     <span class='ocr_line' id='line_1_99' title="bbox 2238 3879 3780 3949; baseline -0.001 -15"><span class='ocrx_word' id='word_1_662' title='bbox 2238 3880 2402 3945; x_wconf 89' lang='lat' dir='ltr'><strong><em>ditur,</em></strong></span> <span class='ocrx_word' id='word_1_663' title='bbox 2434 3879 2651 3947; x_wconf 79' lang='lat' dir='ltr'><strong><em>perdat;</em></strong></span> <span class='ocrx_word' id='word_1_664' title='bbox 2698 3894 2760 3934; x_wconf 91' lang='lat' dir='ltr'><strong><em>ea</em></strong></span> <span class='ocrx_word' id='word_1_665' title='bbox 2787 3895 2905 3947; x_wconf 70' lang='lat' dir='ltr'><strong><em>quae</em></strong></span> <span class='ocrx_word' id='word_1_666' title='bbox 2927 3880 3263 3948; x_wconf 84' lang='lat' dir='ltr'><strong><em>,~adjuvante</em></strong></span> <span class='ocrx_word' id='word_1_667' title='bbox 3296 3883 3519 3938; x_wconf 90' lang='lat' dir='ltr'><strong><em>Domino</em></strong></span> <span class='ocrx_word' id='word_1_668' title='bbox 3541 3923 3557 3949; x_wconf 96' lang='lat'><strong><em>,</em></strong></span> <span class='ocrx_word' id='word_1_669' title='bbox 3585 3884 3780 3937; x_wconf 85' lang='lat' dir='ltr'><strong><em>demon-</em></strong></span> 
     </span>
    </p>
   </div>
   <div class='ocr_carea' id='block_1_99' title="bbox 2236 3972 3778 4035">
    <p class='ocr_par' dir='ltr' id='par_1_99' title="bbox 2236 3972 3778 4035">
     <span class='ocr_line' id='line_1_100' title="bbox 2236 3972 3778 4035; baseline -0.003 -5"><span class='ocrx_word' id='word_1_670' title='bbox 2236 3983 2408 4030; x_wconf 83' lang='lat' dir='ltr'><strong><em>SIrare</em></strong></span> <span class='ocrx_word' id='word_1_671' title='bbox 2428 3972 2702 4035; x_wconf 89' lang='lat' dir='ltr'><strong><em>constitui,</em></strong></span> <span class='ocrx_word' id='word_1_672' title='bbox 2726 3986 2853 4027; x_wconf 87' lang='lat' dir='ltr'><strong><em>vera</em></strong></span> <span class='ocrx_word' id='word_1_673' title='bbox 2878 3988 2997 4027; x_wconf 90' lang='lat' dir='ltr'><strong><em>esse</em></strong></span> <span class='ocrx_word' id='word_1_674' title='bbox 3023 3974 3217 4027; x_wconf 88' lang='lat' dir='ltr'><strong><em>divinis</em></strong></span> <span class='ocrx_word' id='word_1_675' title='bbox 3246 3975 3560 4031; x_wconf 67' lang='lat' dir='ltr'><strong><em>testimoniis</em></strong></span> <span class='ocrx_word' id='word_1_676' title='bbox 3580 3973 3778 4029; x_wconf 88' lang='lat' dir='ltr'><strong><em>conabor</em></strong></span> 
     </span>
    </p>
   </div>
   <div class='ocr_carea' id='block_1_100' title="bbox 2235 4062 3774 4132">
    <p class='ocr_par' dir='ltr' id='par_1_100' title="bbox 2235 4062 3774 4132">
     <span class='ocr_line' id='line_1_101' title="bbox 2235 4062 3774 4132; baseline -0.002 -14"><span class='ocrx_word' id='word_1_677' title='bbox 2235 4064 2539 4129; x_wconf 89' lang='lat' dir='ltr'><strong><em>ostendere,</em></strong></span> <span class='ocrx_word' id='word_1_678' title='bbox 2569 4064 2611 4118; x_wconf 88' lang='lat' dir='ltr'><strong><em>si</em></strong></span> <span class='ocrx_word' id='word_1_679' title='bbox 2644 4062 2788 4131; x_wconf 91' lang='lat' dir='ltr'><strong><em>prius</em></strong></span> <span class='ocrx_word' id='word_1_680' title='bbox 2816 4078 2981 4132; x_wconf 87' lang='lat' dir='ltr'><strong><em>pauca</em></strong></span> <span class='ocrx_word' id='word_1_681' title='bbox 3006 4064 3071 4119; x_wconf 92' lang='lat' dir='ltr'><strong><em>de</em></strong></span> <span class='ocrx_word' id='word_1_682' title='bbox 3100 4065 3253 4119; x_wconf 91' lang='lat' dir='ltr'><strong><em>laude</em></strong></span> <span class='ocrx_word' id='word_1_683' title='bbox 3285 4081 3532 4121; x_wconf 89' lang='lat' dir='ltr'><strong><em>verorum</em></strong></span> <span class='ocrx_word' id='word_1_684' title='bbox 3560 4064 3774 4121; x_wconf 87' lang='lat' dir='ltr'><strong><em>sacerdo-</em></strong></span> 
     </span>
    </p>
   </div>
   <div class='ocr_carea' id='block_1_101' title="bbox 2236 4154 3777 4227">
    <p class='ocr_par' dir='ltr' id='par_1_101' title="bbox 2236 4154 3777 4227">
     <span class='ocr_line' id='line_1_102' title="bbox 2236 4154 3777 4227; baseline -0.003 -17"><span class='ocrx_word' id='word_1_685' title='bbox 2236 4165 2369 4220; x_wconf 90' lang='lat' dir='ltr'><strong><em>tum,</em></strong></span> <span class='ocrx_word' id='word_1_686' title='bbox 2400 4155 2488 4225; x_wconf 91' lang='lat' dir='ltr'><strong><em>qui</em></strong></span> <span class='ocrx_word' id='word_1_687' title='bbox 2518 4164 2641 4209; x_wconf 89' lang='lat' dir='ltr'><strong><em>sunt</em></strong></span> <span class='ocrx_word' id='word_1_688' title='bbox 2668 4154 3025 4209; x_wconf 82' lang='lat' dir='ltr'><strong><em>Ecclesiarum</em></strong></span> <span class='ocrx_word' id='word_1_689' title='bbox 3054 4156 3322 4226; x_wconf 87' lang='lat' dir='ltr'><strong><em>magistri,</em></strong></span> <span class='ocrx_word' id='word_1_690' title='bbox 3356 4158 3638 4227; x_wconf 83' lang='lat' dir='ltr'><strong><em>promlero.</em></strong></span> <span class='ocrx_word' id='word_1_691' title='bbox 3667 4155 3777 4223; x_wconf 84' lang='lat' dir='ltr'><strong><em>Ipsis</em></strong></span> 
     </span>
    </p>
   </div>
   <div class='ocr_carea' id='block_1_102' title="bbox 2234 4247 3776 4316">
    <p class='ocr_par' dir='ltr' id='par_1_102' title="bbox 2234 4247 3776 4316">
     <span class='ocr_line' id='line_1_103' title="bbox 2234 4247 3776 4316; baseline -0.004 -13"><span class='ocrx_word' id='word_1_692' title='bbox 2234 4249 2375 4303; x_wconf 90' lang='lat' dir='ltr'><strong><em>enim</em></strong></span> <span class='ocrx_word' id='word_1_693' title='bbox 2401 4248 2613 4316; x_wconf 90' lang='lat' dir='ltr'><strong><em>proprie</em></strong></span> <span class='ocrx_word' id='word_1_694' title='bbox 2634 4248 2927 4299; x_wconf 88' lang='lat' dir='ltr'><strong><em>animarum</em></strong></span> <span class='ocrx_word' id='word_1_695' title='bbox 2958 4247 3312 4301; x_wconf 86' lang='lat' dir='ltr'><strong><em>curandarum</em></strong></span> <span class='ocrx_word' id='word_1_696' title='bbox 3342 4248 3636 4304; x_wconf 89' lang='lat' dir='ltr'><strong><em>sollicitudo</em></strong></span> <span class='ocrx_word' id='word_1_697' title='bbox 3655 4259 3776 4300; x_wconf 84' lang='lat' dir='ltr'><strong><em>com-</em></strong></span> 
     </span>
    </p>
   </div>
   <div class='ocr_carea' id='block_1_103' title="bbox 2234 4336 3775 4406">
    <p class='ocr_par' dir='ltr' id='par_1_103' title="bbox 2234 4336 3775 4406">
     <span class='ocr_line' id='line_1_104' title="bbox 2234 4336 3775 4406; baseline -0.005 -13"><span class='ocrx_word' id='word_1_698' title='bbox 2234 4340 2392 4394; x_wconf 88' lang='lat' dir='ltr'><strong><em>missa</em></strong></span> <span class='ocrx_word' id='word_1_699' title='bbox 2422 4347 2534 4401; x_wconf 89' lang='lat' dir='ltr'><strong><em>est;</em></strong></span> <span class='ocrx_word' id='word_1_700' title='bbox 2562 4342 2649 4406; x_wconf 90' lang='lat' dir='ltr'><strong><em>qui</em></strong></span> <span class='ocrx_word' id='word_1_701' title='bbox 2683 4337 2888 4403; x_wconf 89' lang='lat' dir='ltr'><strong><em>pondus</em></strong></span> <span class='ocrx_word' id='word_1_702' title='bbox 2916 4337 3093 4405; x_wconf 89' lang='lat' dir='ltr'><strong><em>populi</em></strong></span> <span class='ocrx_word' id='word_1_703' title='bbox 3126 4337 3224 4391; x_wconf 89' lang='lat' dir='ltr'><strong><em>sibi</em></strong></span> <span class='ocrx_word' id='word_1_704' title='bbox 3255 4340 3525 4393; x_wconf 82' lang='lat' dir='ltr'><strong><em>commissi</em></strong></span> <span class='ocrx_word' id='word_1_705' title='bbox 3556 4346 3576 4373; x_wconf 77' lang='grc'><strong>⁸</strong></span> <span class='ocrx_word' id='word_1_706' title='bbox 3606 4336 3775 4390; x_wconf 87' lang='lat' dir='ltr'><strong><em>utiliter</em></strong></span> 
     </span>
    </p>
   </div>
   <div class='ocr_carea' id='block_1_104' title="bbox 2234 4422 3773 4498">
    <p class='ocr_par' dir='ltr' id='par_1_104' title="bbox 2234 4422 3773 4498">
     <span class='ocr_line' id='line_1_105' title="bbox 2234 4422 3773 4498; baseline -0.005 -14"><span class='ocrx_word' id='word_1_707' title='bbox 2234 4430 2578 4494; x_wconf 85' lang='lat' dir='ltr'><strong><em>sustinentes,</em></strong></span> <span class='ocrx_word' id='word_1_708' title='bbox 2595 4442 2689 4496; x_wconf 87' lang='lat' dir='ltr'><strong><em>pro</em></strong></span> <span class='ocrx_word' id='word_1_709' title='bbox 2708 4429 2935 4495; x_wconf 89' lang='lat' dir='ltr'><strong><em>peccatis</em></strong></span> <span class='ocrx_word' id='word_1_710' title='bbox 2963 4428 3196 4482; x_wconf 89' lang='lat' dir='ltr'><strong><em>omnium</em></strong></span> <span class='ocrx_word' id='word_1_711' title='bbox 3219 4429 3360 4481; x_wconf 82' lang='lat' dir='ltr'><strong><em>velut</em></strong></span> <span class='ocrx_word' id='word_1_712' title='bbox 3384 4445 3481 4498; x_wconf 90' lang='lat' dir='ltr'><strong><em>pro</em></strong></span> <span class='ocrx_word' id='word_1_713' title='bbox 3506 4430 3609 4483; x_wconf 92' lang='lat' dir='ltr'><strong><em>suis</em></strong></span> <span class='ocrx_word' id='word_1_714' title='bbox 3633 4422 3773 4482; x_wconf 86' lang='lat' dir='ltr'><strong><em>inlati-</em></strong></span> 
     </span>
    </p>
   </div>
   <div class='ocr_carea' id='block_1_105' title="bbox 2236 4518 3771 4592">
    <p class='ocr_par' dir='ltr' id='par_1_105' title="bbox 2236 4518 3771 4592">
     <span class='ocr_line' id='line_1_106' title="bbox 2236 4518 3771 4592; baseline -0.006 -18"><span class='ocrx_word' id='word_1_715' title='bbox 2236 4522 2480 4592; x_wconf 87' lang='lat' dir='ltr'><strong><em>gabililer</em></strong></span> <span class='ocrx_word' id='word_1_716' title='bbox 2506 4518 2941 4588; x_wconf 83' lang='lat' dir='ltr'><strong><em>supplicantDeo,</em></strong></span> <span class='ocrx_word' id='word_1_717' title='bbox 2963 4534 3023 4573; x_wconf 87' lang='lat' dir='ltr'><strong><em>ac</em></strong></span> <span class='ocrx_word' id='word_1_718' title='bbox 3038 4519 3181 4574; x_wconf 89' lang='lat' dir='ltr'><strong><em>velut</em></strong></span> <span class='ocrx_word' id='word_1_719' title='bbox 3205 4519 3417 4587; x_wconf 89' lang='lat' dir='ltr'><strong><em>quidam</em></strong></span> <span class='ocrx_word' id='word_1_720' title='bbox 3434 4522 3603 4575; x_wconf 82' lang='lat' dir='ltr'><strong><em>Aaron</em></strong></span> <span class='ocrx_word' id='word_1_721' title='bbox 3628 4520 3771 4573; x_wconf 84' lang='lat' dir='ltr'><strong><em>incen-</em></strong></span> 
     </span>
    </p>
   </div>
   <div class='ocr_carea' id='block_1_106' title="bbox 2239 4608 3767 4679">
    <p class='ocr_par' dir='ltr' id='par_1_106' title="bbox 2239 4608 3767 4679">
     <span class='ocr_line' id='line_1_107' title="bbox 2239 4608 3767 4679; baseline -0.004 -12"><span class='ocrx_word' id='word_1_722' title='bbox 2239 4628 2354 4667; x_wconf 89' lang='lat' dir='ltr'><strong><em>sum</em></strong></span> <span class='ocrx_word' id='word_1_723' title='bbox 2401 4612 2613 4665; x_wconf 89' lang='lat' dir='ltr'><strong><em>contriti</em></strong></span> <span class='ocrx_word' id='word_1_724' title='bbox 2643 4608 2821 4663; x_wconf 89' lang='lat' dir='ltr'><strong><em>cordis</em></strong></span> <span class='ocrx_word' id='word_1_725' title='bbox 2843 4649 2858 4674; x_wconf 92' lang='lat'><strong><em>,</em></strong></span> <span class='ocrx_word' id='word_1_726' title='bbox 2890 4617 2945 4663; x_wconf 86' lang='lat' dir='ltr'><strong><em>et</em></strong></span> <span class='ocrx_word' id='word_1_727' title='bbox 2976 4609 3236 4663; x_wconf 85' lang='lat' dir='ltr'><strong><em>humiliati</em></strong></span> <span class='ocrx_word' id='word_1_728' title='bbox 3265 4611 3488 4679; x_wconf 87' lang='lat' dir='ltr'><strong><em>spiritus</em></strong></span> <span class='ocrx_word' id='word_1_729' title='bbox 3515 4610 3767 4663; x_wconf 77' lang='lat' dir='ltr'><strong><em>eﬁ&#39;erentes.</em></strong></span> 
     </span>
    </p>
   </div>
   <div class='ocr_carea' id='block_1_107' title="bbox 2239 4782 3596 4849">
    <p class='ocr_par' dir='ltr' id='par_1_107' title="bbox 2239 4782 3596 4849">
     <span class='ocr_line' id='line_1_108' title="bbox 2239 4782 3596 4849; baseline -0.005 -9"><span class='ocrx_word' id='word_1_730' title='bbox 2239 4799 2396 4849; x_wconf 87' lang='lat' dir='ltr'><strong><em>unus,</em></strong></span> <span class='ocrx_word' id='word_1_731' title='bbox 2419 4785 2552 4838; x_wconf 82' lang='lat' dir='ltr'><strong><em>illud</em></strong></span> <span class='ocrx_word' id='word_1_732' title='bbox 2572 4783 2793 4849; x_wconf 86' lang='lat' dir='ltr'><strong><em>quidem.</em></strong></span> <span class='ocrx_word' id='word_1_733' title='bbox 2820 4782 2917 4835; x_wconf 87' lang='lat' dir='ltr'><strong><em>Ms.</em></strong></span> <span class='ocrx_word' id='word_1_734' title='bbox 2948 4782 3105 4848; x_wconf 90' lang='lat' dir='ltr'><strong><em>alter,</em></strong></span> <span class='ocrx_word' id='word_1_735' title='bbox 3126 4782 3292 4835; x_wconf 87' lang='lat' dir='ltr'><strong><em>adhuc</em></strong></span> <span class='ocrx_word' id='word_1_736' title='bbox 3313 4782 3449 4835; x_wconf 87' lang='lat' dir='ltr'><strong><em>illud</em></strong></span> <span class='ocrx_word' id='word_1_737' title='bbox 3469 4784 3596 4836; x_wconf 86' lang='lat' dir='ltr'><strong><em>dico.</em></strong></span> 
     </span>
    </p>
   </div>
   <div class='ocr_carea' id='block_1_108' title="bbox 2309 4850 3767 4923">
    <p class='ocr_par' dir='ltr' id='par_1_108' title="bbox 2309 4850 3767 4923">
     <span class='ocr_line' id='line_1_109' title="bbox 2309 4850 3767 4923; baseline -0.005 -16"><span class='ocrx_word' id='word_1_738' title='bbox 2309 4855 2335 4892; x_wconf 71' lang='grc' dir='ltr'><strong><em>ιε</em></strong></span> <span class='ocrx_word' id='word_1_739' title='bbox 2372 4855 2468 4909; x_wconf 89' lang='lat' dir='ltr'><strong><em>Ms.</em></strong></span> <span class='ocrx_word' id='word_1_740' title='bbox 2490 4852 2642 4907; x_wconf 91' lang='lat' dir='ltr'><strong><em>Colb.</em></strong></span> <span class='ocrx_word' id='word_1_741' title='bbox 2669 4866 2825 4917; x_wconf 89' lang='lat' dir='ltr'><strong><em>unus,</em></strong></span> <span class='ocrx_word' id='word_1_742' title='bbox 2855 4850 3002 4904; x_wconf 89' lang='lat' dir='ltr'><strong><em>aliter</em></strong></span> <span class='ocrx_word' id='word_1_743' title='bbox 3032 4854 3248 4906; x_wconf 78' lang='lat' dir='ltr'><strong><em>hominis</em></strong></span> <span class='ocrx_word' id='word_1_744' title='bbox 3272 4855 3595 4923; x_wconf 76' lang='lat' dir='ltr'><strong><em>cogitationes</em></strong></span> <span class='ocrx_word' id='word_1_745' title='bbox 3622 4861 3767 4923; x_wconf 75' lang='lat' dir='ltr'><strong><em>supti-</em></strong></span> 
     </span>
    </p>
   </div>
   <div class='ocr_carea' id='block_1_109' title="bbox 2240 4923 2676 4987">
    <p class='ocr_par' dir='ltr' id='par_1_109' title="bbox 2240 4923 2676 4987">
     <span class='ocr_line' id='line_1_110' title="bbox 2240 4923 2676 4987; baseline -0.009 -9"><span class='ocrx_word' id='word_1_746' title='bbox 2240 4925 2342 4987; x_wconf 88' lang='lat' dir='ltr'><strong><em>bia,</em></strong></span> <span class='ocrx_word' id='word_1_747' title='bbox 2374 4923 2543 4985; x_wconf 87' lang='lat' dir='ltr'><strong><em>aliter,</em></strong></span> <span class='ocrx_word' id='word_1_748' title='bbox 2574 4934 2676 4977; x_wconf 90' lang='lat' dir='ltr'><strong><em>etc.</em></strong></span> 
     </span>
    </p>
   </div>
   <div class='ocr_carea' id='block_1_110' title="bbox 2311 4992 3150 5056">
    <p class='ocr_par' dir='ltr' id='par_1_110' title="bbox 2311 4992 3150 5056">
     <span class='ocr_line' id='line_1_111' title="bbox 2311 4992 3150 5056; baseline 0 -11"><span class='ocrx_word' id='word_1_749' title='bbox 2311 4993 2329 5031; x_wconf 86' lang='lat'>1</span> <span class='ocrx_word' id='word_1_750' title='bbox 2382 4994 2475 5046; x_wconf 89' lang='lat' dir='ltr'><strong><em>Ms.</em></strong></span> <span class='ocrx_word' id='word_1_751' title='bbox 2503 4992 2655 5047; x_wconf 90' lang='lat' dir='ltr'><strong><em>Colb.</em></strong></span> <span class='ocrx_word' id='word_1_752' title='bbox 2695 5006 2852 5053; x_wconf 89' lang='lat' dir='ltr'><strong><em>unus,</em></strong></span> <span class='ocrx_word' id='word_1_753' title='bbox 2878 4993 3150 5056; x_wconf 84' lang='lat' dir='ltr'><strong><em>voluptate.</em></strong></span> 
     </span>
    </p>
   </div>
   <div class='ocr_carea' id='block_1_111' title="bbox 2306 5063 3111 5130">
    <p class='ocr_par' dir='ltr' id='par_1_111' title="bbox 2306 5063 3111 5130">
     <span class='ocr_line' id='line_1_112' title="bbox 2306 5063 3111 5130; baseline 0 -15"><span class='ocrx_word' id='word_1_754' title='bbox 2306 5063 2342 5084; x_wconf 83' lang='grc'><strong><em>¹¹²</em></strong></span> <span class='ocrx_word' id='word_1_755' title='bbox 2378 5063 2473 5115; x_wconf 86' lang='lat' dir='ltr'><strong><em>Ms.</em></strong></span> <span class='ocrx_word' id='word_1_756' title='bbox 2512 5077 2664 5127; x_wconf 86' lang='lat' dir='ltr'><strong><em>unus,</em></strong></span> <span class='ocrx_word' id='word_1_757' title='bbox 2693 5063 3111 5130; x_wconf 84' lang='lat' dir='ltr'><strong><em>discrepantibus.</em></strong></span> 
     </span>
    </p>
   </div>
   <div class='ocr_carea' id='block_1_112' title="bbox 2306 5124 3764 5200">
    <p class='ocr_par' dir='ltr' id='par_1_112' title="bbox 2306 5124 3764 5200">
     <span class='ocr_line' id='line_1_113' title="bbox 2306 5124 3764 5200; baseline -0.006 -14"><span class='ocrx_word' id='word_1_758' title='bbox 2306 5142 2332 5169; x_wconf 83' lang='grc' dir='ltr'><strong>η</strong></span> <span class='ocrx_word' id='word_1_759' title='bbox 2375 5133 2473 5187; x_wconf 90' lang='lat' dir='ltr'><strong><em>Ms.</em></strong></span> <span class='ocrx_word' id='word_1_760' title='bbox 2503 5124 2661 5196; x_wconf 81' lang='lat' dir='ltr'><strong><em>unus,</em></strong></span> <span class='ocrx_word' id='word_1_761' title='bbox 2683 5132 2817 5199; x_wconf 87' lang='lat' dir='ltr'><strong><em>quod</em></strong></span> <span class='ocrx_word' id='word_1_762' title='bbox 2838 5124 2991 5195; x_wconf 78' lang='lat' dir='ltr'><strong><em>vetat,</em></strong></span> <span class='ocrx_word' id='word_1_763' title='bbox 3016 5144 3098 5184; x_wconf 88' lang='lat' dir='ltr'><strong><em>aut</em></strong></span> <span class='ocrx_word' id='word_1_764' title='bbox 3124 5148 3220 5185; x_wconf 88' lang='lat' dir='ltr'><strong><em>non</em></strong></span> <span class='ocrx_word' id='word_1_765' title='bbox 3254 5132 3485 5200; x_wconf 78' lang='lat' dir='ltr'><strong><em>faciendo</em></strong></span> <span class='ocrx_word' id='word_1_766' title='bbox 3505 5124 3764 5200; x_wconf 67' lang='lat' dir='ltr'><strong><em>quodjubit-</em></strong></span> 
     </span>
    </p>
   </div>
   <div class='ocr_carea' id='block_1_113' title="bbox 2307 5202 3764 5272">
    <p class='ocr_par' dir='ltr' id='par_1_113' title="bbox 2307 5202 3764 5272">
     <span class='ocr_line' id='line_1_114' title="bbox 2307 5202 3764 5272; baseline -0.005 -16"><span class='ocrx_word' id='word_1_767' title='bbox 2307 5211 2331 5238; x_wconf 89' lang='grc' dir='ltr'><strong>ο</strong></span> <span class='ocrx_word' id='word_1_768' title='bbox 2372 5202 2495 5255; x_wconf 90' lang='lat' dir='ltr'><strong><em>Mss.</em></strong></span> <span class='ocrx_word' id='word_1_769' title='bbox 2530 5216 2737 5265; x_wconf 91' lang='lat' dir='ltr'><strong><em>omnes,</em></strong></span> <span class='ocrx_word' id='word_1_770' title='bbox 2767 5202 3026 5270; x_wconf 90' lang='lat' dir='ltr'><strong><em>quoniam,</em></strong></span> <span class='ocrx_word' id='word_1_771' title='bbox 3062 5211 3116 5255; x_wconf 91' lang='lat' dir='ltr'><strong><em>et</em></strong></span> <span class='ocrx_word' id='word_1_772' title='bbox 3158 5207 3312 5272; x_wconf 85' lang='lat' dir='ltr'><strong><em>paulo</em></strong></span> <span class='ocrx_word' id='word_1_773' title='bbox 3355 5213 3473 5270; x_wconf 90' lang='lat' dir='ltr'><strong><em>post</em></strong></span> <span class='ocrx_word' id='word_1_774' title='bbox 3500 5214 3620 5254; x_wconf 89' lang='lat' dir='ltr'><strong><em>mss.</em></strong></span> <span class='ocrx_word' id='word_1_775' title='bbox 3666 5204 3764 5249; x_wconf 71' lang='lat' dir='ltr'><strong><em>treS.</em></strong></span> 
     </span>
    </p>
   </div>
   <div class='ocr_carea' id='block_1_114' title="bbox 2238 5271 2877 5325">
    <p class='ocr_par' dir='ltr' id='par_1_114' title="bbox 2238 5271 2877 5325">
     <span class='ocr_line' id='line_1_115' title="bbox 2238 5271 2877 5325; baseline -0.003 0"><span class='ocrx_word' id='word_1_776' title='bbox 2238 5271 2510 5325; x_wconf 89' lang='lat' dir='ltr'><strong><em>Dominum</em></strong></span> <span class='ocrx_word' id='word_1_777' title='bbox 2534 5280 2877 5323; x_wconf 78' lang='lat' dir='ltr'><strong><em>Contemnunt.</em></strong></span> 
     </span>
    </p>
   </div>
   <div class='ocr_carea' id='block_1_115' title="bbox 2305 5330 3764 5409">
    <p class='ocr_par' dir='ltr' id='par_1_115' title="bbox 2305 5330 3764 5409">
     <span class='ocr_line' id='line_1_116' title="bbox 2305 5330 3764 5409; baseline -0.008 -13"><span class='ocrx_word' id='word_1_778' title='bbox 2305 5352 2334 5391; x_wconf 83' lang='lat' dir='ltr'><strong>P</strong></span> <span class='ocrx_word' id='word_1_779' title='bbox 2378 5342 2503 5395; x_wconf 89' lang='lat' dir='ltr'><strong><em>Mss.</em></strong></span> <span class='ocrx_word' id='word_1_780' title='bbox 2554 5340 2660 5393; x_wconf 88' lang='lat' dir='ltr'><strong><em>duo</em></strong></span> <span class='ocrx_word' id='word_1_781' title='bbox 2691 5340 2839 5409; x_wconf 77' lang='lat' dir='ltr'><strong><em>Regii</em></strong></span> <span class='ocrx_word' id='word_1_782' title='bbox 2876 5355 2996 5394; x_wconf 89' lang='lat' dir='ltr'><strong><em>cum</em></strong></span> <span class='ocrx_word' id='word_1_783' title='bbox 3033 5340 3219 5405; x_wconf 87' lang='lat' dir='ltr'><strong><em>editis,</em></strong></span> <span class='ocrx_word' id='word_1_784' title='bbox 3258 5357 3454 5395; x_wconf 86' lang='lat' dir='ltr'><strong><em>curare.</em></strong></span> <span class='ocrx_word' id='word_1_785' title='bbox 3492 5340 3606 5395; x_wconf 89' lang='lat' dir='ltr'><strong><em>Mss.</em></strong></span> <span class='ocrx_word' id='word_1_786' title='bbox 3644 5330 3764 5386; x_wconf 62' lang='lat' dir='ltr'><strong><em>Colb.</em></strong></span> 
     </span>
    </p>
   </div>
   <div class='ocr_carea' id='block_1_116' title="bbox 2240 5410 3021 5479">
    <p class='ocr_par' dir='ltr' id='par_1_116' title="bbox 2240 5410 3021 5479">
     <span class='ocr_line' id='line_1_117' title="bbox 2240 5410 3021 5479; baseline -0.001 -16"><span class='ocrx_word' id='word_1_787' title='bbox 2240 5421 2466 5479; x_wconf 88' lang='lat' dir='ltr'><strong><em>quatuor</em></strong></span> <span class='ocrx_word' id='word_1_788' title='bbox 2496 5419 2546 5463; x_wconf 87' lang='lat' dir='ltr'><strong><em>et</em></strong></span> <span class='ocrx_word' id='word_1_789' title='bbox 2584 5410 2794 5474; x_wconf 62' lang='lat' dir='ltr'><strong><em>Catulu,</em></strong></span> <span class='ocrx_word' id='word_1_790' title='bbox 2833 5414 3021 5462; x_wconf 84' lang='lat' dir='ltr'><strong><em>curari.</em></strong></span> 
     </span>
    </p>
   </div>
   <div class='ocr_carea' id='block_1_117' title="bbox 2307 5469 3763 5544">
    <p class='ocr_par' dir='ltr' id='par_1_117' title="bbox 2307 5469 3763 5544">
     <span class='ocr_line' id='line_1_118' title="bbox 2307 5469 3763 5544; baseline -0.006 -9"><span class='ocrx_word' id='word_1_791' title='bbox 2307 5492 2334 5530; x_wconf 70' lang='grc' dir='ltr'><strong><em>ιι</em></strong></span> <span class='ocrx_word' id='word_1_792' title='bbox 2374 5481 2473 5535; x_wconf 85' lang='lat' dir='ltr'><strong><em>Ms.</em></strong></span> <span class='ocrx_word' id='word_1_793' title='bbox 2494 5480 2645 5537; x_wconf 88' lang='lat' dir='ltr'><strong><em>Colb.</em></strong></span> <span class='ocrx_word' id='word_1_794' title='bbox 2671 5469 2826 5544; x_wconf 86' lang='lat' dir='ltr'><strong><em>unus,</em></strong></span> <span class='ocrx_word' id='word_1_795' title='bbox 2851 5480 3025 5533; x_wconf 87' lang='lat' dir='ltr'><strong><em>nullus</em></strong></span> <span class='ocrx_word' id='word_1_796' title='bbox 3047 5480 3211 5534; x_wconf 88' lang='lat' dir='ltr'><strong><em>malus</em></strong></span> <span class='ocrx_word' id='word_1_797' title='bbox 3238 5481 3288 5532; x_wconf 91' lang='lat' dir='ltr'><strong><em>in</em></strong></span> <span class='ocrx_word' id='word_1_798' title='bbox 3316 5484 3411 5533; x_wconf 90' lang='lat' dir='ltr'><strong><em>hac</em></strong></span> <span class='ocrx_word' id='word_1_799' title='bbox 3440 5480 3554 5541; x_wconf 85' lang='lat' dir='ltr'><strong><em>vita,</em></strong></span> <span class='ocrx_word' id='word_1_800' title='bbox 3576 5483 3664 5531; x_wconf 84' lang='lat' dir='ltr'><strong><em>etc.</em></strong></span> <span class='ocrx_word' id='word_1_801' title='bbox 3689 5469 3763 5523; x_wconf 76' lang='grc' dir='ltr'><strong><em>Μεο</em></strong></span> 
     </span>
    </p>
   </div>
   <div class='ocr_carea' id='block_1_118' title="bbox 2238 5549 3457 5619">
    <p class='ocr_par' dir='ltr' id='par_1_118' title="bbox 2238 5549 3457 5619">
     <span class='ocr_line' id='line_1_119' title="bbox 2238 5549 3457 5619; baseline -0.003 -14"><span class='ocrx_word' id='word_1_802' title='bbox 2238 5551 2370 5619; x_wconf 75' lang='lat' dir='ltr'><strong><em>Ileg.</em></strong></span> <span class='ocrx_word' id='word_1_803' title='bbox 2397 5564 2552 5613; x_wconf 90' lang='lat' dir='ltr'><strong><em>unus,</em></strong></span> <span class='ocrx_word' id='word_1_804' title='bbox 2590 5549 2783 5602; x_wconf 88' lang='lat' dir='ltr'><strong><em>nullius</em></strong></span> <span class='ocrx_word' id='word_1_805' title='bbox 2811 5552 2949 5603; x_wconf 83' lang='lat' dir='ltr'><strong><em>salus</em></strong></span> <span class='ocrx_word' id='word_1_806' title='bbox 2972 5550 3149 5602; x_wconf 83' lang='lat' dir='ltr'><strong><em>debeat</em></strong></span> <span class='ocrx_word' id='word_1_807' title='bbox 3180 5550 3457 5614; x_wconf 86' lang='lat' dir='ltr'><strong><em>desperari.</em></strong></span> 
     </span>
    </p>
   </div>
   <div class='ocr_carea' id='block_1_119' title="bbox 2313 5619 3541 5682">
    <p class='ocr_par' dir='ltr' id='par_1_119' title="bbox 2313 5619 3541 5682">
     <span class='ocr_line' id='line_1_120' title="bbox 2313 5619 3541 5682; baseline -0.002 -9"><span class='ocrx_word' id='word_1_808' title='bbox 2313 5631 2331 5657; x_wconf 75' lang='grc' dir='ltr'><em>τ</em></span> <span class='ocrx_word' id='word_1_809' title='bbox 2376 5621 2520 5680; x_wconf 61' lang='lat' dir='ltr'><strong><em>Ilaec.</em></strong></span> <span class='ocrx_word' id='word_1_810' title='bbox 2555 5621 2743 5671; x_wconf 86' lang='lat' dir='ltr'><strong><em>meritis</em></strong></span> <span class='ocrx_word' id='word_1_811' title='bbox 2776 5629 2841 5682; x_wconf 90' lang='lat' dir='ltr'><strong><em>et,</em></strong></span> <span class='ocrx_word' id='word_1_812' title='bbox 2865 5619 3105 5673; x_wconf 83' lang='lat' dir='ltr'><strong><em>absunta</em></strong></span> <span class='ocrx_word' id='word_1_813' title='bbox 3130 5635 3257 5676; x_wconf 90' lang='lat' dir='ltr'><strong><em>mss.</em></strong></span> <span class='ocrx_word' id='word_1_814' title='bbox 3281 5619 3541 5677; x_wconf 89' lang='lat' dir='ltr'><strong><em>omnibus.</em></strong></span> 
     </span>
    </p>
   </div>
   <div class='ocr_carea' id='block_1_120' title="bbox 2311 5690 3196 5753">
    <p class='ocr_par' dir='ltr' id='par_1_120' title="bbox 2311 5690 3196 5753">
     <span class='ocr_line' id='line_1_121' title="bbox 2311 5690 3196 5753; baseline 0 -8"><span class='ocrx_word' id='word_1_815' title='bbox 2311 5701 2334 5729; x_wconf 74' lang='grc'>³</span> <span class='ocrx_word' id='word_1_816' title='bbox 2378 5691 2505 5745; x_wconf 87' lang='lat' dir='ltr'><strong><em>Mss.</em></strong></span> <span class='ocrx_word' id='word_1_817' title='bbox 2530 5704 2643 5753; x_wconf 84' lang='lat' dir='ltr'><strong><em>sex,</em></strong></span> <span class='ocrx_word' id='word_1_818' title='bbox 2673 5690 2883 5744; x_wconf 84' lang='lat' dir='ltr'><strong><em>viriliter</em></strong></span> <span class='ocrx_word' id='word_1_819' title='bbox 2900 5691 3196 5745; x_wconf 81' lang='lat' dir='ltr'><strong><em>sustinentes</em></strong></span> 
     </span>
    </p>
   </div>
  </div>
