4016 6168
169 327 253 385 Ηῦ
1152 327 1242 383 DE
1280 328 1433 383 VITA
1474 327 2045 385 CONTEMPLATIVA
2085 330 2213 385 LIB.
2257 331 2320 386 ll.

3285 336 3388 391 Διὶῦ

169 454 189 479 ο
214 455 311 511 quo
339 438 579 509 placatur
608 438 778 505 Deus,
818 444 1064 495 avertunt
1091 440 1223 495 iram
1255 441 1443 496 futurae
1471 440 1712 496 animad-
1739 445 1792 502 Α
1816 443 1917 507 die,
1948 444 2067 512 quia
2091 445 2314 499 mundus
2338 460 2450 499 sum
2478 444 2539 498 ab
2562 445 2786 498 omnium
2812 442 3076 513 sanguine.
3110 442 3228 497 Non
3256 446 3392 499 enim

166 534 405 587 versionis
447 547 477 586 a
524 534 717 601 populo
774 532 983 601 (Exod.
1020 548 1165 596 xxx,
1196 534 1292 597 10;
1334 533 1451 588 Lev.
1492 550 1610 598 xvn,
1640 533 1715 597 ἐς

167 623 309 677 Nam.
353 638 462 687 xvr,
494 622 607 689 46);
634 623 721 692 qui
752 638 843 689 per
861 623 951 677 Dei
986 625 1209 691 gratiam
1251 624 1381 677 ﬁunt
1406 624 1600 679 divinae
1627 639 1721 678 vo-

166 717 361 771 luntatis
397 716 602 769 indices
626 755 640 777 ,
686 716 1038 769 Ecclesiarum
1077 714 1275 770 Christi
1305 725 1423 785 post
1451 715 1720 783 apostolos

166 808 473 870 lundatores,
494 806 520 844 δ
540 808 706 861 ﬁdelis
730 809 903 875 populi
927 807 1113 871 duces,
1138 808 1377 862 veritatis
1400 818 1716 870 assertores,

167 916 323 971 pravae
356 899 611 953 doctrina:
651 899 861 963 hostes,
893 900 1139 953 omnibus
1168 900 1323 954 bonis
1353 901 1633 966 amabiles,
1667 909 1721 954 et

166 990 285 1044 male
312 988 411 1041 sibi
440 989 667 1041 consciis
692 989 850 1041 etiam
882 989 996 1058 ipso
1023 990 1136 1042 visu
1168 990 1459 1053 terribiles,
1486 991 1721 1043 vindices

166 1095 542 1149 oppressorum,
569 1088 746 1146 patres
773 1079 823 1131 in
853 1078 954 1131 lide
980 1079 1238 1133 catholica
1263 1089 1716 1147 regeneratorum,

166 1169 522 1239 praedicatores
559 1168 885 1233 cmlestiutn,
920 1168 1073 1236 primi
1114 1168 1267 1239 [forte
1296 1168 1503 1238 primrej
1538 1180 1559 1205 σε
1594 1170 1720 1238 pha-

166 1260 329 1329 langes
374 1259 714 1311 invisibilium
766 1258 1065 1327 praeliorum
1099 1299 1113 1322 ,
1162 1260 1402 1327 exempla
1461 1262 1717 1314 honorum

166 1366 394 1419 operum,
426 1352 740 1404 documenta
780 1351 1031 1405 virtutum
1057 1391 1073 1417 ,
1117 1361 1171 1405 et
1200 1349 1224 1387 ά
1261 1352 1425 1406 forma
1460 1354 1715 1407 ﬁdelium.

166 1441 253 1508 Ipsi
279 1452 398 1494 sunt
428 1450 452 1476 ε
481 1440 735 1494 Ecclesia:
765 1441 960 1507 decus,
991 1441 1044 1495 in
1077 1442 1267 1509 quibus
1304 1442 1529 1511 amplius
1558 1442 1721 1512 fulget

166 1530 412 1591 Ecclesia;
446 1530 545 1599 ipsi
572 1530 830 1584 columna:
863 1531 1178 1585 ﬁrmissimse
1204 1532 1393 1600 quibus
1424 1535 1473 1585 in
1507 1532 1721 1586 Christo

167 1617 378 1672 fundatis
418 1620 659 1672 innititur
686 1606 857 1673 omnis
898 1621 1178 1674 multitudo
1215 1621 1574 1685 credentium;
1619 1624 1717 1689 ipsi

166 1708 320 1777 ianua:
344 1709 570 1763 civitatis
599 1720 832 1772 ceterum,
868 1726 963 1779 per
990 1727 1123 1779 quos
1149 1727 1335 1767 omnes
1367 1715 1453 1781 qui
1492 1714 1719 1767 credunt

1821 531 2124 603 subterfugi,
2146 534 2415 601 quominus
2435 535 2789 587 annuntiarem
2809 534 2943 586 vobis
2964 549 3108 585 omne
3128 534 3393 588 consilium

1822 620 1937 676 Dei.
1965 624 2217 677 Attendite
2246 624 2383 677 vobis
2416 632 2460 676 et
2488 624 2720 677 universo
2747 623 2918 693 gregi,
2953 624 3005 674 in
3028 640 3127 691 quo
3154 640 3238 676 vos
3266 624 3393 692 Spi-
3418 680 3423 683 μ

1819 713 1947 766 ritus
1974 724 2177 767 sanctus
2220 715 2387 779 posuit
2424 715 2714 785 episcOpos,
2752 730 2921 782 regere
2956 714 3230 765 Ecclesium
3278 714 3395 778 Dei,

1820 819 1973 871 quam
2007 801 2024 839 1
2058 806 2319 872 acquisivit
2345 807 2590 875 sanguine
2615 822 2709 857 suo
2760 806 2895 873 (Act.
2928 820 2995 857 xx
3016 844 3032 868 ,
3069 804 3139 857 25
3175 814 3219 857 et
3241 806 3391 873 ηιμ).

1822 892 2057 962 Regnum
2094 896 2213 962 Dei,
2250 896 2455 963 inquit,
2494 897 2632 949 inter
2666 910 2759 947 vos
2782 894 3057 948 ambulans
3086 895 3391 962 prmdicav,

1822 990 1880 1034 ut
1908 998 1991 1035 me
2020 982 2249 1036 alienum
2280 984 2347 1037 ah
2373 984 2610 1038 omnium
2641 984 2935 1051 perditione
2969 997 3239 1037 servarem
3260 1021 3275 1046 ,
3304 986 3390 1052 qui

1823 1076 1986 1128 verbo
2010 1076 2264 1129 doctrinae
2291 1077 2540 1130 salutaris
2560 1077 2760 1139 audito,
2784 1076 2912 1129 nihil
2939 1084 2977 1111 ω
3012 1086 3394 1143 promoventur

1822 1164 1885 1216 ad
1917 1165 2161 1220 salutem.
2196 1166 2431 1234 Regnum
2468 1166 2559 1220 Dei
2592 1167 2859 1235 praedicat,
2887 1167 2972 1235 qui
2996 1167 3062 1220 de
3086 1168 3189 1221 vita
3220 1166 3392 1221 futura

1821 1271 1939 1323 qua:
1967 1270 2069 1308 non
2096 1255 2255 1310 habet
2282 1257 2435 1310 linem
2458 1273 2472 1319 ;
2503 1258 2567 1310 de
2588 1256 3030 1324 contemplatione
3052 1256 3251 1321 divina,
3276 1273 3393 1325 qua:

1823 1360 1925 1397 nou
1959 1345 2115 1399 habet
2141 1346 2465 1398 fastidiosam
2496 1347 2821 1408 satietatem;
2853 1346 2920 1399 de
2944 1354 3241 1399 sanctorum
3270 1347 3395 1401 bea-

1823 1436 2069 1501 titudine,
2100 1453 2216 1505 qua:
2244 1454 2346 1491 non
2382 1437 2537 1493 habet
2565 1437 2913 1491 defectionem
2940 1454 2954 1501 ;
2994 1437 3061 1492 de
3086 1439 3393 1507 angelorum

1820 1528 2164 1582 similitudine
2208 1530 2576 1598 eonsequenda
2620 1529 2905 1597 praedicare
2946 1544 3048 1582 non
3079 1542 3249 1583 cessat
3279 1548 3289 1580 :
3324 1532 3395 1583 ita

1821 1626 1880 1669 ut
1907 1627 1929 1652 υ
1957 1618 2002 1671 si
2031 1620 2094 1671 ad
2125 1620 2236 1673 haec
2267 1619 2547 1673 inelfaldlia
2578 1619 2711 1672 bona
2736 1618 2824 1686 qui
2854 1617 3093 1683 audiunt,
3124 1623 3395 1687 provocari

1823 1707 2119 1774 noluerint,
2150 1709 2421 1764 absolutus
2460 1710 2529 1763 sit
2569 1709 2655 1763 ille
2682 1708 2773 1778 qui
2801 1708 2878 1764 eis
2919 1710 3255 1779 pradicando
3292 1726 3397 1768 non

170 1795 186 1834 ί
216 1798 262 1851 in
292 1799 556 1851 Christum
586 1799 955 1868 ingrediuntur
982 1801 1048 1855 ad
1076 1803 1373 1866 Christum;
1409 1803 1507 1871 ipsi
1529 1803 1723 1870 janito—
1754 1800 1797 1858 Β
1827 1798 2009 1852 tacuit.

166 1902 240 1941 res
270 1888 459 1956 quibus
504 1889 683 1943 claves
731 1890 868 1944 datae
915 1900 1039 1945 sunt
1090 1894 1239 1960 regni
1285 1895 1573 1953 caelorum;
1623 1896 1723 1964 ipsi

167 1976 307 2030 etiam
349 1977 744 2046 dispensatores
784 1981 942 2048 regia:
987 1981 1175 2034 domus
1202 2026 1217 2049 ,
1250 1999 1470 2051 quorum
1504 1985 1724 2039 arbitrio

166 2067 208 2121 in
232 2069 346 2121 aula
372 2069 513 2137 regis
540 2070 725 2125 :eterni
755 2070 1063 2125 dividuntur
1087 2073 1302 2141 gradus,
1335 2084 1388 2129 et
1413 2073 1588 2129 ofﬁcia
1615 2074 1724 2130 sin-

165 2160 389 2227 gulorum
400 2199 414 2212 .

221 2250 275 2304 2.
313 2249 377 2303 Hi
429 2259 555 2303 sunt
596 2251 684 2320 qui
731 2267 836 2306 non
884 2254 1167 2308 ambiendo
1195 2296 1209 2319 ,
1250 2257 1342 2309 sed
1382 2256 1724 2325 spiritualitcr

164 2343 374 2398 vivendo
403 2345 760 2399 sacerdotium
794 2358 1134 2413 meruerunt;
1166 2349 1362 2416 quique
1391 2366 1494 2403 non
1528 2336 1722 2405 favoris

164 2434 365 2490 humani
393 2437 661 2507 suﬁ‘ragio,
692 2440 785 2491 sed
817 2439 995 2492 divino
1022 2456 1245 2495 munere
1276 2442 1535 2495 sublimati
1568 2486 1581 2507 ,
1646 2443 1724 2496 ni-

165 2525 226 2578 hil
254 2526 353 2579 sibi
383 2526 451 2580 de
482 2536 504 2572 8
539 2528 841 2595 pra:stautia
883 2529 964 2581 sui
1002 2528 1327 2598 principatus
1366 2533 1719 2598 applaudunt;

164 2632 282 2682 quos
308 2632 412 2670 non
447 2616 471 2652 ἰ
503 2618 649 2671 inﬁat
680 2618 847 2672 honor
885 2630 1168 2688 acceptus,
1203 2622 1295 2675 sed
1335 2634 1547 2676 exercet
1577 2624 1725 2678 labor

161 2706 466 2774 impositus;
519 2706 535 2743 ί
574 2709 659 2775 qui
701 2724 805 2760 non
848 2711 1215 2763 excellentiam
1253 2711 1265 2760 t'
1305 2726 1454 2765 suatn
1494 2714 1725 2780 cogitant

161 2797 387 2861 provecti
412 2836 428 2863 ,
462 2797 551 2851 sed
580 2799 841 2851 sarcinam
866 2815 879 2863 ;
921 2815 1017 2854 nec
1044 2800 1335 2868 gloriantur
1365 2801 1431 2855 de
1462 2802 1620 2855 oflicii
1645 2797 1753 2856 di-'

162 2884 364 2953 gnitate,
394 2885 489 2938 sed
516 2886 705 2940 sudant
734 2887 911 2956 potius
932 2890 1204 2944 constituti
1233 2892 1332 2945 sub
1357 2906 1537 2946 onere.
1568 2893 1724 2948 Tales

161 2975 323 3030 divina
345 2977 616 3046 Scriptura
638 2980 1000 3047 speculatores
1022 2981 1255 3050 appellat
1276 2982 1483 3051 (Ezech.
1512 3000 1587 3047 Ill,
1610 2984 1720 3053 17),

160 3065 237 3134 qui
265 3066 609 3134 speculantur
638 3077 785 3123 actus
814 3072 1072 3135 omnium,
1104 3081 1159 3127 et
1187 3073 1411 3140 qualiter
1436 3076 1718 3142 unusquis-

1896 1888 1951 1941 2.
1992 1888 2141 1953 Quod
2170 1897 2343 1943 autem
2372 1898 2584 1944 seCutus
2612 1890 2847 1959 adjungit
2871 1910 2883 1945 :
2912 1891 3032 1945 Non
3055 1894 3185 1945 enim
3205 1894 3397 1946 subter-

1826 1979 1935 2048 fugi
1962 1980 2228 2048 quominus
2265 1981 2619 2033 annuntiarem
2658 1981 2792 2034 vobis
2832 1998 2974 2036 omne
3013 1984 3273 2036 consilium
3304 1983 3397 2037 Dei

1826 2068 1987 2139 (Ibid.
2010 2110 2025 2133 ,
2054 2070 2147 2138 2'7)
2183 2088 2194 2121 :
2228 2070 2349 2139 quid
2376 2069 2513 2124 aliud
2548 2072 2669 2124 facit
2706 2072 2967 2141 intelligi,
3008 2073 3108 2127 nisi
3147 2086 3203 2127 ut
3230 2075 3397 2128 eccle-

1824 2158 2066 2211 siasticus
2095 2159 2278 2212 doctor
2322 2160 2722 2228 dispositionem
2770 2161 2859 2214 Dei
2915 2163 3091 2230 (quod
3120 2163 3397 2219 consilium

1826 2251 1919 2305 Dei
1951 2262 2106 2305 vacat
2131 2251 2434 2319 Apostolus)
2474 2253 2552 2307 eis
2583 2268 2715 2321 quos
2742 2253 2899 2308 docet
2926 2254 3167 2321 aperiat?
3214 2257 3396 2324 Aperit

1826 2359 1952 2413 ergo
1981 2343 2341 2411 dispositionis
2371 2343 2560 2397 divina:
2608 2344 2885 2398 consilium
2927 2346 3135 2414 quando
3162 2345 3317 2401 docet
3343 2356 3397 2401 ut

1826 2446 2002 2506 patres
2030 2438 2275 2503 pietatem
2303 2437 2422 2490 ﬁliis
2452 2438 2560 2491 suis
2590 2436 2943 2502 impemlendo
2970 2478 2985 2501 ,
3017 2452 3132 2491 eam
3163 2454 3397 2492 merean-

1826 2537 1911 2583 tur
1934 2544 1960 2580 a
1992 2529 2214 2581 Domino
2236 2568 2250 2591 ,
2285 2528 2369 2596 qui
2400 2538 2477 2580 est
2507 2527 2741 2580 omnium
2771 2526 2947 2591 Pater,
2976 2536 2999 2562 ο
3033 2538 3086 2579 ιιι
3116 2529 3202 2581 lilii
3234 2529 3399 2583 hono-

1824 2634 1935 2671 rem
1962 2618 2194 2671 debitum
2228 2620 2255 2665 Ρ
2286 2618 2522 2685 patribus
2549 2618 2659 2671 suis
2687 2618 2989 2682 exhibeant,
3022 2634 3123 2671 non
3154 2620 3399 2675 exhtere~

1824 2708 2053 2761 dationis
2093 2720 2234 2763 metu
2274 2706 2550 2771 deterriti,
2590 2707 2682 2760 sed
2732 2708 2919 2761 futurae
2966 2708 3399 2762 remunerationis

1825 2800 2088 2855 desiderio
2128 2800 2399 2868 provocati
2437 2818 2449 2851 :
2482 2801 2601 2867 quia
2646 2808 2963 2866 prmceptum
2996 2809 3023 2848 (ἰ
3055 2799 3263 2853 Domini
3294 2810 3399 2854 tam

1826 2902 2002 2961 patres
2032 2894 2165 2946 ﬁlios
2194 2892 2482 2959 diligendo,
2508 2906 2663 2959 quam
2694 2889 2785 2942 ﬁlii
2820 2888 3267 2944 honoriﬁcentiam
3290 2891 3398 2944 suis

1824 2982 2123 3036 exhibendo
2154 2984 2383 3047 patrihus
2410 2981 2704 3048 complent,
2736 2982 2821 3049 qui
2854 2991 3134 3049 utrumque
3159 2981 3313 3048 jussit
3341 2990 3398 3035 ut

1829 3072 2009 3134 ﬁeret;
2056 3081 2075 3107 τ
2108 3071 2263 3123 docet
2294 3080 2351 3123 ut
2394 3069 2565 3123 mariti
2608 3069 2765 3124 ﬁdem
2796 3069 3085 3137 conjngalis
3117 3070 3249 3123 thori
3291 3071 3399 3122 suis

161 3170 250 3222 que
271 3171 393 3210 cum
423 3158 534 3211 suis
565 3160 614 3211 in
640 3160 832 3226 domo,
860 3161 1085 3229 qualiter
1118 3163 1169 3216 in
1202 3164 1418 3218 civitate
1445 3180 1563 3217 cum
1596 3167 1724 3220 civi-
1753 3152 1797 3215 C
1829 3162 2080 3216 uxorib‘us
2106 3172 2343 3225 servent;
2376 3170 2395 3195 ⁸
2424 3170 2479 3214 ut
2504 3177 2692 3215 uxores
2715 3161 2931 3215 maritos
2952 3175 3078 3214 suos
3100 3176 3202 3213 non
3224 3162 3398 3216 srudio

159 3245 249 3301 bus
270 3250 436 3314 vivat,
462 3250 751 3306 intentione
778 3253 1041 3323 religiosm
1065 3256 1384 3311 curiositatis
1405 3258 1682 3321 explorant
1706 3276 1719 3323 ;

162 3353 282 3406 quos
346 3340 514 3395 bonos
576 3344 953 3411 probaverim,
1008 3346 1319 3400 honorando
1364 3348 1720 3413 conﬁrmant;

160 3443 283 3496 quos
314 3430 768 3499 deprehenderint
797 3434 1045 3499 vitiosos,
1090 3446 1371 3504 arguentes
1399 3438 1721 3504 emendant;

163 3528 243 3571 aut
270 3521 315 3574 si
347 3522 616 3576 emendari
648 3524 934 3590 noluerint,
964 3528 1329 3591 mquauimiter
1362 3537 1593 3595 portant,
1630 3532 1724 3581 ha-

160 3608 307 3665 bituri
342 3612 661 3667 uberrimum
696 3614 942 3680 fructum,
974 3627 1063 3669 aut
1091 3616 1157 3671 de
1182 3632 1273 3671 Sua
1301 3618 1650 3681 districtione,
1680 3620 1725 3672 si

161 3702 377 3769 correpti
406 3703 767 3771 prolecerint;
819 3718 906 3758 aut
948 3706 1015 3761 de
1069 3723 1161 3760 sua
1198 3710 1473 3776 patientia,
1517 3709 1726 3764 etiamsi

163 3788 228 3843 illi
254 3806 388 3861 quos
413 3796 709 3863 sustinent,
737 3798 1007 3849 emendari
1052 3798 1336 3851 noluerint.

762 3884 986 3941 CAPUT
1023 3886 1111 3941 Ill.

255 3971 333 4025 De
362 3975 654 4028 testimoniis
676 3976 986 4043 apostolicis,
1018 3988 1064 4030 et
1086 3979 1396 4048 expositione
1425 3997 1616 4033 eorum.

198 4062 273 4116 Ἰ.
303 4062 407 4117 Sed
430 4064 534 4131 jam
549 4065 723 4118 divina
742 4067 1062 4133 testimonia,
1084 4068 1215 4121 sicut
1234 4070 1590 4137 promisimus,
1610 4086 1730 4137 pro-

161 4149 404 4205 feramus.
425 4153 477 4204 In
507 4153 622 4205 Act.
658 4154 1018 4222 aposmlorum
1034 4155 1227 4209 Paulus
1256 4157 1523 4223 apostolus
1548 4172 1727 4210 sacer-

159 4240 362 4294 dotibus
389 4242 542 4295 dicit:
575 4243 702 4297 Ecce
731 4261 823 4313 ego
850 4247 952 4298 scio
982 4247 1117 4314 quod
1140 4246 1359 4315 amplius
1380 4263 1478 4299 non
1506 4246 1730 4300 videbitis

160 4328 330 4395 {aciem
362 4347 636 4397 meam,vos
666 4334 1003 4398 omnes,inter
1026 4351 1148 4403 quos
1175 4337 1423 4388 ambulavi
1450 4336 1730 4403 pra'dicans

161 4415 180 4454 ⁸
210 4438 417 4492 regnum
447 4422 570 4477 Jesu
609 4422 818 4477 Christi.
849 4424 1073 4496 Ideoque
1099 4436 1348 4481 contestor
1372 4444 1455 4480 vos
1484 4429 1729 4482 hodierna

226 4602 249 4629 "
289 4597 383 4649 Ms.
406 4597 617 4660 Camb.,
650 4615 749 4666 quo
785 4599 1016 4667 placatus
1051 4599 1206 4663 Deus,
1231 4600 1427 4652 avertit.
1465 4600 1559 4654 Ms.
1595 4601 1723 4669 Reg.
1754 4601 1805 4660 D

160 4675 306 4736 unus,
332 4683 428 4735 quo
456 4671 684 4733 placatus
722 4669 876 4731 Deus,
906 4669 1082 4721 avertit
1110 4669 1237 4720 iram
1270 4670 1456 4736 furoris
1489 4680 1533 4723 et
1564 4673 1727 4723 anim-

158 4731 480 4807 qdcersionis.
522 4737 618 4789 Ms.
647 4739 774 4805 Reg.
802 4738 963 4799 alter,
988 4755 1086 4807 quo
1119 4731 1349 4807 placatus
1389 4743 1563 4793 avertit
1599 4743 1724 4793 iram

157 4799 338 4866 futura:
366 4799 834 4863 animadversionis.

224 4870 259 4943 δγ
286 4874 385 4928 Ms.
412 4876 543 4943 Reg.
568 4890 722 4939 unus,
746 4878 919 4943 ﬁdeles
946 4877 1167 4930 veritatis
1196 4887 1488 4943 assertores,
1513 4880 1723 4934 omissis

156 4942 369 4997 vocibus
394 4942 741 4999 intermediis.

223 5020 245 5047 ε
267 5013 400 5085 Mss.
430 5024 536 5067 tres
554 5016 698 5078 juxta
723 5024 957 5085 veterum
983 5014 1223 5085 codicum
1245 5015 1546 5079 lectionem,
1571 5019 1720 5085 primi

154 5080 470 5198 pristinum,
493 5098 589 5137 seu
610 5083 937 5151 prwliatores.
980 5085 1077 5139 Ms.
1101 5084 1249 5137 Coll).
1277 5101 1431 5150 unus,
1458 5080 1607 5154 primi
1634 5104 1725 5155 pa-

173 5159 401 5198 trstrrtes-

173 5159 401 5204 a'strites.

218 5217 245 5253 ά
287 5220 744 5291 MsstduoColhq
771 5217 935 5291 forma
959 5223 1089 5275 vitm.

222 5296 246 5322 ε
285 5288 383 5340 Ms.
408 5289 621 5349 Camb.,
645 5288 795 5343 duces
818 5290 1077 5345 Ecclesiw.

224 5354 245 5392 ί
290 5357 417 5410 Mss.
447 5373 539 5411 sex
565 5374 682 5411 cum
708 5361 873 5416 Lucil.
908 5376 1010 5414 non
1036 5362 1234 5416 habent
1265 5364 1317 5415 in
1340 5362 1612 5416 Christum.

223 5435 248 5498 β
290 5427 419 5498 Mss.
444 5430 598 5481 Colb.
624 5430 749 5491 duo,
774 5427 836 5481 de
856 5432 1142 5498 prwsentia.

220 5491 256 5613 5'
289 5496 364 5548 Ita
397 5512 521 5551 mss.
550 5498 677 5567 Reg.
719 5491 867 5553 duo.'
890 5499 993 5553 Alii
1018 5516 1143 5553 vero
1165 5516 1283 5555 cum
1308 5500 1461 5555 editis
1482 5542 1496 5567 ,
1522 5503 1721 5571 inﬂam-

220 5581 231 5613 Ι
261 5600 278 5613 ο

150 5580 278 5617 mat.

228 5632 243 5668 ί
290 5631 420 5705 Mss.
442 5632 591 5705 Colb.
625 5644 730 5689 tres
751 5677 765 5700 ,
798 5639 1055 5705 quianon.

224 5705 240 5752 l
300 5702 399 5754 Ms.
432 5702 581 5758 Colh.
618 5720 770 5774 unus,
793 5702 871 5760 sui
892 5709 1110 5779 cogitant
1132 5720 1414 5780 provectus.

1826 3252 2011 3305 formae
2039 3252 2385 3305 lenocinantis
2412 3250 2669 3313 adhibito,
2695 3261 2782 3303 aut
2812 3251 3150 3305 accuratione
3175 3251 3397 3304 vestium

1825 3344 2187 3409 diversarum,
2222 3344 2313 3397 sed
2340 3344 2595 3413 gravitate
2624 3359 2831 3396 morum
2862 3342 3155 3405 delectent,
3186 3353 3238 3398 et
3268 3358 3399 3411 ope-

1827 3449 1942 3487 rum
1990 3434 2317 3497 sanctitate;
2368 3443 2423 3487 ut
2466 3434 2664 3487 domini
2705 3448 2887 3488 servos
2934 3433 3074 3486 velut
3115 3448 3298 3487 eorum
3346 3435 3400 3488 in

1826 3524 2041 3577 Christo
2070 3525 2308 3578 conservi
2340 3523 2751 3578 misericorditer
2781 3530 3027 3585 tractent,
3054 3530 3107 3574 et
3134 3524 3270 3575 servi
3302 3522 3399 3573 d0-

1827 3616 1983 3669 minis
2032 3616 2101 3669 ita
2147 3630 2217 3670 ex
2261 3616 2420 3669 corde
2462 3616 2801 3681 deserviant,
2855 3623 2912 3668 ut
2940 3613 3263 3667 voluntatem
3296 3629 3399 3671 non

1828 3706 1999 3759 solum
2024 3706 2357 3759 dominorum
2390 3720 2634 3769 suorum,
2666 3705 2757 3759 sed
2786 3706 2943 3758 etiam
2976 3704 3067 3757 Dei
3099 3703 3199 3757 hoc
3229 3702 3399 3770 ipsum

1823 3796 2076 3864 jubentis,
2104 3796 2361 3858 elliciant;
2392 3803 2447 3847 ut
2472 3794 2608 3848 inter
2632 3810 2688 3847 se
2713 3794 2856 3847 cives
2879 3808 2997 3846 cum
3027 3792 3252 3856 civibus,
3282 3807 3401 3845 cum

1828 3888 2013 3941 amicis
2050 3886 2202 3939 amici
2230 3925 2245 3950 ,
2285 3900 2404 3938 cum
2438 3884 2743 3951 parentibus
2790 3891 3033 3952 parentes
3062 3897 3239 3935 veram
3270 3896 3402 3933 con-

1828 3976 2062 4031 cordiam
2112 3984 2351 4038 teneant;
2398 3983 2452 4026 ut
2484 3974 2533 4026 in
2576 3974 2717 4026 nullo
2765 3972 2973 4039 negotio
3003 3971 3137 4021 alter
3176 3968 3400 4021 alterum

1828 4067 2019 4121 callida
2050 4066 2229 4117 fraude
2258 4064 2519 4131 decipiat,
2553 4064 2569 4097 ε
2602 4073 2689 4115 aut
2719 4076 2785 4114 ne
2816 4062 2863 4111 in
2896 4057 3162 4110 communi
3190 4071 3400 4110 comra-

1830 4162 1917 4209 ctu
1951 4154 2107 4208 ﬁdem
2128 4196 2140 4216 ,
2172 4166 2327 4220 quam
2361 4151 2458 4204 sibi
2487 4152 2683 4203 servari
2713 4149 2901 4216 aliquis
2927 4148 3097 4215 cupit,
3136 4146 3247 4214 ipse
3277 4160 3399 4199 cor-

1831 4253 2062 4298 I‘UIDDM.

1899 4260 1944 4296 in
1990 4259 2062 4297 at.

1899 4259 2088 4389 3.pllis
2129 4339 2153 4366 ιι
2183 4340 2236 4385 et
2272 4332 2462 4384 talibus
2508 4339 2559 4384 et
2607 4326 2854 4382 sacerdos
2904 4324 3181 4377 annuntiat
3211 4325 3399 4392 praedi~

1833 4426 2003 4480 cando
2030 4462 2045 4486 ,
2091 4430 2146 4476 et
2174 4420 2471 4476 obediendo
2500 4418 2723 4487 pepulus
2754 4414 2942 4485 accipit
2974 4414 3064 4468 Dei
3095 4414 3397 4481 consilium,

1904 4598 1926 4636 ἰ
1972 4600 2069 4653 Ms.
2104 4598 2255 4652 Colb.
2282 4613 2445 4659 unus,
2476 4596 2651 4650 Iesum
2672 4596 2943 4651 Christum.

1906 4668 1922 4705 ι
1968 4671 2092 4721 Mss.
2120 4683 2232 4731 sex,
2257 4670 2518 4734 acquisivit
2548 4668 2663 4720 sibi.

1898 4748 1937 4774 ιιι
1974 4739 2096 4791 MSS.
2129 4738 2256 4799 duo,
2290 4748 2596 4803 promovent.

1895 4816 1923 4843 η
1964 4808 2059 4861 Ms.
2100 4823 2270 4871 unus,
2311 4808 2354 4858 si
2387 4808 2494 4860 lucc
2523 4806 2833 4871 ineﬂ'abilia;
2879 4816 2986 4859 tum
3028 4806 3208 4871 paucis
3239 4807 3401 4863 inter-

1819 4878 2000 4947 jectis,
2025 4892 2151 4930 mss.
2176 4884 2418 4945 quatuor,
2452 4877 2777 4947 prwdicanda
2802 4894 2900 4947 non
2923 4876 3099 4947 tacuit.

1895 4958 1919 4983 ο
1963 4947 2036 4999 ita
2078 4944 2205 4998 mss.
2228 4959 2430 5013 septem
2454 4964 2573 5000 cmn
2598 4946 2726 5003 edit.
2752 4946 2918 5013 Lugd.
2952 4944 3007 4997 In
3032 4945 3147 4997 aliis
3170 4959 3293 4998 vero
3316 4946 3400 5001 hic

1820 5017 2128 5070 inseruntur
2165 5016 2261 5070 ista
2286 5033 2298 5070 :
2323 5016 2494 5084 Aperit
2523 5018 2705 5069 divina:
2727 5017 2990 5069 consilium
3025 5015 3256 5084 pietatis,
3287 5033 3401 5069 cum

1828 5088 1990 5138 docet.

1900 5166 1926 5204 P
2090 5155 2237 5208 Colb.
2267 5170 2419 5235 unus,
2456 5156 2765 5235 parentibus.

1899 5234 1925 5273 (ι
1967 5228 2085 5279 .tlss.
2122 5235 2345 5290 Septem,
2376 5223 2497 5288 Dei;
2536 5241 2758 5288 quorum
2800 5240 2934 5278 unus
2962 5232 3077 5293 post
3105 5238 3269 5292 pauca
3304 5223 3398 5277 ha-

1825 5294 1914 5347 bet
1939 5297 2043 5347 suis
2069 5294 2351 5347 exhibendo
2376 5295 2685 5361 parentibus.

1899 5374 1920 5399 τ
1965 5365 2140 5417 Editio
2181 5360 2525 5416 Lovaniensis
2564 5365 2684 5416 anni
2730 5363 2887 5427 156ἒί,
2921 5364 3083 5416 Duae.
3120 5370 3174 5415 et
3209 5360 3395 5415 Colon.

1830 5431 1915 5485 hic
1935 5441 2128 5498 etpost
2157 5446 2380 5500 quatuor
2404 5432 2569 5484 lineas
2590 5432 2790 5502 addunt
2814 5432 2965 5486 Docet
2995 5449 3013 5487 :
3037 5447 3194 5502 quam
3217 5446 3396 5485 vocem

1828 5504 2078 5556 omittunt
2103 5516 2231 5553 mss.
2260 5514 2445 5554 omnes
2465 5515 2584 5552 cum
2606 5501 2773 5568 Lugd.

1903 5581 1924 5606 ⁸
1968 5572 2093 5623 Mss.
2123 5569 2249 5632 duo,
2275 5578 2320 5621 et
2350 5584 2547 5621 uxores.

1906 5642 1921 5675 ί
1971 5639 2092 5692 Mss.
2123 5649 2374 5705 quatuor,
2404 5647 2456 5689 ut
2484 5654 2563 5690 ne.

1901 5716 1928 5745 ι
1963 5708 2060 5764 Ms.
2086 5721 2241 5777 unus,
2268 5708 2393 5765 ιιωε
2417 5716 2462 5762 et
2490 5709 2614 5763 talia
2644 5712 2898 5765 sacerdos.
