4016 6168
595 306 695 360 M7

1922 295 2182 353 JULIANI
2222 296 2495 352 POMERII

3716 304 3802 358 iis

594 424 709 478 sine
747 436 855 493 quo
893 435 997 477 non
1034 418 1340 491 pervenitur
1376 418 1444 473 ad
1482 432 1736 487 regnum;
1775 415 1829 472 in
1869 431 1976 485 quo
2002 423 2029 451 ι
2056 413 2170 469 solo
2196 412 2248 472 Δ
2273 413 2413 467 unde
2433 413 2585 481 plura
2610 412 2790 467 dicere
2813 412 3063 477 conabar,
3088 411 3453 482 impleveram,
3475 428 3596 469 cum
3622 429 3730 472 ecce
3750 420 3804 473 ad

595 523 935 570 exsecutores
977 511 1139 565 divini
1167 511 1373 565 consilii
1401 552 1417 577 ,
1448 510 1759 579 participes,
1791 510 1901 564 Deo
1927 516 2163 571 auctore,

598 604 755 658 futuri
777 610 899 657 sunt
920 602 1213 656 caelestium
1248 602 1610 670 praemiorum.
1645 600 1845 655 Deinde
1871 601 2009 666 quod
2039 598 2170 653 dicit

596 692 879 761 Apostolus
909 708 922 744 :
956 691 1209 744 Attendite
1235 691 1370 744 vobis
1395 701 1440 745 et
1467 693 1699 744 universo
1718 691 1856 763 gregi
1879 692 1931 743 in
1956 706 2053 759 quo
2082 705 2168 743 vos

597 783 822 851 Spiritus
842 790 1047 834 sanctus
1075 781 1241 848 posuit
1267 781 1529 849 episc0pos
1549 796 1718 849 regere
1740 778 2019 832 Ecclesium
2051 778 2166 842 Dei,

596 889 745 942 quam
764 870 791 909 δ
814 870 1076 941 acquisivit
1102 870 1346 940 sanguine
1369 886 1462 923 suo
1489 869 1624 940 (Act.
1647 885 1737 932 xx,
1759 866 1852 938 28)
1879 885 1892 922 :
1915 868 2034 937 quis
2063 882 2170 921 non

596 964 772 1017 videat
799 962 940 1031 quod
977 969 1103 1017 tunc
1129 960 1231 1015 sibi
1262 962 1566 1015 Sacerdotes
1603 960 1918 1025 attendunt,
1962 960 2172 1028 quando

595 1067 779 1111 sancte
807 1054 1065 1118 vivendo,
1094 1068 1157 1108 ac
1195 1053 1515 1108 voluntatem
1551 1063 1572 1091 ο
1610 1052 1819 1106 Domini
1856 1052 2173 1107 ﬁducialiter

596 1146 973 1218 praedicando,
1007 1144 1258 1199 Ecclesiae
1289 1144 1380 1198 Dei
1435 1143 1799 1212 prOSpiciunt,
1849 1148 1909 1197 ut
1950 1141 2027 1194 eis
2060 1145 2170 1208 jam

596 1252 758 1307 grave
788 1252 893 1291 non
918 1236 987 1289 sit
1014 1235 1251 1288 inllrmos
1272 1233 1525 1288 Ecclesia:
1549 1233 1832 1293 sustinere.
1858 1246 1953 1301 pro
1981 1231 2172 1300 quibus

596 1327 921 1383 redimendis
943 1341 1003 1380 se
1030 1324 1273 1394 dignatus
1297 1334 1378 1379 est
1401 1324 1557 1377 morti
1589 1325 1708 1377 vita:
1730 1333 1916 1377 auctor
1940 1322 2171 1377 offerre?

596 1417 703 1473 Sed
726 1428 778 1472 et
801 1417 902 1485 ipsi
931 1416 1019 1486 qui
1049 1416 1327 1479 docentur,
1350 1424 1406 1467 ut
1430 1414 1666 1483 sapiant;
1694 1414 1780 1481 qui
1811 1415 2170 1482 increpantur,

596 1518 655 1563 ut
675 1508 866 1561 saltem
894 1506 1155 1574 objurgati
1185 1504 1495 1574 proﬁciant;
1527 1504 1617 1573 qui
1639 1504 1991 1569 sustinentur,
2023 1513 2079 1557 ut
2104 1504 2171 1559 de

597 1601 709 1653 suis
738 1598 1021 1667 aliquando
1067 1598 1379 1652 criminibus
1423 1596 1781 1665 erubescant,
1830 1605 1886 1652 et
1920 1596 2168 1666 gaudium

598 1691 710 1745 suis
740 1690 1066 1758 doctoribus,
1095 1704 1319 1759 quorum
1350 1690 1601 1758 patientia
1634 1689 1825 1744 blande
1854 1698 2163 1759 tractantur,

2270 520 2357 559 me
2378 505 2589 574 quidam
2619 504 2687 560 de
2715 504 2913 560 nostris
2943 504 3230 576 ingressus,
3254 506 3379 576 quid
3408 507 3659 565 dictarem
3690 509 3703 546 ι
3731 525 3804 566 cu-

2269 594 2443 651 riosus
2471 596 2783 666 interrogat.
2812 594 2907 650 Cui
2929 610 3049 653 cum
3078 598 3287 652 recitari
3319 597 3553 653 fecissem
3578 613 3597 652 :
3622 598 3806 666 Omnes,

2270 687 2480 755 inquit,
2530 687 2813 756 episcopos
2875 688 3011 743 tales
3072 701 3190 743 esse
3238 688 3433 744 debere
3480 690 3661 759 quales
3711 701 3806 747 tuus

2270 790 2449 832 sermo
2477 777 2789 845 descripsit,
2818 788 2871 833 et
2909 794 3049 833 nunc
3084 794 3202 833 esse
3232 780 3410 848 plures
3438 786 3575 850 apud
3610 796 3696 835 nos
3722 783 3807 851 ple-

2272 880 2372 920 nos
2391 867 2809 922 sacerdotalibus
2832 866 3010 934 bonis,
3036 869 3210 936 qualia
3236 870 3493 925 veraciter
3521 870 3807 938 praedicant,

2272 954 2491 1015 dubium
2530 970 2635 1011 non
2675 965 2789 1022 est;
2836 957 2931 1012 sed
2959 972 3079 1012 cum
3114 957 3179 1012 ad
3209 974 3391 1012 eorum
3433 960 3685 1027 probetur
3717 961 3809 1013 ofti-

2270 1045 2413 1098 cium
2442 1044 2709 1115 pertinere
2733 1086 2749 1111 ,
2789 1054 2847 1100 ut
2885 1046 3147 1116 inquietos
3180 1047 3493 1103 sacerdotali
3528 1049 3809 1103 auctoritate

2272 1134 2594 1204 corripiant,
2623 1136 2785 1192 rudes
2826 1136 3082 1201 doceant,
3111 1137 3533 1193 contradicentes
3562 1152 3703 1193 sanae
3734 1140 3810 1193 do-

2272 1226 2461 1278 ctrina:
2499 1224 2818 1295 redarguant
2841 1270 2856 1296 ,
2892 1226 2907 1275 t
2945 1225 3073 1296 quid
3123 1236 3205 1282 est
3246 1227 3387 1296 quod
3439 1242 3540 1282 non
3573 1229 3633 1283 in
3659 1243 3809 1283 omnes

2273 1314 2388 1369 haec
2416 1330 2601 1370 eorum
2642 1332 2769 1372 cura
2810 1318 3127 1388 porrigitur;
3171 1334 3266 1372 cur
3300 1334 3405 1374 non
3441 1330 3495 1374 et
3521 1321 3657 1374 alios
3680 1322 3809 1375 simili

2271 1406 2589 1461 auctoritate
2613 1407 2904 1478 castigant?
2950 1407 3072 1461 lllos
3099 1407 3219 1462 dico
3238 1450 3253 1473 ,
3283 1409 3373 1477 qui
3402 1410 3543 1464 velut
3577 1412 3812 1477 conversi,

2271 1511 2339 1553 ex
2368 1499 2606 1568 pristinis
2636 1499 2873 1554 moribus
2912 1499 3042 1553 nihil
3068 1498 3353 1569 abjiciunt,
3385 1516 3491 1556 non
3522 1510 3698 1558 mente
3719 1518 3810 1558 mu-

2272 1590 2391 1658 tati,
2420 1590 2517 1646 sed
2544 1600 2724 1655 veste;
2768 1605 2866 1644 nec
2893 1600 3035 1657 actu,
3067 1590 3160 1645 sed
3184 1590 3386 1646 habitu.

2340 1679 2396 1732 2.
2437 1680 2503 1735 lli
2526 1688 2648 1734 sunt
2673 1681 2760 1748 qui
2788 1694 3032 1735 sermone
3058 1689 3282 1745 tantum,
3313 1695 3417 1734 non
3440 1696 3626 1751 opere,
3647 1682 3812 1739 secqu

598 1779 625 1818 ἀ
657 1781 723 1836 de
765 1782 989 1834 utilitate
1042 1796 1153 1834 suae
1190 1783 1536 1836 correctiou's
1575 1781 1861 1835 exhibeant
1892 1797 1907 1846 ;
1955 1789 2009 1835 et
2048 1780 2169 1850 ipsi,
2203 1765 2250 1827 B
2276 1771 2612 1827 renuntiasse
2639 1772 2872 1826 contenti
2909 1770 3239 1827 smculariter
3271 1772 3483 1837 vivunt,
3512 1780 3567 1828 et
3595 1774 3711 1828 vitia
3735 1788 3811 1829 sua

597 1872 809 1940 inquam
835 1911 848 1933 ,
902 1870 1129 1925 libenter
1172 1871 1390 1924 audiant
1413 1910 1429 1932 ,
1460 1871 1585 1937 quid
1632 1871 1710 1924 eis
1747 1869 2040 1939 apostolico
2075 1884 2171 1925 ore

600 1972 626 2000 ε
657 1962 865 2015 divinus
890 1976 1067 2016 sermo
1094 1960 1363 2030 praecipiat
1394 1977 1409 2015 :
1446 1961 1673 2026 Ubedite,
1706 1962 1892 2030 inquit,
1926 1964 2170 2031 preposi-

596 2055 660 2108 tis
689 2056 858 2108 vestris
896 2064 942 2107 et
971 2054 1181 2126 subjecti
1208 2063 1362 2109 estote
1389 2054 1481 2108 eis.
1534 2053 1643 2122 Ipsi
1677 2057 1811 2109 enim
1848 2057 2168 2125 pervigilant,

595 2146 740 2210 quasi
768 2144 1011 2198 rationem
1039 2160 1133 2214 pro
1161 2144 1429 2197 animabus
1460 2146 1635 2199 vestris
1661 2146 1907 2199 reddituri
1932 2162 1949 2198 :
1971 2155 2024 2199 ut
2054 2163 2171 2198 cum

595 2235 781 2306 gaudio
811 2235 906 2288 hoc
934 2235 1127 2305 faciant
1147 2244 1194 2288 et
1212 2250 1315 2288 non
1334 2243 1623 2306 gementes;
1652 2236 1746 2289 hoc
1765 2237 1899 2289 enim
1925 2235 1943 2273 ί
1966 2237 2172 2307 expedit

596 2324 731 2379 vobis
763 2324 946 2395 (Hebr.
976 2336 1075 2376 xm
1091 2363 1108 2389 ,
1136 2322 1247 2393 17).

665 2414 721 2469 4.
764 2414 906 2483 Ergo
949 2412 1255 2468 doctoribus
1298 2413 1411 2469 suis
1448 2413 1646 2470 debent
1683 2414 1900 2470 obedire
1941 2417 2032 2485 qui
2076 2431 2174 2470 au-

595 2503 753 2559 diunt
774 2544 791 2569 ,
827 2512 986 2573 atque
1009 2502 1087 2559 eis
1116 2517 1236 2559 cum
1265 2507 1563 2560 reverentia
1593 2521 1712 2561 esse
1742 2506 1986 2576 subjecti.
2018 2507 2166 2573 Quod

596 2592 797 2648 faciunt
824 2594 935 2659 illi,
966 2593 1057 2662 qui
1092 2595 1333 2664 castigati
1365 2595 1592 2651 libenter
1616 2596 1920 2665 accipiunt,
1962 2611 2061 2653 nec
2089 2598 2170 2652 in-

596 2683 936 2751 crepantibus
971 2685 1361 2742 contradicunt.
1398 2687 1548 2755 Quod
1596 2703 1721 2741 vero
1747 2687 1821 2742 ait
1850 2706 1863 2743 :
1893 2687 2004 2757 Ipsi
2036 2691 2168 2743 enim

597 2774 936 2845 pervigilant,
971 2777 1117 2845 quasi
1154 2777 1401 2829 rationem
1448 2778 1698 2837 reddituri
1750 2794 1843 2850 pro
1903 2778 2169 2839 animabus

596 2866 773 2923 vestris
813 2864 1033 2941 (Ibid.);
1082 2867 1466 2926 sacerdotalem
1508 2890 1689 2928 curam
1723 2891 1818 2943 pro
1849 2876 2041 2945 populo
2068 2876 2170 2933 sibi

596 2962 883 3016 commisso
908 2964 1036 3017 satis
1061 2964 1311 3029 ostendit,
1336 2964 1425 3033 qui
1453 2973 1556 3019 tam
1581 2967 1633 3020 in
1654 2967 1765 3022 suis
1784 2968 1988 3024 actibus
2006 2984 2165 3039 quam

596 3050 651 3132 in
685 3052 1146 3118 praedicationibus
1172 3054 1478 3123 vigilantes,
1510 3057 1736 3112 sollicite
1772 3060 1940 3115 hostis
1963 3062 2167 3131 antiqui

596 3141 856 3196 rimantur
884 3144 1122 3208 insidias,
1147 3159 1213 3199 ne
1241 3161 1416 3215 quem,
1440 3147 1584 3201 velut
1608 3148 1906 3205 dormiente
1931 3161 2161 3220 pastore.
2191 3132 2239 3192 (ἶ

596 3232 753 3302 lupus
784 3243 809 3281 Β
840 3234 1084 3291 diabolus
1110 3246 1280 3292 astuta
1313 3239 1496 3294 fraude
1523 3241 1815 3310 subripiat,
1855 3252 1911 3298 et
1938 3244 1989 3298 in
2016 3244 2166 3299 dam-

596 3339 724 3378 num
763 3328 993 3394 pastoris
1028 3328 1302 3395 abreptum
1328 3370 1345 3395 ,
1375 3345 1555 3385 secum
1586 3346 1751 3401 usque
1797 3335 1862 3387 at
1906 3335 2164 3403 supplicia

596 3418 918 3487 sempiterna
946 3420 1218 3487 perducat.
1251 3421 1444 3476 Verum
1475 3424 1595 3490 quia
1624 3439 1689 3479 ex
1716 3422 1799 3478 his
1822 3426 1909 3494 qui
1938 3440 2165 3495 arguun-

595 3517 718 3571 tur,
761 3508 922 3575 aliqui
970 3523 1030 3562 se
1073 3509 1382 3566 obcdientes
1428 3514 1752 3581 emendant,
1798 3515 1959 3585 aliqui
1987 3516 2041 3571 in
2070 3531 2163 3572 sua

597 3591 948 3665 perversitate
979 3602 1285 3669 perdurant,
1316 3601 1436 3655 ideo
1467 3602 1533 3657 de
1560 3605 1923 3659 sacerdotibus
1950 3604 2020 3659 ait
2051 3622 2063 3657 :
2100 3604 2166 3659 Ut

594 3700 711 3738 cum
738 3687 922 3755 gaudio
950 3690 1042 3740 hoc
1069 3689 1279 3756 faciant,
1310 3704 1356 3743 et
1384 3707 1485 3745 non
1510 3702 1759 3763 gementes
1789 3691 1999 3764 (Ibid.).
2031 3693 2164 3749 Cum

594 3775 788 3843 gaudio
816 3777 1121 3832 sacerdotes
1148 3775 1176 3814 ιι
1212 3785 1466 3849 arguunt,
1506 3781 1717 3851 quando
1744 3783 1974 3851 correpti
2006 3784 2166 3852 proti-

596 3866 776 3931 ciunt;
800 3875 852 3919 et
874 3868 1051 3922 triSIes
1075 3870 1173 3923 hoc
1201 3871 1417 3939 facium,
1440 3871 1651 3941 quando
1672 3886 1732 3927 se
1753 3872 1883 3927 nihil
1909 3872 2164 3942 proiicere

596 3957 651 4010 in
682 3957 795 4011 suis
825 3962 1280 4027 contemptur’ibus
1307 3963 1691 4033 ingemiscunt;
1721 3978 1783 4020 ac
1812 3965 1888 4019 sic
1917 3964 2016 4021 hoc
2039 3966 2165 4021 dicit

594 4047 698 4101 illis
727 4050 980 4118 expedire
1000 4091 1015 4113 ,
1048 4060 1104 4105 ut
1126 4068 1243 4106 cum
1268 4054 1481 4120 gaudio,
1515 4068 1619 4108 non
1649 4065 1940 4123 gementes,
1968 4071 2060 4110 eos
2086 4056 2165 4111 in-

595 4149 815 4209 crepent
840 4142 1167 4209 sacerdotes,
1191 4144 1279 4213 qui
1306 4144 1545 4199 doctores
1566 4160 1693 4199 suos
1713 4160 1805 4199 sua
1834 4147 2164 4201 correctione

593 4228 882 4294 lmtiftcant,
913 4239 966 4285 et
998 4246 1181 4286 eorum
1210 4233 1399 4302 gaudia
1428 4234 1754 4290 incremento
1780 4235 1863 4290 sui
1893 4236 2163 4305 profectus

593 4321 947 4377 accumulant.
1060 4355 1100 4388 ι

1203 4413 1425 4470 CAPUT
1462 4416 1550 4470 IV.

589 4496 841 4574 Owecrto
874 4501 1093 4574 {Quare
1130 4505 1414 4559 sacerdotes
1445 4508 1634 4569 sancti,
1674 4523 1887 4574 quorum
1925 4526 2047 4563 cura
2083 4523 2155 4565 est
2181 4482 2235 4542 Β

653 4571 851 4690 perdite
871 4572 1082 4706 tftiventes
1104 4588 1339 4642 arguere,
1360 4571 1960 4647 simulatores'religionis
1985 4597 2155 4651 mqua-

655 4653 778 4692 mmt
803 4654 857 4692 er
899 4650 1060 4693 erant.

655 4650 857 4692 mmtter
878 4650 1060 4693 terant.

656 4772 709 4825 1.
766 4768 1002 4824 Necdum
1051 4784 1352 4826 sermonem
1399 4771 1467 4828 de
1511 4773 1875 4831 sacerdotibus
1931 4780 2149 4852 sanctis,

653 4934 680 4962 ⁸
718 4927 844 4980 Mss.
872 4926 1000 4990 duo,
1025 4926 1121 4980 soli
1149 4938 1479 4982 exsecutares.

651 4993 679 5033 δ
718 4997 843 5068 Mss.
874 5007 1117 5065 quatuor,
1136 4998 1409 5068 acquisivit
1437 4998 1531 5051 sibi
1557 4999 1797 5068 sanguine
1824 5017 1939 5056 suo.

653 5076 676 5134 ς
716 5067 842 5120 Mss.
865 5078 1092 5134 septem,
1126 5067 1233 5119 Dei.

649 5132 676 5170 ἀ
716 5134 791 5189 Ita
814 5132 941 5191 mss.
974 5152 1182 5190 omnes.
1215 5135 1350 5189 Editi
1374 5150 1516 5201 vero,
1550 5139 1613 5191 de
1640 5140 1871 5193 utilitatis
1898 5158 2004 5196 sua:
2024 5160 2145 5211 pro-

605 5216 735 5258 ertu.

605 5216 677 5256 ert
721 5243 735 5258 .

582 5207 609 5274 ί
654 5222 805 5328 euMs.
839 5290 995 5343 unus,
1039 5273 1261 5342 Spiritus
1290 5287 1521 5340 sanctus,
1554 5277 1608 5329 id
1636 5287 1706 5330 est
1729 5280 1926 5333 divinus
1954 5298 2138 5336 sermo.

580 5418 617 5471 Α
655 5343 673 5381 τ
717 5345 899 5468 Ιιηιεης.
934 5362 1040 5402 uno
1071 5346 1352 5415 corrigitur
1376 5362 1475 5399 non
1505 5348 1734 5417 expedit,
1768 5349 1913 5419 juxta
1942 5360 2139 5407 textum

630 5429 722 5471 nos
748 5430 780 5465 o
806 5433 841 5470 I.

630 5429 816 5479 postult
827 5455 841 5470 .

647 5494 671 5554 tt
715 5483 811 5537 Ms.
845 5484 991 5539 Colb.
1025 5498 1191 5549 unus,
1216 5486 1388 5554 lupus,
1416 5484 1469 5539 id
1489 5496 1560 5542 est
1586 5486 1835 5543 diabolus.

643 5551 670 5589 h
708 5553 807 5608 Ms.
835 5569 967 5607 unus
987 5555 1132 5608 addit
1152 5551 1329 5609 sancti.

651 5620 668 5658 ⁸
711 5623 835 5677 Mss.
858 5624 1009 5678 Colb.
1032 5625 1158 5691 duo,
1186 5625 1452 5678 curiosius.

649 5691 664 5741 ἰ
712 5693 807 5750 Ms.
828 5694 980 5752 Colb.
1005 5710 1161 5761 unus,
1190 5708 1342 5763 quare
1370 5711 1470 5749 non
1505 5697 1573 5749 ad
1612 5710 1784 5753 attines
1821 5696 1930 5753 hazc
1963 5714 2136 5753 eorum

2273 1863 2413 1915 inani
2446 1860 2775 1928 professione
2812 1861 2934 1915 vitae
2977 1861 3213 1916 melioris
3241 1862 3600 1930 abscondunt,
3630 1878 3691 1919 ac
3712 1865 3809 1919 reti-

2270 1953 2442 2023 gionis
2464 1952 2791 2021 imaginaria:
2817 1954 3030 2007 nomine
3055 1953 3274 2022 palliati,
3303 1953 3603 2023 opinionem
3631 1956 3810 2011 virtutis

2273 2059 2369 2113 pro
2386 2045 2577 2099 virtute
2591 2045 2888 2115 suscipiunt
2907 2062 2920 2099 :
2945 2047 3234 2116 praedicant
3251 2064 3462 2118 magna,
3488 2065 3585 2104 nec
3608 2051 3784 2105 faciunt
3796 2066 3813 2112 ;

2269 2143 2519 2189 accusant
2544 2134 2704 2201 vitia,
2736 2150 2835 2190 nec
2862 2136 3163 2203 deponunt;
3196 2138 3404 2208 publice
3431 2141 3531 2195 sibi
3560 2141 3813 2211 displicere

2268 2226 2553 2295 simulant,
2594 2227 2734 2297 quod
2765 2228 2972 2284 occulte
2998 2231 3370 2295 committunt;
3422 2234 3594 2300 magni
3624 2234 3811 2288 student

2266 2318 2462 2385 videri,
2490 2335 2594 2374 nnn
2626 2320 2769 2385 fieri;
2800 2318 2823 2357 ι
2852 2320 3071 2375 laudant
3097 2336 3191 2377 eos
3215 2338 3438 2393 quorum
3464 2325 3679 2394 cupiunt
3698 2339 3815 2394 pra:-

2269 2409 2536 2466 dicatione
2582 2410 2784 2469 laudari
2813 2427 2843 2484 ;.
2879 2412 3119 2481 jejunant
3159 2423 3215 2468 ut
3255 2416 3431 2469 vultus
3465 2417 3546 2469 sui
3582 2416 3810 2485 pallorem

2271 2501 2585 2570 perniciosis
2632 2501 2876 2557 laudibus
2919 2502 3169 2559 vendant.
3239 2505 3321 2559 Ad
3375 2506 3813 2575 reprehendendos

2269 2592 2404 2647 alios
2444 2592 2712 2660 prompti,
2756 2607 2816 2648 se
2865 2608 2971 2648 non
3019 2596 3289 2662 patiuntur
3330 2610 3360 2649 a
3405 2598 3717 2662 quibuslibet
3742 2598 3809 2653 vel

2279 2680 2294 2719 ι
2330 2681 2517 2738 leviter
2545 2682 2883 2752 reprehendi.
2915 2684 2991 2738 Ad
3023 2684 3209 2739 faciem
3242 2685 3505 2755 publicam
3533 2689 3809 2757 patientiam

2268 2778 2501 2847 ﬁngunt,
2530 2782 2585 2832 ei
2612 2773 2664 2830 in
2695 2775 2872 2831 animo
2898 2774 3184 2833 inmunditia
3220 2776 3365 2836 virus
3389 2777 3729 2846 abscondunt,
3755 2758 3811 2833 ad

2268 2869 2568 2922 nocendum
2603 2872 2805 2937 parati,
2836 2883 2955 2925 cum
2987 2872 3209 2925 nocendi
3251 2879 3459 2940 tempus
3492 2872 3810 2927 invenerint:

2269 2971 2487 3013 suorum
2534 2968 2745 3013 actuum
2798 2960 3125 3031 negligentes
3148 3002 3163 3024 ,
3210 2961 3341 3016 ﬁunt
3373 2962 3593 3018 aliorum
3623 2963 3811 3033 procaci

2271 3046 2514 3104 libertate
2541 3064 2813 3105 censores.
2844 3050 3184 3118 lmpudeuter
3211 3065 3269 3104 se
3296 3062 3517 3107 assuunt
3543 3054 3809 3122 virginibus

2267 3145 2434 3200 sacris
2459 3158 2521 3198 ac
2550 3144 2743 3209 viduis,
2770 3143 2961 3213 quibus
2990 3153 3135 3198 tanto
3161 3154 3201 3181 ω
3219 3145 3595 3213 inglutinantur
3616 3146 3809 3206 affectu,

2265 3247 2323 3291 ut
2350 3235 2556 3291 facilius
2581 3236 2649 3289 ab
2675 3234 2929 3290 Ecclesiae
2967 3233 3130 3304 (quod
3155 3234 3296 3289 dictu
3319 3250 3530 3306 quoque
3555 3235 3696 3290 nefas
3716 3234 3805 3304 est)

2265 3340 2421 3395 quam
2444 3326 2512 3380 ab
2532 3339 2715 3380 earum
2741 3325 3117 3379 communione
3143 3325 3436 3380 discedant.
3468 3325 3567 3393 Qui
3592 3327 3683 3381 etsi
3702 3341 3807 3380 cum

2265 3415 2370 3471 illis
2397 3415 2533 3470 forte
2559 3429 2663 3471 non
2685 3422 2715 3452 ιι
2743 3422 2994 3484 peccant,
3032 3425 3210 3472 tamen
3240 3417 3392 3471 mata:
3421 3417 3727 3487 suspicionis
3747 3416 3807 3471 de

2264 3519 2324 3561 se
2352 3505 2637 3575 prtebendo
2663 3507 2957 3574 materiam,
2986 3506 3148 3562 vitam
3177 3522 3326 3561 suam
3356 3508 3576 3563 maculis
3602 3509 3806 3563 sinistra

2264 3596 2526 3665 opinionis
2555 3596 2828 3651 infamant.

2335 3686 2389 3740 5.
2428 3685 2602 3744 Taceo
2630 3686 2697 3740 de
2725 3686 2829 3741 illis
2854 3687 2963 3755 qui,
2991 3674 3224 3743 undante
3254 3696 3280 3724 ο
3310 3687 3618 3757 lapsabundi
3641 3701 3803 3756 corpo-

2264 3777 2339 3832 ris
2369 3785 2536 3843 motu,
2567 3777 2922 3832 deﬂuentibus
2953 3779 3005 3833 in
3038 3778 3172 3833 talos
3199 3780 3528 3833 vestimentis
3558 3779 3803 3843 incedunt,

2264 3875 2319 3922 et
2345 3867 2490 3936 vagis
2524 3866 2746 3922 laterum
2794 3867 3019 3922 ﬂexibus
3059 3867 3448 3937 quodammodo
3494 3868 3801 3932 ﬂuctuantes,

2265 3959 2561 4013 animorum
2592 3958 2992 4013 dissolutionem
3022 3959 3258 4028 vestigiis
3295 3958 3508 4013 sinuosa
3536 3958 3801 4013 mobilitate

2264 4049 2572 4103 nutantibus
2594 4048 2840 4117 produnt.
2863 4048 2982 4103 Illos
3007 4049 3125 4118 quis
3156 4048 3288 4103 ferat
3313 4048 3422 4119 qui,
3451 4059 3479 4098 Ρ
3504 4048 3802 4103 adumbrata:

2263 4139 2657 4210 praetendentes
2688 4138 2980 4194 honestatis
3020 4138 3331 4206 imaginem,
3372 4138 3437 4192 ad
3480 4138 3578 4192 hoc
3605 4136 3801 4208 pupillo-

2263 4247 2376 4287 rem
2410 4246 2473 4285 ac
2499 4231 2774 4285 viduarum
2804 4245 3012 4299 causas,
3036 4231 3178 4285 velut
3204 4230 3426 4286 tuendas
3450 4230 3680 4285 simulata
3705 4228 3801 4296 pie-

2265 4331 2374 4377 tate
2399 4322 2716 4391 suscipiunt,
2745 4330 2801 4375 ut
2827 4337 3007 4376 earum
3041 4321 3317 4376 facultates
3345 4322 3454 4375 suis
3482 4320 3731 4390 adjiciam,
3750 4326 3795 4369 et

2262 4415 2454 4471 divites
2481 4431 2543 4470 ex
2577 4413 2891 4485 pauperibus
2922 4413 3064 4478 facti,
3094 4414 3175 4469 vel
3207 4429 3272 4467 ex
3300 4413 3556 4467 divitibus
3584 4411 3791 4473 ditiores,

2262 4516 2469 4562 tenuem
2499 4520 2713 4560 censum
2742 4512 2770 4553 (ι
2797 4519 2887 4572 per
2907 4503 3055 4558 nefas
3080 4503 3412 4558 accumulent
3442 4522 3454 4555 :
3485 4515 3543 4558 ut
3566 4518 3675 4556 cum
3700 4499 3791 4552 fue-

2260 4601 2370 4655 rint
2430 4597 2730 4653 exundante
2784 4595 3101 4664 patrimnnio
3159 4595 3581 4664 sumptuosiores
3627 4590 3790 4651 rﬂ'ecti,

2260 4704 2526 4759 nunquam
2552 4697 2575 4724 τ
2596 4687 2813 4741 materia
2838 4686 3124 4754 voluptatis
3149 4686 3284 4755 gulae
3306 4700 3418 4741 sua:
3445 4684 3678 4740 deﬁciat?
3703 4680 3791 4734 Hos

2259 4784 2419 4853 igitur
2445 4780 2575 4834 tales
2598 4792 2761 4847 quare
2790 4792 2895 4831 non
2924 4785 3168 4848 arguunt,
3196 4778 3284 4848 qui
3314 4777 3566 4849 arguendi
3588 4780 3782 4847 potesta‘

2254 4935 2498 4992 correctio
2523 4934 2819 5003 porrigitur.

2326 5005 2349 5044 κ
2389 5005 2484 5058 Ms.
2513 5002 2975 5068 unus,laudantes.

2325 5073 2343 5115 ι
2386 5075 2526 5127 Edit.
2552 5073 2741 5140 Lugd.,
2767 5073 2962 5126 leniter.

2318 5153 2358 5181 ω
2400 5145 2522 5198 Mss.
2550 5151 2796 5210 quatuor,
2819 5142 3216 5210 agglutinantttr.

2318 5221 2343 5249 υ
2379 5214 2506 5268 Mss.
2543 5223 2650 5266 tres
2676 5251 2689 5271 .
2723 5226 2825 5265 non
2854 5221 3076 5280 pereant.

2321 5290 2345 5317 °
2389 5284 2512 5336 Mss.
2542 5292 2785 5350 quatuor,
2811 5281 3123 5333 lassabundi.

2319 5361 2345 5399 P
2389 5352 2478 5405 Hm
2516 5346 2744 5419 quatuor
2770 5346 2923 5419 voces
2944 5389 2958 5413 ,
2998 5350 3311 5403 adumbratae
3336 5351 3687 5419 prmtendentes
3709 5346 3787 5397 lto-

2246 5426 2454 5475 nestatts
2482 5418 2768 5489 imaginem,
2791 5418 2977 5489 absunt
3005 5434 3041 5489 a
3064 5434 3163 5489 ms.
3186 5418 3616 5475 Camberoneusi.

2315 5502 2343 5540 ει
2384 5490 2509 5546 Mss.
2529 5488 2774 5557 quatuor,
2798 5488 2927 5557 proli
2955 5488 3128 5557 nefas!

2316 5571 2337 5598 τ
2378 5558 2503 5629 Mss.
2527 5556 2675 5629 colli.
2706 5572 2862 5619 unus,
2900 5556 3125 5629 materia:
3148 5556 3416 5629 t‘oluptalis
3442 5560 3574 5629 gulte
3600 5573 3685 5609 sua
3733 5556 3787 5629 “r-

2242 5630 2433 5766 ςῑῖεξαὶιε.
2466 5627 2615 5685 Colb.
2647 5629 2810 5695 alter,
2844 5628 3056 5682 materia
3078 5622 3322 5699 voluptati
3348 5644 3407 5684 ac
3434 5622 3567 5700 gula:
3590 5642 3690 5682 sua:
3716 5622 3788 5676 dc-

2284 5715 2359 5751 τω
2389 5734 2403 5751 .

2284 5699 2403 5751 ciat.
