4024 6176
183 277 264 329 li‘.‘
1141 271 1230 326 DE
1273 272 1430 326 VITA
1467 271 2039 331 CONTEMPLATIVA
2084 276 2208 331 LIB.
2254 278 2314 334 ll.

3295 281 3399 334 450

178 394 263 436 teut
291 377 524 433 divinitus
554 377 918 446 acceperunt?
959 386 983 415 α
1023 378 1139 433 Non
1167 390 1452 445 verentur,
1487 399 1550 434 tte
1579 383 1716 437 forte
1742 390 1794 447 Α
1822 385 2221 453 perpelrabunt,
2258 387 2309 442 in
2352 395 2551 442 tantam
2584 389 2856 444 vesaniam
2873 388 3188 458 reparandae
3215 392 3397 447 salutis

176 489 274 527 cum
321 479 416 522 tam
462 467 722 537 ﬂagitiose
767 467 1068 522 viventibus
1118 479 1380 538 parcunt,
1439 471 1720 526 videantur

173 564 370 633 probare
388 574 500 628 quas
521 558 754 614 faciunt?
777 558 910 625 Quid
934 559 1072 628 quod
1097 574 1192 614 eos
1212 560 1370 614 etiam
1392 560 1457 614 ad
1483 561 1715 616 officium

167 654 416 707 clericatus
443 649 817 714 adinittunt,et
839 650 992 719 (proh
1023 650 1227 720 nefas!)
1257 651 1407 720 quasi
1435 665 1618 719 parum
1649 653 1720 705 sit

169 744 286 814 quod
321 744 442 798 tales
470 743 806 797 dissimulata
845 743 1132 798 severitate
1173 758 1278 798 non
1310 744 1608 813 increpant,
1639 746 1718 798 in-

168 853 302 908 super
337 847 387 890 et
416 835 718 890 honorant?

768 925 993 981 CAPUT
1037 926 1097 979 V.

165 1019 419 1072 Reseossro
467 1015 624 1079 :_Ubi
663 1016 941 1068 ostenditur
979 1016 1156 1084 quibus
1199 1015 1511 1085 exigentibus
1549 1018 1715 1072 causis

343 1087 682 1154 quorumdam
711 1087 979 1152 inﬁrmitas
1020 1087 1200 1141 blande
1232 1095 1493 1138 tractetur.

223 1205 267 1256 l.
309 1202 412 1270 Ego
442 1215 572 1254 vero
599 1216 613 1253 :
644 1200 701 1254 Si
740 1200 953 1267 recolis,
983 1201 1220 1270 inquam,
1250 1200 1376 1269 quid
1414 1200 1482 1256 de
1516 1203 1715 1256 sanctis

158 1292 495 1349 sacerdotibus
541 1291 700 1345 fuerit
745 1291 1107 1360 disputatum,
1145 1290 1417 1346 sufficiens
1460 1291 1714 1361 accepisti

158 1407 464 1462 responsum.
509 1389 765 1443 Ecclesia:
795 1389 990 1458 quippe
1023 1388 1354 1450 doctoribus,
1387 1389 1526 1443 sicut
1554 1402 1713 1457 supra

156 1487 242 1552 jam
269 1483 515 1546 diximus,
539 1490 593 1535 et
622 1495 845 1534 censura
874 1481 1050 1534 inesse
1076 1479 1257 1544 debet,
1285 1488 1341 1533 ut
1367 1487 1627 1549 arguant;
1662 1487 1716 1532 et

158 1575 380 1643 patientia
407 1614 421 1637 ,
457 1582 516 1627 ut
545 1574 818 1628 emendari
859 1572 1104 1627 nolentes
1133 1571 1336 1624 fortiter
1366 1571 1560 1635 ferant,
1589 1584 1716 1639 apo-

155 1667 312 1718 stolico
335 1663 723 1718 satisfacientes
755 1663 1001 1731 imperio,
1032 1661 1120 1730 qui
1148 1661 1429 1714 Timotheo
1455 1658 1482 1697 ι)
1507 1674 1711 1728 ρι’ξιξεθ-

1819 475 2193 544 desperatione
2217 478 2467 548 prolapsi,
2507 479 2524 517 ί
2556 492 2614 534 ιιι
2641 482 2779 536 seria
2813 483 2972 535 verita
2997 482 3399 550 corripientium

1821 568 1874 622 in
1899 568 2051 636 jocos
2072 569 2378 625 exitiabiles
2410 572 2701 640 impudenti
2726 573 3028 627 urbanitate
3062 583 3398 640 convertant,

1820 668 1847 706 ε
1871 675 1932 713 ac
1958 663 2097 715 male
2123 661 2335 716 dicaces
2364 664 2415 716 in
2445 677 2504 717 se
2540 677 2603 717 ex
2653 663 2765 732 ipsa
2790 665 3080 731 jactatione
3111 663 3399 730 turpitudi-

1821 752 1902 806 nis
1941 768 2075 818 suac,
2122 755 2348 822 turpiter
2377 755 2668 810 viventium
2701 756 2990 810 malevolas
3018 756 3229 810 laetitias
3279 769 3396 824 pas.

1815 854 1961 899 cant.
2006 844 2032 880 h
2078 845 2302 915 Propter
2351 848 2453 901 hoc
2488 863 2636 916 ergo,
2690 848 2880 901 blanda
2912 849 3107 915 pietate
3155 849 3396 916 portandi

1816 946 1960 1002 sunt,
1988 936 2074 1004 qui
2104 936 2365 1005 increpari
2397 953 2492 1006 pro
2518 953 2611 991 sua
2644 938 2953 992 inﬁrmitate
2996 952 3099 990 non
3151 951 3393 1006 possunt,

1818 1027 1882 1080 Et
1907 1041 2114 1094 revera,
2165 1028 2210 1082 si
2253 1030 2489 1098 peccanti
2522 1030 2792 1084 salubrem
2827 1029 3107 1097 pudorem,
3143 1030 3266 1082 dum
3299 1045 3394 1098 pro

1818 1132 1884 1171 eo
1919 1119 2214 1181 erubescis,
2269 1121 2514 1185 incutias,
2567 1136 2630 1174 ac
2684 1121 3062 1175 verecundiam
3109 1135 3264 1189 quatn
3298 1136 3394 1189 pro

1817 1211 2048 1278 peccatis
2077 1211 2192 1277 ejus
2213 1213 2461 1275 assumis,
2487 1213 2536 1264 in
2561 1227 2681 1266 eum
2727 1214 2808 1280 pia
2840 1211 3001 1264 animi
3025 1211 3394 1278 compassione

1816 1299 2193 1364 transfundas;
2221 1302 2374 1355 facile
2406 1303 2459 1354 in
2490 1302 2583 1354 illo
2614 1301 2628 1338 ί
2667 1302 2913 1370 reprimis
2936 1315 3146 1354 omnem
3172 1315 3392 1368 peccan-

1814 1390 1868 1446 di
1892 1392 2184 1458 licentiam,
2202 1403 2358 1462 atque
2383 1393 2431 1446 ei
2455 1403 2616 1448 totam
2642 1393 3022 1462 impudentiam
3039 1394 3208 1446 demis
3225 1392 3392 1446 licen-

1816 1484 1964 1537 tiosa:
1997 1484 2338 1551 turpitudinis
2372 1486 2732 1539 hortatricem.
2759 1485 2908 1540 Tunc
2931 1500 3109 1539 mores
3139 1486 3256 1554 ejus
3301 1500 3390 1538 ve-

1818 1575 2072 1629 recundia
2124 1589 2304 1630 custos
2363 1577 2680 1647 integritatis
2721 1578 2953 1643 ornabit,
3009 1587 3065 1632 ut
3091 1579 3140 1632 ei
3185 1579 3391 1647 placeat

1815 1667 1955 1736 quod
2009 1677 2132 1721 ante
2173 1668 2444 1731 sordebat,
2497 1668 2748 1738 quandoi
2782 1669 3032 1723 sordidus
3078 1681 3221 1735 erat;
3255 1666 3278 1705 ¹ι
3339 1678 3391 1724 et

156 1753 231 1821 pit,
260 1754 432 1807 dicens
471 1770 484 1803 :
515 1752 705 1823 Argue,
733 1751 957 1817 obsecra,
987 1752 1189 1820 increpa
1221 1751 1272 1802 in
1302 1753 1438 1801 omni
1461 1748 1708 1818 patientia

1815 1757 2024 1811 sordeat
2052 1757 2192 1826 quod
2224 1769 2347 1812 ante
2378 1760 2640 1826 placebat,
2673 1759 2884 1826 quando
2933 1763 3044 1825 ipse
3076 1758 3232 1812 bonis
3271 1774 3389 1813 om-

151 1854 188 1897 et
205 1844 410 1897 doctrina
436 1841 520 1912 (II
529 1841 657 1895 Tim.
686 1857 760 1907 tv,
789 1840 870 1912 2).
902 1842 1064 1909 Quasi
1090 1841 1290 1895 diceret
1324 1858 1335 1892 :
1364 1839 1541 1908 Argue
1571 1853 1709 1892 coae-

150 1935 324 2000 quales,
354 1934 581 1988 obsecra
610 1933 874 1996 seniores,
907 1931 1120 2000 increpa
1147 1931 1413 2000 juniores.
1448 1928 1553 1985 Sed
1585 1944 1709 1999 pro-

152 2039 304 2094 pterca
343 2026 549 2080 addidit
583 2043 596 2079 :
631 2023 698 2079 In
732 2025 870 2078 omni
906 2026 1152 2093 patientia
1186 2035 1232 2077 et
1262 2024 1493 2076 doctrina
1528 2039 1547 2076 :
1584 2024 1705 2091 quia

150 2119 312 2171 leniter
353 2119 645 2186 castigatus
691 2115 919 2171 exhibet
977 2112 1332 2169 reverentiam
1380 2113 1701 2180 castiganti;

149 2210 406 2276 asperitate
452 2220 633 2262 autem
684 2207 863 2261 nimia:
901 2207 1280 2276 increpationis
1324 2205 1561 2260 offensus
1605 2220 1706 2260 nec

149 2300 538 2367 increpationem
571 2298 798 2367 recipit,
842 2312 941 2352 nec
968 2296 1214 2350 Salutem.
1267 2295 1398 2350 Item
1439 2296 1543 2349 alio
1588 2299 1706 2350 loco

150 2392 264 2445 idem
290 2392 562 2461 apostolus
588 2392 718 2445 dicit
749 2409 761 2444 :
805 2390 902 2442 Vos
934 2390 1023 2460 qui
1052 2390 1302 2457 firmiores
1323 2389 1460 2453 estis,
1482 2388 1707 2464 imbecil-

147 2484 286 2537 litate:
308 2494 327 2521 ο
349 2483 698 2550 inﬁrmiorum
727 2481 967 2534 sustinete
1006 2479 1180 2548 (Rom.
1208 2494 1297 2544 xv,
1323 2475 1400 2547 1).
1430 2479 1706 2533 Sustinent

148 2587 250 2641 ergo
290 2572 662 2642 aequanimiter
690 2578 747 2625 ut
776 2569 1017 2624 inﬁrmos
1042 2610 1057 2636 ,
1104 2583 1239 2638 quos
1279 2567 1568 2623 emendare
1598 2581 1704 2621 non

146 2665 382 2730 poruerint
431 2662 746 2730 castigatos.
797 2659 1028 2713 Proinde
1073 2662 1197 2728 quia
1243 2673 1342 2713 nec
1376 2655 1403 2693 ἀ
1433 2657 1703 2726 objurgari

145 2769 303 2809 ontnes
336 2755 591 2824 expedit,
637 2768 735 2808 nec
775 2767 962 2808 omnes
992 2753 1184 2806 blande
1215 2751 1431 2808 tractari
1463 2766 1479 2817 ;
1530 2751 1706 2805 sciunt

145 2849 286 2901 sancti
328 2848 641 2902 sacerdotes
687 2854 844 2914 atque
900 2845 1246 2912 discernunt,
1293 2860 1429 2914 quos
1473 2845 1704 2898 debeant

145 2946 404 3006 temperata
446 2938 737 2993 severitate
790 2939 1097 3005 corripere,
1139 2945 1193 2991 et
1221 2951 1356 3006 quos
1383 2937 1703 2992 sacerdotali

145 3030 556 3099 magnanimitate
579 3037 825 3099 portare;
857 3038 910 3082 et
932 3029 1050 3083 ideo
1071 3029 1309 3083 ontnium
1332 3043 1466 3099 quos
1490 3044 1584 3099 per
1607 3029 1702 3083 Dei

1813 1848 1966 1902 nibus
2007 1849 2343 1916 displicebat.
2392 1849 2618 1905 Sanctos
2645 1851 2790 1904 viros
2818 1850 3047 1904 amando
3076 1851 3388 1912 sectabitur.

1809 1951 1865 1994 et
1920 1941 2177 1995 sectando
2231 1947 2280 1992 in
2311 1956 2493 1994 eorum
2526 1942 2924 1996 similitudinem
2957 1941 3210 2011 paulatim
3267 1943 3388 1997 vita;

1811 2033 2008 2100 prioris
2037 2033 2413 2087 emendatione
2450 2033 2781 2101 formabitur,
2813 2043 2869 2086 ut
2895 2034 2944 2088 ei
2971 2048 3128 2102 quam
3158 2032 3388 2088 laborio-

1807 2137 1923 2176 sum
1955 2123 2052 2177 fuit
2081 2124 2133 2178 in
2166 2125 2549 2179 sublimitatem
2577 2123 2786 2178 virtutis
2806 2125 3060 2189 evadere,
3080 2134 3185 2178 tam
3209 2124 3388 2180 defor-

1810 2229 1895 2267 me
1918 2214 1990 2268 sit
2018 2215 2069 2268 in
2103 2215 2228 2268 vitia
2259 2229 2442 2269 rursus
2474 2215 2666 2284 quibus
2693 2229 2750 2270 se
2771 2214 2964 2284 gaudet
2989 2217 3246 2282 caruisse,
3287 2216 3386 2269 de-

1807 2306 2085 2362 scendere.
2119 2307 2252 2372 Quia
2281 2307 2418 2362 sicut
2461 2308 2628 2361 virtus
2675 2321 2904 2362 onerosa
2951 2317 3033 2362 est
3059 2308 3271 2370 vitioso,
3313 2307 3386 2362 ita

1807 2396 2021 2450 virtutis
2070 2397 2244 2451 amico
2282 2395 2295 2433 ι
2334 2397 2520 2451 vitiosa
2576 2399 2822 2465 voluptas
2863 2411 3040 2450 amara
3098 2407 3198 2451 est.
3252 2398 3386 2452 Eet‘e

1806 2489 2075 2557 quomodo
2104 2497 2388 2557 peccantes
2409 2503 2596 2542 omnes
2625 2488 2819 2544 blande
2852 2496 3043 2542 tractat
3081 2499 3173 2543 aut
3214 2488 3387 2542 incre-

1809 2591 1916 2647 pat,
1957 2581 2044 2647 qui
2076 2579 2208 2632 nihil
2252 2579 2394 2633 aliud
2441 2581 2542 2634 nisi
2575 2595 2759 2636 eorum
2790 2580 3020 2636 salutem
3047 2582 3239 2651 quibus
3274 2582 3388 2636 vult

1807 2671 2078 2739 prodesse,
2111 2671 2435 2726 considerat.

2418 2761 2646 2815 CAPUT
2694 2762 2780 2817 VI.

1809 2851 1958 2917 Quod
1977 2851 2056 2904 illi
2077 2861 2283 2923 peccata
2304 2852 2471 2905 aliena
2496 2853 2822 2921 impatienter
2853 2861 3132 2922 accusant,
3163 2853 3249 2922 qui
3294 2869 3388 2907 sua

2411 2938 2511 2974 non
2532 2925 2779 2992 cogitant.

1875 3033 2082 3089 Tandiu
2106 3043 2144 3071 ιη
2169 3035 2315 3089 enim
2344 3035 2464 3104 quis
2504 3042 2724 3104 peccata
2754 3049 2869 3100 sua,
2920 3049 3041 3104 quae
3089 3049 3267 3096 nosse,
3297 3044 3388 3090 aut

144 3125 337 3188 gratiam
370 3131 600 3188 rurant,
641 3137 743 3176 non
785 3123 1080 3186 voluntati,
1118 3122 1212 3177 sed
1252 3123 1464 3177 utilitati
1498 3124 1703 3192 prospi-
1731 3121 1779 3186 C
1807 3126 2005 3182 deﬂere
2034 3126 2215 3191 debet,
2265 3126 2505 3196 ignorat;
2548 3125 2782 3194 quandiu
2821 3126 3033 3180 curiose
3058 3126 3230 3179 aliena
3255 3140 3389 3179 con-

146 3212 281 3266 cinnt.
309 3213 551 3283 Denique
582 3212 677 3286 [αι.
705 3212 927 3283 Deinde]
955 3213 1086 3267 alios
1117 3213 1365 3268 honorari
1391 3213 1703 3269 deformiter

146 3311 434 3375 ambientes,
473 3311 668 3380 quibus
698 3327 800 3364 non
832 3310 1083 3378 expedire
1113 3319 1412 3372 noverunt,
1439 3325 1543 3363 non
1573 3310 1704 3364 vitio

146 3403 336 3473 alicujus
361 3405 601 3467 invidia),
631 3404 724 3459 sed
757 3405 878 3458 alta:
906 3403 1202 3470 prudentiae
1230 3401 1454 3456 consilio
1487 3410 1705 3470 printer-

146 3498 368 3562 mittunt,
399 3506 457 3551 et
491 3497 624 3550 alios
664 3496 828 3550 latere
873 3496 1148 3563 cupientes
1180 3493 1480 3559 honorant,
1530 3500 1591 3547 ut
1627 3491 1705 3547 eis

145 3586 314 3640 aditum
359 3586 424 3641 ad
476 3586 708 3656 majores
763 3587 1037 3655 profectus
1085 3586 1346 3654 aperiant.
1381 3593 1405 3621 ο
1439 3586 1544 3639 Eos
1571 3600 1706 3655 quos

145 3677 344 3743 probant
372 3678 798 3746 increpationem
826 3693 984 3746 posse
1019 3679 1125 3745 pati
1152 3679 1434 3747 castigant,
1458 3687 1511 3732 et
1538 3678 1707 3747 impa-

147 3768 314 3822 t7eutes
357 3768 745 3839 objurgationis
777 3777 833 3822 ut
873 3768 1150 3837 languidos
1181 3768 1433 3836 palpant;
1490 3782 1594 3822 non
1627 3769 1705 3823 eis

144 3857 414 3925 adulando,
441 3859 588 3928 quod
619 3859 752 3913 tales
780 3869 934 3924 sunt,
967 3859 1061 3914 sed
1094 3859 1489 3913 infirmitatibus
1521 3860 1704 3914 talium

146 3951 522 4018 compatiendo,
555 3951 598 4006 si
627 3951 763 4005 forte
789 3952 944 4006 aliter
973 3953 1150 4006 sanari
1182 3968 1286 4005 non
1317 3959 1562 4022 possunt.

198 4042 248 4095 2.
273 4045 539 4099 Caeterum
570 4044 615 4098 si
649 4045 902 4099 Ecclesia:
931 4047 1312 4100 communione
1339 4046 1708 4114 priveuturin-

146 4133 283 4198 firmi,
310 4136 398 4205 qui
433 4137 614 4191 curari
644 4137 881 4190 adhibita
915 4138 1279 4207 increpatione
1316 4152 1421 4191 non
1460 4145 1702 4207 possunt,

144 4234 219 4276 aut
242 4226 594 4282 intolerabilis
622 4227 760 4281 mole
793 4229 1024 4281 tristitia:
1053 4242 1212 4296 supra
1244 4227 1460 4281 modum
1501 4227 1708 4296 gravati

147 4320 502 4385 succumbunt,
537 4329 589 4374 et
618 4330 924 4374 sanctorum
951 4321 1186 4373 omnium
1209 4320 1405 4384 vultus,
1438 4335 1532 4389 per
1576 4333 1710 4389 quos

145 4420 340 4471 possent
368 4411 583 4466 restitui
613 4411 746 4475 Deo,
787 4410 1083 4480 refugiunt;
1111 4419 1202 4463 aut
1229 4421 1375 4465 certe
1403 4410 1467 4463 ad
1495 4424 1708 4463 omnem

1805 3218 2026 3273 siderat.
2058 3226 2086 3254 ιι
2116 3217 2267 3284 Quod
2295 3219 2337 3271 si
2367 3230 2546 3272 mores
2575 3230 2702 3271 suos
2741 3216 2808 3270 ad
2839 3217 3070 3286 seipsum
3101 3232 3388 3271 conversus

1805 3308 2051 3378 aspiciat,
2083 3323 2190 3362 non
2215 3309 2456 3378 requiret
2473 3307 2613 3377 quod
2645 3307 2696 3361 in
2728 3307 2847 3361 aliis
2873 3307 3175 3376 specialiter
3204 3323 3391 3377 repre-

1807 3401 2028 3468 ltendat,
2047 3400 2139 3455 sed
2156 3400 2207 3453 in
2227 3401 2404 3466 seipso
2423 3399 2565 3468 quod
2583 3399 2778 3468 lugeat.
2797 3399 3023 3453 Proinde
3050 3398 3268 3453 fratrum
3298 3415 3390 3453 no-

1805 3503 2035 3549 strorum
2049 3492 2173 3546 vitia
2189 3507 2292 3547 non
2308 3492 2459 3546 facile
2475 3490 2732 3546 debemus
2744 3503 3019 3555 accusare,
3038 3490 3129 3544 sed
3144 3505 3389 3559 gemere:

1811 3596 1869 3642 ut
1897 3589 2126 3643 invicem
2179 3601 2343 3642 onera
2393 3595 2571 3641 nostra
2630 3594 2932 3656 portantes,
2975 3585 3146 3656 legem
3194 3585 3391 3641 Christi

1813 3683 2084 3753 possimus
2114 3681 2340 3751 implere
2371 3680 2515 3751 (Gal.
2544 3696 2615 3746 vt,
2635 3680 2727 3748 2);
2754 3681 2841 3749 qui
2877 3680 3062 3749 utique
3093 3695 3198 3733 non
3232 3694 3392 3734 accu-

1808 3774 1947 3827 savit
1975 3783 2190 3844 peccata
2221 3781 2430 3838 nostra,
2463 3771 2556 3825 sed
2599 3772 2738 3838 tulit,
2765 3771 3104 3841 Evangelista
3133 3770 3342 3824 dicente
3374 3786 3389 3822 :

1811 3864 1945 3917 Ecce
1967 3864 2142 3935 Agnus
2163 3865 2274 3928 Dei,
2300 3879 2412 3917 ecce
2437 3864 2524 3932 qui
2551 3863 2680 3916 tollit
2707 3871 2912 3934 peccata
2937 3863 3119 3915 mundi
3149 3861 3326 3931 (Joan.
3352 3877 3392 3925 ι,

1806 3955 1923 4024 29).
1956 3955 2140 4023 Itaque
2169 3955 2212 4008 si
2248 3954 2337 4007 ille
2359 3954 2450 4020 qui
2474 3954 2592 4006 sine
2613 3952 2722 4006 ullo
2746 3961 2965 4020 peccato
2994 3951 3112 4017 fuit,
3139 3965 3393 4017 nos.pec~

1808 4057 2019 4100 catores
2074 4044 2326 4098 ineffabili
2372 4045 2568 4112 pietate
2609 4043 2878 4105 sustinuit,
2911 4051 2963 4096 et
2997 4041 3258 4095 sustinere
3288 4055 3392 4093 non

1810 4138 2025 4201 desinit,
2057 4153 2161 4192 non
2191 4134 2463 4189 interitum
2511 4142 2751 4186 nostrum
2783 4131 3116 4194 desiderans,
3152 4129 3244 4183 sed
3274 4144 3394 4198 pro-

1814 4230 2031 4295 fectum,
2055 4243 2151 4282 nec
2175 4234 2401 4281 mortem
2435 4225 2787 4294 peccantium,
2821 4222 2911 4277 sed
2943 4221 3205 4285 salutem;
3230 4235 3394 4288 quare

1815 4305 1910 4377 nos
1950 4320 2201 4389 exemplo
2243 4319 2413 4373 nostri
2442 4316 2740 4372 Salvatoris
2774 4323 2827 4368 et
2857 4313 3064 4366 Domini
3096 4327 3201 4365 non
3231 4312 3395 4365 susti-

1814 4427 2036 4468 neamus
2081 4411 2344 4475 infirmos,
2377 4424 2498 4464 cum
2526 4419 2576 4463 et
2623 4407 2721 4476 ipsi
2755 4413 2848 4460 aut
2876 4403 3072 4459 infirmi
3103 4418 3310 4468 sumus,
3342 4411 3395 4460 ct

148 4500 378 4562 peccandi
409 4503 506 4569 imi
528 4501 820 4569 udentiam,
854 4501 897 4554 si
931 4500 1130 4556 fuerint
1169 4501 1499 4567 exacerbati,
1534 4501 1710 4569 prusi-
1737 4489 1792 4550 D
1816 4504 2062 4558 volumus
2088 4517 2117 4556 a
2147 4499 2504 4570 Deoportari;
2537 4507 2629 4553 aut
2652 4499 2697 4553 si
2726 4496 2843 4552 sani
2872 4509 3077 4560 sumus,
3108 4508 3392 4565 possumus

145 4585 278 4658 liunt,
329 4602 382 4647 ct
429 4593 692 4663 quidquid
745 4593 868 4646 mali
919 4593 1127 4648 occulte
1176 4593 1439 4685 faciebant
1502 4592 1714 4662 publice

144 4927 169 4995 ί
205 4866 232 4939 ξ
265 4858 361 4966 Ms;
391 4858 549 4913 Colb.
581 4872 747 4922 unus,
783 4873 875 4912 nec
904 4867 1250 4913 verentur.....
1291 4857 1576 4929 approbare
1603 4874 1716 4928 quia

164 4939 344 4982 acmnt.

164 4928 357 4982 ’aciunt?

204 4997 226 5034 δ
251 4999 346 5054 Ms.
378 5013 539 5062 unus,
571 4997 738 5067 Lugd.
769 5005 820 5051 ct
849 4997 1005 5065 Lov.,
1037 4999 1287 5070 prtecipit.

208 5078 227 5137 ε
257 5070 383 5123 Mss.
415 5085 531 5130 sex,
557 5070 905 5137 inﬁrmorum.

203 5134 226 5173 ἀ
255 5139 376 5192 Mss.
413 5140 541 5201 duo,
573 5134 957 5210 objurgare.....
982 5147 1222 5192 tractare.

208 5218 229 5276 ἢ
257 5210 352 5262 Μς.
388 5225 547 5262 unus.
577 5209 638 5260 Et
669 5225 794 5276 quos
821 5209 1054 5274 probant.

210 5274 228 5312 ί
259 5279 354 5359 Ms:
390 5280 543 5359 Col'b.
569 5274 721 5343 unus,
753 5294 958 5344 severa;
996 5279 1152 5347 alter,
1190 5295 1383 5334 serena.
1429 5277 1532 5335 Alii
1563 5279 1710 5335 eodi-

142 5361 244 5410 ces.
271 5348 545 5402 salutaria.
1064 5395 1072 5402 .

207 5426 230 5462 8
261 5418 357 5471 Ms.
387 5419 602 5482 Camb.,
633 5419 868 5473 maledici
895 5420 948 5473 in
992 5435 1064 5473 se.
1097 5419 1196 5474 Ms.
1228 5419 1378 5476 Coib.
1407 5433 1564 5486 unus,
1597 5437 1708 5475 ma-

141 5487 316 5563 ledicas
344 5491 401 5541 in
432 5503 507 5553 se,
540 5499 644 5563 etc.
680 5490 779 5545 Ms.
805 5490 963 5563 Colb:
981 5489 1137 5563 alter,
1161 5498 1216 5546 et
1243 5491 1373 5563 Heg.
1397 5491 1527 5559 duo,
1549 5493 1708 5548 malc-

138 5558 325 5631 dicain
350 5575 428 5621 se,
461 5571 561 5614 etc.
589 5561 678 5631 Sic
703 5569 758 5615 et
781 5561 910 5614 edit.
943 5559 1112 5631 Lugd.

204 5626 229 5665 δ
251 5628 357 5701 bis.
386 5643 546 5696 unus,
577 5630 856 5700 Propterea
877 5647 1016 5701 ergo.

207 5703 222 5740 ³
248 5697 346 5755 Ms.
386 5714 542 5766 unus,
573 5697 953 5772 rep/inm.....l
986 5704 1173 5756 demes.

1817 4593 1990 4648 adhuc
2016 4602 2076 4648 ut
2105 4589 2317 4661 fragiles
2336 4587 2614 4645 infirmari.

1893 4862 1906 4909 t
1944 4857 2034 4914 Sic
2083 4869 2214 4911 mss.
2246 4866 2456 4918 omnes,
2505 4860 2561 4907 et
2607 4850 2737 4906 edit.
2779 4851 2974 4920 Lugd.,
3016 4851 3216 4906 Lovan.
3245 4867 3395 4918 vero,

1819 4929 1982 4984 Dttac.
2013 4936 2070 4984 et
2090 4925 2302 4991 Colon.,
2343 4923 2552 4993 quando
2597 4923 2649 4975 in
2676 4922 2912 4976 sordibus
2932 4932 3061 4990 erat,
3093 4932 3138 4975 et
3159 4925 3398 4978 sordidus

1815 5009 1945 5054 erat.

1887 5069 1914 5106 ιι
1946 5067 2106 5132 Editi,
2141 5075 2196 5119 ut
2224 5065 2452 5118 sordeat.

1891 5135 1909 5175 ι
1941 5138 2084 5192 Alias
2115 5138 2192 5190 sic
2220 5136 2516 5203 legebatur,
2534 5131 2620 5186 Ita
2650 5140 2723 5186 est
2751 5147 2929 5184 amara
2950 5131 3131 5203 vitiosa
3161 5132 3397 5184 voluntas

1814 5209 2014 5263 virtutis
2040 5208 2223 5260 amico.
2270 5201 2400 5259 Mss.
2435 5204 2540 5259 duo
2562 5203 2738 5266 Colb.,
2756 5204 2935 5254 uitiosa
2963 5201 3196 5254 voluntas
3221 5217 3398 5253 amara

1815 5289 1910 5333 est.
1944 5279 2074 5347 Reg.
2105 5291 2260 5340 unus,
2284 5277 2520 5347 uitiorum
2543 5275 2803 5347 voluntas;
2826 5281 2880 5324 et
2904 5271 2971 5324 ab
2991 5271 3092 5323 alia
3119 5285 3298 5347 manu,
3329 5271 3400 5322 vi-

1817 5351 1950 5404 tiosa
1975 5341 2226 5418 voluptas.
2246 5347 2400 5399 Colb.
2433 5345 2592 5418 alter,
2620 5344 2806 5418 uitiosa
2834 5349 2905 5394 est
2938 5356 3115 5418 amara
3144 5341 3395 5418 voluptas.

1887 5429 1927 5457 ω
1956 5419 2053 5475 Ms.
2080 5411 2236 5474 Colb.
2265 5430 2424 5480 unus,
2458 5414 2700 5481 Quandiu
2726 5414 2858 5465 enim
2894 5411 3171 5479 quis.......
3220 5411 3397 5463 tandiu

1815 5505 2034 5544 οιιηοσε.
2944 5507 2964 5528 ο

1887 5569 1917 5596 ιι
1941 5559 2036 5613 Ms.
2065 5557 2199 5626 Reg.
2219 5569 2380 5617 unus,
2409 5553 2711 5626 adseipsum
2741 5565 3012 5605 conversus
3034 5549 3266 5626 aspiciat.
3294 5547 3395 5603 Ms.

1818 5630 1949 5701 Reg.
1978 5617 2316 5691 alteeruod
2343 5626 2387 5681 si
2415 5623 2483 5678 ad
2511 5623 2735 5693 seipsum
2756 5635 3025 5677 conversus
3055 5617 3294 5688 aspiciat.
