4024 6176
625 241 721 295 423i

1223 353 1442 407 CAPUT
1475 352 1581 405 V'li.

631 492 885 554 Quantum
908 488 1114 540 remedii
1136 487 1311 538 habent
1342 485 1587 548 confessio
1610 491 1947 554 peccatorum.
1974 492 2019 534 et
2047 481 2197 552 quale

864 570 1113 610 mereatur
1141 558 1407 609 occultatio
1431 555 1609 607 dolosa
1636 553 1959 621 supplicium.

702 738 752 789 1.
790 736 900 789 lluc
925 734 1129 788 accedit
1157 733 1294 801 quod
1329 742 1381 786 et
1410 733 1520 797 ipsa
1565 739 1778 798 peccata
1810 729 1887 781 sic
1938 726 2198 781 habentur

631 829 857 890 occulta,
891 827 971 879 vel
994 826 1163 877 aliena
1193 825 1365 887 nobis,
1388 822 1471 876 vel
1504 822 1623 875 aliis
1646 828 1849 883 nostra,
1882 826 1942 872 ut
1969 819 2199 887 plerum-

632 936 732 988 que
763 929 814 973 et
841 927 1050 971 sanctus
1073 918 1208 970 inter
1230 924 1536 985 peccatores
1566 915 1743 979 lateat,
1774 924 1823 968 et
1858 912 2048 966 famam
2073 926 2197 964 san-

633 1014 702 1066 cti
731 1012 968 1065 obtineat
998 1018 1265 1079 peccator.
1296 1008 1641 1062 innocentem
1666 1006 1709 1059 si
1735 1021 1793 1060 se
1818 1006 1952 1059 tueri
1977 1020 2079 1057 non
2106 1018 2199 1071 po-

636 1115 758 1168 test,
784 1104 1014 1171 suspicio
1038 1101 1231 1169 judicis
1260 1110 1282 1136 υ
1318 1100 1523 1152 incauta
1572 1098 1909 1161 condemnat,
1943 1105 1997 1151 et
2048 1111 2197 1148 reum

633 1196 891 1251 calliditas
922 1195 1113 1263 ingenii
1143 1194 1343 1246 vivacis
1371 1199 1614 1246 excusat.
1663 1192 2040 1245 Verumtamen
2094 1205 2197 1242 non

634 1288 890 1351 divinum,
923 1285 1015 1342 sed
1040 1285 1325 1337 humanum
1355 1284 1540 1336 fallunt
1563 1281 1661 1335 ista
1680 1280 1955 1349 judicium.
1990 1279 2197 1347 thuid

640 1381 855 1436 mirum.
890 1380 932 1431 si
963 1377 1166 1430 animos
1207 1376 1426 1428 aliorum
1455 1375 1634 1442 quales
1663 1375 1791 1436 sint,
1824 1373 1937 1425 sine
1965 1373 2198 1441 ipsorum

634 1470 968 1524 confessione
999 1468 1286 1533 nescimus,
1311 1480 1429 1519 cum
1456 1480 1550 1517 nos
1581 1465 1721 1531 ipsos
1757 1464 1823 1515 ita
1856 1461 2011 1516 hodie
2041 1477 2202 1515 nove-

636 1561 801 1613 rimus
832 1569 883 1612 ut
915 1559 1097 1627 quales
1133 1556 1291 1609 futuri
1332 1554 1497 1609 simus
1522 1552 1550 1591 δ
1580 1554 1813 1608 crastino
1861 1552 2201 1606 nesciamus?

637 1651 766 1704 Cum
796 1665 921 1704 vero
948 1649 1101 1702 nobis
1131 1650 1317 1702 fratres
1362 1646 1581 1716 quilibet
1607 1646 1772 1699 nostri
1822 1653 2032 1713 peccata
2082 1658 2198 1710 sua,

1963 228 2218 285 JULIANI
2259 228 2532 284 POMERII
3733 236 3820 290 432

2220 349 2273 410 Α
2296 348 2444 417 plere
2474 348 2691 413 debere,
2746 348 2886 418 quod
2917 348 3159 405 homines
3187 349 3536 405 occultatione
3569 353 3643 407 sui
3670 355 3820 410 erimi-

2297 445 2379 498 ttis
2411 444 2615 499 fallunt.

2368 537 2419 589 5.
2457 535 2704 603 Exceptis
2732 535 2872 589 enim
2901 535 3132 602 peccatis
3173 550 3290 601 qua:
3320 545 3424 587 tam
3456 548 3605 602 parva
3629 545 3754 599 sunt,
3778 545 3823 589 ut

2296 625 2471 679 caveri
2496 639 2602 679 non
2630 626 2853 692 possint,
2878 639 2973 693 pro
2993 625 3180 691 quibus
3202 625 3476 692 expiandis
3498 626 3713 693 quotidie
3737 628 3823 680 Deo

2298 718 2609 783 clamamus,
2638 728 2691 771 et
2715 718 2975 771 dicimus:
3000 717 3207 771 Dimitte
3238 718 3378 771 nobis
3400 718 3567 772 debita
3592 730 3742 770 nostra
3764 721 3821 772 si-

2300 819 2383 860 cut
2439 819 2486 861 et
2536 826 2627 862 nos
2657 809 2957 862 dimittimus
3002 810 3310 862 debitoribus
3332 811 3518 863 nostris
3553 810 3742 877 (Matth.
3767 827 3822 871 vt,

2304 899 2421 966 12);
2456 901 2540 953 illa
2555 901 2772 954 crimina
2801 912 3084 957 caveantur
3110 918 3224 970 qua:
3249 903 3507 967 publicata
3538 918 3651 955 suos
3673 915 3823 957 aucto-

2301 1004 2385 1051 res
2406 990 2635 1043 humano
2650 991 3089 1045 faciunttlamnari
3104 993 3434 1059 judicio.Qui
3452 1003 3618 1069 autem
3633 1009 3683 1045 ea
3704 1009 3823 1046 com-

2301 1081 2562 1147 miserint,
2583 1090 2634 1133 et
2662 1081 2780 1134 ideo
2804 1082 3025 1148 prodere
3064 1092 3320 1146 metuunt,
3350 1099 3417 1136 ne
3443 1084 3736 1137 sententiam
3758 1086 3824 1152 ju-

2303 1180 2397 1223 sta:
2420 1171 2979 1224 cxconununicationis
3009 1173 3287 1241 accipiant,
3311 1173 3426 1225 sine
3448 1189 3604 1228 causa
3628 1190 3826 1227 commu-

2302 1262 2510 1327 nicant;
2560 1262 2667 1315 imo
2710 1278 2837 1316 vero
2879 1262 3161 1331 dupliciter
3186 1274 3371 1321 contra
3400 1279 3462 1318 se
3510 1265 3635 1317 iram
3666 1266 3824 1320 divinze

2303 1354 2677 1422 indignationis
2699 1365 3037 1423 exaggerant,
3054 1356 3192 1424 quod
3222 1367 3275 1408 et
3292 1355 3598 1410 hominibus
3617 1357 3826 1412 innocen-

2305 1446 2428 1499 tiam
2464 1446 2683 1515 tingunt,
2714 1454 2767 1499 et
2814 1456 3119 1514 contempto
3157 1447 3247 1500 Dei
3268 1448 3488 1513 judicio,
3518 1449 3758 1503 abstinere
3780 1466 3825 1503 se

2302 1538 2368 1589 ab
2418 1538 2569 1591 altari
2622 1547 2838 1606 propter
2885 1539 3124 1593 homines
3166 1541 3505 1594 erubescunt.
3539 1542 3827 1611 Quapmptcr

2307 1631 2470 1685 Deum
2496 1631 2593 1683 sibi
2620 1629 2822 1685 facilius
2840 1630 3120 1698 placabunt
3144 1631 3217 1684 illi
3242 1632 3326 1699 qui
3351 1647 3458 1685 non
3487 1634 3702 1687 humano
3722 1650 3824 1688 con-

638 1751 885 1810 tanquam
911 1741 1149 1803 medicis,
1176 1740 1390 1793 vulnera
1422 1737 1899 1805 quibusurgentur,
1924 1736 2195 1804 aperiunt;

2304 1721 2423 1775 victi
2452 1722 2672 1787 judicio,
2707 1721 2797 1773 sed
2824 1721 2962 1774 ultro
2990 1722 3189 1775 crimen
3228 1720 3241 1757 ί
3270 1727 3628 1789 agnoscunt;i
3657 1726 3730 1789 qui
3757 1738 3828 1781 aut

641 1849 854 1901 operam
885 1834 1012 1887 dare
1038 1832 1293 1885 debemus
1323 1839 1345 1868 ο
1377 1838 1435 1883 ιιι
1462 1830 1774 1895 quantocius
1805 1828 1867 1881 ad
1897 1829 2198 1891 sanitatem,

636 1923 747 1978 Deo
777 1932 1009 1983 auctore,
1041 1920 1376 1990 perveniant,
1409 1935 1476 1973 ne
1507 1920 1558 1972 in
1587 1918 1736 1986 pejus
1758 1917 2083 1971 dissimulata
2110 1932 2201 1971 cu-

640 2013 845 2066 ratione
874 2012 1170 2077 proficiant.
1198 2010 1270 2062 Ea
1298 2018 1470 2062 autem
1496 2008 1715 2061 erimina
1759 2008 2114 2074 quorumlibet
2153 2008 2200 2062 si

636 2102 764 2171 ipsis
794 2100 1091 2154 criminosis
1116 2097 1356 2153 confiteri
1386 2096 1685 2151 nolentibus
1718 2096 2065 2163 undecunque
2093 2095 2201 2149 cla-

636 2194 871 2256 ruerint;
905 2206 1233 2262 quaecunque
1256 2205 1359 2244 non
1386 2190 1578 2244 fuerint
1600 2189 1865 2257 patientirc
1892 2189 1997 2243 leni
2030 2189 2201 2243 medi-

636 2296 879 2341 camento
910 2284 1279 2347 sanata,velut
1308 2282 1414 2349 igni
1444 2281 1670 2350 quodam
1700 2280 1798 2348 pite
1829 2279 2202 2348 increpationis

635 2378 835 2430 urenda
866 2384 986 2429 sunt
1017 2383 1072 2429 et
1107 2374 1360 2427 curanda.

707 2466 759 2518 Ξ.
791 2464 940 2530 Quod
968 2464 1011 2517 si
1041 2478 1135 2516 nec
1156 2464 1230 2516 sic
1253 2462 1462 2529 quidem
1479 2460 1846 2529 atquanimitcr
1867 2460 2202 2523 sustinentis,

635 2571 698 2610 ac
726 2556 810 2623 pie
837 2556 1160 2623 increpantis
1183 2554 1386 2607 medela
1416 2550 1441 2589 ἀ
1474 2554 1755 2620 profecerit
1787 2554 1837 2605 in
1868 2553 1967 2616 eis,
1993 2552 2084 2621 qui
2111 2552 2201 2606 diu

636 2646 850 2713 portati,
900 2654 953 2699 et
1001 2643 1284 2697 salubriter
1310 2644 1594 2712 objurgati,
1640 2644 1829 2712 corrigi
1883 2643 2199 2707 noluerunt;

637 2746 884 2803 tanquam
918 2745 942 2772 ο
973 2742 1153 2803 putres
1198 2734 1436 2801 corporis
1485 2744 1660 2801 partes
1690 2734 1883 2788 debent
1936 2734 2078 2788 ferro
2104 2750 2199 2787 cx-

636 2824 1128 2879 commuuicationis
1182 2824 1378 2877 abscidi
1432 2840 1446 2876 :
1487 2839 1591 2889 ne,
1644 2825 1784 2878 sicut
1829 2839 1954 2877 caro
2002 2825 2201 2879 morbis

636 2924 894 2977 emortua,
929 2914 969 2967 si
997 2913 1203 2968 abscisa
1230 2929 1334 2968 non
1371 2912 1548 2977 fuerit,
1582 2913 1805 2968 salutem
1840 2914 2058 2982 reliquie
2084 2928 2203 2968 ear-

635 3007 716 3058 ιιίε
740 3006 1030 3073 putredinis
1058 3021 1165 3059 sure
1193 3007 1510 3075 contagione
1536 3007 1860 3074 corrumpit;
1894 3007 1962 3059 ita
1988 3006 2072 3061 isti
2109 3005 2196 3076 qui

2305 1813 2529 1881 propriis
2566 1813 2691 1866 illud
2734 1811 3153 1866 confessionibus
3186 1813 3435 1881 produnt,
3470 1824 3560 1868 aut
3593 1818 3827 1871 nescienti-

2301 1905 2399 1957 bus
2446 1903 2563 1957 aliis
2608 1905 2789 1974 quales
2842 1905 3032 1959 occulti
3066 1912 3209 1970 sunt,
3250 1904 3346 1972 ipsi
3376 1906 3426 1959 in
3461 1904 3827 1960 se'vohmtaria:

2301 1994 2867 2047 excommunicationis
2893 1995 3207 2047 sententiam
3248 1995 3442 2058 ferunt,
3498 2005 3557 2051 et
3602 1997 3662 2050 ab
3705 1998 3827 2052 altari

2301 2083 2387 2137 cui
2413 2081 2803 2147 ministrabant,
2829 2097 2933 2136 non
2963 2084 3164 2149 animo,
3192 2085 3284 2138 sed
3316 2084 3493 2138 officio
3522 2088 3830 2153 separati,vi-

2304 2182 2408 2227 tam
2458 2188 2606 2228 suam
2662 2183 2908 2242 tanquam
2959 2184 3219 2228 mortuam
3261 2176 3536 2250 plangunt,
3569 2178 3689 2230 certi
3717 2176 3828 2244 quod

2302 2265 2643 2318 reconciliato
2673 2263 2776 2318 sibi
2818 2264 3052 2319 efﬁcacis
3085 2266 3408 2335 paenitentiae
3436 2266 3689 2320 fructibus
3724 2267 3828 2333 Deo,

2302 2370 2407 2409 non
2430 2356 2602 2409 solum
2634 2358 2827 2410 amissa
2856 2356 2883 2393 ¹ί
2908 2358 3183 2425 recipiant,
3212 2357 3303 2411 sed
3334 2358 3493 2412 etiam
3522 2359 3658 2412 cives
3680 2371 3829 2426 super-

2302 2431 2385 2498 itae
2433 2445 2661 2500 civitatis
2697 2446 2913 2513 effecti,
2968 2447 3034 2502 ad
3062 2448 3251 2513 gaudia
3304 2449 3627 2518 sempiterna
3678 2464 3833 2516 perve-

2302 2535 2468 2590 niant.

2879 2629 3103 2685 CAPUT
3134 2631 3265 2685 Vill.

2305 2722 2451 2787 Quod
2476 2721 2663 2792 inique,
2707 2730 2754 2774 et
2783 2738 2883 2775 non
2910 2722 3205 2787 simpliciter
3229 2735 3494 2792 arguentes
3524 2724 3637 2777 vani
3659 2725 3763 2787 sint,
3788 2737 3834 2774 ac

2655 2792 2826 2845 divino
2847 2793 3046 2862 judicio
3073 2794 3462 2848 condemnandi.

2374 2904 2487 2957 Jam
2523 2902 2539 2940 ἲ
2575 2904 2641 2959 de
2672 2905 2773 2959 illis
2803 2906 2912 2973 qui,
2940 2904 3038 2959 levi
3063 2906 3366 2975 suspicione
3396 2909 3641 2975 permoti,
3665 2907 3837 2975 simpli-

2303 2996 2435 3053 citer
2466 2998 2701 3054 viventes
2726 2998 3025 3068 obiurgant,
3056 3008 3113 3052 ut
3161 3008 3213 3053 et
3235 2999 3355 3053 illos
3387 3001 3655 3054 incondita
3692 3015 3836 3053 corrc.

636 3096 904 3149 emendari
944 3097 1262 3163 despiciunt,
1303 3106 1361 3171 et
1388 3099 1439 3150 in
1471 3111 1568 3149 suo
1597 3098 1785 3151 morbo
1816 3064 2139 3165 persistunt;
2156 3098 2201 3151 si
2228 3064 2273 3129 Ο
2306 3091 2486 3157 ptioue
2539 3090 2864 3144 confundant
2913 3103 3070 3159 atque
3120 3091 3389 3160 dejiciant,
3424 3102 3479 3146 et
3508 3094 3607 3147 sibi
3637 3108 3723 3162 per
3761 3093 3839 3146 hoc

635 3186 870 3239 moribus
905 3186 1205 3255 depravatis
1241 3186 1293 3238 in
1330 3196 1633 3240 sanctorum
1676 3187 1933 3241 societate
1961 3202 2206 3256 perman-

635 3277 822 3340 serint,
845 3291 937 3329 eos
966 3277 1211 3342 exemplo
1234 3291 1340 3330 sua:
1377 3275 1395 3314 τ
1430 3277 1739 3346 perditionis
1762 3279 2017 3335 inficiunt.
2042 3280 2207 3335 Porro

637 3363 707 3415 illi
740 3380 961 3428 quorum
994 3373 1202 3428 peccata
1225 3366 1507 3420 humanam
1538 3368 1772 3421 nctitiam
1801 3368 1985 3431 latent,
2011 3384 2108 3423 nec
2137 3370 2206 3424 ab

647 3452 774 3519 ipsis
809 3452 1071 3516 confessa,
1102 3469 1199 3506 nec
1227 3454 1294 3505 ab
1322 3456 1440 3507 aliis
1468 3456 1759 3519 publicata;
1787 3456 1830 3509 si
1864 3472 1924 3511 ea
1963 3459 2204 3513 confiteri

638 3551 727 3593 aut
756 3550 781 3586 ε
811 3541 1097 3595 emendare
1125 3543 1405 3604 uoluerint,
1447 3543 1606 3595 Deam
1626 3585 1638 3606 ,
1698 3561 1854 3615 quem
1908 3548 2102 3602 habent
2131 3558 2206 3603 te-

638 3638 794 3690 stem,
829 3630 1000 3695 ipsum
1024 3629 1249 3683 habituri
1278 3641 1400 3683 sunt
1419 3633 1731 3687 etultorem.
1758 3635 1957 3702 thuid
1982 3637 2058 3690 eis
2084 3653 2207 3706 pro-

640 3720 760 3775 dest
781 3722 1068 3774 bumanum
1102 3722 1267 3776 vitare
1287 3721 1568 3790 judicium,
1598 3738 1740 3788 cum,
1771 3727 1815 3778 si
1845 3725 1897 3778 in
1944 3728 2083 3779 malo
2108 3740 2205 3782 suo

643 3812 1049 3879 permanserint,
1075 3813 1195 3865 ituri
1218 3812 1324 3866 sint
1352 3814 1400 3865 in
1431 3816 1831 3878 aeternum,Dco
1858 3818 2201 3888 retribuente,

639 3902 991 3972 supplicium?
1014 3902 1164 3969 Quod
1195 3903 1238 3957 si
1272 3903 1371 3971 ipsi
1397 3900 1423 3940 ιι
1446 3905 1543 3958 sibi
1566 3904 1771 3972 judices
1807 3907 1953 3971 liant,
1985 3911 2202 3964 etvelu-

640 3991 672 4043 ti
700 4006 809 4045 sate
835 3992 1122 4061 iniquitatis
1148 3992 1345 4047 ultores
1368 3994 1513 4048 hicin
1536 4010 1594 4049 se
1620 3996 1963 4053 voluntariam
1994 4014 2095 4068 poet
2119 4016 2203 4057 am

643 4082 997 4136 severissima:
1037 4083 1509 4140 animadversionis
1539 4100 1856 4152 exerceant;
1909 4092 2206 4159 temporali-

643 4173 742 4226 bus
763 4175 933 4241 ptenis
963 4175 1238 4229 mutabunt
1258 4185 1456 4230 attenta
1486 4179 1763 4247 supplicia,
1792 4190 1845 4235 et
1865 4181 2111 4252 lacrymis
2141 4199 2206 4239 cx

642 4278 764 4316 vera
831 4264 1006 4318 cordis
1075 4268 1480 4336 compunclione
1537 4270 1818 4326 ﬂuentibus
1882 4275 2207 4344 restinguent

646 4353 830 4405 aeterni
864 4353 998 4421 ignis
1037 4353 1301 4409 incendia.
1336 4360 1403 4410 At
1424 4357 1474 4409 bi
1499 4358 1608 4425 qui,
1638 4358 1692 4412 in
1722 4361 1897 4430 aliquo
1925 4365 2087 4432 gradu
2116 4380 2205 4421 ec-

2309 3180 2489 3235 nescio
2526 3182 2675 3249 cujus
2720 3181 3068 3237 districtionis
3110 3183 3329 3252 gloriam
3359 3194 3631 3250 quarrant,
3660 3199 3752 3237 non
3774 3191 3837 3236 est

2308 3287 2484 3325 meum
2514 3272 2709 3342 aliquid
2735 3274 2940 3339 dicere;
2968 3290 3128 3344 super
3146 3275 3336 3344 quibus
3358 3286 3464 3329 tam
3498 3278 3760 3346 perspicue
3778 3275 3841 3327 di-

2310 3361 2460 3416 vinus
2491 3377 2667 3416 sermo
2692 3368 3016 3431 pronuntiat,
3051 3373 3109 3418 ut
3130 3374 3171 3400 ιιι
3203 3366 3508 3432 expositore
3556 3381 3657 3420 non
3694 3371 3835 3434 egeat.

2308 3451 2396 3504 Ait
2427 3452 2567 3506 enim
2600 3454 2649 3505 iu
2683 3452 3056 3508 Ecclesiastico
3081 3454 3311 3522 Spiritus
3336 3463 3556 3510 sanctus
3589 3474 3603 3509 :
3637 3455 3720 3508 Est
3746 3470 3840 3506 car-

2308 3543 2469 3611 reptio
2516 3543 2734 3595 mendax
2776 3544 2827 3595 in
2851 3550 2880 3577 ιι
2904 3544 2979 3595 ira
3009 3544 3395 3607 contumeliosi;
3440 3554 3485 3597 et
3520 3556 3594 3598 est
3620 3546 3840 3614 judicium

2307 3634 2443 3701 quod
2466 3650 2565 3687 non
2592 3646 2663 3687 est
2686 3634 2871 3687 bonum
2906 3635 3094 3701 (Eccli.
3141 3652 3252 3701 χιιι,
3283 3637 3393 3705 ‘28).
3436 3637 3631 3706 Utique
3679 3644 3842 3691 contu-

2308 3722 2519 3776 meliosi
2571 3724 2799 3778 hominis
2851 3735 2906 3779 et
2942 3724 3154 3795 superbi
3194 3727 3479 3795 corrc-ptio,
3513 3743 3634 3796 quae
3680 3725 3843 3781 dicitur

2308 3814 2556 3879 mendax,
2603 3822 2626 3850 ο
2684 3817 2945 3883 superbia:
2991 3826 3103 3881 est,
3140 3832 3244 3871 non
3294 3818 3519 3884 alicujus
3566 3818 3845 3872 humilitatis

2306 3910 2336 3954 Ρ
2363 3904 2641 3972 judicium,
2666 3913 2722 3958 et
2750 3905 2870 3960 ideo
2900 3922 3004 3960 non
3045 3915 3125 3960 est
3154 3907 3371 3961 bonum.
3402 3909 3541 3975 Quid
3577 3911 3733 3977 potuit
3752 3908 3844 3961 evi-

2308 3996 2543 4060 dentius,
2563 3996 2685 4062 quid
2713 3997 2947 4063 apertius
2976 3998 3099 4061 dici,
3121 4013 3278 4067 quam
3298 4009 3324 4047 (ι
3348 4008 3404 4052 ιιι
3430 4000 3847 4054 contumeliosum

2307 4088 2511 4143 diceret
2534 4089 2859 4142 mendaciter
2886 4100 3193 4157 arguentem
3217 4091 3239 4143 ?
3264 4090 3393 4156 Quia
3442 4101 3495 4144 et
3526 4088 3849 4144 contumelio-

2309 4194 2400 4233 sus
2445 4190 2525 4233 est
2558 4179 2645 4247 qui
2693 4181 3018 4235 mendaciter
3054 4182 3262 4251 arguit;
3302 4194 3320 4219 ι’
3351 4192 3404 4237 et
3436 4184 3755 4238 mendaciter
3780 4195 3849 4233 ar-

2308 4276 2420 4344 guit
2450 4274 2537 4343 qui
2570 4274 2947 4328 contumeliam
2991 4274 3131 4328 facit.
3167 4275 3294 4329 Item
3327 4278 3377 4329 in
3410 4277 3745 4330 Proverbiis:
3771 4272 3849 4326 Tc-

2310 4367 2399 4419 stis
2432 4366 2591 4435 fnlsus
2621 4381 2720 4417 non
2754 4368 2847 4417 erit
2869 4366 3169 4433 impunitus,
3196 4376 3240 4418 et
3263 4368 3349 4433 qui
3378 4368 3548 4437 arguit
3573 4369 3735 4435 inique
3768 4379 3850 4419 non

641 4442 942 4499 elesiastico
968 4446 1266 4509 constituti,
1298 4447 1509 4515 aliquod
1546 4450 1754 4504 occulte
1782 4452 1979 4507 crimen
2015 4455 2203 4511 admit—
2231 4424 2283 4485 D
2312 4424 2513 4523 e/j‘ugiet
2542 4453 2722 4524 (Prov.
2755 4471 2867 4520 nx,
2898 4424 2978 4523 5i.
3001 4455 3128 4521 Quis
3158 4466 3238 4509 est
3262 4424 3633 4519 falsusvtcstis,
3658 4424 3753 4509 nisi
3779 4452 3849 4523 qui

643 4540 780 4597 tum,
805 4534 901 4601 ipsi
933 4548 990 4587 se
1019 4549 1155 4588 vana
1182 4540 1527 4602 persuasione
1555 4538 1842 4609 decipiunt,
1865 4543 1909 4597 si
1954 4546 2033 4599 eis
2059 4547 2206 4603 vide-

642 4629 726 4676 tur
754 4631 1029 4691 propterea
1076 4624 1494 4692 cetnmunicare,
1536 4637 1590 4682 et
1637 4630 1871 4687 otticium
1910 4649 2063 4690 suum
2104 4638 2205 4692 im-

712 4807 738 4836 ι
770 4798 862 4853 Ms.
897 4812 1052 4861 unus,
1071 4798 1289 4851 incaute.

713 4865 741 4905 ι)
763 4867 859 4919 Ms.
884 4881 1036 4930 unus,
1069 4868 1121 4919 in
1143 4868 1380 4921 crastino.

717 4945 740 5002 ς
769 4936 865 4990 Ms.
898 4952 1052 4999 unus,
1075 4939 1431 5002 quantocitius.

712 5001 739 5042 ἀ
763 5006 884 5075 Mss.
906 5020 1019 5075 sex,
1048 5001 1360 5075 processerit.

718 5074 890 5151 sts.
936 5074 1065 5139 duo,
1097 5078 1365 5151 putrida;
1420 5094 1589 5146 unus,
1640 5089 2011 5151 putrescentes;
2066 5101 2197 5145 mss.

641 5145 875 5213 quinque
898 5161 1015 5201 cum
1045 5147 1219 5210 editis,
1255 5150 1467 5205 abscidi.

721 5212 739 5251 ί
772 5214 868 5285 Ms.
902 5232 1053 5279 unus,
1071 5216 1420 5285 perversionis.

718 5295 742 5333 ε
768 5284 885 5340 Mss.
912 5297 1036 5349 tres,
1066 5284 1142 5337 uel
1168 5286 1444 5340 emendari.

718 5354 744 5391 ιι
774 5355 930 5407 Deest
959 5353 1052 5406 sibi
1079 5355 1129 5425 in
1160 5355 1281 5409 edd.
1301 5356 1451 5421 Lov.,
1472 5356 1632 5412 Duae.
1654 5367 1706 5413 et
1734 5357 1952 5425 Colon.;
1986 5362 2209 5421 habetur

648 5424 872 5543 ἐπὲεὲωὲῗὲ
929 5424 1172 5492 ompibus
1222 5436 1276 5480 et
1328 5428 1458 5482 edit.
1508 5427 1673 5499 Lugd.
1710 5429 1806 5484 Ms.
1841 5424 1996 5498 unus,
2042 5436 2141 5499 Qui
2165 5438 2211 5490 si

646 5506 912 5572 τρερνειεο.

774 5560 941 5643 Editi,
964 5575 1299 5643 cognoscunt;
1327 5583 1594 5643 mss._sex,
1628 5578 1927 5643 agnoscunt.

720 5630 736 5681 i
772 5630 898 5691 Mss.
926 5630 1055 5703 tres,
1082 5635 1199 5703 quia
1225 5630 1344 5701 aut;
1367 5650 1422 5693 et
1450 5630 1606 5707 intra,
1639 5630 1770 5701 mss.
1796 5653 2043 5711 quatuor,
2073 5645 2217 5701 oeul-

2312 4545 2582 4599 homiuem
2606 4545 2893 4614 quemlibet
2918 4546 2983 4600 de
3015 4545 3327 4600 criminibus
3356 4546 3672 4603 indiscussis
3695 4544 3848 4613 objur-

2311 4640 2437 4710 gat?
2476 4640 2642 4707 Quem
2674 4648 2954 4707 propterea
2998 4638 3180 4707 inique
3225 4640 3591 4708 increpantem
3621 4640 3745 4694 dicit
3765 4651 3851 4691 non

2316 4813 2355 4867 ti
2372 4813 2491 4866 sint.

2387 4880 2411 4953 ξι
2443 4883 2541 4953 Ms.
2573 4894 2729 4953 unus,
2750 4881 3008 4953 recipient,
3040 4882 3126 4934 sed
3155 4883 3424 4935 etiam.....
3464 4885 3769 4953 pervenient.

2390 4949 2408 4987 ι
2442 4952 2565 5004 Mss.
2597 4951 2703 5005 duo
2727 4951 2903 5014 Colb.,
2938 4950 3145 5004 Tamen.

2382 5029 2421 5056 ω
2450 5021 2575 5074 Mss.
2596 5022 2723 5083 duo,
2743 5022 3071 5090 expositione.

2380 5097 2408 5127 υ
2436 5091 2562 5144 Mss.
2588 5100 2814 5164 septem,
2838 5096 2890 5164 in
2912 5106 2997 5164 ore
3022 5092 3468 5161 contumeliosi...;
3501 5103 3555 5150 et
3587 5094 3742 5164 paulo
3763 5099 3859 5163 p051

2309 5174 2439 5215 mss.
2468 5175 2583 5226 sex,
2607 5170 2651 5214 ct
2675 5169 2745 5214 est
2773 5161 3036 5215 indicium.

2388 5239 2412 5267 ο
2436 5232 2558 5302 Mss.
2589 5232 2715 5296 duo,
2733 5232 2969 5302 superbia
2992 5238 3084 5283 est.

2384 5310 2411 5349 ιι
2433 5301 2559 5356 Mss.
2600 5314 2717 5363 sex,
2743 5299 2863 5354 cum
2891 5299 3016 5354 edit.
3044 5301 3233 5369 Lugd.,
3258 5303 3521 5356 indicium.

2387 5380 2415 5420 ει
2440 5370 2577 5423 Edit.
2610 5370 2800 5438 Lugd.,
2825 5386 2974 5438 quam
3002 5375 3416 5425 contumeliarum
3445 5378 3631 5427 dicere.

2391 5449 2412 5476 τ
2446 5441 2499 5493 ln
2525 5454 2654 5499 mss.
2680 5442 2886 5493 duobus
2925 5438 3057 5507 Reg.
3089 5442 3281 5495 desunt
3321 5443 3455 5506 haec,
3492 5454 3535 5496 et
3579 5442 3865 5496 intenderim

2318 5511 2504 5579 arguit.
2540 5508 2593 5562 In
2627 5510 2777 5564 Colb.
2808 5525 2910 5564 ms.
2944 5524 3071 5574 uno,
3101 5511 3223 5579 quia
3262 5524 3308 5566 et
3342 5515 3732 5566 contumeliosus
3783 5516 3860 5575 est,

2320 5578 2406 5648 qui
2428 5578 2732 5635 mendaciter
2761 5580 2929 5651 arguit
2956 5595 3069 5634 eum
3098 5578 3183 5649 qui
3207 5584 3557 5638 contumeliam
3590 5584 3737 5653 facit.
