  <div class='ocr_page' id='page_1' title='image "/cluster/home/n/w/nwhite01/storage/ocr_20150623/59/hvd.32044073505117/234.png"; bbox 0 0 4024 6176; ppageno 0'>
   <div class='ocr_carea' id='block_1_1' title="bbox 254 259 352 315">
    <p class='ocr_par' dir='ltr' id='par_1_1' title="bbox 254 259 352 315">
     <span class='ocr_line' id='line_1_1' title="bbox 254 259 352 315; baseline 0 0"><span class='ocrx_word' id='word_1_1' title='bbox 254 259 352 315; x_wconf 65' lang='grc'><strong>435</strong></span> 
     </span>
    </p>
   </div>
   <div class='ocr_carea' id='block_1_2' title="bbox 1305 247 2471 305">
    <p class='ocr_par' dir='ltr' id='par_1_2' title="bbox 1305 247 2471 305">
     <span class='ocr_line' id='line_1_2' title="bbox 1305 247 2471 305; baseline -0.002 -2"><span class='ocrx_word' id='word_1_2' title='bbox 1305 250 1392 303; x_wconf 74' lang='grc' dir='ltr'><strong>ΠΕ</strong></span> <span class='ocrx_word' id='word_1_3' title='bbox 1438 250 1585 302; x_wconf 62' lang='grc' dir='ltr'><strong>γιτλ</strong></span> <span class='ocrx_word' id='word_1_4' title='bbox 1632 247 2198 305; x_wconf 71' lang='lat' dir='ltr'><strong>(.ONTEMPLATIVA</strong></span> <span class='ocrx_word' id='word_1_5' title='bbox 2240 248 2366 304; x_wconf 85' lang='lat' dir='ltr'><strong>LIB.</strong></span> <span class='ocrx_word' id='word_1_6' title='bbox 2410 249 2471 303; x_wconf 89' lang='grc'><strong>11.</strong></span> 
     </span>
    </p>
   </div>
   <div class='ocr_carea' id='block_1_3' title="bbox 3417 252 3519 309">
    <p class='ocr_par' dir='ltr' id='par_1_3' title="bbox 3417 252 3519 309">
     <span class='ocr_line' id='line_1_3' title="bbox 3417 252 3519 309; baseline 0.02 -4"><span class='ocrx_word' id='word_1_7' title='bbox 3417 252 3519 309; x_wconf 70' lang='grc'><strong>451</strong></span> 
     </span>
    </p>
   </div>
   <div class='ocr_carea' id='block_1_4' title="bbox 251 359 3523 438">
    <p class='ocr_par' dir='ltr' id='par_1_4' title="bbox 251 359 3523 438">
     <span class='ocr_line' id='line_1_4' title="bbox 251 359 3523 438; baseline -0.002 -17"><span class='ocrx_word' id='word_1_8' title='bbox 251 368 334 433; x_wconf 78' lang='lat' dir='ltr'><strong>im;</strong></span> <span class='ocrx_word' id='word_1_9' title='bbox 358 366 565 420; x_wconf 88' lang='lat' dir='ltr'><strong>unitum</strong></span> <span class='ocrx_word' id='word_1_10' title='bbox 619 365 872 429; x_wconf 84' lang='lat' dir='ltr'><strong>futurum,</strong></span> <span class='ocrx_word' id='word_1_11' title='bbox 908 365 1028 433; x_wconf 88' lang='lat' dir='ltr'><strong>quia</strong></span> <span class='ocrx_word' id='word_1_12' title='bbox 1070 365 1404 419; x_wconf 87' lang='lat' dir='ltr'><strong>innocentem</strong></span> <span class='ocrx_word' id='word_1_13' title='bbox 1441 365 1602 417; x_wconf 71' lang='lat' dir='ltr'><strong>nullis</strong></span> <span class='ocrx_word' id='word_1_14' title='bbox 1639 380 1827 432; x_wconf 82' lang='lat' dir='ltr'><strong>provo-</strong></span> <span class='ocrx_word' id='word_1_15' title='bbox 1857 368 1906 427; x_wconf 78' lang='grc' dir='ltr'>Α</span> <span class='ocrx_word' id='word_1_16' title='bbox 1935 362 2050 431; x_wconf 91' lang='lat' dir='ltr'><strong>(qui</strong></span> <span class='ocrx_word' id='word_1_17' title='bbox 2080 363 2319 417; x_wconf 85' lang='lat' dir='ltr'><strong>volentes</strong></span> <span class='ocrx_word' id='word_1_18' title='bbox 2352 359 2368 398; x_wconf 70' lang='grc' dir='ltr'>ι</span> <span class='ocrx_word' id='word_1_19' title='bbox 2406 376 2526 417; x_wconf 90' lang='lat' dir='ltr'><strong>esse</strong></span> <span class='ocrx_word' id='word_1_20' title='bbox 2553 361 2751 417; x_wconf 75' lang='lat' dir='ltr'><strong>Christi</strong></span> <span class='ocrx_word' id='word_1_21' title='bbox 2784 360 3057 438; x_wconf 78' lang='lat' dir='ltr'><strong>discipuli,</strong></span> <span class='ocrx_word' id='word_1_22' title='bbox 3089 362 3523 419; x_wconf 81' lang='lat' dir='ltr'><strong>renuntiaverunt</strong></span> 
     </span>
    </p>
   </div>
   <div class='ocr_carea' id='block_1_5' title="bbox 249 456 1826 525">
    <p class='ocr_par' dir='ltr' id='par_1_5' title="bbox 249 456 1826 525">
     <span class='ocr_line' id='line_1_5' title="bbox 249 456 1826 525; baseline -0.003 -12"><span class='ocrx_word' id='word_1_23' title='bbox 249 459 492 513; x_wconf 72' lang='lat' dir='ltr'><strong>cantibus</strong></span> <span class='ocrx_word' id='word_1_24' title='bbox 548 457 757 511; x_wconf 89' lang='lat' dir='ltr'><strong>meritis</strong></span> <span class='ocrx_word' id='word_1_25' title='bbox 820 456 1126 525; x_wconf 87' lang='lat' dir='ltr'><strong>arguendo,</strong></span> <span class='ocrx_word' id='word_1_26' title='bbox 1187 466 1213 493; x_wconf 75' lang='grc' dir='ltr'><strong>ει</strong></span> <span class='ocrx_word' id='word_1_27' title='bbox 1260 456 1425 510; x_wconf 83' lang='lat' dir='ltr'><strong>videri</strong></span> <span class='ocrx_word' id='word_1_28' title='bbox 1486 457 1596 511; x_wconf 80' lang='lat' dir='ltr'><strong>vult</strong></span> <span class='ocrx_word' id='word_1_29' title='bbox 1658 472 1826 511; x_wconf 88' lang='lat' dir='ltr'><strong>reum.</strong></span> 
     </span>
    </p>
   </div>
   <div class='ocr_carea' id='block_1_6' title="bbox 249 546 1834 617">
    <p class='ocr_par' dir='ltr' id='par_1_6' title="bbox 249 546 1834 617">
     <span class='ocr_line' id='line_1_6' title="bbox 249 546 1834 617; baseline -0.001 -16"><span class='ocrx_word' id='word_1_30' title='bbox 249 550 274 588; x_wconf 76' lang='grc' dir='ltr'>δ</span> <span class='ocrx_word' id='word_1_31' title='bbox 306 548 460 616; x_wconf 83' lang='lat' dir='ltr'><strong>Quod</strong></span> <span class='ocrx_word' id='word_1_32' title='bbox 490 557 667 602; x_wconf 90' lang='lat' dir='ltr'><strong>autem</strong></span> <span class='ocrx_word' id='word_1_33' title='bbox 700 546 828 601; x_wconf 92' lang='lat' dir='ltr'><strong>dicit</strong></span> <span class='ocrx_word' id='word_1_34' title='bbox 857 548 923 601; x_wconf 85' lang='lat' dir='ltr'><strong>de</strong></span> <span class='ocrx_word' id='word_1_35' title='bbox 954 563 1019 600; x_wconf 91' lang='lat' dir='ltr'><strong>eo</strong></span> <span class='ocrx_word' id='word_1_36' title='bbox 1046 550 1133 617; x_wconf 89' lang='lat' dir='ltr'><strong>qui</strong></span> <span class='ocrx_word' id='word_1_37' title='bbox 1160 548 1338 615; x_wconf 82' lang='lat' dir='ltr'><strong>inique</strong></span> <span class='ocrx_word' id='word_1_38' title='bbox 1366 547 1562 617; x_wconf 81' lang='lat' dir='ltr'><strong>arguit,</strong></span> <span class='ocrx_word' id='word_1_39' title='bbox 1584 564 1684 600; x_wconf 85' lang='lat' dir='ltr'><strong>non</strong></span> <span class='ocrx_word' id='word_1_40' title='bbox 1708 546 1834 613; x_wconf 75' lang='lat' dir='ltr'><strong>e/Tu-</strong></span> 
     </span>
    </p>
   </div>
   <div class='ocr_carea' id='block_1_7' title="bbox 242 637 1830 710">
    <p class='ocr_par' dir='ltr' id='par_1_7' title="bbox 242 637 1830 710">
     <span class='ocr_line' id='line_1_7' title="bbox 242 637 1830 710; baseline 0 -19"><span class='ocrx_word' id='word_1_41' title='bbox 242 640 520 710; x_wconf 80' lang='lat' dir='ltr'><strong>giet;quid</strong></span> <span class='ocrx_word' id='word_1_42' title='bbox 553 638 693 691; x_wconf 82' lang='lat' dir='ltr'><strong>aliud</strong></span> <span class='ocrx_word' id='word_1_43' title='bbox 720 637 877 691; x_wconf 92' lang='lat' dir='ltr'><strong>debet</strong></span> <span class='ocrx_word' id='word_1_44' title='bbox 908 639 1153 706; x_wconf 66' lang='lat' dir='ltr'><strong>intell&#39;gi,</strong></span> <span class='ocrx_word' id='word_1_45' title='bbox 1180 638 1279 691; x_wconf 81' lang='lat' dir='ltr'><strong>nisi</strong></span> <span class='ocrx_word' id='word_1_46' title='bbox 1304 640 1425 706; x_wconf 93' lang='lat' dir='ltr'><strong>quia</strong></span> <span class='ocrx_word' id='word_1_47' title='bbox 1454 641 1583 693; x_wconf 87' lang='lat' dir='ltr'><strong>iram</strong></span> <span class='ocrx_word' id='word_1_48' title='bbox 1613 638 1707 693; x_wconf 88' lang='lat' dir='ltr'><strong>Dei</strong></span> <span class='ocrx_word' id='word_1_49' title='bbox 1727 654 1830 691; x_wconf 90' lang='lat' dir='ltr'><strong>non</strong></span> 
     </span>
    </p>
   </div>
   <div class='ocr_carea' id='block_1_8' title="bbox 246 728 1829 799">
    <p class='ocr_par' dir='ltr' id='par_1_8' title="bbox 246 728 1829 799">
     <span class='ocr_line' id='line_1_8' title="bbox 246 728 1829 799; baseline -0.001 -16"><span class='ocrx_word' id='word_1_50' title='bbox 246 731 485 799; x_wconf 75' lang='lat' dir='ltr'><strong>eﬂ-igiet,</strong></span> <span class='ocrx_word' id='word_1_51' title='bbox 536 729 624 797; x_wconf 88' lang='lat' dir='ltr'><strong>qui</strong></span> <span class='ocrx_word' id='word_1_52' title='bbox 656 729 886 797; x_wconf 83' lang='lat' dir='ltr'><strong>aliquem</strong></span> <span class='ocrx_word' id='word_1_53' title='bbox 918 744 1021 781; x_wconf 90' lang='lat' dir='ltr'><strong>non</strong></span> <span class='ocrx_word' id='word_1_54' title='bbox 1052 730 1127 782; x_wconf 90' lang='lat' dir='ltr'><strong>sic</strong></span> <span class='ocrx_word' id='word_1_55' title='bbox 1158 729 1403 797; x_wconf 91' lang='lat' dir='ltr'><strong>corripit,</strong></span> <span class='ocrx_word' id='word_1_56' title='bbox 1458 738 1515 781; x_wconf 94' lang='lat' dir='ltr'><strong>ut</strong></span> <span class='ocrx_word' id='word_1_57' title='bbox 1560 728 1829 791; x_wconf 89' lang='lat' dir='ltr'><strong>emendet,</strong></span> 
     </span>
    </p>
   </div>
   <div class='ocr_carea' id='block_1_9' title="bbox 248 818 1833 887">
    <p class='ocr_par' dir='ltr' id='par_1_9' title="bbox 248 818 1833 887">
     <span class='ocr_line' id='line_1_9' title="bbox 248 818 1833 887; baseline -0.002 -12"><span class='ocrx_word' id='word_1_58' title='bbox 248 823 336 875; x_wconf 86' lang='lat' dir='ltr'><strong>sed</strong></span> <span class='ocrx_word' id='word_1_59' title='bbox 374 831 434 873; x_wconf 93' lang='lat' dir='ltr'><strong>ut</strong></span> <span class='ocrx_word' id='word_1_60' title='bbox 467 835 526 874; x_wconf 84' lang='lat' dir='ltr'><strong>se</strong></span> <span class='ocrx_word' id='word_1_61' title='bbox 558 820 855 886; x_wconf 72' lang='lat' dir='ltr'><strong>procaciter</strong></span> <span class='ocrx_word' id='word_1_62' title='bbox 880 818 1075 887; x_wconf 84' lang='lat' dir='ltr'><strong>jactet?</strong></span> <span class='ocrx_word' id='word_1_63' title='bbox 1108 818 1213 872; x_wconf 84' lang='lat' dir='ltr'><strong>Sed</strong></span> <span class='ocrx_word' id='word_1_64' title='bbox 1265 820 1330 871; x_wconf 91' lang='lat' dir='ltr'><strong>de</strong></span> <span class='ocrx_word' id='word_1_65' title='bbox 1376 820 1833 887; x_wconf 89' lang='lat' dir='ltr'><strong>contemptoribus</strong></span> 
     </span>
    </p>
   </div>
   <div class='ocr_carea' id='block_1_10' title="bbox 246 909 1834 981">
    <p class='ocr_par' dir='ltr' id='par_1_10' title="bbox 246 909 1834 981">
     <span class='ocr_line' id='line_1_10' title="bbox 246 909 1834 981; baseline 0 -19"><span class='ocrx_word' id='word_1_66' title='bbox 246 920 640 981; x_wconf 66' lang='lat' dir='ltr'><strong>praeceptorum</strong></span> <span class='ocrx_word' id='word_1_67' title='bbox 692 911 804 975; x_wconf 87' lang='lat' dir='ltr'><strong>Dei,</strong></span> <span class='ocrx_word' id='word_1_68' title='bbox 838 920 891 963; x_wconf 92' lang='lat' dir='ltr'><strong>et</strong></span> <span class='ocrx_word' id='word_1_69' title='bbox 943 910 1007 962; x_wconf 73' lang='lat' dir='ltr'><strong>de</strong></span> <span class='ocrx_word' id='word_1_70' title='bbox 1056 909 1410 977; x_wconf 76' lang='lat' dir='ltr'><strong>correptionis</strong></span> <span class='ocrx_word' id='word_1_71' title='bbox 1461 924 1523 963; x_wconf 89' lang='lat' dir='ltr'><strong>ac</strong></span> <span class='ocrx_word' id='word_1_72' title='bbox 1565 910 1834 977; x_wconf 65' lang='lat' dir='ltr'><strong>patientiae</strong></span> 
     </span>
    </p>
   </div>
   <div class='ocr_carea' id='block_1_11' title="bbox 249 1000 1835 1070">
    <p class='ocr_par' dir='ltr' id='par_1_11' title="bbox 249 1000 1835 1070">
     <span class='ocr_line' id='line_1_11' title="bbox 249 1000 1835 1070; baseline -0.001 -15"><span class='ocrx_word' id='word_1_73' title='bbox 249 1004 467 1065; x_wconf 80' lang='lat' dir='ltr'><strong>virtute,</strong></span> <span class='ocrx_word' id='word_1_74' title='bbox 498 1000 766 1055; x_wconf 85' lang='lat' dir='ltr'><strong>sufﬁciant</strong></span> <span class='ocrx_word' id='word_1_75' title='bbox 798 1002 895 1053; x_wconf 89' lang='lat' dir='ltr'><strong>ista</strong></span> <span class='ocrx_word' id='word_1_76' title='bbox 924 1017 1042 1070; x_wconf 78' lang='lat' dir='ltr'><strong>qua:</strong></span> <span class='ocrx_word' id='word_1_77' title='bbox 1066 1001 1297 1054; x_wconf 79' lang='lat' dir='ltr'><strong>diximus</strong></span> <span class='ocrx_word' id='word_1_78' title='bbox 1329 1018 1340 1051; x_wconf 92' lang='lat'>:</span> <span class='ocrx_word' id='word_1_79' title='bbox 1369 1016 1436 1055; x_wconf 89' lang='lat' dir='ltr'><strong>ne</strong></span> <span class='ocrx_word' id='word_1_80' title='bbox 1466 1002 1515 1053; x_wconf 92' lang='lat' dir='ltr'><strong>in</strong></span> <span class='ocrx_word' id='word_1_81' title='bbox 1554 1018 1660 1054; x_wconf 88' lang='lat' dir='ltr'><strong>uno</strong></span> <span class='ocrx_word' id='word_1_82' title='bbox 1691 1001 1835 1069; x_wconf 89' lang='lat' dir='ltr'><strong>capi-</strong></span> 
     </span>
    </p>
   </div>
   <div class='ocr_carea' id='block_1_12' title="bbox 246 1092 1833 1162">
    <p class='ocr_par' dir='ltr' id='par_1_12' title="bbox 246 1092 1833 1162">
     <span class='ocr_line' id='line_1_12' title="bbox 246 1092 1833 1162; baseline -0.001 -15"><span class='ocrx_word' id='word_1_83' title='bbox 246 1096 357 1148; x_wconf 93' lang='lat' dir='ltr'><strong>tulo</strong></span> <span class='ocrx_word' id='word_1_84' title='bbox 380 1095 529 1162; x_wconf 83' lang='lat' dir='ltr'><strong>justo</strong></span> <span class='ocrx_word' id='word_1_85' title='bbox 551 1094 782 1160; x_wconf 87' lang='lat' dir='ltr'><strong>amplius</strong></span> <span class='ocrx_word' id='word_1_86' title='bbox 807 1092 1098 1157; x_wconf 84' lang='lat' dir='ltr'><strong>iininorati,</strong></span> <span class='ocrx_word' id='word_1_87' title='bbox 1128 1101 1421 1146; x_wconf 69' lang='lat' dir='ltr'><strong>autcretera</strong></span> <span class='ocrx_word' id='word_1_88' title='bbox 1446 1092 1658 1145; x_wconf 83' lang='lat' dir='ltr'><strong>brevius</strong></span> <span class='ocrx_word' id='word_1_89' title='bbox 1673 1108 1833 1161; x_wconf 82' lang='lat' dir='ltr'><strong>quam</strong></span> 
     </span>
    </p>
   </div>
   <div class='ocr_carea' id='block_1_13' title="bbox 247 1184 1835 1245">
    <p class='ocr_par' dir='ltr' id='par_1_13' title="bbox 247 1184 1835 1245">
     <span class='ocr_line' id='line_1_13' title="bbox 247 1184 1835 1245; baseline 0.001 -9"><span class='ocrx_word' id='word_1_90' title='bbox 247 1200 471 1238; x_wconf 71' lang='lat' dir='ltr'><strong>necesse</strong></span> <span class='ocrx_word' id='word_1_91' title='bbox 502 1184 570 1237; x_wconf 89' lang='lat' dir='ltr'><strong>sit</strong></span> <span class='ocrx_word' id='word_1_92' title='bbox 599 1192 1047 1245; x_wconf 61' lang='lat' dir='ltr'><strong>transcurramus,</strong></span> <span class='ocrx_word' id='word_1_93' title='bbox 1080 1193 1169 1237; x_wconf 91' lang='lat' dir='ltr'><strong>aut</strong></span> <span class='ocrx_word' id='word_1_94' title='bbox 1215 1185 1561 1238; x_wconf 89' lang='lat' dir='ltr'><strong>intentionem</strong></span> <span class='ocrx_word' id='word_1_95' title='bbox 1604 1198 1835 1238; x_wconf 76' lang='lat' dir='ltr'><strong>ve5tram</strong></span> 
     </span>
    </p>
   </div>
   <div class='ocr_carea' id='block_1_14' title="bbox 249 1274 1832 1344">
    <p class='ocr_par' dir='ltr' id='par_1_14' title="bbox 249 1274 1832 1344">
     <span class='ocr_line' id='line_1_14' title="bbox 249 1274 1832 1344; baseline 0.001 -16"><span class='ocrx_word' id='word_1_96' title='bbox 249 1274 588 1343; x_wconf 73' lang='lat' dir='ltr'><strong>longitudine</strong></span> <span class='ocrx_word' id='word_1_97' title='bbox 643 1275 864 1327; x_wconf 91' lang='lat' dir='ltr'><strong>nimium</strong></span> <span class='ocrx_word' id='word_1_98' title='bbox 901 1276 1143 1344; x_wconf 90' lang='lat' dir='ltr'><strong>protelati</strong></span> <span class='ocrx_word' id='word_1_99' title='bbox 1193 1275 1481 1329; x_wconf 77' lang='lat' dir='ltr'><strong>voluminis</strong></span> <span class='ocrx_word' id='word_1_100' title='bbox 1526 1291 1832 1330; x_wconf 89' lang='lat' dir='ltr'><strong>oneremus.</strong></span> 
     </span>
    </p>
   </div>
   <div class='ocr_carea' id='block_1_15' title="bbox 248 1362 1839 1436">
    <p class='ocr_par' dir='ltr' id='par_1_15' title="bbox 248 1362 1839 1436">
     <span class='ocr_line' id='line_1_15' title="bbox 248 1362 1839 1436; baseline 0.003 -19"><span class='ocrx_word' id='word_1_101' title='bbox 248 1366 541 1418; x_wconf 74' lang='lat' dir='ltr'><strong>Videamus</strong></span> <span class='ocrx_word' id='word_1_102' title='bbox 571 1367 746 1433; x_wconf 82' lang='lat' dir='ltr'><strong>itaque</strong></span> <span class='ocrx_word' id='word_1_103' title='bbox 766 1366 889 1434; x_wconf 88' lang='lat' dir='ltr'><strong>quid</strong></span> <span class='ocrx_word' id='word_1_104' title='bbox 911 1381 1004 1417; x_wconf 88' lang='lat' dir='ltr'><strong>nos</strong></span> <span class='ocrx_word' id='word_1_105' title='bbox 1030 1362 1189 1420; x_wconf 71' lang='lat' dir='ltr'><strong>etiam</strong></span> <span class='ocrx_word' id='word_1_106' title='bbox 1220 1366 1549 1420; x_wconf 82' lang='lat' dir='ltr'><strong>continentia</strong></span> <span class='ocrx_word' id='word_1_107' title='bbox 1582 1377 1603 1405; x_wconf 83' lang='lat'><strong><em>°</em></strong></span> <span class='ocrx_word' id='word_1_108' title='bbox 1632 1368 1839 1436; x_wconf 86' lang='lat' dir='ltr'><strong>capitu-</strong></span> 
     </span>
    </p>
   </div>
   <div class='ocr_carea' id='block_1_16' title="bbox 248 1456 1838 1528">
    <p class='ocr_par' dir='ltr' id='par_1_16' title="bbox 248 1456 1838 1528">
     <span class='ocr_line' id='line_1_16' title="bbox 248 1456 1838 1528; baseline 0.001 -18"><span class='ocrx_word' id='word_1_109' title='bbox 248 1462 282 1510; x_wconf 91' lang='lat' dir='ltr'><strong>li</strong></span> <span class='ocrx_word' id='word_1_110' title='bbox 328 1460 604 1528; x_wconf 85' lang='lat' dir='ltr'><strong>sequentis</strong></span> <span class='ocrx_word' id='word_1_111' title='bbox 636 1458 876 1511; x_wconf 89' lang='lat' dir='ltr'><strong>edoceat.</strong></span> <span class='ocrx_word' id='word_1_112' title='bbox 910 1458 1124 1523; x_wconf 84' lang='lat' dir='ltr'><strong>Utrum,</strong></span> <span class='ocrx_word' id='word_1_113' title='bbox 1154 1456 1178 1493; x_wconf 73' lang='grc' dir='ltr'>ἀ</span> <span class='ocrx_word' id='word_1_114' title='bbox 1215 1460 1403 1527; x_wconf 89' lang='lat' dir='ltr'><strong>inquit,</strong></span> <span class='ocrx_word' id='word_1_115' title='bbox 1446 1459 1838 1528; x_wconf 81' lang='lat' dir='ltr'><strong>congregandis</strong></span> 
     </span>
    </p>
   </div>
   <div class='ocr_carea' id='block_1_17' title="bbox 244 1545 1832 1618">
    <p class='ocr_par' dir='ltr' id='par_1_17' title="bbox 244 1545 1832 1618">
     <span class='ocr_line' id='line_1_17' title="bbox 244 1545 1832 1618; baseline 0.002 -15"><span class='ocrx_word' id='word_1_116' title='bbox 244 1550 528 1615; x_wconf 74' lang='lat' dir='ltr'><strong>fratribus,</strong></span> <span class='ocrx_word' id='word_1_117' title='bbox 570 1560 661 1603; x_wconf 89' lang='lat' dir='ltr'><strong>aut</strong></span> <span class='ocrx_word' id='word_1_118' title='bbox 699 1551 904 1604; x_wconf 84' lang='lat' dir='ltr'><strong>alendis</strong></span> <span class='ocrx_word' id='word_1_119' title='bbox 947 1545 1198 1618; x_wconf 75' lang='lat' dir='ltr'><strong>expediat</strong></span> <span class='ocrx_word' id='word_1_120' title='bbox 1242 1552 1522 1606; x_wconf 71' lang='lat' dir='ltr'><strong>facultates</strong></span> <span class='ocrx_word' id='word_1_121' title='bbox 1574 1552 1832 1606; x_wconf 76' lang='lat' dir='ltr'><strong>Ecclesia:</strong></span> 
     </span>
    </p>
   </div>
   <div class='ocr_carea' id='block_1_18' title="bbox 247 1641 1515 1713">
    <p class='ocr_par' dir='ltr' id='par_1_18' title="bbox 247 1641 1515 1713">
     <span class='ocr_line' id='line_1_18' title="bbox 247 1641 1515 1713; baseline 0.002 -17"><span class='ocrx_word' id='word_1_122' title='bbox 247 1644 538 1713; x_wconf 72' lang='lat' dir='ltr'><strong>possideri,</strong></span> <span class='ocrx_word' id='word_1_123' title='bbox 560 1658 624 1697; x_wconf 90' lang='lat' dir='ltr'><strong>an</strong></span> <span class='ocrx_word' id='word_1_124' title='bbox 648 1641 995 1711; x_wconf 77' lang='lat' dir='ltr'><strong>perfectionis</strong></span> <span class='ocrx_word' id='word_1_125' title='bbox 1016 1659 1197 1697; x_wconf 90' lang='lat' dir='ltr'><strong>amore</strong></span> <span class='ocrx_word' id='word_1_126' title='bbox 1227 1644 1515 1699; x_wconf 90' lang='lat' dir='ltr'><strong>contemni.</strong></span> 
     </span>
    </p>
   </div>
   <div class='ocr_carea' id='block_1_19' title="bbox 875 1754 1228 1810">
    <p class='ocr_par' dir='ltr' id='par_1_19' title="bbox 875 1754 1228 1810">
     <span class='ocr_line' id='line_1_19' title="bbox 875 1754 1228 1810; baseline 0.003 -4"><span class='ocrx_word' id='word_1_127' title='bbox 875 1754 1099 1810; x_wconf 80' lang='lat' dir='ltr'><strong>CAPUT</strong></span> <span class='ocrx_word' id='word_1_128' title='bbox 1139 1754 1228 1808; x_wconf 83' lang='lat' dir='ltr'><strong>IX.</strong></span> 
     </span>
    </p>
   </div>
   <div class='ocr_carea' id='block_1_20' title="bbox 249 1840 1841 1915">
    <p class='ocr_par' dir='ltr' id='par_1_20' title="bbox 249 1840 1841 1915">
     <span class='ocr_line' id='line_1_20' title="bbox 249 1840 1841 1915; baseline 0.004 -20"><span class='ocrx_word' id='word_1_129' title='bbox 249 1840 406 1907; x_wconf 81' lang='lat' dir='ltr'><strong>Quod</strong></span> <span class='ocrx_word' id='word_1_130' title='bbox 436 1845 722 1899; x_wconf 80' lang='lat' dir='ltr'><strong>sacerdotes</strong></span> <span class='ocrx_word' id='word_1_131' title='bbox 752 1854 775 1881; x_wconf 71' lang='grc' dir='ltr'>θ</span> <span class='ocrx_word' id='word_1_132' title='bbox 808 1845 935 1898; x_wconf 82' lang='lat' dir='ltr'><strong>nihil</strong></span> <span class='ocrx_word' id='word_1_133' title='bbox 974 1848 1165 1915; x_wconf 78' lang='lat' dir='ltr'><strong>proprii</strong></span> <span class='ocrx_word' id='word_1_134' title='bbox 1194 1846 1374 1899; x_wconf 82' lang='lat' dir='ltr'><strong>habere</strong></span> <span class='ocrx_word' id='word_1_135' title='bbox 1405 1846 1639 1908; x_wconf 86' lang='lat' dir='ltr'><strong>debeant,</strong></span> <span class='ocrx_word' id='word_1_136' title='bbox 1672 1856 1719 1901; x_wconf 87' lang='lat' dir='ltr'><strong>et</strong></span> <span class='ocrx_word' id='word_1_137' title='bbox 1761 1864 1841 1901; x_wconf 90' lang='lat' dir='ltr'><strong>ec-</strong></span> 
     </span>
    </p>
   </div>
   <div class='ocr_carea' id='block_1_21' title="bbox 323 1916 1839 1987">
    <p class='ocr_par' dir='ltr' id='par_1_21' title="bbox 323 1916 1839 1987">
     <span class='ocr_line' id='line_1_21' title="bbox 323 1916 1839 1987; baseline 0.002 -19"><span class='ocrx_word' id='word_1_138' title='bbox 323 1918 492 1969; x_wconf 76' lang='lat' dir='ltr'><strong>clesia:</strong></span> <span class='ocrx_word' id='word_1_139' title='bbox 538 1916 803 1987; x_wconf 81' lang='lat' dir='ltr'><strong>facultates</strong></span> <span class='ocrx_word' id='word_1_140' title='bbox 836 1918 993 1987; x_wconf 74' lang='lat' dir='ltr'><strong>quasi</strong></span> <span class='ocrx_word' id='word_1_141' title='bbox 1034 1932 1318 1968; x_wconf 77' lang='lat' dir='ltr'><strong>communes</strong></span> <span class='ocrx_word' id='word_1_142' title='bbox 1344 1958 1359 1978; x_wconf 87' lang='lat'><strong>,</strong></span> <span class='ocrx_word' id='word_1_143' title='bbox 1401 1933 1492 1986; x_wconf 88' lang='lat' dir='ltr'><strong>pro</strong></span> <span class='ocrx_word' id='word_1_144' title='bbox 1519 1917 1701 1987; x_wconf 84' lang='lat' dir='ltr'><strong>quibus</strong></span> <span class='ocrx_word' id='word_1_145' title='bbox 1734 1918 1839 1972; x_wconf 87' lang='lat' dir='ltr'><strong>Deo</strong></span> 
     </span>
    </p>
   </div>
   <div class='ocr_carea' id='block_1_22' title="bbox 319 1986 1339 2056">
    <p class='ocr_par' dir='ltr' id='par_1_22' title="bbox 319 1986 1339 2056">
     <span class='ocr_line' id='line_1_22' title="bbox 319 1986 1339 2056; baseline 0.004 -20"><span class='ocrx_word' id='word_1_146' title='bbox 319 1989 570 2039; x_wconf 81' lang='lat' dir='ltr'><strong>rationem</strong></span> <span class='ocrx_word' id='word_1_147' title='bbox 598 1986 844 2038; x_wconf 73' lang='lat' dir='ltr'><strong>reddituri</strong></span> <span class='ocrx_word' id='word_1_148' title='bbox 867 1994 1005 2049; x_wconf 85' lang='lat' dir='ltr'><strong>sunt,</strong></span> <span class='ocrx_word' id='word_1_149' title='bbox 1040 1988 1339 2056; x_wconf 77' lang='lat' dir='ltr'><strong>suscipiant.</strong></span> 
     </span>
    </p>
   </div>
   <div class='ocr_carea' id='block_1_23' title="bbox 322 2099 1840 2171">
    <p class='ocr_par' dir='ltr' id='par_1_23' title="bbox 322 2099 1840 2171">
     <span class='ocr_line' id='line_1_23' title="bbox 322 2099 1840 2171; baseline 0 -16"><span class='ocrx_word' id='word_1_150' title='bbox 322 2103 376 2155; x_wconf 74' lang='grc'><strong>1.</strong></span> <span class='ocrx_word' id='word_1_151' title='bbox 421 2099 658 2169; x_wconf 78' lang='lat' dir='ltr'><strong>Expedit</strong></span> <span class='ocrx_word' id='word_1_152' title='bbox 701 2099 978 2155; x_wconf 80' lang='lat' dir='ltr'><strong>facultates</strong></span> <span class='ocrx_word' id='word_1_153' title='bbox 1018 2099 1257 2154; x_wconf 66' lang='lat' dir='ltr'><strong>ecclesiae</strong></span> <span class='ocrx_word' id='word_1_154' title='bbox 1300 2100 1596 2170; x_wconf 84' lang='lat' dir='ltr'><strong>possideri,</strong></span> <span class='ocrx_word' id='word_1_155' title='bbox 1631 2111 1687 2156; x_wconf 90' lang='lat' dir='ltr'><strong>et</strong></span> <span class='ocrx_word' id='word_1_156' title='bbox 1715 2117 1840 2171; x_wconf 91' lang='lat' dir='ltr'><strong>pro-</strong></span> 
     </span>
    </p>
   </div>
   <div class='ocr_carea' id='block_1_24' title="bbox 246 2190 1838 2259">
    <p class='ocr_par' dir='ltr' id='par_1_24' title="bbox 246 2190 1838 2259">
     <span class='ocr_line' id='line_1_24' title="bbox 246 2190 1838 2259; baseline 0.001 -15"><span class='ocrx_word' id='word_1_157' title='bbox 246 2192 395 2259; x_wconf 60' lang='lat' dir='ltr'><strong>priis</strong></span> <span class='ocrx_word' id='word_1_158' title='bbox 446 2190 790 2259; x_wconf 81' lang='lat' dir='ltr'><strong>perfectionis</strong></span> <span class='ocrx_word' id='word_1_159' title='bbox 836 2204 1018 2243; x_wconf 88' lang='lat' dir='ltr'><strong>amore</strong></span> <span class='ocrx_word' id='word_1_160' title='bbox 1047 2191 1342 2244; x_wconf 89' lang='lat' dir='ltr'><strong>contemni.</strong></span> <span class='ocrx_word' id='word_1_161' title='bbox 1394 2190 1508 2244; x_wconf 83' lang='lat' dir='ltr'><strong>Non</strong></span> <span class='ocrx_word' id='word_1_162' title='bbox 1536 2191 1677 2245; x_wconf 88' lang='lat' dir='ltr'><strong>enim</strong></span> <span class='ocrx_word' id='word_1_163' title='bbox 1714 2206 1838 2259; x_wconf 86' lang='lat' dir='ltr'><strong>pro-</strong></span> 
     </span>
    </p>
   </div>
   <div class='ocr_carea' id='block_1_25' title="bbox 246 2282 1841 2351">
    <p class='ocr_par' dir='ltr' id='par_1_25' title="bbox 246 2282 1841 2351">
     <span class='ocr_line' id='line_1_25' title="bbox 246 2282 1841 2351; baseline 0.004 -18"><span class='ocrx_word' id='word_1_164' title='bbox 246 2286 384 2351; x_wconf 77' lang='lat' dir='ltr'><strong>pria:</strong></span> <span class='ocrx_word' id='word_1_165' title='bbox 413 2292 559 2347; x_wconf 90' lang='lat' dir='ltr'><strong>sunt,</strong></span> <span class='ocrx_word' id='word_1_166' title='bbox 589 2283 678 2337; x_wconf 91' lang='lat' dir='ltr'><strong>sed</strong></span> <span class='ocrx_word' id='word_1_167' title='bbox 705 2297 1014 2335; x_wconf 90' lang='lat' dir='ltr'><strong>communes</strong></span> <span class='ocrx_word' id='word_1_168' title='bbox 1039 2283 1278 2336; x_wconf 67' lang='lat' dir='ltr'><strong>ecclesia:</strong></span> <span class='ocrx_word' id='word_1_169' title='bbox 1308 2282 1611 2350; x_wconf 82' lang='lat' dir='ltr'><strong>facultates;</strong></span> <span class='ocrx_word' id='word_1_170' title='bbox 1644 2294 1697 2337; x_wconf 88' lang='lat' dir='ltr'><strong>et</strong></span> <span class='ocrx_word' id='word_1_171' title='bbox 1720 2284 1841 2339; x_wconf 91' lang='lat' dir='ltr'><strong>ideo</strong></span> 
     </span>
    </p>
   </div>
   <div class='ocr_carea' id='block_1_26' title="bbox 244 2373 1837 2444">
    <p class='ocr_par' dir='ltr' id='par_1_26' title="bbox 244 2373 1837 2444">
     <span class='ocr_line' id='line_1_26' title="bbox 244 2373 1837 2444; baseline 0.002 -18"><span class='ocrx_word' id='word_1_172' title='bbox 244 2374 496 2444; x_wconf 76' lang='lat' dir='ltr'><strong>quisquis</strong></span> <span class='ocrx_word' id='word_1_173' title='bbox 527 2373 774 2427; x_wconf 76' lang='lat' dir='ltr'><strong>omnibus</strong></span> <span class='ocrx_word' id='word_1_174' title='bbox 818 2390 933 2439; x_wconf 62' lang='lat' dir='ltr'><strong>«,uze</strong></span> <span class='ocrx_word' id='word_1_175' title='bbox 976 2373 1157 2426; x_wconf 82' lang='lat' dir='ltr'><strong>habuit</strong></span> <span class='ocrx_word' id='word_1_176' title='bbox 1194 2374 1430 2427; x_wconf 85' lang='lat' dir='ltr'><strong>dimissis</strong></span> <span class='ocrx_word' id='word_1_177' title='bbox 1467 2387 1554 2427; x_wconf 87' lang='lat' dir='ltr'><strong>aut</strong></span> <span class='ocrx_word' id='word_1_178' title='bbox 1588 2375 1837 2440; x_wconf 86' lang='lat' dir='ltr'><strong>venditis,</strong></span> 
     </span>
    </p>
   </div>
   <div class='ocr_carea' id='block_1_27' title="bbox 246 2465 1840 2533">
    <p class='ocr_par' dir='ltr' id='par_1_27' title="bbox 246 2465 1840 2533">
     <span class='ocr_line' id='line_1_27' title="bbox 246 2465 1840 2533; baseline 0.001 -16"><span class='ocrx_word' id='word_1_179' title='bbox 246 2469 309 2517; x_wconf 91' lang='lat' dir='ltr'><strong>ﬁt</strong></span> <span class='ocrx_word' id='word_1_180' title='bbox 338 2468 412 2518; x_wconf 90' lang='lat' dir='ltr'><strong>rei</strong></span> <span class='ocrx_word' id='word_1_181' title='bbox 446 2480 557 2518; x_wconf 71' lang='lat' dir='ltr'><strong>suae</strong></span> <span class='ocrx_word' id='word_1_182' title='bbox 584 2472 957 2532; x_wconf 85' lang='lat' dir='ltr'><strong>contemptor;</strong></span> <span class='ocrx_word' id='word_1_183' title='bbox 997 2478 1117 2517; x_wconf 91' lang='lat' dir='ltr'><strong>cum</strong></span> <span class='ocrx_word' id='word_1_184' title='bbox 1148 2465 1463 2533; x_wconf 72' lang='lat' dir='ltr'><strong>praepositus</strong></span> <span class='ocrx_word' id='word_1_185' title='bbox 1490 2465 1646 2519; x_wconf 90' lang='lat' dir='ltr'><strong>fuerit</strong></span> <span class='ocrx_word' id='word_1_186' title='bbox 1672 2466 1840 2519; x_wconf 89' lang='lat' dir='ltr'><strong>factus</strong></span> 
     </span>
    </p>
   </div>
   <div class='ocr_carea' id='block_1_28' title="bbox 245 2554 1845 2626">
    <p class='ocr_par' dir='ltr' id='par_1_28' title="bbox 245 2554 1845 2626">
     <span class='ocr_line' id='line_1_28' title="bbox 245 2554 1845 2626; baseline 0 -15"><span class='ocrx_word' id='word_1_187' title='bbox 245 2556 520 2620; x_wconf 66' lang='lat' dir='ltr'><strong>ecclesiaa,</strong></span> <span class='ocrx_word' id='word_1_188' title='bbox 541 2556 778 2609; x_wconf 89' lang='lat' dir='ltr'><strong>omnium</strong></span> <span class='ocrx_word' id='word_1_189' title='bbox 808 2570 926 2624; x_wconf 65' lang='lat' dir='ltr'><strong>quae</strong></span> <span class='ocrx_word' id='word_1_190' title='bbox 956 2555 1113 2609; x_wconf 83' lang='lat' dir='ltr'><strong>habet</strong></span> <span class='ocrx_word' id='word_1_191' title='bbox 1137 2555 1362 2610; x_wconf 80' lang='lat' dir='ltr'><strong>ecclesia</strong></span> <span class='ocrx_word' id='word_1_192' title='bbox 1383 2554 1613 2610; x_wconf 87' lang='lat' dir='ltr'><strong>efﬁcitur</strong></span> <span class='ocrx_word' id='word_1_193' title='bbox 1631 2555 1845 2626; x_wconf 75' lang='lat' dir='ltr'><strong>dLspen-</strong></span> 
     </span>
    </p>
   </div>
   <div class='ocr_carea' id='block_1_29' title="bbox 243 2646 1841 2717">
    <p class='ocr_par' dir='ltr' id='par_1_29' title="bbox 243 2646 1841 2717">
     <span class='ocr_line' id='line_1_29' title="bbox 243 2646 1841 2717; baseline 0.001 -17"><span class='ocrx_word' id='word_1_194' title='bbox 243 2656 418 2702; x_wconf 86' lang='lat' dir='ltr'><strong>sator.</strong></span> <span class='ocrx_word' id='word_1_195' title='bbox 460 2646 476 2683; x_wconf 73' lang='grc' dir='ltr'><strong>ί</strong></span> <span class='ocrx_word' id='word_1_196' title='bbox 520 2647 721 2701; x_wconf 89' lang='lat' dir='ltr'><strong>Deinde</strong></span> <span class='ocrx_word' id='word_1_197' title='bbox 748 2655 962 2699; x_wconf 88' lang='lat' dir='ltr'><strong>sanctus</strong></span> <span class='ocrx_word' id='word_1_198' title='bbox 992 2646 1248 2700; x_wconf 89' lang='lat' dir='ltr'><strong>Paulinus</strong></span> <span class='ocrx_word' id='word_1_199' title='bbox 1280 2646 1369 2717; x_wconf 88' lang='lat' dir='ltr'><strong>(ut</strong></span> <span class='ocrx_word' id='word_1_200' title='bbox 1396 2647 1493 2717; x_wconf 86' lang='lat' dir='ltr'><strong>ipsi</strong></span> <span class='ocrx_word' id='word_1_201' title='bbox 1526 2649 1715 2702; x_wconf 89' lang='lat' dir='ltr'><strong>melius</strong></span> <span class='ocrx_word' id='word_1_202' title='bbox 1742 2664 1841 2702; x_wconf 87' lang='lat' dir='ltr'><strong>no-</strong></span> 
     </span>
    </p>
   </div>
   <div class='ocr_carea' id='block_1_30' title="bbox 245 2736 1843 2809">
    <p class='ocr_par' dir='ltr' id='par_1_30' title="bbox 245 2736 1843 2809">
     <span class='ocr_line' id='line_1_30' title="bbox 245 2736 1843 2809; baseline -0.001 -14"><span class='ocrx_word' id='word_1_203' title='bbox 245 2741 393 2809; x_wconf 77' lang='lat' dir='ltr'><strong>etis)</strong></span> <span class='ocrx_word' id='word_1_204' title='bbox 441 2740 673 2809; x_wconf 79' lang='lat' dir='ltr'><strong>ingentia</strong></span> <span class='ocrx_word' id='word_1_205' title='bbox 707 2737 901 2806; x_wconf 81' lang='lat' dir='ltr'><strong>praedia</strong></span> <span class='ocrx_word' id='word_1_206' title='bbox 929 2779 941 2799; x_wconf 95' lang='lat'><strong>,</strong></span> <span class='ocrx_word' id='word_1_207' title='bbox 979 2747 1002 2783; x_wconf 73' lang='grc' dir='ltr'><strong><em>Β</em></strong></span> <span class='ocrx_word' id='word_1_208' title='bbox 1032 2752 1150 2807; x_wconf 71' lang='lat' dir='ltr'><strong>qua:</strong></span> <span class='ocrx_word' id='word_1_209' title='bbox 1199 2736 1413 2791; x_wconf 86' lang='lat' dir='ltr'><strong>fuerunt</strong></span> <span class='ocrx_word' id='word_1_210' title='bbox 1459 2755 1552 2792; x_wconf 74' lang='lat' dir='ltr'><strong>sua</strong></span> <span class='ocrx_word' id='word_1_211' title='bbox 1582 2783 1595 2806; x_wconf 96' lang='lat'><strong>,</strong></span> <span class='ocrx_word' id='word_1_212' title='bbox 1629 2739 1843 2794; x_wconf 87' lang='lat' dir='ltr'><strong>vendita</strong></span> 
     </span>
    </p>
   </div>
   <div class='ocr_carea' id='block_1_31' title="bbox 245 2828 1845 2901">
    <p class='ocr_par' dir='ltr' id='par_1_31' title="bbox 245 2828 1845 2901">
     <span class='ocr_line' id='line_1_31' title="bbox 245 2828 1845 2901; baseline 0.001 -17"><span class='ocrx_word' id='word_1_213' title='bbox 245 2831 574 2901; x_wconf 83' lang='lat' dir='ltr'><strong>pauperibus</strong></span> <span class='ocrx_word' id='word_1_214' title='bbox 615 2828 890 2900; x_wconf 75' lang='lat' dir='ltr'><strong>erogavit;</strong></span> <span class='ocrx_word' id='word_1_215' title='bbox 940 2828 1033 2883; x_wconf 90' lang='lat' dir='ltr'><strong>sed</strong></span> <span class='ocrx_word' id='word_1_216' title='bbox 1082 2844 1203 2883; x_wconf 91' lang='lat' dir='ltr'><strong>cum</strong></span> <span class='ocrx_word' id='word_1_217' title='bbox 1256 2840 1439 2898; x_wconf 89' lang='lat' dir='ltr'><strong>postea</strong></span> <span class='ocrx_word' id='word_1_218' title='bbox 1488 2830 1659 2886; x_wconf 83' lang='lat' dir='ltr'><strong>factus</strong></span> <span class='ocrx_word' id='word_1_219' title='bbox 1703 2841 1845 2886; x_wconf 88' lang='lat' dir='ltr'><strong>esset</strong></span> 
     </span>
    </p>
   </div>
   <div class='ocr_carea' id='block_1_32' title="bbox 245 2918 1844 2990">
    <p class='ocr_par' dir='ltr' id='par_1_32' title="bbox 245 2918 1844 2990">
     <span class='ocr_line' id='line_1_32' title="bbox 245 2918 1844 2990; baseline -0.001 -15"><span class='ocrx_word' id='word_1_220' title='bbox 245 2923 537 2990; x_wconf 70' lang='lat' dir='ltr'><strong>episc0pus</strong></span> <span class='ocrx_word' id='word_1_221' title='bbox 563 2960 577 2983; x_wconf 92' lang='lat'><strong>,</strong></span> <span class='ocrx_word' id='word_1_222' title='bbox 614 2936 718 2974; x_wconf 91' lang='lat' dir='ltr'><strong>non</strong></span> <span class='ocrx_word' id='word_1_223' title='bbox 756 2920 1076 2987; x_wconf 87' lang='lat' dir='ltr'><strong>contempsit</strong></span> <span class='ocrx_word' id='word_1_224' title='bbox 1121 2919 1364 2973; x_wconf 76' lang='lat' dir='ltr'><strong>ecclesia:</strong></span> <span class='ocrx_word' id='word_1_225' title='bbox 1392 2918 1670 2975; x_wconf 88' lang='lat' dir='ltr'><strong>facultates</strong></span> <span class='ocrx_word' id='word_1_226' title='bbox 1694 2961 1709 2985; x_wconf 91' lang='lat'><strong>,</strong></span> <span class='ocrx_word' id='word_1_227' title='bbox 1747 2920 1844 2975; x_wconf 87' lang='lat' dir='ltr'><strong>sed</strong></span> 
     </span>
    </p>
   </div>
   <div class='ocr_carea' id='block_1_33' title="bbox 246 3008 1847 3079">
    <p class='ocr_par' dir='ltr' id='par_1_33' title="bbox 246 3008 1847 3079">
     <span class='ocr_line' id='line_1_33' title="bbox 246 3008 1847 3079; baseline -0.001 -14"><span class='ocrx_word' id='word_1_228' title='bbox 246 3012 564 3066; x_wconf 52' lang='lat' dir='ltr'><strong>ﬁdelissime</strong></span> <span class='ocrx_word' id='word_1_229' title='bbox 608 3010 950 3079; x_wconf 74' lang='lat' dir='ltr'><strong>dispensavit.</strong></span> <span class='ocrx_word' id='word_1_230' title='bbox 1002 3010 1118 3076; x_wconf 89' lang='lat' dir='ltr'><strong>Quo</strong></span> <span class='ocrx_word' id='word_1_231' title='bbox 1155 3008 1294 3064; x_wconf 76' lang='lat' dir='ltr'><strong>facto</strong></span> <span class='ocrx_word' id='word_1_232' title='bbox 1333 3008 1462 3065; x_wconf 90' lang='lat' dir='ltr'><strong>satis</strong></span> <span class='ocrx_word' id='word_1_233' title='bbox 1513 3011 1745 3066; x_wconf 90' lang='lat' dir='ltr'><strong>ostendit</strong></span> <span class='ocrx_word' id='word_1_234' title='bbox 1791 3019 1847 3065; x_wconf 90' lang='lat' dir='ltr'><strong>et</strong></span> 
     </span>
    </p>
   </div>
   <div class='ocr_carea' id='block_1_34' title="bbox 1936 452 3526 521">
    <p class='ocr_par' dir='ltr' id='par_1_34' title="bbox 1936 452 3526 521">
     <span class='ocr_line' id='line_1_34' title="bbox 1936 452 3526 521; baseline 0.002 -15"><span class='ocrx_word' id='word_1_235' title='bbox 1936 455 2184 507; x_wconf 85' lang='lat' dir='ltr'><strong>omnibus</strong></span> <span class='ocrx_word' id='word_1_236' title='bbox 2219 468 2337 521; x_wconf 79' lang='lat' dir='ltr'><strong>quze</strong></span> <span class='ocrx_word' id='word_1_237' title='bbox 2370 452 2670 521; x_wconf 77' lang='lat' dir='ltr'><strong>habebant)</strong></span> <span class='ocrx_word' id='word_1_238' title='bbox 2711 468 2816 507; x_wconf 92' lang='lat' dir='ltr'><strong>non</strong></span> <span class='ocrx_word' id='word_1_239' title='bbox 2846 460 2904 505; x_wconf 91' lang='lat' dir='ltr'><strong>ut</strong></span> <span class='ocrx_word' id='word_1_240' title='bbox 2934 465 3271 520; x_wconf 86' lang='lat' dir='ltr'><strong>possessores</strong></span> <span class='ocrx_word' id='word_1_241' title='bbox 3291 494 3306 517; x_wconf 92' lang='lat'><strong>,</strong></span> <span class='ocrx_word' id='word_1_242' title='bbox 3342 454 3438 507; x_wconf 86' lang='lat' dir='ltr'><strong>sed</strong></span> <span class='ocrx_word' id='word_1_243' title='bbox 3466 465 3526 510; x_wconf 88' lang='lat' dir='ltr'><strong>ut</strong></span> 
     </span>
    </p>
   </div>
   <div class='ocr_carea' id='block_1_35' title="bbox 1936 544 3525 615">
    <p class='ocr_par' dir='ltr' id='par_1_35' title="bbox 1936 544 3525 615">
     <span class='ocr_line' id='line_1_35' title="bbox 1936 544 3525 615; baseline 0.002 -17"><span class='ocrx_word' id='word_1_244' title='bbox 1936 552 2313 615; x_wconf 83' lang='lat' dir='ltr'><strong>procuratores</strong></span> <span class='ocrx_word' id='word_1_245' title='bbox 2354 544 2633 599; x_wconf 86' lang='lat' dir='ltr'><strong>facultates</strong></span> <span class='ocrx_word' id='word_1_246' title='bbox 2659 545 2897 599; x_wconf 76' lang='lat' dir='ltr'><strong>ecclesia:</strong></span> <span class='ocrx_word' id='word_1_247' title='bbox 2934 544 3297 611; x_wconf 79' lang='lat' dir='ltr'><strong>possidebant.</strong></span> <span class='ocrx_word' id='word_1_248' title='bbox 3347 546 3412 599; x_wconf 86' lang='lat' dir='ltr'><strong>Et</strong></span> <span class='ocrx_word' id='word_1_249' title='bbox 3440 546 3525 601; x_wconf 87' lang='lat' dir='ltr'><strong>id-</strong></span> 
     </span>
    </p>
   </div>
   <div class='ocr_carea' id='block_1_36' title="bbox 1934 635 3524 697">
    <p class='ocr_par' dir='ltr' id='par_1_36' title="bbox 1934 635 3524 697">
     <span class='ocr_line' id='line_1_36' title="bbox 1934 635 3524 697; baseline -0.001 -7"><span class='ocrx_word' id='word_1_250' title='bbox 1934 637 2078 690; x_wconf 88' lang='lat' dir='ltr'><strong>circo</strong></span> <span class='ocrx_word' id='word_1_251' title='bbox 2108 636 2336 689; x_wconf 88' lang='lat' dir='ltr'><strong>scientes</strong></span> <span class='ocrx_word' id='word_1_252' title='bbox 2365 636 2497 688; x_wconf 88' lang='lat' dir='ltr'><strong>nihil</strong></span> <span class='ocrx_word' id='word_1_253' title='bbox 2526 636 2670 688; x_wconf 89' lang='lat' dir='ltr'><strong>aliud</strong></span> <span class='ocrx_word' id='word_1_254' title='bbox 2703 650 2823 690; x_wconf 76' lang='lat' dir='ltr'><strong>esse</strong></span> <span class='ocrx_word' id='word_1_255' title='bbox 2852 650 2940 689; x_wconf 91' lang='lat' dir='ltr'><strong>res</strong></span> <span class='ocrx_word' id='word_1_256' title='bbox 2968 635 3208 689; x_wconf 68' lang='lat' dir='ltr'><strong>ecclesite</strong></span> <span class='ocrx_word' id='word_1_257' title='bbox 3227 676 3241 697; x_wconf 87' lang='lat'><strong>,</strong></span> <span class='ocrx_word' id='word_1_258' title='bbox 3274 636 3377 689; x_wconf 88' lang='lat' dir='ltr'><strong>nisi</strong></span> <span class='ocrx_word' id='word_1_259' title='bbox 3402 645 3524 690; x_wconf 88' lang='lat' dir='ltr'><strong>vota</strong></span> 
     </span>
    </p>
   </div>
   <div class='ocr_carea' id='block_1_37' title="bbox 1936 726 3517 796">
    <p class='ocr_par' dir='ltr' id='par_1_37' title="bbox 1936 726 3517 796">
     <span class='ocr_line' id='line_1_37' title="bbox 1936 726 3517 796; baseline 0.001 -17"><span class='ocrx_word' id='word_1_260' title='bbox 1936 727 2189 791; x_wconf 89' lang='lat' dir='ltr'><strong>ﬁdelium,</strong></span> <span class='ocrx_word' id='word_1_261' title='bbox 2220 726 2385 792; x_wconf 88' lang='lat' dir='ltr'><strong>pretia</strong></span> <span class='ocrx_word' id='word_1_262' title='bbox 2419 739 2779 794; x_wconf 76' lang='lat' dir='ltr'><strong>peccatorum,</strong></span> <span class='ocrx_word' id='word_1_263' title='bbox 2806 734 2860 780; x_wconf 92' lang='lat' dir='ltr'><strong>et</strong></span> <span class='ocrx_word' id='word_1_264' title='bbox 2887 736 2923 760; x_wconf 79' lang='grc' dir='ltr'>ω</span> <span class='ocrx_word' id='word_1_265' title='bbox 2952 726 3270 795; x_wconf 70' lang='lat' dir='ltr'><strong>patrimonia</strong></span> <span class='ocrx_word' id='word_1_266' title='bbox 3318 742 3517 796; x_wconf 90' lang='lat' dir='ltr'><strong>paupe-</strong></span> 
     </span>
    </p>
   </div>
   <div class='ocr_carea' id='block_1_38' title="bbox 1935 815 3525 885">
    <p class='ocr_par' dir='ltr' id='par_1_38' title="bbox 1935 815 3525 885">
     <span class='ocr_line' id='line_1_38' title="bbox 1935 815 3525 885; baseline -0.003 -15"><span class='ocrx_word' id='word_1_267' title='bbox 1935 832 2087 879; x_wconf 84' lang='lat' dir='ltr'><strong>rum;</strong></span> <span class='ocrx_word' id='word_1_268' title='bbox 2135 832 2238 870; x_wconf 92' lang='lat' dir='ltr'><strong>non</strong></span> <span class='ocrx_word' id='word_1_269' title='bbox 2274 830 2365 871; x_wconf 91' lang='lat' dir='ltr'><strong>eas</strong></span> <span class='ocrx_word' id='word_1_270' title='bbox 2403 815 2807 870; x_wconf 85' lang='lat' dir='ltr'><strong>vindicaverunt</strong></span> <span class='ocrx_word' id='word_1_271' title='bbox 2854 815 2905 869; x_wconf 93' lang='lat' dir='ltr'><strong>in</strong></span> <span class='ocrx_word' id='word_1_272' title='bbox 2948 831 3074 869; x_wconf 92' lang='lat' dir='ltr'><strong>usus</strong></span> <span class='ocrx_word' id='word_1_273' title='bbox 3115 832 3278 881; x_wconf 88' lang='lat' dir='ltr'><strong>suos,</strong></span> <span class='ocrx_word' id='word_1_274' title='bbox 3312 827 3369 870; x_wconf 93' lang='lat' dir='ltr'><strong>ut</strong></span> <span class='ocrx_word' id='word_1_275' title='bbox 3399 834 3525 885; x_wconf 83' lang='lat' dir='ltr'><strong>pru-</strong></span> 
     </span>
    </p>
   </div>
   <div class='ocr_carea' id='block_1_39' title="bbox 1937 909 3524 977">
    <p class='ocr_par' dir='ltr' id='par_1_39' title="bbox 1937 909 3524 977">
     <span class='ocr_line' id='line_1_39' title="bbox 1937 909 3524 977; baseline -0.003 -14"><span class='ocrx_word' id='word_1_276' title='bbox 1937 911 2081 977; x_wconf 90' lang='lat' dir='ltr'><strong>prias</strong></span> <span class='ocrx_word' id='word_1_277' title='bbox 2107 952 2119 971; x_wconf 86' lang='lat'><strong>,</strong></span> <span class='ocrx_word' id='word_1_278' title='bbox 2156 909 2247 961; x_wconf 83' lang='lat' dir='ltr'><strong>sed</strong></span> <span class='ocrx_word' id='word_1_279' title='bbox 2288 918 2346 962; x_wconf 91' lang='lat' dir='ltr'><strong>ut</strong></span> <span class='ocrx_word' id='word_1_280' title='bbox 2390 909 2789 963; x_wconf 88' lang='lat' dir='ltr'><strong>commendatas</strong></span> <span class='ocrx_word' id='word_1_281' title='bbox 2836 909 3160 976; x_wconf 87' lang='lat' dir='ltr'><strong>pauperibus</strong></span> <span class='ocrx_word' id='word_1_282' title='bbox 3206 910 3524 969; x_wconf 80' lang='lat' dir='ltr'><strong>diviserunt,</strong></span> 
     </span>
    </p>
   </div>
   <div class='ocr_carea' id='block_1_40' title="bbox 1938 1002 3525 1070">
    <p class='ocr_par' dir='ltr' id='par_1_40' title="bbox 1938 1002 3525 1070">
     <span class='ocr_line' id='line_1_40' title="bbox 1938 1002 3525 1070; baseline 0 -13"><span class='ocrx_word' id='word_1_283' title='bbox 1938 1004 2048 1057; x_wconf 73' lang='lat' dir='ltr'><strong>llnc</strong></span> <span class='ocrx_word' id='word_1_284' title='bbox 2076 1016 2155 1057; x_wconf 73' lang='grc' dir='ltr'><strong>εει</strong></span> <span class='ocrx_word' id='word_1_285' title='bbox 2189 1005 2330 1055; x_wconf 90' lang='lat' dir='ltr'><strong>enim</strong></span> <span class='ocrx_word' id='word_1_286' title='bbox 2364 1002 2685 1070; x_wconf 86' lang='lat' dir='ltr'><strong>possidendo</strong></span> <span class='ocrx_word' id='word_1_287' title='bbox 2723 1010 3068 1056; x_wconf 88' lang='lat' dir='ltr'><strong>contemnere</strong></span> <span class='ocrx_word' id='word_1_288' title='bbox 3091 1044 3105 1066; x_wconf 92' lang='lat'><strong>,</strong></span> <span class='ocrx_word' id='word_1_289' title='bbox 3136 1017 3239 1055; x_wconf 91' lang='lat' dir='ltr'><strong>non</strong></span> <span class='ocrx_word' id='word_1_290' title='bbox 3268 1002 3367 1055; x_wconf 74' lang='grc' dir='ltr'><strong>εἰιιί</strong></span> <span class='ocrx_word' id='word_1_291' title='bbox 3387 1047 3401 1069; x_wconf 87' lang='grc'>,</span> <span class='ocrx_word' id='word_1_292' title='bbox 3431 1005 3525 1057; x_wconf 90' lang='lat' dir='ltr'><strong>sed</strong></span> 
     </span>
    </p>
   </div>
   <div class='ocr_carea' id='block_1_41' title="bbox 1937 1092 3526 1161">
    <p class='ocr_par' dir='ltr' id='par_1_41' title="bbox 1937 1092 3526 1161">
     <span class='ocr_line' id='line_1_41' title="bbox 1937 1092 3526 1161; baseline -0.001 -14"><span class='ocrx_word' id='word_1_293' title='bbox 1937 1096 2056 1147; x_wconf 90' lang='lat' dir='ltr'><strong>aliis</strong></span> <span class='ocrx_word' id='word_1_294' title='bbox 2090 1094 2399 1161; x_wconf 89' lang='lat' dir='ltr'><strong>possidere;</strong></span> <span class='ocrx_word' id='word_1_295' title='bbox 2448 1109 2545 1146; x_wconf 88' lang='lat' dir='ltr'><strong>nec</strong></span> <span class='ocrx_word' id='word_1_296' title='bbox 2584 1093 2809 1147; x_wconf 87' lang='lat' dir='ltr'><strong>habendi</strong></span> <span class='ocrx_word' id='word_1_297' title='bbox 2844 1092 3135 1161; x_wconf 86' lang='lat' dir='ltr'><strong>cupiditate</strong></span> <span class='ocrx_word' id='word_1_298' title='bbox 3167 1094 3408 1147; x_wconf 68' lang='lat' dir='ltr'><strong>ecclesiae</strong></span> <span class='ocrx_word' id='word_1_299' title='bbox 3443 1093 3526 1147; x_wconf 89' lang='lat' dir='ltr'><strong>fa-</strong></span> 
     </span>
    </p>
   </div>
   <div class='ocr_carea' id='block_1_42' title="bbox 1938 1185 3525 1252">
    <p class='ocr_par' dir='ltr' id='par_1_42' title="bbox 1938 1185 3525 1252">
     <span class='ocr_line' id='line_1_42' title="bbox 1938 1185 3525 1252; baseline -0.001 -13"><span class='ocrx_word' id='word_1_300' title='bbox 1938 1186 2163 1239; x_wconf 84' lang='lat' dir='ltr'><strong>cultates</strong></span> <span class='ocrx_word' id='word_1_301' title='bbox 2191 1185 2393 1237; x_wconf 87' lang='lat' dir='ltr'><strong>ambire</strong></span> <span class='ocrx_word' id='word_1_302' title='bbox 2420 1225 2434 1246; x_wconf 88' lang='lat'><strong>,</strong></span> <span class='ocrx_word' id='word_1_303' title='bbox 2477 1185 2571 1238; x_wconf 85' lang='lat' dir='ltr'><strong>sed</strong></span> <span class='ocrx_word' id='word_1_304' title='bbox 2598 1200 2689 1239; x_wconf 91' lang='lat' dir='ltr'><strong>eas</strong></span> <span class='ocrx_word' id='word_1_305' title='bbox 2735 1188 2931 1252; x_wconf 91' lang='lat' dir='ltr'><strong>pietate</strong></span> <span class='ocrx_word' id='word_1_306' title='bbox 2970 1185 3319 1238; x_wconf 80' lang='lat' dir='ltr'><strong>subveniendi</strong></span> <span class='ocrx_word' id='word_1_307' title='bbox 3351 1187 3525 1239; x_wconf 88' lang='lat' dir='ltr'><strong>susci-</strong></span> 
     </span>
    </p>
   </div>
   <div class='ocr_carea' id='block_1_43' title="bbox 1941 1275 3527 1346">
    <p class='ocr_par' dir='ltr' id='par_1_43' title="bbox 1941 1275 3527 1346">
     <span class='ocr_line' id='line_1_43' title="bbox 1941 1275 3527 1346; baseline 0 -17"><span class='ocrx_word' id='word_1_308' title='bbox 1941 1291 2087 1346; x_wconf 91' lang='lat' dir='ltr'><strong>pere.</strong></span> <span class='ocrx_word' id='word_1_309' title='bbox 2139 1275 2293 1342; x_wconf 87' lang='lat' dir='ltr'><strong>Quod</strong></span> <span class='ocrx_word' id='word_1_310' title='bbox 2340 1276 2500 1329; x_wconf 87' lang='lat' dir='ltr'><strong>habet</strong></span> <span class='ocrx_word' id='word_1_311' title='bbox 2526 1276 2753 1329; x_wconf 89' lang='lat' dir='ltr'><strong>ecclesia</strong></span> <span class='ocrx_word' id='word_1_312' title='bbox 2779 1318 2793 1341; x_wconf 93' lang='lat'><strong>,</strong></span> <span class='ocrx_word' id='word_1_313' title='bbox 2834 1290 2954 1329; x_wconf 87' lang='lat' dir='ltr'><strong>cum</strong></span> <span class='ocrx_word' id='word_1_314' title='bbox 2988 1276 3235 1328; x_wconf 89' lang='lat' dir='ltr'><strong>omnibus</strong></span> <span class='ocrx_word' id='word_1_315' title='bbox 3266 1275 3399 1329; x_wconf 90' lang='lat' dir='ltr'><strong>nihil</strong></span> <span class='ocrx_word' id='word_1_316' title='bbox 3432 1276 3527 1329; x_wconf 86' lang='lat' dir='ltr'><strong>ha-</strong></span> 
     </span>
    </p>
   </div>
   <div class='ocr_carea' id='block_1_44' title="bbox 1940 1366 3527 1435">
    <p class='ocr_par' dir='ltr' id='par_1_44' title="bbox 1940 1366 3527 1435">
     <span class='ocr_line' id='line_1_44' title="bbox 1940 1366 3527 1435; baseline 0.001 -15"><span class='ocrx_word' id='word_1_317' title='bbox 1940 1366 2192 1420; x_wconf 88' lang='lat' dir='ltr'><strong>bentibus</strong></span> <span class='ocrx_word' id='word_1_318' title='bbox 2236 1366 2394 1419; x_wconf 89' lang='lat' dir='ltr'><strong>habet</strong></span> <span class='ocrx_word' id='word_1_319' title='bbox 2432 1379 2749 1429; x_wconf 87' lang='lat' dir='ltr'><strong>commune,</strong></span> <span class='ocrx_word' id='word_1_320' title='bbox 2793 1382 2891 1420; x_wconf 91' lang='lat' dir='ltr'><strong>nec</strong></span> <span class='ocrx_word' id='word_1_321' title='bbox 2928 1367 3124 1435; x_wconf 89' lang='lat' dir='ltr'><strong>aliquid</strong></span> <span class='ocrx_word' id='word_1_322' title='bbox 3171 1367 3292 1420; x_wconf 84' lang='lat' dir='ltr'><strong>inde</strong></span> <span class='ocrx_word' id='word_1_323' title='bbox 3329 1366 3407 1420; x_wconf 90' lang='lat' dir='ltr'><strong>eis</strong></span> <span class='ocrx_word' id='word_1_324' title='bbox 3436 1367 3527 1434; x_wconf 88' lang='lat' dir='ltr'><strong>qui</strong></span> 
     </span>
    </p>
   </div>
   <div class='ocr_carea' id='block_1_45' title="bbox 1939 1456 3526 1526">
    <p class='ocr_par' dir='ltr' id='par_1_45' title="bbox 1939 1456 3526 1526">
     <span class='ocr_line' id='line_1_45' title="bbox 1939 1456 3526 1526; baseline -0.001 -15"><span class='ocrx_word' id='word_1_325' title='bbox 1939 1457 2039 1511; x_wconf 87' lang='lat' dir='ltr'><strong>sibi</strong></span> <span class='ocrx_word' id='word_1_326' title='bbox 2072 1457 2139 1510; x_wconf 92' lang='lat' dir='ltr'><strong>de</strong></span> <span class='ocrx_word' id='word_1_327' title='bbox 2176 1471 2273 1509; x_wconf 92' lang='lat' dir='ltr'><strong>suo</strong></span> <span class='ocrx_word' id='word_1_328' title='bbox 2313 1456 2587 1511; x_wconf 82' lang='lat' dir='ltr'><strong>sufficiunt</strong></span> <span class='ocrx_word' id='word_1_329' title='bbox 2630 1457 2789 1511; x_wconf 86' lang='lat' dir='ltr'><strong>debet</strong></span> <span class='ocrx_word' id='word_1_330' title='bbox 2835 1472 3056 1525; x_wconf 77' lang='lat' dir='ltr'><strong>erogare</strong></span> <span class='ocrx_word' id='word_1_331' title='bbox 3082 1498 3096 1520; x_wconf 95' lang='lat'><strong>,</strong></span> <span class='ocrx_word' id='word_1_332' title='bbox 3141 1460 3352 1526; x_wconf 87' lang='lat' dir='ltr'><strong>quando</strong></span> <span class='ocrx_word' id='word_1_333' title='bbox 3395 1458 3526 1511; x_wconf 87' lang='lat' dir='ltr'><strong>nihil</strong></span> 
     </span>
    </p>
   </div>
   <div class='ocr_carea' id='block_1_46' title="bbox 1939 1548 3141 1617">
    <p class='ocr_par' dir='ltr' id='par_1_46' title="bbox 1939 1548 3141 1617">
     <span class='ocr_line' id='line_1_46' title="bbox 1939 1548 3141 1617; baseline -0.002 -14"><span class='ocrx_word' id='word_1_334' title='bbox 1939 1548 2085 1603; x_wconf 88' lang='lat' dir='ltr'><strong>aliud</strong></span> <span class='ocrx_word' id='word_1_335' title='bbox 2113 1548 2181 1602; x_wconf 87' lang='lat' dir='ltr'><strong>sit</strong></span> <span class='ocrx_word' id='word_1_336' title='bbox 2210 1548 2524 1603; x_wconf 88' lang='lat' dir='ltr'><strong>habentibus</strong></span> <span class='ocrx_word' id='word_1_337' title='bbox 2551 1550 2680 1603; x_wconf 90' lang='lat' dir='ltr'><strong>dare</strong></span> <span class='ocrx_word' id='word_1_338' title='bbox 2706 1565 2862 1617; x_wconf 91' lang='lat' dir='ltr'><strong>quam</strong></span> <span class='ocrx_word' id='word_1_339' title='bbox 2896 1548 3141 1617; x_wconf 89' lang='lat' dir='ltr'><strong>perdere.</strong></span> 
     </span>
    </p>
   </div>
   <div class='ocr_carea' id='block_1_47' title="bbox 2570 1663 2905 1718">
    <p class='ocr_par' dir='ltr' id='par_1_47' title="bbox 2570 1663 2905 1718">
     <span class='ocr_line' id='line_1_47' title="bbox 2570 1663 2905 1718; baseline -0.003 0"><span class='ocrx_word' id='word_1_340' title='bbox 2570 1663 2798 1718; x_wconf 78' lang='lat' dir='ltr'><strong>CAPUT</strong></span> <span class='ocrx_word' id='word_1_341' title='bbox 2837 1664 2905 1717; x_wconf 80' lang='grc' dir='ltr'><strong>Χ.</strong></span> 
     </span>
    </p>
   </div>
   <div class='ocr_carea' id='block_1_48' title="bbox 1868 1734 3529 1825">
    <p class='ocr_par' dir='ltr' id='par_1_48' title="bbox 1868 1734 3529 1825">
     <span class='ocr_line' id='line_1_48' title="bbox 1868 1734 3529 1825; baseline 0 -14"><span class='ocrx_word' id='word_1_342' title='bbox 1868 1734 1917 1794; x_wconf 77' lang='grc' dir='ltr'><strong>Β</strong></span> <span class='ocrx_word' id='word_1_343' title='bbox 1945 1756 2071 1811; x_wconf 89' lang='lat' dir='ltr'><strong>Cum</strong></span> <span class='ocrx_word' id='word_1_344' title='bbox 2105 1773 2203 1825; x_wconf 89' lang='lat' dir='ltr'><strong>quo</strong></span> <span class='ocrx_word' id='word_1_345' title='bbox 2239 1757 2425 1809; x_wconf 86' lang='lat' dir='ltr'><strong>damno</strong></span> <span class='ocrx_word' id='word_1_346' title='bbox 2451 1758 2635 1808; x_wconf 80' lang='lat' dir='ltr'><strong>anima:</strong></span> <span class='ocrx_word' id='word_1_347' title='bbox 2660 1771 2766 1808; x_wconf 76' lang='lat' dir='ltr'><strong>sua:</strong></span> <span class='ocrx_word' id='word_1_348' title='bbox 2795 1756 2855 1807; x_wconf 89' lang='lat' dir='ltr'><strong>ab</strong></span> <span class='ocrx_word' id='word_1_349' title='bbox 2883 1755 3111 1817; x_wconf 81' lang='lat' dir='ltr'><strong>ecclesia,</strong></span> <span class='ocrx_word' id='word_1_350' title='bbox 3140 1771 3253 1823; x_wconf 74' lang='lat' dir='ltr'><strong>quae</strong></span> <span class='ocrx_word' id='word_1_351' title='bbox 3286 1772 3529 1825; x_wconf 84' lang='lat' dir='ltr'><strong>pauperes</strong></span> 
     </span>
    </p>
   </div>
   <div class='ocr_carea' id='block_1_49' title="bbox 2088 1826 3384 1895">
    <p class='ocr_par' dir='ltr' id='par_1_49' title="bbox 2088 1826 3384 1895">
     <span class='ocr_line' id='line_1_49' title="bbox 2088 1826 3384 1895; baseline -0.001 -15"><span class='ocrx_word' id='word_1_352' title='bbox 2088 1828 2269 1895; x_wconf 88' lang='lat' dir='ltr'><strong>pascit,</strong></span> <span class='ocrx_word' id='word_1_353' title='bbox 2292 1828 2541 1895; x_wconf 77' lang='lat' dir='ltr'><strong>accipiant</strong></span> <span class='ocrx_word' id='word_1_354' title='bbox 2568 1826 2647 1877; x_wconf 83' lang='lat' dir='ltr'><strong>illi</strong></span> <span class='ocrx_word' id='word_1_355' title='bbox 2670 1828 2751 1891; x_wconf 56' lang='lat' dir='ltr'><strong>cui</strong></span> <span class='ocrx_word' id='word_1_356' title='bbox 2782 1826 2877 1877; x_wconf 85' lang='lat' dir='ltr'><strong>sibi</strong></span> <span class='ocrx_word' id='word_1_357' title='bbox 2908 1826 2968 1877; x_wconf 85' lang='lat' dir='ltr'><strong>de</strong></span> <span class='ocrx_word' id='word_1_358' title='bbox 2995 1842 3088 1877; x_wconf 85' lang='lat' dir='ltr'><strong>suo</strong></span> <span class='ocrx_word' id='word_1_359' title='bbox 3109 1827 3384 1893; x_wconf 68' lang='lat' dir='ltr'><strong>suﬁiciunt.</strong></span> 
     </span>
    </p>
   </div>
   <div class='ocr_carea' id='block_1_50' title="bbox 2014 1917 3529 1988">
    <p class='ocr_par' dir='ltr' id='par_1_50' title="bbox 2014 1917 3529 1988">
     <span class='ocr_line' id='line_1_50' title="bbox 2014 1917 3529 1988; baseline -0.002 -13"><span class='ocrx_word' id='word_1_360' title='bbox 2014 1921 2068 1975; x_wconf 76' lang='lat' dir='ltr'><strong>i.</strong></span> <span class='ocrx_word' id='word_1_361' title='bbox 2092 1919 2203 1974; x_wconf 88' lang='lat' dir='ltr'><strong>Nec</strong></span> <span class='ocrx_word' id='word_1_362' title='bbox 2230 1920 2409 1988; x_wconf 92' lang='lat' dir='ltr'><strong>illiqui</strong></span> <span class='ocrx_word' id='word_1_363' title='bbox 2437 1934 2530 1972; x_wconf 90' lang='lat' dir='ltr'><strong>sua</strong></span> <span class='ocrx_word' id='word_1_364' title='bbox 2565 1917 2900 1985; x_wconf 84' lang='lat' dir='ltr'><strong>possidentes</strong></span> <span class='ocrx_word' id='word_1_365' title='bbox 2929 1917 3041 1970; x_wconf 88' lang='lat' dir='ltr'><strong>dari</strong></span> <span class='ocrx_word' id='word_1_366' title='bbox 3074 1917 3173 1970; x_wconf 87' lang='lat' dir='ltr'><strong>sibi</strong></span> <span class='ocrx_word' id='word_1_367' title='bbox 3203 1918 3404 1987; x_wconf 88' lang='lat' dir='ltr'><strong>aliquid</strong></span> <span class='ocrx_word' id='word_1_368' title='bbox 3435 1934 3529 1972; x_wconf 83' lang='lat' dir='ltr'><strong>vo-</strong></span> 
     </span>
    </p>
   </div>
   <div class='ocr_carea' id='block_1_51' title="bbox 1946 2008 3528 2081">
    <p class='ocr_par' dir='ltr' id='par_1_51' title="bbox 1946 2008 3528 2081">
     <span class='ocr_line' id='line_1_51' title="bbox 1946 2008 3528 2081; baseline -0.001 -16"><span class='ocrx_word' id='word_1_369' title='bbox 1946 2012 2061 2067; x_wconf 92' lang='lat' dir='ltr'><strong>lunt</strong></span> <span class='ocrx_word' id='word_1_370' title='bbox 2084 2056 2098 2079; x_wconf 95' lang='lat'><strong>,</strong></span> <span class='ocrx_word' id='word_1_371' title='bbox 2130 2014 2246 2066; x_wconf 91' lang='lat' dir='ltr'><strong>sine</strong></span> <span class='ocrx_word' id='word_1_372' title='bbox 2272 2011 2458 2081; x_wconf 80' lang='lat' dir='ltr'><strong>grandi</strong></span> <span class='ocrx_word' id='word_1_373' title='bbox 2492 2019 2707 2078; x_wconf 76' lang='lat' dir='ltr'><strong>peccato</strong></span> <span class='ocrx_word' id='word_1_374' title='bbox 2734 2024 2831 2063; x_wconf 88' lang='lat' dir='ltr'><strong>suo</strong></span> <span class='ocrx_word' id='word_1_375' title='bbox 2852 2052 2866 2075; x_wconf 92' lang='lat'><strong>,</strong></span> <span class='ocrx_word' id='word_1_376' title='bbox 2894 2017 2921 2043; x_wconf 74' lang='grc' dir='ltr'><strong>η</strong></span> <span class='ocrx_word' id='word_1_377' title='bbox 2955 2008 3095 2061; x_wconf 89' lang='lat' dir='ltr'><strong>unde</strong></span> <span class='ocrx_word' id='word_1_378' title='bbox 3124 2024 3324 2078; x_wconf 78' lang='lat' dir='ltr'><strong>pauper</strong></span> <span class='ocrx_word' id='word_1_379' title='bbox 3356 2013 3528 2065; x_wconf 84' lang='lat' dir='ltr'><strong>victu-</strong></span> 
     </span>
    </p>
   </div>
   <div class='ocr_carea' id='block_1_52' title="bbox 1941 2098 3528 2171">
    <p class='ocr_par' dir='ltr' id='par_1_52' title="bbox 1941 2098 3528 2171">
     <span class='ocr_line' id='line_1_52' title="bbox 1941 2098 3528 2171; baseline -0.004 -12"><span class='ocrx_word' id='word_1_380' title='bbox 1941 2120 2036 2159; x_wconf 86' lang='lat' dir='ltr'><strong>rus</strong></span> <span class='ocrx_word' id='word_1_381' title='bbox 2060 2114 2174 2159; x_wconf 88' lang='lat' dir='ltr'><strong>erat</strong></span> <span class='ocrx_word' id='word_1_382' title='bbox 2195 2103 2479 2171; x_wconf 90' lang='lat' dir='ltr'><strong>accipiunt.</strong></span> <span class='ocrx_word' id='word_1_383' title='bbox 2515 2101 2587 2155; x_wconf 91' lang='lat' dir='ltr'><strong>De</strong></span> <span class='ocrx_word' id='word_1_384' title='bbox 2615 2099 2825 2154; x_wconf 82' lang='lat' dir='ltr'><strong>clericis</strong></span> <span class='ocrx_word' id='word_1_385' title='bbox 2851 2099 3061 2167; x_wconf 90' lang='lat' dir='ltr'><strong>quidem</strong></span> <span class='ocrx_word' id='word_1_386' title='bbox 3086 2098 3214 2152; x_wconf 90' lang='lat' dir='ltr'><strong>dicit</strong></span> <span class='ocrx_word' id='word_1_387' title='bbox 3246 2107 3269 2133; x_wconf 87' lang='grc' dir='ltr'><strong>ο</strong></span> <span class='ocrx_word' id='word_1_388' title='bbox 3297 2099 3528 2166; x_wconf 89' lang='lat' dir='ltr'><strong>Spiritus</strong></span> 
     </span>
    </p>
   </div>
   <div class='ocr_carea' id='block_1_53' title="bbox 1941 2188 3523 2262">
    <p class='ocr_par' dir='ltr' id='par_1_53' title="bbox 1941 2188 3523 2262">
     <span class='ocr_line' id='line_1_53' title="bbox 1941 2188 3523 2262; baseline -0.004 -13"><span class='ocrx_word' id='word_1_389' title='bbox 1941 2206 2160 2250; x_wconf 89' lang='lat' dir='ltr'><strong>sanctus</strong></span> <span class='ocrx_word' id='word_1_390' title='bbox 2195 2212 2209 2249; x_wconf 90' lang='lat'>:</span> <span class='ocrx_word' id='word_1_391' title='bbox 2244 2194 2459 2248; x_wconf 76' lang='lat' dir='ltr'><strong>Pet-rata</strong></span> <span class='ocrx_word' id='word_1_392' title='bbox 2488 2190 2664 2262; x_wconf 85' lang='lat' dir='ltr'><strong>populi</strong></span> <span class='ocrx_word' id='word_1_393' title='bbox 2686 2191 2780 2244; x_wconf 88' lang='lat' dir='ltr'><strong>mei</strong></span> <span class='ocrx_word' id='word_1_394' title='bbox 2810 2201 2836 2238; x_wconf 72' lang='grc' dir='ltr'>Ρ</span> <span class='ocrx_word' id='word_1_395' title='bbox 2862 2190 3129 2243; x_wconf 83' lang='lat' dir='ltr'><strong>comedunt</strong></span> <span class='ocrx_word' id='word_1_396' title='bbox 3161 2189 3314 2261; x_wconf 85' lang='lat' dir='ltr'><strong>(Osee</strong></span> <span class='ocrx_word' id='word_1_397' title='bbox 3340 2205 3412 2252; x_wconf 88' lang='lat' dir='ltr'><strong>tv,</strong></span> <span class='ocrx_word' id='word_1_398' title='bbox 3442 2188 3523 2259; x_wconf 87' lang='lat'><strong>8).</strong></span> 
     </span>
    </p>
   </div>
   <div class='ocr_carea' id='block_1_54' title="bbox 1942 2280 3523 2351">
    <p class='ocr_par' dir='ltr' id='par_1_54' title="bbox 1942 2280 3523 2351">
     <span class='ocr_line' id='line_1_54' title="bbox 1942 2280 3523 2351; baseline -0.004 -10"><span class='ocrx_word' id='word_1_399' title='bbox 1942 2287 2045 2341; x_wconf 87' lang='lat' dir='ltr'><strong>Sed</strong></span> <span class='ocrx_word' id='word_1_400' title='bbox 2071 2287 2207 2341; x_wconf 88' lang='lat' dir='ltr'><strong>sicut</strong></span> <span class='ocrx_word' id='word_1_401' title='bbox 2240 2286 2369 2339; x_wconf 87' lang='lat' dir='ltr'><strong>nihil</strong></span> <span class='ocrx_word' id='word_1_402' title='bbox 2401 2284 2656 2337; x_wconf 89' lang='lat' dir='ltr'><strong>habentes</strong></span> <span class='ocrx_word' id='word_1_403' title='bbox 2687 2284 2955 2351; x_wconf 89' lang='lat' dir='ltr'><strong>proprium</strong></span> <span class='ocrx_word' id='word_1_404' title='bbox 2978 2325 2993 2350; x_wconf 88' lang='lat'><strong>,</strong></span> <span class='ocrx_word' id='word_1_405' title='bbox 3027 2297 3130 2335; x_wconf 91' lang='lat' dir='ltr'><strong>non</strong></span> <span class='ocrx_word' id='word_1_406' title='bbox 3162 2290 3397 2351; x_wconf 84' lang='lat' dir='ltr'><strong>peccata,</strong></span> <span class='ocrx_word' id='word_1_407' title='bbox 3429 2280 3523 2334; x_wconf 88' lang='lat' dir='ltr'><strong>sed</strong></span> 
     </span>
    </p>
   </div>
   <div class='ocr_carea' id='block_1_55' title="bbox 1945 2373 3528 2446">
    <p class='ocr_par' dir='ltr' id='par_1_55' title="bbox 1945 2373 3528 2446">
     <span class='ocr_line' id='line_1_55' title="bbox 1945 2373 3528 2446; baseline -0.004 -15"><span class='ocrx_word' id='word_1_408' title='bbox 1945 2379 2192 2433; x_wconf 88' lang='lat' dir='ltr'><strong>alimenta</strong></span> <span class='ocrx_word' id='word_1_409' title='bbox 2222 2378 2410 2446; x_wconf 89' lang='lat' dir='ltr'><strong>quibus</strong></span> <span class='ocrx_word' id='word_1_410' title='bbox 2433 2376 2668 2444; x_wconf 78' lang='lat' dir='ltr'><strong>indigere</strong></span> <span class='ocrx_word' id='word_1_411' title='bbox 2689 2374 2955 2437; x_wconf 88' lang='lat' dir='ltr'><strong>videntur,</strong></span> <span class='ocrx_word' id='word_1_412' title='bbox 2979 2373 3279 2442; x_wconf 88' lang='lat' dir='ltr'><strong>accipiunt;</strong></span> <span class='ocrx_word' id='word_1_413' title='bbox 3306 2374 3374 2425; x_wconf 91' lang='lat' dir='ltr'><strong>ita</strong></span> <span class='ocrx_word' id='word_1_414' title='bbox 3403 2386 3528 2441; x_wconf 75' lang='lat' dir='ltr'><strong>pas-</strong></span> 
     </span>
    </p>
   </div>
   <div class='ocr_carea' id='block_1_56' title="bbox 1946 2463 3529 2534">
    <p class='ocr_par' dir='ltr' id='par_1_56' title="bbox 1946 2463 3529 2534">
     <span class='ocr_line' id='line_1_56' title="bbox 1946 2463 3529 2534; baseline -0.003 -13"><span class='ocrx_word' id='word_1_415' title='bbox 1946 2482 2187 2522; x_wconf 74' lang='lat' dir='ltr'><strong>sessores</strong></span> <span class='ocrx_word' id='word_1_416' title='bbox 2211 2509 2228 2534; x_wconf 96' lang='lat'><strong>,</strong></span> <span class='ocrx_word' id='word_1_417' title='bbox 2263 2481 2366 2520; x_wconf 93' lang='lat' dir='ltr'><strong>non</strong></span> <span class='ocrx_word' id='word_1_418' title='bbox 2398 2467 2650 2520; x_wconf 85' lang='lat' dir='ltr'><strong>alimenta</strong></span> <span class='ocrx_word' id='word_1_419' title='bbox 2683 2465 2873 2534; x_wconf 89' lang='lat' dir='ltr'><strong>quibus</strong></span> <span class='ocrx_word' id='word_1_420' title='bbox 2911 2463 3201 2529; x_wconf 89' lang='lat' dir='ltr'><strong>abundant,</strong></span> <span class='ocrx_word' id='word_1_421' title='bbox 3232 2463 3324 2518; x_wconf 91' lang='lat' dir='ltr'><strong>sed</strong></span> <span class='ocrx_word' id='word_1_422' title='bbox 3355 2464 3529 2518; x_wconf 86' lang='lat' dir='ltr'><strong>aliena</strong></span> 
     </span>
    </p>
   </div>
   <div class='ocr_carea' id='block_1_57' title="bbox 1945 2557 3531 2630">
    <p class='ocr_par' dir='ltr' id='par_1_57' title="bbox 1945 2557 3531 2630">
     <span class='ocr_line' id='line_1_57' title="bbox 1945 2557 3531 2630; baseline -0.004 -15"><span class='ocrx_word' id='word_1_423' title='bbox 1945 2569 2160 2630; x_wconf 89' lang='lat' dir='ltr'><strong>peccata</strong></span> <span class='ocrx_word' id='word_1_424' title='bbox 2193 2560 2509 2626; x_wconf 91' lang='lat' dir='ltr'><strong>suscipiunt.</strong></span> <span class='ocrx_word' id='word_1_425' title='bbox 2561 2557 2663 2625; x_wconf 91' lang='lat' dir='ltr'><strong>Ipsi</strong></span> <span class='ocrx_word' id='word_1_426' title='bbox 2695 2573 2764 2625; x_wconf 89' lang='lat' dir='ltr'><strong>qtt</strong></span> <span class='ocrx_word' id='word_1_427' title='bbox 2802 2572 2904 2625; x_wconf 89' lang='lat' dir='ltr'><strong>que</strong></span> <span class='ocrx_word' id='word_1_428' title='bbox 2933 2571 3213 2625; x_wconf 78' lang='lat' dir='ltr'><strong>pauperes,</strong></span> <span class='ocrx_word' id='word_1_429' title='bbox 3242 2558 3285 2610; x_wconf 91' lang='lat' dir='ltr'><strong>si</strong></span> <span class='ocrx_word' id='word_1_430' title='bbox 3315 2572 3373 2612; x_wconf 86' lang='lat' dir='ltr'><strong>se</strong></span> <span class='ocrx_word' id='word_1_431' title='bbox 3407 2571 3531 2624; x_wconf 82' lang='lat' dir='ltr'><strong>pos-</strong></span> 
     </span>
    </p>
   </div>
   <div class='ocr_carea' id='block_1_58' title="bbox 1947 2648 3531 2717">
    <p class='ocr_par' dir='ltr' id='par_1_58' title="bbox 1947 2648 3531 2717">
     <span class='ocr_line' id='line_1_58' title="bbox 1947 2648 3531 2717; baseline -0.004 -9"><span class='ocrx_word' id='word_1_432' title='bbox 1947 2663 2073 2708; x_wconf 88' lang='lat' dir='ltr'><strong>sunt</strong></span> <span class='ocrx_word' id='word_1_433' title='bbox 2102 2654 2213 2706; x_wconf 92' lang='lat' dir='ltr'><strong>suis</strong></span> <span class='ocrx_word' id='word_1_434' title='bbox 2242 2651 2482 2706; x_wconf 89' lang='lat' dir='ltr'><strong>artiﬁciis</strong></span> <span class='ocrx_word' id='word_1_435' title='bbox 2511 2660 2602 2704; x_wconf 91' lang='lat' dir='ltr'><strong>aut</strong></span> <span class='ocrx_word' id='word_1_436' title='bbox 2632 2649 2902 2703; x_wconf 87' lang='lat' dir='ltr'><strong>laboribus</strong></span> <span class='ocrx_word' id='word_1_437' title='bbox 2928 2648 3183 2717; x_wconf 80' lang='lat' dir='ltr'><strong>expedire</strong></span> <span class='ocrx_word' id='word_1_438' title='bbox 3208 2692 3222 2716; x_wconf 93' lang='lat'><strong>,</strong></span> <span class='ocrx_word' id='word_1_439' title='bbox 3256 2663 3360 2702; x_wconf 92' lang='lat' dir='ltr'><strong>non</strong></span> <span class='ocrx_word' id='word_1_440' title='bbox 3394 2663 3531 2717; x_wconf 78' lang='lat' dir='ltr'><strong>pra:-</strong></span> 
     </span>
    </p>
   </div>
   <div class='ocr_carea' id='block_1_59' title="bbox 1948 2744 3533 2814">
    <p class='ocr_par' dir='ltr' id='par_1_59' title="bbox 1948 2744 3533 2814">
     <span class='ocr_line' id='line_1_59' title="bbox 1948 2744 3533 2814; baseline 0 -14"><span class='ocrx_word' id='word_1_441' title='bbox 1948 2756 2161 2800; x_wconf 90' lang='lat' dir='ltr'><strong>sumant</strong></span> <span class='ocrx_word' id='word_1_442' title='bbox 2188 2746 2325 2814; x_wconf 89' lang='lat' dir='ltr'><strong>quod</strong></span> <span class='ocrx_word' id='word_1_443' title='bbox 2374 2746 2533 2800; x_wconf 87' lang='lat' dir='ltr'><strong>debet</strong></span> <span class='ocrx_word' id='word_1_444' title='bbox 2558 2745 2749 2800; x_wconf 87' lang='lat' dir='ltr'><strong>debilis</strong></span> <span class='ocrx_word' id='word_1_445' title='bbox 2777 2753 2865 2797; x_wconf 92' lang='lat' dir='ltr'><strong>aut</strong></span> <span class='ocrx_word' id='word_1_446' title='bbox 2896 2744 3135 2798; x_wconf 88' lang='lat' dir='ltr'><strong>inﬁrmus</strong></span> <span class='ocrx_word' id='word_1_447' title='bbox 3165 2744 3429 2812; x_wconf 90' lang='lat' dir='ltr'><strong>accipere,</strong></span> <span class='ocrx_word' id='word_1_448' title='bbox 3463 2760 3533 2800; x_wconf 89' lang='lat' dir='ltr'><strong>ne</strong></span> 
     </span>
    </p>
   </div>
   <div class='ocr_carea' id='block_1_60' title="bbox 1950 2834 3531 2904">
    <p class='ocr_par' dir='ltr' id='par_1_60' title="bbox 1950 2834 3531 2904">
     <span class='ocr_line' id='line_1_60' title="bbox 1950 2834 3531 2904; baseline 0 -14"><span class='ocrx_word' id='word_1_449' title='bbox 1950 2836 2088 2891; x_wconf 87' lang='lat' dir='ltr'><strong>forte</strong></span> <span class='ocrx_word' id='word_1_450' title='bbox 2116 2836 2363 2900; x_wconf 90' lang='lat' dir='ltr'><strong>ecclesia,</strong></span> <span class='ocrx_word' id='word_1_451' title='bbox 2397 2850 2516 2904; x_wconf 77' lang='lat' dir='ltr'><strong>qua:</strong></span> <span class='ocrx_word' id='word_1_452' title='bbox 2543 2845 2715 2903; x_wconf 88' lang='lat' dir='ltr'><strong>potest</strong></span> <span class='ocrx_word' id='word_1_453' title='bbox 2740 2834 2884 2887; x_wconf 86' lang='lat' dir='ltr'><strong>omni</strong></span> <span class='ocrx_word' id='word_1_454' title='bbox 2912 2834 3103 2887; x_wconf 85' lang='lat' dir='ltr'><strong>solatio</strong></span> <span class='ocrx_word' id='word_1_455' title='bbox 3131 2834 3401 2889; x_wconf 75' lang='lat' dir='ltr'><strong>destitutis</strong></span> <span class='ocrx_word' id='word_1_456' title='bbox 3432 2852 3531 2890; x_wconf 91' lang='lat' dir='ltr'><strong>ne-</strong></span> 
     </span>
    </p>
   </div>
   <div class='ocr_carea' id='block_1_61' title="bbox 1950 2925 3532 2993">
    <p class='ocr_par' dir='ltr' id='par_1_61' title="bbox 1950 2925 3532 2993">
     <span class='ocr_line' id='line_1_61' title="bbox 1950 2925 3532 2993; baseline 0.001 -12"><span class='ocrx_word' id='word_1_457' title='bbox 1950 2926 2177 2982; x_wconf 86' lang='lat' dir='ltr'><strong>cessaria</strong></span> <span class='ocrx_word' id='word_1_458' title='bbox 2210 2925 2513 2980; x_wconf 88' lang='lat' dir='ltr'><strong>ministrare</strong></span> <span class='ocrx_word' id='word_1_459' title='bbox 2536 2966 2550 2988; x_wconf 87' lang='lat'><strong>,</strong></span> <span class='ocrx_word' id='word_1_460' title='bbox 2581 2926 2626 2979; x_wconf 87' lang='lat' dir='ltr'><strong>si</strong></span> <span class='ocrx_word' id='word_1_461' title='bbox 2666 2940 2853 2979; x_wconf 93' lang='lat' dir='ltr'><strong>omnes</strong></span> <span class='ocrx_word' id='word_1_462' title='bbox 2875 2926 3035 2979; x_wconf 88' lang='lat' dir='ltr'><strong>etiam</strong></span> <span class='ocrx_word' id='word_1_463' title='bbox 3068 2925 3200 2978; x_wconf 90' lang='lat' dir='ltr'><strong>nihil</strong></span> <span class='ocrx_word' id='word_1_464' title='bbox 3233 2926 3532 2993; x_wconf 77' lang='lat' dir='ltr'><strong>indigentes</strong></span> 
     </span>
    </p>
   </div>
   <div class='ocr_carea' id='block_1_62' title="bbox 1950 3013 3530 3084">
    <p class='ocr_par' dir='ltr' id='par_1_62' title="bbox 1950 3013 3530 3084">
     <span class='ocr_line' id='line_1_62' title="bbox 1950 3013 3530 3084; baseline 0.001 -15"><span class='ocrx_word' id='word_1_465' title='bbox 1950 3016 2237 3082; x_wconf 87' lang='lat' dir='ltr'><strong>accipiant,</strong></span> <span class='ocrx_word' id='word_1_466' title='bbox 2268 3023 2482 3083; x_wconf 87' lang='lat' dir='ltr'><strong>gravata</strong></span> <span class='ocrx_word' id='word_1_467' title='bbox 2508 3054 2523 3081; x_wconf 94' lang='lat'><strong>,</strong></span> <span class='ocrx_word' id='word_1_468' title='bbox 2553 3014 2657 3067; x_wconf 93' lang='lat' dir='ltr'><strong>illis</strong></span> <span class='ocrx_word' id='word_1_469' title='bbox 2683 3013 2876 3084; x_wconf 90' lang='lat' dir='ltr'><strong>quibus</strong></span> <span class='ocrx_word' id='word_1_470' title='bbox 2901 3013 3081 3079; x_wconf 89' lang='lat' dir='ltr'><strong>debet,</strong></span> <span class='ocrx_word' id='word_1_471' title='bbox 3114 3014 3397 3069; x_wconf 87' lang='lat' dir='ltr'><strong>subvenire</strong></span> <span class='ocrx_word' id='word_1_472' title='bbox 3425 3032 3530 3071; x_wconf 93' lang='lat' dir='ltr'><strong>non</strong></span> 
     </span>
    </p>
   </div>
   <div class='ocr_carea' id='block_1_63' title="bbox 245 3100 2143 3172">
    <p class='ocr_par' dir='ltr' id='par_1_63' title="bbox 245 3100 2143 3172">
     <span class='ocr_line' id='line_1_63' title="bbox 245 3100 2143 3172; baseline 0.001 -17"><span class='ocrx_word' id='word_1_473' title='bbox 245 3103 471 3172; x_wconf 87' lang='lat' dir='ltr'><strong>propria</strong></span> <span class='ocrx_word' id='word_1_474' title='bbox 517 3102 714 3155; x_wconf 74' lang='lat' dir='ltr'><strong>debere</strong></span> <span class='ocrx_word' id='word_1_475' title='bbox 762 3112 976 3170; x_wconf 89' lang='lat' dir='ltr'><strong>propter</strong></span> <span class='ocrx_word' id='word_1_476' title='bbox 1015 3100 1394 3169; x_wconf 84' lang='lat' dir='ltr'><strong>perfectionem</strong></span> <span class='ocrx_word' id='word_1_477' title='bbox 1438 3105 1704 3157; x_wconf 70' lang='lat' dir='ltr'><strong>contemni</strong></span> <span class='ocrx_word' id='word_1_478' title='bbox 1733 3144 1748 3169; x_wconf 93' lang='lat'><strong>,</strong></span> <span class='ocrx_word' id='word_1_479' title='bbox 1790 3112 1843 3159; x_wconf 91' lang='lat' dir='ltr'><strong>et</strong></span> <span class='ocrx_word' id='word_1_480' title='bbox 1870 3107 1917 3170; x_wconf 83' lang='lat' dir='ltr'>C</span> <span class='ocrx_word' id='word_1_481' title='bbox 1948 3106 2143 3160; x_wconf 87' lang='lat' dir='ltr'><strong>valeat.</strong></span> 
     </span>
    </p>
   </div>
   <div class='ocr_carea' id='block_1_64' title="bbox 245 3190 1841 3262">
    <p class='ocr_par' dir='ltr' id='par_1_64' title="bbox 245 3190 1841 3262">
     <span class='ocr_line' id='line_1_64' title="bbox 245 3190 1841 3262; baseline 0 -15"><span class='ocrx_word' id='word_1_482' title='bbox 245 3197 364 3247; x_wconf 81' lang='lat' dir='ltr'><strong>sine</strong></span> <span class='ocrx_word' id='word_1_483' title='bbox 398 3190 781 3259; x_wconf 90' lang='lat' dir='ltr'><strong>impedimento</strong></span> <span class='ocrx_word' id='word_1_484' title='bbox 806 3190 1145 3260; x_wconf 87' lang='lat' dir='ltr'><strong>perfectionis</strong></span> <span class='ocrx_word' id='word_1_485' title='bbox 1171 3206 1328 3261; x_wconf 90' lang='lat' dir='ltr'><strong>posse</strong></span> <span class='ocrx_word' id='word_1_486' title='bbox 1352 3190 1376 3228; x_wconf 69' lang='grc' dir='ltr'>δ</span> <span class='ocrx_word' id='word_1_487' title='bbox 1404 3208 1522 3262; x_wconf 74' lang='lat' dir='ltr'><strong>qua:</strong></span> <span class='ocrx_word' id='word_1_488' title='bbox 1546 3202 1670 3246; x_wconf 92' lang='lat' dir='ltr'><strong>sunt</strong></span> <span class='ocrx_word' id='word_1_489' title='bbox 1692 3208 1841 3247; x_wconf 92' lang='lat' dir='ltr'><strong>com-</strong></span> 
     </span>
    </p>
   </div>
   <div class='ocr_carea' id='block_1_65' title="bbox 246 3282 1845 3351">
    <p class='ocr_par' dir='ltr' id='par_1_65' title="bbox 246 3282 1845 3351">
     <span class='ocr_line' id='line_1_65' title="bbox 246 3282 1845 3351; baseline -0.001 -12"><span class='ocrx_word' id='word_1_490' title='bbox 246 3286 433 3339; x_wconf 90' lang='lat' dir='ltr'><strong>munia</strong></span> <span class='ocrx_word' id='word_1_491' title='bbox 492 3283 733 3337; x_wconf 66' lang='lat' dir='ltr'><strong>ecclesia:</strong></span> <span class='ocrx_word' id='word_1_492' title='bbox 785 3282 1069 3351; x_wconf 80' lang='lat' dir='ltr'><strong>possideri.</strong></span> <span class='ocrx_word' id='word_1_493' title='bbox 1122 3283 1261 3350; x_wconf 85' lang='lat' dir='ltr'><strong>Quid</strong></span> <span class='ocrx_word' id='word_1_494' title='bbox 1309 3294 1526 3338; x_wconf 90' lang='lat' dir='ltr'><strong>sanctus</strong></span> <span class='ocrx_word' id='word_1_495' title='bbox 1567 3284 1845 3338; x_wconf 78' lang='lat' dir='ltr'><strong>llilarius?</strong></span> 
     </span>
    </p>
   </div>
   <div class='ocr_carea' id='block_1_66' title="bbox 247 3371 1845 3442">
    <p class='ocr_par' dir='ltr' id='par_1_66' title="bbox 247 3371 1845 3442">
     <span class='ocr_line' id='line_1_66' title="bbox 247 3371 1845 3442; baseline -0.001 -14"><span class='ocrx_word' id='word_1_496' title='bbox 247 3388 434 3428; x_wconf 87' lang='lat' dir='ltr'><strong>nonne</strong></span> <span class='ocrx_word' id='word_1_497' title='bbox 461 3383 518 3428; x_wconf 90' lang='lat' dir='ltr'><strong>et</strong></span> <span class='ocrx_word' id='word_1_498' title='bbox 546 3372 658 3442; x_wconf 91' lang='lat' dir='ltr'><strong>ipse</strong></span> <span class='ocrx_word' id='word_1_499' title='bbox 683 3377 859 3425; x_wconf 88' lang='lat' dir='ltr'><strong>omnia</strong></span> <span class='ocrx_word' id='word_1_500' title='bbox 896 3371 907 3408; x_wconf 83' lang='grc' dir='ltr'><strong>ί</strong></span> <span class='ocrx_word' id='word_1_501' title='bbox 948 3373 1082 3425; x_wconf 90' lang='lat' dir='ltr'><strong>bona</strong></span> <span class='ocrx_word' id='word_1_502' title='bbox 1113 3388 1207 3427; x_wconf 89' lang='lat' dir='ltr'><strong>sua</strong></span> <span class='ocrx_word' id='word_1_503' title='bbox 1247 3381 1339 3427; x_wconf 92' lang='lat' dir='ltr'><strong>aut</strong></span> <span class='ocrx_word' id='word_1_504' title='bbox 1369 3376 1383 3423; x_wconf 90' lang='lat' dir='ltr'><strong>l</strong></span> <span class='ocrx_word' id='word_1_505' title='bbox 1423 3388 1533 3442; x_wconf 71' lang='lat' dir='ltr'><strong>par.</strong></span> <span class='ocrx_word' id='word_1_506' title='bbox 1554 3373 1731 3427; x_wconf 91' lang='lat' dir='ltr'><strong>ntibus</strong></span> <span class='ocrx_word' id='word_1_507' title='bbox 1760 3388 1845 3427; x_wconf 90' lang='lat' dir='ltr'><strong>re-</strong></span> 
     </span>
    </p>
   </div>
   <div class='ocr_carea' id='block_1_67' title="bbox 245 3462 1841 3534">
    <p class='ocr_par' dir='ltr' id='par_1_67' title="bbox 245 3462 1841 3534">
     <span class='ocr_line' id='line_1_67' title="bbox 245 3462 1841 3534; baseline -0.003 -13"><span class='ocrx_word' id='word_1_508' title='bbox 245 3465 448 3534; x_wconf 87' lang='lat' dir='ltr'><strong>liquit,</strong></span> <span class='ocrx_word' id='word_1_509' title='bbox 480 3472 572 3517; x_wconf 87' lang='lat' dir='ltr'><strong>aut</strong></span> <span class='ocrx_word' id='word_1_510' title='bbox 612 3462 823 3517; x_wconf 85' lang='lat' dir='ltr'><strong>vendita</strong></span> <span class='ocrx_word' id='word_1_511' title='bbox 875 3464 1193 3532; x_wconf 82' lang='lat' dir='ltr'><strong>pauperibus</strong></span> <span class='ocrx_word' id='word_1_512' title='bbox 1242 3463 1520 3533; x_wconf 78' lang='lat' dir='ltr'><strong>erogavit?</strong></span> <span class='ocrx_word' id='word_1_513' title='bbox 1568 3463 1615 3516; x_wconf 84' lang='lat' dir='ltr'><strong>is</strong></span> <span class='ocrx_word' id='word_1_514' title='bbox 1666 3473 1841 3518; x_wconf 89' lang='lat' dir='ltr'><strong>tamen</strong></span> 
     </span>
    </p>
   </div>
   <div class='ocr_carea' id='block_1_68' title="bbox 249 3553 1845 3623">
    <p class='ocr_par' dir='ltr' id='par_1_68' title="bbox 249 3553 1845 3623">
     <span class='ocr_line' id='line_1_68' title="bbox 249 3553 1845 3623; baseline -0.001 -12"><span class='ocrx_word' id='word_1_515' title='bbox 249 3574 374 3611; x_wconf 88' lang='lat' dir='ltr'><strong>cum</strong></span> <span class='ocrx_word' id='word_1_516' title='bbox 422 3557 616 3610; x_wconf 89' lang='lat' dir='ltr'><strong>merito</strong></span> <span class='ocrx_word' id='word_1_517' title='bbox 666 3553 1007 3623; x_wconf 84' lang='lat' dir='ltr'><strong>perfectionis</strong></span> <span class='ocrx_word' id='word_1_518' title='bbox 1052 3570 1164 3609; x_wconf 67' lang='lat' dir='ltr'><strong>sua:</strong></span> <span class='ocrx_word' id='word_1_519' title='bbox 1206 3554 1356 3610; x_wconf 87' lang='lat' dir='ltr'><strong>ﬁeret</strong></span> <span class='ocrx_word' id='word_1_520' title='bbox 1394 3556 1632 3610; x_wconf 66' lang='lat' dir='ltr'><strong>ecclesiae</strong></span> <span class='ocrx_word' id='word_1_521' title='bbox 1659 3556 1845 3610; x_wconf 85' lang='lat' dir='ltr'><strong>Arela-</strong></span> 
     </span>
    </p>
   </div>
   <div class='ocr_carea' id='block_1_69' title="bbox 251 3647 1842 3718">
    <p class='ocr_par' dir='ltr' id='par_1_69' title="bbox 251 3647 1842 3718">
     <span class='ocr_line' id='line_1_69' title="bbox 251 3647 1842 3718; baseline 0.001 -14"><span class='ocrx_word' id='word_1_522' title='bbox 251 3649 427 3705; x_wconf 87' lang='lat' dir='ltr'><strong>tensis</strong></span> <span class='ocrx_word' id='word_1_523' title='bbox 450 3649 766 3718; x_wconf 88' lang='lat' dir='ltr'><strong>episcopus,</strong></span> <span class='ocrx_word' id='word_1_524' title='bbox 795 3648 933 3717; x_wconf 91' lang='lat' dir='ltr'><strong>quod</strong></span> <span class='ocrx_word' id='word_1_525' title='bbox 959 3647 1046 3701; x_wconf 89' lang='lat' dir='ltr'><strong>illa</strong></span> <span class='ocrx_word' id='word_1_526' title='bbox 1077 3657 1203 3702; x_wconf 91' lang='lat' dir='ltr'><strong>tunc</strong></span> <span class='ocrx_word' id='word_1_527' title='bbox 1232 3648 1461 3703; x_wconf 86' lang='lat' dir='ltr'><strong>habebat</strong></span> <span class='ocrx_word' id='word_1_528' title='bbox 1486 3650 1708 3705; x_wconf 86' lang='lat' dir='ltr'><strong>ecclesia</strong></span> <span class='ocrx_word' id='word_1_529' title='bbox 1737 3666 1842 3705; x_wconf 91' lang='lat' dir='ltr'><strong>non</strong></span> 
     </span>
    </p>
   </div>
   <div class='ocr_carea' id='block_1_70' title="bbox 251 3740 1845 3809">
    <p class='ocr_par' dir='ltr' id='par_1_70' title="bbox 251 3740 1845 3809">
     <span class='ocr_line' id='line_1_70' title="bbox 251 3740 1845 3809; baseline 0.001 -13"><span class='ocrx_word' id='word_1_530' title='bbox 251 3744 429 3796; x_wconf 85' lang='lat' dir='ltr'><strong>solum</strong></span> <span class='ocrx_word' id='word_1_531' title='bbox 473 3740 744 3807; x_wconf 86' lang='lat' dir='ltr'><strong>possedit,</strong></span> <span class='ocrx_word' id='word_1_532' title='bbox 784 3740 877 3793; x_wconf 89' lang='lat' dir='ltr'><strong>sed</strong></span> <span class='ocrx_word' id='word_1_533' title='bbox 916 3740 1075 3793; x_wconf 86' lang='lat' dir='ltr'><strong>etiam</strong></span> <span class='ocrx_word' id='word_1_534' title='bbox 1107 3741 1339 3809; x_wconf 89' lang='lat' dir='ltr'><strong>acceptis</strong></span> <span class='ocrx_word' id='word_1_535' title='bbox 1384 3740 1617 3796; x_wconf 88' lang='lat' dir='ltr'><strong>ﬁdelium</strong></span> <span class='ocrx_word' id='word_1_536' title='bbox 1657 3758 1845 3799; x_wconf 86' lang='lat' dir='ltr'><strong>nume-</strong></span> 
     </span>
    </p>
   </div>
   <div class='ocr_carea' id='block_1_71' title="bbox 250 3830 1838 3904">
    <p class='ocr_par' dir='ltr' id='par_1_71' title="bbox 250 3830 1838 3904">
     <span class='ocr_line' id='line_1_71' title="bbox 250 3830 1838 3904; baseline 0.001 -17"><span class='ocrx_word' id='word_1_537' title='bbox 250 3833 394 3888; x_wconf 84' lang='lat' dir='ltr'><strong>rosis</strong></span> <span class='ocrx_word' id='word_1_538' title='bbox 434 3831 839 3885; x_wconf 77' lang='lat' dir='ltr'><strong>hzereditatibus</strong></span> <span class='ocrx_word' id='word_1_539' title='bbox 882 3830 1176 3900; x_wconf 84' lang='lat' dir='ltr'><strong>amplavit.</strong></span> <span class='ocrx_word' id='word_1_540' title='bbox 1220 3832 1309 3885; x_wconf 76' lang='lat' dir='ltr'><strong>Isti</strong></span> <span class='ocrx_word' id='word_1_541' title='bbox 1340 3848 1469 3903; x_wconf 88' lang='lat' dir='ltr'><strong>ergo</strong></span> <span class='ocrx_word' id='word_1_542' title='bbox 1517 3843 1621 3887; x_wconf 90' lang='lat' dir='ltr'><strong>tam</strong></span> <span class='ocrx_word' id='word_1_543' title='bbox 1651 3837 1838 3904; x_wconf 82' lang='lat' dir='ltr'><strong>sancti,</strong></span> 
     </span>
    </p>
   </div>
   <div class='ocr_carea' id='block_1_72' title="bbox 252 3922 1844 3993">
    <p class='ocr_par' dir='ltr' id='par_1_72' title="bbox 252 3922 1844 3993">
     <span class='ocr_line' id='line_1_72' title="bbox 252 3922 1844 3993; baseline 0.001 -14"><span class='ocrx_word' id='word_1_544' title='bbox 252 3935 305 3981; x_wconf 87' lang='lat' dir='ltr'><strong>et</strong></span> <span class='ocrx_word' id='word_1_545' title='bbox 333 3932 443 3977; x_wconf 83' lang='lat' dir='ltr'><strong>tam</strong></span> <span class='ocrx_word' id='word_1_546' title='bbox 483 3923 703 3993; x_wconf 87' lang='lat' dir='ltr'><strong>perfecti</strong></span> <span class='ocrx_word' id='word_1_547' title='bbox 738 3923 1016 3991; x_wconf 87' lang='lat' dir='ltr'><strong>pontiﬁces</strong></span> <span class='ocrx_word' id='word_1_548' title='bbox 1052 3922 1206 3978; x_wconf 88' lang='lat' dir='ltr'><strong>factis</strong></span> <span class='ocrx_word' id='word_1_549' title='bbox 1243 3925 1575 3980; x_wconf 89' lang='lat' dir='ltr'><strong>evidentibus</strong></span> <span class='ocrx_word' id='word_1_550' title='bbox 1613 3928 1844 3982; x_wconf 83' lang='lat' dir='ltr'><strong>clamant</strong></span> 
     </span>
    </p>
   </div>
   <div class='ocr_carea' id='block_1_73' title="bbox 252 4016 1846 4089">
    <p class='ocr_par' dir='ltr' id='par_1_73' title="bbox 252 4016 1846 4089">
     <span class='ocr_line' id='line_1_73' title="bbox 252 4016 1846 4089; baseline 0.001 -17"><span class='ocrx_word' id='word_1_551' title='bbox 252 4032 419 4087; x_wconf 90' lang='lat' dir='ltr'><strong>posse</strong></span> <span class='ocrx_word' id='word_1_552' title='bbox 440 4026 496 4071; x_wconf 91' lang='lat' dir='ltr'><strong>et</strong></span> <span class='ocrx_word' id='word_1_553' title='bbox 523 4016 718 4071; x_wconf 86' lang='lat' dir='ltr'><strong>debere</strong></span> <span class='ocrx_word' id='word_1_554' title='bbox 742 4016 853 4070; x_wconf 82' lang='lat' dir='ltr'><strong>fieri</strong></span> <span class='ocrx_word' id='word_1_555' title='bbox 878 4016 1017 4086; x_wconf 90' lang='lat' dir='ltr'><strong>quod</strong></span> <span class='ocrx_word' id='word_1_556' title='bbox 1047 4016 1307 4071; x_wconf 89' lang='lat' dir='ltr'><strong>fecerunt.</strong></span> <span class='ocrx_word' id='word_1_557' title='bbox 1341 4018 1439 4083; x_wconf 86' lang='lat' dir='ltr'><strong>Qui</strong></span> <span class='ocrx_word' id='word_1_558' title='bbox 1470 4019 1648 4089; x_wconf 90' lang='lat' dir='ltr'><strong>utique</strong></span> <span class='ocrx_word' id='word_1_559' title='bbox 1674 4019 1846 4075; x_wconf 87' lang='lat' dir='ltr'><strong>homi-</strong></span> 
     </span>
    </p>
   </div>
   <div class='ocr_carea' id='block_1_74' title="bbox 251 4107 1845 4176">
    <p class='ocr_par' dir='ltr' id='par_1_74' title="bbox 251 4107 1845 4176">
     <span class='ocr_line' id='line_1_74' title="bbox 251 4107 1845 4176; baseline 0.001 -13"><span class='ocrx_word' id='word_1_560' title='bbox 251 4123 352 4164; x_wconf 88' lang='lat' dir='ltr'><strong>nes</strong></span> <span class='ocrx_word' id='word_1_561' title='bbox 376 4118 486 4162; x_wconf 87' lang='lat' dir='ltr'><strong>tam</strong></span> <span class='ocrx_word' id='word_1_562' title='bbox 514 4107 847 4162; x_wconf 55' lang='lat' dir='ltr'><strong>saecularium</strong></span> <span class='ocrx_word' id='word_1_563' title='bbox 880 4122 1038 4176; x_wconf 90' lang='lat' dir='ltr'><strong>quam</strong></span> <span class='ocrx_word' id='word_1_564' title='bbox 1068 4107 1369 4161; x_wconf 87' lang='lat' dir='ltr'><strong>divinarum</strong></span> <span class='ocrx_word' id='word_1_565' title='bbox 1400 4109 1696 4163; x_wconf 88' lang='lat' dir='ltr'><strong>litterarum</strong></span> <span class='ocrx_word' id='word_1_566' title='bbox 1728 4113 1845 4165; x_wconf 79' lang='lat' dir='ltr'><strong>sine</strong></span> 
     </span>
    </p>
   </div>
   <div class='ocr_carea' id='block_1_75' title="bbox 252 4197 1845 4268">
    <p class='ocr_par' dir='ltr' id='par_1_75' title="bbox 252 4197 1845 4268">
     <span class='ocr_line' id='line_1_75' title="bbox 252 4197 1845 4268; baseline 0.003 -17"><span class='ocrx_word' id='word_1_567' title='bbox 252 4199 605 4268; x_wconf 77' lang='lat' dir='ltr'><strong>ambiguitate</strong></span> <span class='ocrx_word' id='word_1_568' title='bbox 631 4197 945 4262; x_wconf 88' lang='lat' dir='ltr'><strong>doctissimi,</strong></span> <span class='ocrx_word' id='word_1_569' title='bbox 975 4197 1018 4251; x_wconf 89' lang='lat' dir='ltr'><strong>si</strong></span> <span class='ocrx_word' id='word_1_570' title='bbox 1046 4199 1243 4252; x_wconf 89' lang='lat' dir='ltr'><strong>scirent</strong></span> <span class='ocrx_word' id='word_1_571' title='bbox 1270 4213 1355 4253; x_wconf 86' lang='lat' dir='ltr'><strong>res</strong></span> <span class='ocrx_word' id='word_1_572' title='bbox 1377 4200 1618 4253; x_wconf 71' lang='lat' dir='ltr'><strong>ecclesiae</strong></span> <span class='ocrx_word' id='word_1_573' title='bbox 1647 4199 1845 4255; x_wconf 91' lang='lat' dir='ltr'><strong>debere</strong></span> 
     </span>
    </p>
   </div>
   <div class='ocr_carea' id='block_1_76' title="bbox 254 4286 1843 4359">
    <p class='ocr_par' dir='ltr' id='par_1_76' title="bbox 254 4286 1843 4359">
     <span class='ocr_line' id='line_1_76' title="bbox 254 4286 1843 4359; baseline -0.001 -13"><span class='ocrx_word' id='word_1_574' title='bbox 254 4290 529 4347; x_wconf 86' lang='lat' dir='ltr'><strong>contemni</strong></span> <span class='ocrx_word' id='word_1_575' title='bbox 556 4328 573 4353; x_wconf 94' lang='lat'><strong>,</strong></span> <span class='ocrx_word' id='word_1_576' title='bbox 619 4302 889 4357; x_wconf 86' lang='lat' dir='ltr'><strong>nunquam</strong></span> <span class='ocrx_word' id='word_1_577' title='bbox 929 4302 1021 4341; x_wconf 89' lang='lat' dir='ltr'><strong>eas</strong></span> <span class='ocrx_word' id='word_1_578' title='bbox 1050 4286 1071 4325; x_wconf 81' lang='grc' dir='ltr'>¹ί</span> <span class='ocrx_word' id='word_1_579' title='bbox 1106 4288 1400 4343; x_wconf 90' lang='lat' dir='ltr'><strong>debuerant</strong></span> <span class='ocrx_word' id='word_1_580' title='bbox 1430 4289 1518 4359; x_wconf 88' lang='lat' dir='ltr'><strong>qui</strong></span> <span class='ocrx_word' id='word_1_581' title='bbox 1546 4292 1721 4345; x_wconf 87' lang='lat' dir='ltr'><strong>omnia</strong></span> <span class='ocrx_word' id='word_1_582' title='bbox 1749 4305 1843 4345; x_wconf 89' lang='lat' dir='ltr'><strong>sua</strong></span> 
     </span>
    </p>
   </div>
   <div class='ocr_carea' id='block_1_77' title="bbox 256 4379 873 4451">
    <p class='ocr_par' dir='ltr' id='par_1_77' title="bbox 256 4379 873 4451">
     <span class='ocr_line' id='line_1_77' title="bbox 256 4379 873 4451; baseline -0.008 -14"><span class='ocrx_word' id='word_1_583' title='bbox 256 4382 595 4451; x_wconf 87' lang='lat' dir='ltr'><strong>reliquerant</strong></span> <span class='ocrx_word' id='word_1_584' title='bbox 621 4379 873 4433; x_wconf 92' lang='lat' dir='ltr'><strong>retinere.</strong></span> 
     </span>
    </p>
   </div>
   <div class='ocr_carea' id='block_1_78' title="bbox 2014 3196 3529 3267">
    <p class='ocr_par' dir='ltr' id='par_1_78' title="bbox 2014 3196 3529 3267">
     <span class='ocr_line' id='line_1_78' title="bbox 2014 3196 3529 3267; baseline -0.001 -13"><span class='ocrx_word' id='word_1_585' title='bbox 2014 3199 2073 3255; x_wconf 72' lang='grc'><strong>2.</strong></span> <span class='ocrx_word' id='word_1_586' title='bbox 2105 3199 2203 3267; x_wconf 88' lang='lat' dir='ltr'><strong>Qui</strong></span> <span class='ocrx_word' id='word_1_587' title='bbox 2229 3206 2403 3253; x_wconf 88' lang='lat' dir='ltr'><strong>autem</strong></span> <span class='ocrx_word' id='word_1_588' title='bbox 2433 3196 2673 3253; x_wconf 87' lang='lat' dir='ltr'><strong>ecclesiae</strong></span> <span class='ocrx_word' id='word_1_589' title='bbox 2694 3197 2955 3267; x_wconf 82' lang='lat' dir='ltr'><strong>serviunt,</strong></span> <span class='ocrx_word' id='word_1_590' title='bbox 2980 3206 3034 3253; x_wconf 90' lang='lat' dir='ltr'><strong>et</strong></span> <span class='ocrx_word' id='word_1_591' title='bbox 3066 3197 3235 3253; x_wconf 90' lang='lat' dir='ltr'><strong>labori</strong></span> <span class='ocrx_word' id='word_1_592' title='bbox 3258 3212 3357 3252; x_wconf 91' lang='lat' dir='ltr'><strong>suo</strong></span> <span class='ocrx_word' id='word_1_593' title='bbox 3382 3198 3529 3254; x_wconf 89' lang='lat' dir='ltr'><strong>velut</strong></span> 
     </span>
    </p>
   </div>
   <div class='ocr_carea' id='block_1_79' title="bbox 1943 3288 3527 3360">
    <p class='ocr_par' dir='ltr' id='par_1_79' title="bbox 1943 3288 3527 3360">
     <span class='ocr_line' id='line_1_79' title="bbox 1943 3288 3527 3360; baseline -0.001 -15"><span class='ocrx_word' id='word_1_594' title='bbox 1943 3291 2120 3346; x_wconf 88' lang='lat' dir='ltr'><strong>debita</strong></span> <span class='ocrx_word' id='word_1_595' title='bbox 2148 3290 2298 3345; x_wconf 91' lang='lat' dir='ltr'><strong>reddi</strong></span> <span class='ocrx_word' id='word_1_596' title='bbox 2319 3298 2571 3357; x_wconf 89' lang='lat' dir='ltr'><strong>oportere</strong></span> <span class='ocrx_word' id='word_1_597' title='bbox 2602 3288 2905 3356; x_wconf 71' lang='lat' dir='ltr'><strong>credentes,</strong></span> <span class='ocrx_word' id='word_1_598' title='bbox 2936 3305 2997 3343; x_wconf 87' lang='lat' dir='ltr'><strong>ea</strong></span> <span class='ocrx_word' id='word_1_599' title='bbox 3028 3289 3221 3360; x_wconf 89' lang='lat' dir='ltr'><strong>quibus</strong></span> <span class='ocrx_word' id='word_1_600' title='bbox 3250 3305 3385 3359; x_wconf 91' lang='lat' dir='ltr'><strong>opus</strong></span> <span class='ocrx_word' id='word_1_601' title='bbox 3421 3307 3527 3345; x_wconf 91' lang='lat' dir='ltr'><strong>non</strong></span> 
     </span>
    </p>
   </div>
   <div class='ocr_carea' id='block_1_80' title="bbox 1945 3382 3530 3452">
    <p class='ocr_par' dir='ltr' id='par_1_80' title="bbox 1945 3382 3530 3452">
     <span class='ocr_line' id='line_1_80' title="bbox 1945 3382 3530 3452; baseline -0.001 -15"><span class='ocrx_word' id='word_1_602' title='bbox 1945 3383 2179 3450; x_wconf 86' lang='lat' dir='ltr'><strong>habent,</strong></span> <span class='ocrx_word' id='word_1_603' title='bbox 2211 3391 2303 3437; x_wconf 90' lang='lat' dir='ltr'><strong>aut</strong></span> <span class='ocrx_word' id='word_1_604' title='bbox 2331 3384 2601 3451; x_wconf 86' lang='lat' dir='ltr'><strong>accipiunt</strong></span> <span class='ocrx_word' id='word_1_605' title='bbox 2642 3382 2886 3447; x_wconf 89' lang='lat' dir='ltr'><strong>libenter,</strong></span> <span class='ocrx_word' id='word_1_606' title='bbox 2934 3392 3027 3437; x_wconf 88' lang='lat' dir='ltr'><strong>aut</strong></span> <span class='ocrx_word' id='word_1_607' title='bbox 3063 3383 3325 3452; x_wconf 81' lang='lat' dir='ltr'><strong>exigunt;</strong></span> <span class='ocrx_word' id='word_1_608' title='bbox 3370 3384 3530 3437; x_wconf 91' lang='lat' dir='ltr'><strong>nimis</strong></span> 
     </span>
    </p>
   </div>
   <div class='ocr_carea' id='block_1_81' title="bbox 1944 3475 3532 3545">
    <p class='ocr_par' dir='ltr' id='par_1_81' title="bbox 1944 3475 3532 3545">
     <span class='ocr_line' id='line_1_81' title="bbox 1944 3475 3532 3545; baseline -0.001 -13"><span class='ocrx_word' id='word_1_609' title='bbox 1944 3477 2230 3532; x_wconf 88' lang='lat' dir='ltr'><strong>carnaliter</strong></span> <span class='ocrx_word' id='word_1_610' title='bbox 2260 3476 2511 3544; x_wconf 90' lang='lat' dir='ltr'><strong>sapiunt,</strong></span> <span class='ocrx_word' id='word_1_611' title='bbox 2541 3476 2585 3529; x_wconf 88' lang='lat' dir='ltr'><strong>si</strong></span> <span class='ocrx_word' id='word_1_612' title='bbox 2611 3483 2824 3545; x_wconf 91' lang='lat' dir='ltr'><strong>putant,</strong></span> <span class='ocrx_word' id='word_1_613' title='bbox 2864 3475 3006 3545; x_wconf 89' lang='lat' dir='ltr'><strong>quod</strong></span> <span class='ocrx_word' id='word_1_614' title='bbox 3035 3477 3276 3531; x_wconf 74' lang='lat' dir='ltr'><strong>ecclesia:</strong></span> <span class='ocrx_word' id='word_1_615' title='bbox 3302 3476 3532 3531; x_wconf 79' lang='lat' dir='ltr'><strong>ﬁdeliter</strong></span> 
     </span>
    </p>
   </div>
   <div class='ocr_carea' id='block_1_82' title="bbox 1944 3564 3528 3636">
    <p class='ocr_par' dir='ltr' id='par_1_82' title="bbox 1944 3564 3528 3636">
     <span class='ocr_line' id='line_1_82' title="bbox 1944 3564 3528 3636; baseline 0 -15"><span class='ocrx_word' id='word_1_616' title='bbox 1944 3567 2242 3621; x_wconf 85' lang='lat' dir='ltr'><strong>servientes</strong></span> <span class='ocrx_word' id='word_1_617' title='bbox 2271 3564 2535 3636; x_wconf 89' lang='lat' dir='ltr'><strong>stipendia</strong></span> <span class='ocrx_word' id='word_1_618' title='bbox 2574 3575 2785 3620; x_wconf 91' lang='lat' dir='ltr'><strong>terrena</strong></span> <span class='ocrx_word' id='word_1_619' title='bbox 2810 3606 2825 3631; x_wconf 95' lang='lat'><strong>,</strong></span> <span class='ocrx_word' id='word_1_620' title='bbox 2865 3581 2929 3621; x_wconf 91' lang='lat' dir='ltr'><strong>ac</strong></span> <span class='ocrx_word' id='word_1_621' title='bbox 2957 3582 3063 3620; x_wconf 91' lang='lat' dir='ltr'><strong>non</strong></span> <span class='ocrx_word' id='word_1_622' title='bbox 3094 3567 3270 3634; x_wconf 88' lang='lat' dir='ltr'><strong>potius</strong></span> <span class='ocrx_word' id='word_1_623' title='bbox 3312 3568 3528 3634; x_wconf 71' lang='lat' dir='ltr'><strong>prtemia</strong></span> 
     </span>
    </p>
   </div>
   <div class='ocr_carea' id='block_1_83' title="bbox 1945 3655 3530 3726">
    <p class='ocr_par' dir='ltr' id='par_1_83' title="bbox 1945 3655 3530 3726">
     <span class='ocr_line' id='line_1_83' title="bbox 1945 3655 3530 3726; baseline -0.001 -14"><span class='ocrx_word' id='word_1_624' title='bbox 1945 3667 2147 3713; x_wconf 68' lang='lat' dir='ltr'><strong>interna</strong></span> <span class='ocrx_word' id='word_1_625' title='bbox 2178 3657 2497 3726; x_wconf 90' lang='lat' dir='ltr'><strong>percipiant.</strong></span> <span class='ocrx_word' id='word_1_626' title='bbox 2532 3655 2816 3711; x_wconf 70' lang='lat' dir='ltr'><strong>Saecularis</strong></span> <span class='ocrx_word' id='word_1_627' title='bbox 2837 3657 3032 3725; x_wconf 88' lang='lat' dir='ltr'><strong>quippe</strong></span> <span class='ocrx_word' id='word_1_628' title='bbox 3062 3656 3249 3709; x_wconf 92' lang='lat' dir='ltr'><strong>militia</strong></span> <span class='ocrx_word' id='word_1_629' title='bbox 3270 3657 3391 3724; x_wconf 84' lang='lat' dir='ltr'><strong>quia</strong></span> <span class='ocrx_word' id='word_1_630' title='bbox 3421 3671 3530 3712; x_wconf 75' lang='lat' dir='ltr'><strong>coe-</strong></span> 
     </span>
    </p>
   </div>
   <div class='ocr_carea' id='block_1_84' title="bbox 1948 3746 3528 3813">
    <p class='ocr_par' dir='ltr' id='par_1_84' title="bbox 1948 3746 3528 3813">
     <span class='ocr_line' id='line_1_84' title="bbox 1948 3746 3528 3813; baseline -0.001 -10"><span class='ocrx_word' id='word_1_631' title='bbox 1948 3749 2098 3803; x_wconf 90' lang='lat' dir='ltr'><strong>lestia</strong></span> <span class='ocrx_word' id='word_1_632' title='bbox 2120 3764 2222 3801; x_wconf 90' lang='lat' dir='ltr'><strong>non</strong></span> <span class='ocrx_word' id='word_1_633' title='bbox 2244 3747 2427 3813; x_wconf 90' lang='lat' dir='ltr'><strong>habet,</strong></span> <span class='ocrx_word' id='word_1_634' title='bbox 2459 3755 2671 3801; x_wconf 86' lang='lat' dir='ltr'><strong>terrena</strong></span> <span class='ocrx_word' id='word_1_635' title='bbox 2690 3757 2906 3801; x_wconf 89' lang='lat' dir='ltr'><strong>strenue</strong></span> <span class='ocrx_word' id='word_1_636' title='bbox 2921 3746 3272 3801; x_wconf 90' lang='lat' dir='ltr'><strong>militantibus</strong></span> <span class='ocrx_word' id='word_1_637' title='bbox 3293 3755 3528 3813; x_wconf 82' lang='lat' dir='ltr'><strong>praestat.</strong></span> 
     </span>
    </p>
   </div>
   <div class='ocr_carea' id='block_1_85' title="bbox 1950 3835 3527 3904">
    <p class='ocr_par' dir='ltr' id='par_1_85' title="bbox 1950 3835 3527 3904">
     <span class='ocr_line' id='line_1_85' title="bbox 1950 3835 3527 3904; baseline -0.003 -11"><span class='ocrx_word' id='word_1_638' title='bbox 1950 3838 2098 3893; x_wconf 89' lang='lat' dir='ltr'><strong>Unde</strong></span> <span class='ocrx_word' id='word_1_639' title='bbox 2124 3838 2255 3891; x_wconf 89' lang='lat' dir='ltr'><strong>satis</strong></span> <span class='ocrx_word' id='word_1_640' title='bbox 2285 3836 2558 3904; x_wconf 82' lang='lat' dir='ltr'><strong>indignum</strong></span> <span class='ocrx_word' id='word_1_641' title='bbox 2583 3846 2686 3901; x_wconf 90' lang='lat' dir='ltr'><strong>est,</strong></span> <span class='ocrx_word' id='word_1_642' title='bbox 2715 3836 2758 3889; x_wconf 89' lang='lat' dir='ltr'><strong>si</strong></span> <span class='ocrx_word' id='word_1_643' title='bbox 2788 3835 2988 3899; x_wconf 88' lang='lat' dir='ltr'><strong>ﬁdelis,</strong></span> <span class='ocrx_word' id='word_1_644' title='bbox 3022 3843 3075 3889; x_wconf 91' lang='lat' dir='ltr'><strong>et</strong></span> <span class='ocrx_word' id='word_1_645' title='bbox 3107 3849 3333 3903; x_wconf 87' lang='lat' dir='ltr'><strong>operosa</strong></span> <span class='ocrx_word' id='word_1_646' title='bbox 3366 3837 3527 3889; x_wconf 75' lang='lat' dir='ltr'><strong>devo-</strong></span> 
     </span>
    </p>
   </div>
   <div class='ocr_carea' id='block_1_86' title="bbox 1946 3925 3531 3994">
    <p class='ocr_par' dir='ltr' id='par_1_86' title="bbox 1946 3925 3531 3994">
     <span class='ocr_line' id='line_1_86' title="bbox 1946 3925 3531 3994; baseline -0.002 -13"><span class='ocrx_word' id='word_1_647' title='bbox 1946 3929 2021 3981; x_wconf 90' lang='lat' dir='ltr'><strong>tio</strong></span> <span class='ocrx_word' id='word_1_648' title='bbox 2060 3928 2412 3992; x_wconf 85' lang='lat' dir='ltr'><strong>elericorum,</strong></span> <span class='ocrx_word' id='word_1_649' title='bbox 2443 3934 2663 3994; x_wconf 89' lang='lat' dir='ltr'><strong>propter</strong></span> <span class='ocrx_word' id='word_1_650' title='bbox 2693 3925 3016 3994; x_wconf 91' lang='lat' dir='ltr'><strong>stipendium</strong></span> <span class='ocrx_word' id='word_1_651' title='bbox 3060 3926 3352 3992; x_wconf 88' lang='lat' dir='ltr'><strong>temporale</strong></span> <span class='ocrx_word' id='word_1_652' title='bbox 3389 3941 3531 3994; x_wconf 69' lang='lat' dir='ltr'><strong>prae-</strong></span> 
     </span>
    </p>
   </div>
   <div class='ocr_carea' id='block_1_87' title="bbox 1948 4012 3533 4083">
    <p class='ocr_par' dir='ltr' id='par_1_87' title="bbox 1948 4012 3533 4083">
     <span class='ocr_line' id='line_1_87' title="bbox 1948 4012 3533 4083; baseline -0.001 -13"><span class='ocrx_word' id='word_1_653' title='bbox 1948 4017 2053 4071; x_wconf 88' lang='lat' dir='ltr'><strong>mia</strong></span> <span class='ocrx_word' id='word_1_654' title='bbox 2079 4015 2405 4083; x_wconf 89' lang='lat' dir='ltr'><strong>sempiterna</strong></span> <span class='ocrx_word' id='word_1_655' title='bbox 2430 4022 2757 4069; x_wconf 88' lang='lat' dir='ltr'><strong>contemnat.</strong></span> <span class='ocrx_word' id='word_1_656' title='bbox 2786 4012 2940 4079; x_wconf 86' lang='lat' dir='ltr'><strong>Quod</strong></span> <span class='ocrx_word' id='word_1_657' title='bbox 2967 4013 3010 4065; x_wconf 87' lang='lat' dir='ltr'><strong>si</strong></span> <span class='ocrx_word' id='word_1_658' title='bbox 3032 4012 3261 4079; x_wconf 89' lang='lat' dir='ltr'><strong>quilibet</strong></span> <span class='ocrx_word' id='word_1_659' title='bbox 3290 4014 3533 4068; x_wconf 87' lang='lat' dir='ltr'><strong>minister</strong></span> 
     </span>
    </p>
   </div>
   <div class='ocr_carea' id='block_1_88' title="bbox 1948 4104 3529 4173">
    <p class='ocr_par' dir='ltr' id='par_1_88' title="bbox 1948 4104 3529 4173">
     <span class='ocr_line' id='line_1_88' title="bbox 1948 4104 3529 4173; baseline -0.001 -12"><span class='ocrx_word' id='word_1_660' title='bbox 1948 4107 2191 4161; x_wconf 74' lang='lat' dir='ltr'><strong>ecclesia:</strong></span> <span class='ocrx_word' id='word_1_661' title='bbox 2223 4120 2328 4159; x_wconf 92' lang='lat' dir='ltr'><strong>non</strong></span> <span class='ocrx_word' id='word_1_662' title='bbox 2371 4104 2566 4158; x_wconf 87' lang='lat' dir='ltr'><strong>habeat</strong></span> <span class='ocrx_word' id='word_1_663' title='bbox 2595 4104 2736 4158; x_wconf 91' lang='lat' dir='ltr'><strong>unde</strong></span> <span class='ocrx_word' id='word_1_664' title='bbox 2776 4105 2955 4157; x_wconf 85' lang='lat' dir='ltr'><strong>vivat:</strong></span> <span class='ocrx_word' id='word_1_665' title='bbox 2987 4114 3015 4151; x_wconf 72' lang='grc' dir='ltr'><strong>ει</strong></span> <span class='ocrx_word' id='word_1_666' title='bbox 3045 4118 3148 4155; x_wconf 91' lang='lat' dir='ltr'><strong>non</strong></span> <span class='ocrx_word' id='word_1_667' title='bbox 3181 4104 3229 4158; x_wconf 93' lang='lat' dir='ltr'><strong>ei</strong></span> <span class='ocrx_word' id='word_1_668' title='bbox 3254 4106 3529 4173; x_wconf 69' lang='lat' dir='ltr'><strong>prazmium</strong></span> 
     </span>
    </p>
   </div>
   <div class='ocr_carea' id='block_1_89' title="bbox 1950 4193 3532 4261">
    <p class='ocr_par' dir='ltr' id='par_1_89' title="bbox 1950 4193 3532 4261">
     <span class='ocr_line' id='line_1_89' title="bbox 1950 4193 3532 4261; baseline -0.002 -8"><span class='ocrx_word' id='word_1_669' title='bbox 1950 4198 2142 4253; x_wconf 87' lang='lat' dir='ltr'><strong>reddat</strong></span> <span class='ocrx_word' id='word_1_670' title='bbox 2165 4198 2281 4261; x_wconf 93' lang='lat' dir='ltr'><strong>hic;</strong></span> <span class='ocrx_word' id='word_1_671' title='bbox 2312 4196 2407 4250; x_wconf 87' lang='lat' dir='ltr'><strong>sed</strong></span> <span class='ocrx_word' id='word_1_672' title='bbox 2432 4195 2733 4250; x_wconf 89' lang='lat' dir='ltr'><strong>necessaria</strong></span> <span class='ocrx_word' id='word_1_673' title='bbox 2755 4202 2972 4261; x_wconf 64' lang='lat' dir='ltr'><strong>praestet</strong></span> <span class='ocrx_word' id='word_1_674' title='bbox 2991 4193 3216 4248; x_wconf 89' lang='lat' dir='ltr'><strong>ecclesia</strong></span> <span class='ocrx_word' id='word_1_675' title='bbox 3250 4213 3262 4246; x_wconf 90' lang='lat'>:</span> <span class='ocrx_word' id='word_1_676' title='bbox 3292 4206 3348 4248; x_wconf 83' lang='grc' dir='ltr'><strong>ιιι</strong></span> <span class='ocrx_word' id='word_1_677' title='bbox 3376 4198 3426 4249; x_wconf 91' lang='lat' dir='ltr'><strong>in</strong></span> <span class='ocrx_word' id='word_1_678' title='bbox 3454 4196 3532 4251; x_wconf 69' lang='lat' dir='ltr'><strong>fu.</strong></span> 
     </span>
    </p>
   </div>
   <div class='ocr_carea' id='block_1_90' title="bbox 1948 4286 3531 4360">
    <p class='ocr_par' dir='ltr' id='par_1_90' title="bbox 1948 4286 3531 4360">
     <span class='ocr_line' id='line_1_90' title="bbox 1948 4286 3531 4360; baseline 0.001 -16"><span class='ocrx_word' id='word_1_679' title='bbox 1948 4299 2069 4345; x_wconf 88' lang='lat' dir='ltr'><strong>turo</strong></span> <span class='ocrx_word' id='word_1_680' title='bbox 2097 4290 2373 4360; x_wconf 67' lang='lat' dir='ltr'><strong>praemium</strong></span> <span class='ocrx_word' id='word_1_681' title='bbox 2408 4287 2604 4342; x_wconf 89' lang='lat' dir='ltr'><strong>laboris</strong></span> <span class='ocrx_word' id='word_1_682' title='bbox 2626 4287 2707 4341; x_wconf 92' lang='lat' dir='ltr'><strong>sui</strong></span> <span class='ocrx_word' id='word_1_683' title='bbox 2739 4286 2996 4353; x_wconf 89' lang='lat' dir='ltr'><strong>recipiat,</strong></span> <span class='ocrx_word' id='word_1_684' title='bbox 3024 4287 3166 4356; x_wconf 89' lang='lat' dir='ltr'><strong>quod</strong></span> <span class='ocrx_word' id='word_1_685' title='bbox 3198 4288 3249 4341; x_wconf 93' lang='lat' dir='ltr'><strong>in</strong></span> <span class='ocrx_word' id='word_1_686' title='bbox 3286 4288 3385 4345; x_wconf 87' lang='lat' dir='ltr'><strong>hac</strong></span> <span class='ocrx_word' id='word_1_687' title='bbox 3425 4291 3531 4346; x_wconf 82' lang='lat' dir='ltr'><strong>vita</strong></span> 
     </span>
    </p>
   </div>
   <div class='ocr_carea' id='block_1_91' title="bbox 1943 4377 3531 4452">
    <p class='ocr_par' dir='ltr' id='par_1_91' title="bbox 1943 4377 3531 4452">
     <span class='ocr_line' id='line_1_91' title="bbox 1943 4377 3531 4452; baseline 0.001 -15"><span class='ocrx_word' id='word_1_688' title='bbox 1943 4383 2053 4452; x_wconf 87' lang='lat' dir='ltr'><strong>jam</strong></span> <span class='ocrx_word' id='word_1_689' title='bbox 2084 4396 2178 4452; x_wconf 92' lang='lat' dir='ltr'><strong>spe</strong></span> <span class='ocrx_word' id='word_1_690' title='bbox 2220 4380 2503 4435; x_wconf 66' lang='lat' dir='ltr'><strong>dominica:</strong></span> <span class='ocrx_word' id='word_1_691' title='bbox 2546 4377 2918 4449; x_wconf 90' lang='lat' dir='ltr'><strong>promissionis</strong></span> <span class='ocrx_word' id='word_1_692' title='bbox 2953 4388 2975 4417; x_wconf 73' lang='grc' dir='ltr'><strong><em>τ</em></strong></span> <span class='ocrx_word' id='word_1_693' title='bbox 3008 4389 3188 4433; x_wconf 90' lang='lat' dir='ltr'><strong>certus</strong></span> <span class='ocrx_word' id='word_1_694' title='bbox 3227 4391 3531 4449; x_wconf 77' lang='lat' dir='ltr'><strong>exspectat.</strong></span> 
     </span>
    </p>
   </div>
   <div class='ocr_carea' id='block_1_92' title="bbox 328 4465 3531 4543">
    <p class='ocr_par' dir='ltr' id='par_1_92' title="bbox 328 4465 3531 4543">
     <span class='ocr_line' id='line_1_92' title="bbox 328 4465 3531 4543; baseline 0.001 -16"><span class='ocrx_word' id='word_1_695' title='bbox 328 4473 387 4527; x_wconf 76' lang='lat'><strong>2.</strong></span> <span class='ocrx_word' id='word_1_696' title='bbox 430 4470 585 4526; x_wconf 85' lang='lat' dir='ltr'><strong>Unde</strong></span> <span class='ocrx_word' id='word_1_697' title='bbox 629 4468 784 4524; x_wconf 88' lang='lat' dir='ltr'><strong>datur</strong></span> <span class='ocrx_word' id='word_1_698' title='bbox 833 4469 1054 4541; x_wconf 89' lang='lat' dir='ltr'><strong>intelligi</strong></span> <span class='ocrx_word' id='word_1_699' title='bbox 1094 4471 1232 4540; x_wconf 89' lang='lat' dir='ltr'><strong>quod</strong></span> <span class='ocrx_word' id='word_1_700' title='bbox 1279 4470 1410 4526; x_wconf 90' lang='lat' dir='ltr'><strong>tanti</strong></span> <span class='ocrx_word' id='word_1_701' title='bbox 1457 4485 1520 4525; x_wconf 92' lang='lat' dir='ltr'><strong>ac</strong></span> <span class='ocrx_word' id='word_1_702' title='bbox 1572 4472 1703 4527; x_wconf 89' lang='lat' dir='ltr'><strong>tales</strong></span> <span class='ocrx_word' id='word_1_703' title='bbox 1746 4473 1842 4529; x_wconf 82' lang='lat' dir='ltr'><strong>viri</strong></span> <span class='ocrx_word' id='word_1_704' title='bbox 1870 4465 1919 4527; x_wconf 86' lang='lat' dir='ltr'><strong>D</strong></span> <span class='ocrx_word' id='word_1_705' title='bbox 1949 4474 2026 4529; x_wconf 93' lang='lat' dir='ltr'><strong>llli</strong></span> <span class='ocrx_word' id='word_1_706' title='bbox 2053 4486 2264 4543; x_wconf 89' lang='lat' dir='ltr'><strong>quoque</strong></span> <span class='ocrx_word' id='word_1_707' title='bbox 2294 4480 2314 4507; x_wconf 81' lang='grc'><strong><em>³</em></strong></span> <span class='ocrx_word' id='word_1_708' title='bbox 2349 4471 2439 4541; x_wconf 89' lang='lat' dir='ltr'><strong>qui</strong></span> <span class='ocrx_word' id='word_1_709' title='bbox 2478 4470 2627 4524; x_wconf 87' lang='lat' dir='ltr'><strong>velut</strong></span> <span class='ocrx_word' id='word_1_710' title='bbox 2656 4469 2829 4525; x_wconf 91' lang='lat' dir='ltr'><strong>idonei</strong></span> <span class='ocrx_word' id='word_1_711' title='bbox 2859 4468 2994 4525; x_wconf 91' lang='lat' dir='ltr'><strong>nihil</strong></span> <span class='ocrx_word' id='word_1_712' title='bbox 3021 4470 3234 4540; x_wconf 88' lang='lat' dir='ltr'><strong>quidem</strong></span> <span class='ocrx_word' id='word_1_713' title='bbox 3275 4472 3375 4527; x_wconf 90' lang='lat' dir='ltr'><strong>sibi</strong></span> <span class='ocrx_word' id='word_1_714' title='bbox 3416 4473 3531 4532; x_wconf 91' lang='lat' dir='ltr'><strong>dari</strong></span> 
     </span>
    </p>
   </div>
   <div class='ocr_carea' id='block_1_93' title="bbox 329 4633 1683 4700">
    <p class='ocr_par' dir='ltr' id='par_1_93' title="bbox 329 4633 1683 4700">
     <span class='ocr_line' id='line_1_93' title="bbox 329 4633 1683 4700; baseline -0.004 -6"><span class='ocrx_word' id='word_1_715' title='bbox 329 4650 357 4678; x_wconf 78' lang='grc' dir='ltr'>ι</span> <span class='ocrx_word' id='word_1_716' title='bbox 390 4639 466 4694; x_wconf 86' lang='lat' dir='ltr'><strong>ita</strong></span> <span class='ocrx_word' id='word_1_717' title='bbox 506 4651 638 4693; x_wconf 91' lang='lat' dir='ltr'><strong>mss.</strong></span> <span class='ocrx_word' id='word_1_718' title='bbox 667 4649 873 4691; x_wconf 90' lang='lat' dir='ltr'><strong>omnes.</strong></span> <span class='ocrx_word' id='word_1_719' title='bbox 905 4633 1042 4689; x_wconf 84' lang='lat' dir='ltr'><strong>Editi</strong></span> <span class='ocrx_word' id='word_1_720' title='bbox 1074 4651 1220 4700; x_wconf 84' lang='lat' dir='ltr'><strong>vero,</strong></span> <span class='ocrx_word' id='word_1_721' title='bbox 1251 4636 1355 4688; x_wconf 85' lang='lat' dir='ltr'><strong>vult</strong></span> <span class='ocrx_word' id='word_1_722' title='bbox 1379 4652 1485 4689; x_wconf 87' lang='lat' dir='ltr'><strong>esse</strong></span> <span class='ocrx_word' id='word_1_723' title='bbox 1523 4652 1683 4689; x_wconf 88' lang='lat' dir='ltr'><strong>reum.</strong></span> 
     </span>
    </p>
   </div>
   <div class='ocr_carea' id='block_1_94' title="bbox 324 4706 1837 4774">
    <p class='ocr_par' dir='ltr' id='par_1_94' title="bbox 324 4706 1837 4774">
     <span class='ocr_line' id='line_1_94' title="bbox 324 4706 1837 4774; baseline -0.002 -12"><span class='ocrx_word' id='word_1_724' title='bbox 324 4709 358 4749; x_wconf 71' lang='grc' dir='ltr'>δ</span> <span class='ocrx_word' id='word_1_725' title='bbox 387 4712 485 4763; x_wconf 86' lang='lat' dir='ltr'><strong>Ms.</strong></span> <span class='ocrx_word' id='word_1_726' title='bbox 509 4723 665 4772; x_wconf 89' lang='lat' dir='ltr'><strong>unus,</strong></span> <span class='ocrx_word' id='word_1_727' title='bbox 695 4707 794 4774; x_wconf 86' lang='lat' dir='ltr'><strong>Qui</strong></span> <span class='ocrx_word' id='word_1_728' title='bbox 817 4715 1007 4759; x_wconf 87' lang='lat' dir='ltr'><strong>autem.</strong></span> <span class='ocrx_word' id='word_1_729' title='bbox 1042 4706 1140 4760; x_wconf 89' lang='lat' dir='ltr'><strong>Ms.</strong></span> <span class='ocrx_word' id='word_1_730' title='bbox 1169 4710 1323 4770; x_wconf 90' lang='lat' dir='ltr'><strong>alter,</strong></span> <span class='ocrx_word' id='word_1_731' title='bbox 1352 4708 1466 4759; x_wconf 87' lang='lat' dir='ltr'><strong>dico</strong></span> <span class='ocrx_word' id='word_1_732' title='bbox 1488 4707 1549 4760; x_wconf 85' lang='lat' dir='ltr'><strong>de</strong></span> <span class='ocrx_word' id='word_1_733' title='bbox 1578 4722 1708 4760; x_wconf 88' lang='lat' dir='ltr'><strong>eo...</strong></span> <span class='ocrx_word' id='word_1_734' title='bbox 1736 4706 1837 4760; x_wconf 87' lang='lat' dir='ltr'><strong>nisi</strong></span> 
     </span>
    </p>
   </div>
   <div class='ocr_carea' id='block_1_95' title="bbox 257 4782 559 4852">
    <p class='ocr_par' dir='ltr' id='par_1_95' title="bbox 257 4782 559 4852">
     <span class='ocr_line' id='line_1_95' title="bbox 257 4782 559 4852; baseline -0.013 -17"><span class='ocrx_word' id='word_1_735' title='bbox 257 4783 381 4852; x_wconf 84' lang='lat' dir='ltr'><strong>quia</strong></span> <span class='ocrx_word' id='word_1_736' title='bbox 405 4782 559 4852; x_wconf 79' lang='lat' dir='ltr'><strong>iram.</strong></span> 
     </span>
    </p>
   </div>
   <div class='ocr_carea' id='block_1_96' title="bbox 333 4847 1729 4915">
    <p class='ocr_par' dir='ltr' id='par_1_96' title="bbox 333 4847 1729 4915">
     <span class='ocr_line' id='line_1_96' title="bbox 333 4847 1729 4915; baseline -0.002 -12"><span class='ocrx_word' id='word_1_737' title='bbox 333 4863 357 4889; x_wconf 76' lang='grc' dir='ltr'><em>ε</em></span> <span class='ocrx_word' id='word_1_738' title='bbox 384 4851 481 4904; x_wconf 92' lang='lat' dir='ltr'><strong>Ms.</strong></span> <span class='ocrx_word' id='word_1_739' title='bbox 516 4863 671 4915; x_wconf 90' lang='lat' dir='ltr'><strong>unus,</strong></span> <span class='ocrx_word' id='word_1_740' title='bbox 695 4848 905 4914; x_wconf 89' lang='lat' dir='ltr'><strong>capituli</strong></span> <span class='ocrx_word' id='word_1_741' title='bbox 930 4848 1178 4911; x_wconf 85' lang='lat' dir='ltr'><strong>sequentis</strong></span> <span class='ocrx_word' id='word_1_742' title='bbox 1196 4847 1471 4899; x_wconf 82' lang='lat' dir='ltr'><strong>auctoritas</strong></span> <span class='ocrx_word' id='word_1_743' title='bbox 1503 4847 1729 4901; x_wconf 84' lang='lat' dir='ltr'><strong>edoceat.</strong></span> 
     </span>
    </p>
   </div>
   <div class='ocr_carea' id='block_1_97' title="bbox 330 4919 1097 4987">
    <p class='ocr_par' dir='ltr' id='par_1_97' title="bbox 330 4919 1097 4987">
     <span class='ocr_line' id='line_1_97' title="bbox 330 4919 1097 4987; baseline -0.003 -14"><span class='ocrx_word' id='word_1_744' title='bbox 330 4920 356 4957; x_wconf 73' lang='grc' dir='ltr'><strong>τι</strong></span> <span class='ocrx_word' id='word_1_745' title='bbox 388 4920 690 4987; x_wconf 79' lang='lat' dir='ltr'><strong>Legendum</strong></span> <span class='ocrx_word' id='word_1_746' title='bbox 717 4921 850 4971; x_wconf 85' lang='lat' dir='ltr'><strong>forte</strong></span> <span class='ocrx_word' id='word_1_747' title='bbox 869 4919 1097 4985; x_wconf 88' lang='lat' dir='ltr'><strong>inquam.</strong></span> 
     </span>
    </p>
   </div>
   <div class='ocr_carea' id='block_1_98' title="bbox 336 4985 1841 5057">
    <p class='ocr_par' dir='ltr' id='par_1_98' title="bbox 336 4985 1841 5057">
     <span class='ocr_line' id='line_1_98' title="bbox 336 4985 1841 5057; baseline -0.002 -14"><span class='ocrx_word' id='word_1_748' title='bbox 336 5001 361 5027; x_wconf 75' lang='grc' dir='ltr'><strong>ο</strong></span> <span class='ocrx_word' id='word_1_749' title='bbox 394 4985 521 5043; x_wconf 80' lang='lat' dir='ltr'><strong>Mss.</strong></span> <span class='ocrx_word' id='word_1_750' title='bbox 552 4989 658 5041; x_wconf 88' lang='lat' dir='ltr'><strong>duo</strong></span> <span class='ocrx_word' id='word_1_751' title='bbox 686 4989 838 5057; x_wconf 67' lang='grc' dir='ltr'><strong>εἶρε..</strong></span> <span class='ocrx_word' id='word_1_752' title='bbox 860 4988 987 5039; x_wconf 84' lang='lat' dir='ltr'><strong>nihil</strong></span> <span class='ocrx_word' id='word_1_753' title='bbox 1018 4986 1278 5054; x_wconf 84' lang='lat' dir='ltr'><strong>praprium</strong></span> <span class='ocrx_word' id='word_1_754' title='bbox 1299 4985 1479 5039; x_wconf 83' lang='lat' dir='ltr'><strong>habere</strong></span> <span class='ocrx_word' id='word_1_755' title='bbox 1499 4987 1727 5047; x_wconf 83' lang='lat' dir='ltr'><strong>debeant,</strong></span> <span class='ocrx_word' id='word_1_756' title='bbox 1754 4987 1841 5040; x_wconf 87' lang='lat' dir='ltr'><strong>sed</strong></span> 
     </span>
    </p>
   </div>
   <div class='ocr_carea' id='block_1_99' title="bbox 261 5058 1821 5127">
    <p class='ocr_par' dir='ltr' id='par_1_99' title="bbox 261 5058 1821 5127">
     <span class='ocr_line' id='line_1_99' title="bbox 261 5058 1821 5127; baseline -0.002 -14"><span class='ocrx_word' id='word_1_757' title='bbox 261 5063 488 5114; x_wconf 63' lang='lat' dir='ltr'><strong>ecclesia</strong></span> <span class='ocrx_word' id='word_1_758' title='bbox 515 5060 780 5127; x_wconf 81' lang='lat' dir='ltr'><strong>facultates</strong></span> <span class='ocrx_word' id='word_1_759' title='bbox 809 5068 1054 5126; x_wconf 84' lang='lat' dir='ltr'><strong>tanquam</strong></span> <span class='ocrx_word' id='word_1_760' title='bbox 1080 5074 1386 5118; x_wconf 85' lang='lat' dir='ltr'><strong>communes,</strong></span> <span class='ocrx_word' id='word_1_761' title='bbox 1412 5068 1592 5127; x_wconf 85' lang='lat' dir='ltr'><strong>utpote</strong></span> <span class='ocrx_word' id='word_1_762' title='bbox 1608 5058 1712 5113; x_wconf 86' lang='lat' dir='ltr'><strong>Deo</strong></span> <span class='ocrx_word' id='word_1_763' title='bbox 1730 5075 1821 5110; x_wconf 59' lang='lat' dir='ltr'><strong>rae</strong></span> 
     </span>
    </p>
   </div>
   <div class='ocr_carea' id='block_1_100' title="bbox 262 5129 1066 5198">
    <p class='ocr_par' dir='ltr' id='par_1_100' title="bbox 262 5129 1066 5198">
     <span class='ocr_line' id='line_1_100' title="bbox 262 5129 1066 5198; baseline -0.004 -16"><span class='ocrx_word' id='word_1_764' title='bbox 262 5134 449 5184; x_wconf 82' lang='lat' dir='ltr'><strong>tionem</strong></span> <span class='ocrx_word' id='word_1_765' title='bbox 477 5129 747 5193; x_wconf 87' lang='lat' dir='ltr'><strong>reddituri,</strong></span> <span class='ocrx_word' id='word_1_766' title='bbox 770 5130 1066 5198; x_wconf 85' lang='lat' dir='ltr'><strong>suscipiant.</strong></span> 
     </span>
    </p>
   </div>
   <div class='ocr_carea' id='block_1_101' title="bbox 343 5195 1485 5267">
    <p class='ocr_par' dir='ltr' id='par_1_101' title="bbox 343 5195 1485 5267">
     <span class='ocr_line' id='line_1_101' title="bbox 343 5195 1485 5267; baseline -0.003 -14"><span class='ocrx_word' id='word_1_767' title='bbox 343 5201 363 5240; x_wconf 73' lang='grc' dir='ltr'>ί</span> <span class='ocrx_word' id='word_1_768' title='bbox 407 5200 537 5253; x_wconf 86' lang='lat' dir='ltr'><strong>Mss.</strong></span> <span class='ocrx_word' id='word_1_769' title='bbox 570 5210 697 5260; x_wconf 83' lang='lat' dir='ltr'><strong>tres,</strong></span> <span class='ocrx_word' id='word_1_770' title='bbox 737 5195 989 5267; x_wconf 80' lang='lat' dir='ltr'><strong>Denique,</strong></span> <span class='ocrx_word' id='word_1_771' title='bbox 1016 5212 1136 5252; x_wconf 91' lang='lat' dir='ltr'><strong>cum</strong></span> <span class='ocrx_word' id='word_1_772' title='bbox 1163 5197 1291 5251; x_wconf 90' lang='lat' dir='ltr'><strong>edit.</strong></span> <span class='ocrx_word' id='word_1_773' title='bbox 1318 5195 1485 5265; x_wconf 85' lang='lat' dir='ltr'><strong>Lugd.</strong></span> 
     </span>
    </p>
   </div>
   <div class='ocr_carea' id='block_1_102' title="bbox 342 5269 925 5337">
    <p class='ocr_par' dir='ltr' id='par_1_102' title="bbox 342 5269 925 5337">
     <span class='ocr_line' id='line_1_102' title="bbox 342 5269 925 5337; baseline -0.007 -13"><span class='ocrx_word' id='word_1_774' title='bbox 342 5282 369 5318; x_wconf 74' lang='lat'>8</span> <span class='ocrx_word' id='word_1_775' title='bbox 400 5271 539 5324; x_wconf 80' lang='lat' dir='ltr'><strong>Edit.</strong></span> <span class='ocrx_word' id='word_1_776' title='bbox 565 5269 759 5337; x_wconf 67' lang='lat' dir='ltr'><strong>Lugd,</strong></span> <span class='ocrx_word' id='word_1_777' title='bbox 788 5270 925 5336; x_wconf 87' lang='lat' dir='ltr'><strong>quia.</strong></span> 
     </span>
    </p>
   </div>
   <div class='ocr_carea' id='block_1_103' title="bbox 338 5336 1850 5408">
    <p class='ocr_par' dir='ltr' id='par_1_103' title="bbox 338 5336 1850 5408">
     <span class='ocr_line' id='line_1_103' title="bbox 338 5336 1850 5408; baseline -0.002 -13"><span class='ocrx_word' id='word_1_778' title='bbox 338 5339 369 5378; x_wconf 68' lang='grc' dir='ltr'>δ</span> <span class='ocrx_word' id='word_1_779' title='bbox 391 5342 513 5394; x_wconf 85' lang='lat' dir='ltr'><strong>Mss.</strong></span> <span class='ocrx_word' id='word_1_780' title='bbox 540 5336 771 5408; x_wconf 76' lang='lat' dir='ltr'><strong>quinque</strong></span> <span class='ocrx_word' id='word_1_781' title='bbox 797 5353 914 5392; x_wconf 92' lang='lat' dir='ltr'><strong>cum</strong></span> <span class='ocrx_word' id='word_1_782' title='bbox 937 5337 1061 5393; x_wconf 91' lang='lat' dir='ltr'><strong>edit.</strong></span> <span class='ocrx_word' id='word_1_783' title='bbox 1080 5336 1272 5405; x_wconf 73' lang='lat' dir='ltr'><strong>Lugtl.,</strong></span> <span class='ocrx_word' id='word_1_784' title='bbox 1298 5353 1440 5406; x_wconf 80' lang='lat' dir='ltr'><strong>posse</strong></span> <span class='ocrx_word' id='word_1_785' title='bbox 1466 5337 1708 5401; x_wconf 67' lang='lat' dir='ltr'><strong>ecclesFa’,</strong></span> <span class='ocrx_word' id='word_1_786' title='bbox 1737 5353 1850 5405; x_wconf 67' lang='lat' dir='ltr'><strong>qua</strong></span> 
     </span>
    </p>
   </div>
   <div class='ocr_carea' id='block_1_104' title="bbox 270 5408 1843 5480">
    <p class='ocr_par' dir='ltr' id='par_1_104' title="bbox 270 5408 1843 5480">
     <span class='ocr_line' id='line_1_104' title="bbox 270 5408 1843 5480; baseline -0.003 -14"><span class='ocrx_word' id='word_1_787' title='bbox 270 5421 387 5466; x_wconf 83' lang='lat' dir='ltr'><strong>sunt</strong></span> <span class='ocrx_word' id='word_1_788' title='bbox 431 5412 658 5480; x_wconf 64' lang='lat' dir='ltr'><strong>profecto</strong></span> <span class='ocrx_word' id='word_1_789' title='bbox 709 5410 1011 5473; x_wconf 87' lang='lat' dir='ltr'><strong>communia,</strong></span> <span class='ocrx_word' id='word_1_790' title='bbox 1057 5410 1325 5478; x_wconf 83' lang='lat' dir='ltr'><strong>possideri.</strong></span> <span class='ocrx_word' id='word_1_791' title='bbox 1370 5409 1443 5459; x_wconf 77' lang='lat' dir='ltr'><strong>Ex</strong></span> <span class='ocrx_word' id='word_1_792' title='bbox 1484 5408 1633 5462; x_wconf 82' lang='lat' dir='ltr'><strong>Colb.</strong></span> <span class='ocrx_word' id='word_1_793' title='bbox 1684 5423 1843 5480; x_wconf 89' lang='lat' dir='ltr'><strong>unus,</strong></span> 
     </span>
    </p>
   </div>
   <div class='ocr_carea' id='block_1_105' title="bbox 270 5479 1840 5551">
    <p class='ocr_par' dir='ltr' id='par_1_105' title="bbox 270 5479 1840 5551">
     <span class='ocr_line' id='line_1_105' title="bbox 270 5479 1840 5551; baseline -0.001 -17"><span class='ocrx_word' id='word_1_794' title='bbox 270 5498 418 5551; x_wconf 83' lang='lat' dir='ltr'><strong>posse</strong></span> <span class='ocrx_word' id='word_1_795' title='bbox 435 5479 658 5533; x_wconf 67' lang='lat' dir='ltr'><strong>ecclesia:</strong></span> <span class='ocrx_word' id='word_1_796' title='bbox 683 5480 969 5550; x_wconf 77' lang='lat' dir='ltr'><strong>facultates,</strong></span> <span class='ocrx_word' id='word_1_797' title='bbox 988 5495 1103 5548; x_wconf 70' lang='lat' dir='ltr'><strong>quia</strong></span> <span class='ocrx_word' id='word_1_798' title='bbox 1120 5488 1240 5533; x_wconf 85' lang='lat' dir='ltr'><strong>sunt</strong></span> <span class='ocrx_word' id='word_1_799' title='bbox 1262 5492 1552 5532; x_wconf 80' lang='lat' dir='ltr'><strong>communes</strong></span> <span class='ocrx_word' id='word_1_800' title='bbox 1571 5479 1840 5549; x_wconf 82' lang='lat' dir='ltr'><strong>possideri.</strong></span> 
     </span>
    </p>
   </div>
   <div class='ocr_carea' id='block_1_106' title="bbox 348 5551 1029 5613">
    <p class='ocr_par' dir='ltr' id='par_1_106' title="bbox 348 5551 1029 5613">
     <span class='ocr_line' id='line_1_106' title="bbox 348 5551 1029 5613; baseline 0 -9"><span class='ocrx_word' id='word_1_801' title='bbox 348 5551 365 5588; x_wconf 75' lang='grc' dir='ltr'><strong><em>ι</em></strong></span> <span class='ocrx_word' id='word_1_802' title='bbox 398 5551 524 5605; x_wconf 86' lang='lat' dir='ltr'><strong>Mss.</strong></span> <span class='ocrx_word' id='word_1_803' title='bbox 556 5564 669 5613; x_wconf 81' lang='lat' dir='ltr'><strong>sex,</strong></span> <span class='ocrx_word' id='word_1_804' title='bbox 706 5552 877 5605; x_wconf 84' lang='lat' dir='ltr'><strong>omnia</strong></span> <span class='ocrx_word' id='word_1_805' title='bbox 914 5566 1029 5604; x_wconf 88' lang='lat' dir='ltr'><strong>sua.</strong></span> 
     </span>
    </p>
   </div>
   <div class='ocr_carea' id='block_1_107' title="bbox 348 5619 1029 5689">
    <p class='ocr_par' dir='ltr' id='par_1_107' title="bbox 348 5619 1029 5689">
     <span class='ocr_line' id='line_1_107' title="bbox 348 5619 1029 5689; baseline -0.003 -14"><span class='ocrx_word' id='word_1_806' title='bbox 348 5620 369 5689; x_wconf 64' lang='grc' dir='ltr'><strong>ξ.</strong></span> <span class='ocrx_word' id='word_1_807' title='bbox 402 5621 496 5674; x_wconf 84' lang='lat' dir='ltr'><strong>Ms.</strong></span> <span class='ocrx_word' id='word_1_808' title='bbox 526 5635 679 5684; x_wconf 90' lang='lat' dir='ltr'><strong>unus,</strong></span> <span class='ocrx_word' id='word_1_809' title='bbox 706 5619 1029 5689; x_wconf 84' lang='lat' dir='ltr'><strong>pauperibus.</strong></span> 
     </span>
    </p>
   </div>
   <div class='ocr_carea' id='block_1_108' title="bbox 346 5688 1839 5762">
    <p class='ocr_par' dir='ltr' id='par_1_108' title="bbox 346 5688 1839 5762">
     <span class='ocr_line' id='line_1_108' title="bbox 346 5688 1839 5762; baseline -0.001 -17"><span class='ocrx_word' id='word_1_810' title='bbox 346 5688 373 5728; x_wconf 68' lang='grc' dir='ltr'>ι</span> <span class='ocrx_word' id='word_1_811' title='bbox 401 5692 524 5745; x_wconf 74' lang='lat' dir='ltr'><strong>Mss.</strong></span> <span class='ocrx_word' id='word_1_812' title='bbox 561 5688 713 5747; x_wconf 74' lang='lat' dir='ltr'><strong>C0”).</strong></span> <span class='ocrx_word' id='word_1_813' title='bbox 745 5688 851 5745; x_wconf 90' lang='lat' dir='ltr'><strong>duo</strong></span> <span class='ocrx_word' id='word_1_814' title='bbox 878 5702 927 5747; x_wconf 93' lang='lat' dir='ltr'><strong>et</strong></span> <span class='ocrx_word' id='word_1_815' title='bbox 954 5690 1085 5760; x_wconf 83' lang='lat' dir='ltr'><strong>Reg.</strong></span> <span class='ocrx_word' id='word_1_816' title='bbox 1118 5703 1276 5759; x_wconf 91' lang='lat' dir='ltr'><strong>unus,</strong></span> <span class='ocrx_word' id='word_1_817' title='bbox 1308 5706 1565 5762; x_wconf 80' lang='lat' dir='ltr'><strong>nunquam</strong></span> <span class='ocrx_word' id='word_1_818' title='bbox 1608 5708 1693 5745; x_wconf 81' lang='lat' dir='ltr'><strong>eas</strong></span> <span class='ocrx_word' id='word_1_819' title='bbox 1749 5691 1839 5743; x_wconf 79' lang='lat' dir='ltr'><strong>ha-</strong></span> 
     </span>
    </p>
   </div>
   <div class='ocr_carea' id='block_1_109' title="bbox 1936 4631 3526 4701">
    <p class='ocr_par' dir='ltr' id='par_1_109' title="bbox 1936 4631 3526 4701">
     <span class='ocr_line' id='line_1_109' title="bbox 1936 4631 3526 4701; baseline -0.001 -10"><span class='ocrx_word' id='word_1_820' title='bbox 1936 4636 2176 4691; x_wconf 78' lang='lat' dir='ltr'><strong>buissent.</strong></span> <span class='ocrx_word' id='word_1_821' title='bbox 2209 4634 2310 4689; x_wconf 87' lang='lat' dir='ltr'><strong>Alii</strong></span> <span class='ocrx_word' id='word_1_822' title='bbox 2331 4633 2438 4688; x_wconf 91' lang='lat' dir='ltr'><strong>duo</strong></span> <span class='ocrx_word' id='word_1_823' title='bbox 2463 4647 2585 4688; x_wconf 89' lang='lat' dir='ltr'><strong>eum</strong></span> <span class='ocrx_word' id='word_1_824' title='bbox 2605 4631 2819 4698; x_wconf 87' lang='lat' dir='ltr'><strong>Camb.,</strong></span> <span class='ocrx_word' id='word_1_825' title='bbox 2849 4633 3107 4687; x_wconf 77' lang='lat' dir='ltr'><strong>haberent.</strong></span> <span class='ocrx_word' id='word_1_826' title='bbox 3140 4634 3335 4701; x_wconf 75' lang='lat' dir='ltr'><strong>Regius</strong></span> <span class='ocrx_word' id='word_1_827' title='bbox 3363 4636 3526 4701; x_wconf 81' lang='lat' dir='ltr'><strong>alter,</strong></span> 
     </span>
    </p>
   </div>
   <div class='ocr_carea' id='block_1_110' title="bbox 1939 4704 3530 4770">
    <p class='ocr_par' dir='ltr' id='par_1_110' title="bbox 1939 4704 3530 4770">
     <span class='ocr_line' id='line_1_110' title="bbox 1939 4704 3530 4770; baseline 0 -9"><span class='ocrx_word' id='word_1_828' title='bbox 1939 4708 2189 4770; x_wconf 84' lang='lat' dir='ltr'><strong>suscipere</strong></span> <span class='ocrx_word' id='word_1_829' title='bbox 2209 4706 2482 4759; x_wconf 85' lang='lat' dir='ltr'><strong>debuerant</strong></span> <span class='ocrx_word' id='word_1_830' title='bbox 2502 4721 2521 4770; x_wconf 90' lang='lat'><strong>;</strong></span> <span class='ocrx_word' id='word_1_831' title='bbox 2548 4714 2602 4760; x_wconf 89' lang='lat' dir='ltr'><strong>et</strong></span> <span class='ocrx_word' id='word_1_832' title='bbox 2622 4705 2674 4759; x_wconf 93' lang='lat' dir='ltr'><strong>in</strong></span> <span class='ocrx_word' id='word_1_833' title='bbox 2700 4705 2801 4757; x_wconf 88' lang='lat' dir='ltr'><strong>ﬁne</strong></span> <span class='ocrx_word' id='word_1_834' title='bbox 2815 4704 3065 4758; x_wconf 90' lang='lat' dir='ltr'><strong>omittunt</strong></span> <span class='ocrx_word' id='word_1_835' title='bbox 3080 4719 3263 4760; x_wconf 89' lang='lat' dir='ltr'><strong>vocem</strong></span> <span class='ocrx_word' id='word_1_836' title='bbox 3287 4708 3530 4761; x_wconf 88' lang='lat' dir='ltr'><strong>retinere.</strong></span> 
     </span>
    </p>
   </div>
   <div class='ocr_carea' id='block_1_111' title="bbox 2023 4774 2523 4841">
    <p class='ocr_par' dir='ltr' id='par_1_111' title="bbox 2023 4774 2523 4841">
     <span class='ocr_line' id='line_1_111' title="bbox 2023 4774 2523 4841; baseline 0 -12"><span class='ocrx_word' id='word_1_837' title='bbox 2023 4774 2039 4813; x_wconf 83' lang='lat'><strong>1</strong></span> <span class='ocrx_word' id='word_1_838' title='bbox 2074 4774 2200 4831; x_wconf 87' lang='lat' dir='ltr'><strong>Mss.</strong></span> <span class='ocrx_word' id='word_1_839' title='bbox 2229 4776 2358 4839; x_wconf 86' lang='lat' dir='ltr'><strong>duo,</strong></span> <span class='ocrx_word' id='word_1_840' title='bbox 2392 4777 2523 4841; x_wconf 81' lang='lat' dir='ltr'><strong>ﬁeri.</strong></span> 
     </span>
    </p>
   </div>
   <div class='ocr_carea' id='block_1_112' title="bbox 2017 4845 3528 4916">
    <p class='ocr_par' dir='ltr' id='par_1_112' title="bbox 2017 4845 3528 4916">
     <span class='ocr_line' id='line_1_112' title="bbox 2017 4845 3528 4916; baseline 0.001 -16"><span class='ocrx_word' id='word_1_841' title='bbox 2017 4857 2054 4882; x_wconf 75' lang='grc' dir='ltr'><strong>τη</strong></span> <span class='ocrx_word' id='word_1_842' title='bbox 2100 4846 2227 4901; x_wconf 85' lang='lat' dir='ltr'><strong>Mss.</strong></span> <span class='ocrx_word' id='word_1_843' title='bbox 2277 4857 2525 4916; x_wconf 90' lang='lat' dir='ltr'><strong>quatuor,</strong></span> <span class='ocrx_word' id='word_1_844' title='bbox 2572 4845 2936 4915; x_wconf 86' lang='lat' dir='ltr'><strong>patrimonium</strong></span> <span class='ocrx_word' id='word_1_845' title='bbox 2966 4860 3274 4913; x_wconf 86' lang='lat' dir='ltr'><strong>pauperum;</strong></span> <span class='ocrx_word' id='word_1_846' title='bbox 3305 4863 3528 4913; x_wconf 78' lang='lat' dir='ltr'><strong>quorum</strong></span> 
     </span>
    </p>
   </div>
   <div class='ocr_carea' id='block_1_113' title="bbox 1949 4915 3524 4987">
    <p class='ocr_par' dir='ltr' id='par_1_113' title="bbox 1949 4915 3524 4987">
     <span class='ocr_line' id='line_1_113' title="bbox 1949 4915 3524 4987; baseline 0.001 -16"><span class='ocrx_word' id='word_1_847' title='bbox 1949 4930 2106 4978; x_wconf 85' lang='lat' dir='ltr'><strong>unus,</strong></span> <span class='ocrx_word' id='word_1_848' title='bbox 2146 4929 2193 4970; x_wconf 89' lang='lat' dir='ltr'><strong>et</strong></span> <span class='ocrx_word' id='word_1_849' title='bbox 2218 4915 2450 4987; x_wconf 84' lang='lat' dir='ltr'><strong>omnium</strong></span> <span class='ocrx_word' id='word_1_850' title='bbox 2492 4915 2802 4983; x_wconf 77' lang='lat' dir='ltr'><strong>defensabile</strong></span> <span class='ocrx_word' id='word_1_851' title='bbox 2830 4918 3195 4986; x_wconf 79' lang='lat' dir='ltr'><strong>patrimonium</strong></span> <span class='ocrx_word' id='word_1_852' title='bbox 3222 4934 3524 4987; x_wconf 86' lang='lat' dir='ltr'><strong>pauperum.</strong></span> 
     </span>
    </p>
   </div>
   <div class='ocr_carea' id='block_1_114' title="bbox 2022 4986 2678 5050">
    <p class='ocr_par' dir='ltr' id='par_1_114' title="bbox 2022 4986 2678 5050">
     <span class='ocr_line' id='line_1_114' title="bbox 2022 4986 2678 5050; baseline -0.003 -10"><span class='ocrx_word' id='word_1_853' title='bbox 2022 4996 2051 5023; x_wconf 76' lang='grc' dir='ltr'><strong>η</strong></span> <span class='ocrx_word' id='word_1_854' title='bbox 2074 4987 2170 5041; x_wconf 88' lang='lat' dir='ltr'><strong>Ms.</strong></span> <span class='ocrx_word' id='word_1_855' title='bbox 2200 4986 2413 5050; x_wconf 88' lang='lat' dir='ltr'><strong>Camb.,</strong></span> <span class='ocrx_word' id='word_1_856' title='bbox 2441 5002 2501 5038; x_wconf 83' lang='lat' dir='ltr'><strong>ea</strong></span> <span class='ocrx_word' id='word_1_857' title='bbox 2525 4988 2678 5039; x_wconf 84' lang='lat' dir='ltr'><strong>unde.</strong></span> 
     </span>
    </p>
   </div>
   <div class='ocr_carea' id='block_1_115' title="bbox 2024 5057 2804 5125">
    <p class='ocr_par' dir='ltr' id='par_1_115' title="bbox 2024 5057 2804 5125">
     <span class='ocr_line' id='line_1_115' title="bbox 2024 5057 2804 5125; baseline -0.009 -12"><span class='ocrx_word' id='word_1_858' title='bbox 2024 5066 2048 5093; x_wconf 91' lang='lat'><strong><em>°</em></strong></span> <span class='ocrx_word' id='word_1_859' title='bbox 2072 5058 2201 5112; x_wconf 83' lang='lat' dir='ltr'><strong>Mss.</strong></span> <span class='ocrx_word' id='word_1_860' title='bbox 2229 5067 2356 5121; x_wconf 87' lang='lat' dir='ltr'><strong>tres,</strong></span> <span class='ocrx_word' id='word_1_861' title='bbox 2390 5057 2514 5109; x_wconf 85' lang='lat' dir='ltr'><strong>dicit</strong></span> <span class='ocrx_word' id='word_1_862' title='bbox 2537 5059 2804 5125; x_wconf 83' lang='lat' dir='ltr'><strong>propheta.</strong></span> 
     </span>
    </p>
   </div>
   <div class='ocr_carea' id='block_1_116' title="bbox 2021 5126 2857 5188">
    <p class='ocr_par' dir='ltr' id='par_1_116' title="bbox 2021 5126 2857 5188">
     <span class='ocr_line' id='line_1_116' title="bbox 2021 5126 2857 5188; baseline -0.002 -7"><span class='ocrx_word' id='word_1_863' title='bbox 2021 5139 2047 5177; x_wconf 75' lang='grc' dir='ltr'>Ρ</span> <span class='ocrx_word' id='word_1_864' title='bbox 2086 5130 2209 5181; x_wconf 89' lang='lat' dir='ltr'><strong>Mss.</strong></span> <span class='ocrx_word' id='word_1_865' title='bbox 2245 5136 2354 5181; x_wconf 88' lang='lat' dir='ltr'><strong>tres</strong></span> <span class='ocrx_word' id='word_1_866' title='bbox 2377 5126 2551 5188; x_wconf 88' lang='lat' dir='ltr'><strong>Colb.,</strong></span> <span class='ocrx_word' id='word_1_867' title='bbox 2575 5128 2857 5179; x_wconf 85' lang='lat' dir='ltr'><strong>comedent.</strong></span> 
     </span>
    </p>
   </div>
   <div class='ocr_carea' id='block_1_117' title="bbox 2022 5195 3520 5265">
    <p class='ocr_par' dir='ltr' id='par_1_117' title="bbox 2022 5195 3520 5265">
     <span class='ocr_line' id='line_1_117' title="bbox 2022 5195 3520 5265; baseline -0.001 -16"><span class='ocrx_word' id='word_1_868' title='bbox 2022 5209 2050 5249; x_wconf 74' lang='grc' dir='ltr'><strong>ει</strong></span> <span class='ocrx_word' id='word_1_869' title='bbox 2079 5198 2217 5253; x_wconf 89' lang='lat' dir='ltr'><strong>Editi</strong></span> <span class='ocrx_word' id='word_1_870' title='bbox 2243 5196 2407 5265; x_wconf 84' lang='lat' dir='ltr'><strong>Lugd.</strong></span> <span class='ocrx_word' id='word_1_871' title='bbox 2442 5206 2496 5251; x_wconf 91' lang='lat' dir='ltr'><strong>et</strong></span> <span class='ocrx_word' id='word_1_872' title='bbox 2532 5196 2755 5264; x_wconf 84' lang='lat' dir='ltr'><strong>Lovan.,</strong></span> <span class='ocrx_word' id='word_1_873' title='bbox 2784 5212 2888 5248; x_wconf 87' lang='lat' dir='ltr'><strong>non</strong></span> <span class='ocrx_word' id='word_1_874' title='bbox 2918 5210 2961 5248; x_wconf 83' lang='lat' dir='ltr'><strong>et</strong></span> <span class='ocrx_word' id='word_1_875' title='bbox 2999 5195 3263 5263; x_wconf 75' lang='lat' dir='ltr'><strong>prtemium</strong></span> <span class='ocrx_word' id='word_1_876' title='bbox 3291 5195 3399 5255; x_wconf 85' lang='lat' dir='ltr'><strong>hic,</strong></span> <span class='ocrx_word' id='word_1_877' title='bbox 3429 5197 3520 5248; x_wconf 87' lang='lat' dir='ltr'><strong>sed</strong></span> 
     </span>
    </p>
   </div>
   <div class='ocr_carea' id='block_1_118' title="bbox 1952 5265 3527 5334">
    <p class='ocr_par' dir='ltr' id='par_1_118' title="bbox 1952 5265 3527 5334">
     <span class='ocr_line' id='line_1_118' title="bbox 1952 5265 3527 5334; baseline -0.007 -8"><span class='ocrx_word' id='word_1_878' title='bbox 1952 5271 2236 5325; x_wconf 85' lang='lat' dir='ltr'><strong>necessaria</strong></span> <span class='ocrx_word' id='word_1_879' title='bbox 2282 5277 2487 5334; x_wconf 70' lang='lat' dir='ltr'><strong>praestat</strong></span> <span class='ocrx_word' id='word_1_880' title='bbox 2517 5267 2746 5320; x_wconf 81' lang='lat' dir='ltr'><strong>ecclesia.</strong></span> <span class='ocrx_word' id='word_1_881' title='bbox 2773 5267 2898 5319; x_wconf 86' lang='lat' dir='ltr'><strong>Mss.</strong></span> <span class='ocrx_word' id='word_1_882' title='bbox 2932 5267 3066 5327; x_wconf 91' lang='lat' dir='ltr'><strong>duo,</strong></span> <span class='ocrx_word' id='word_1_883' title='bbox 3098 5281 3199 5317; x_wconf 89' lang='lat' dir='ltr'><strong>non</strong></span> <span class='ocrx_word' id='word_1_884' title='bbox 3223 5265 3269 5317; x_wconf 89' lang='lat' dir='ltr'><strong>ei</strong></span> <span class='ocrx_word' id='word_1_885' title='bbox 3306 5267 3527 5317; x_wconf 85' lang='lat' dir='ltr'><strong>reddidit</strong></span> 
     </span>
    </p>
   </div>
   <div class='ocr_carea' id='block_1_119' title="bbox 1952 5334 3529 5407">
    <p class='ocr_par' dir='ltr' id='par_1_119' title="bbox 1952 5334 3529 5407">
     <span class='ocr_line' id='line_1_119' title="bbox 1952 5334 3529 5407; baseline -0.004 -15"><span class='ocrx_word' id='word_1_886' title='bbox 1952 5342 2037 5395; x_wconf 75' lang='lat' dir='ltr'><strong>hic</strong></span> <span class='ocrx_word' id='word_1_887' title='bbox 2056 5380 2071 5403; x_wconf 91' lang='lat'><strong>,</strong></span> <span class='ocrx_word' id='word_1_888' title='bbox 2115 5340 2202 5394; x_wconf 87' lang='lat' dir='ltr'><strong>sed</strong></span> <span class='ocrx_word' id='word_1_889' title='bbox 2232 5339 2514 5393; x_wconf 77' lang='lat' dir='ltr'><strong>necessaria</strong></span> <span class='ocrx_word' id='word_1_890' title='bbox 2540 5344 2746 5407; x_wconf 65' lang='lat' dir='ltr'><strong>prastat</strong></span> <span class='ocrx_word' id='word_1_891' title='bbox 2776 5335 3006 5387; x_wconf 87' lang='lat' dir='ltr'><strong>ecclesia.</strong></span> <span class='ocrx_word' id='word_1_892' title='bbox 3040 5336 3165 5407; x_wconf 82' lang='lat' dir='ltr'><strong>Mss.</strong></span> <span class='ocrx_word' id='word_1_893' title='bbox 3198 5346 3331 5407; x_wconf 65' lang='lat' dir='ltr'><strong>tres.</strong></span> <span class='ocrx_word' id='word_1_894' title='bbox 3357 5334 3529 5407; x_wconf 71' lang='lat' dir='ltr'><strong>nonei</strong></span> 
     </span>
    </p>
   </div>
   <div class='ocr_carea' id='block_1_120' title="bbox 1952 5402 3524 5473">
    <p class='ocr_par' dir='ltr' id='par_1_120' title="bbox 1952 5402 3524 5473">
     <span class='ocr_line' id='line_1_120' title="bbox 1952 5402 3524 5473; baseline -0.006 -9"><span class='ocrx_word' id='word_1_895' title='bbox 1952 5402 2135 5465; x_wconf 85' lang='lat' dir='ltr'><strong>reddat</strong></span> <span class='ocrx_word' id='word_1_896' title='bbox 2164 5409 2275 5473; x_wconf 88' lang='lat' dir='ltr'><strong>hic,</strong></span> <span class='ocrx_word' id='word_1_897' title='bbox 2297 5408 2386 5461; x_wconf 86' lang='lat' dir='ltr'><strong>sed</strong></span> <span class='ocrx_word' id='word_1_898' title='bbox 2403 5402 2684 5461; x_wconf 79' lang='lat' dir='ltr'><strong>necessaria</strong></span> <span class='ocrx_word' id='word_1_899' title='bbox 2716 5412 2919 5473; x_wconf 70' lang='lat' dir='ltr'><strong>praestet</strong></span> <span class='ocrx_word' id='word_1_900' title='bbox 2947 5402 3177 5457; x_wconf 81' lang='lat' dir='ltr'><strong>ecclesia.</strong></span> <span class='ocrx_word' id='word_1_901' title='bbox 3202 5403 3396 5457; x_wconf 87' lang='lat' dir='ltr'><strong>Omnes</strong></span> <span class='ocrx_word' id='word_1_902' title='bbox 3417 5404 3524 5456; x_wconf 83' lang='lat' dir='ltr'><strong>edi-</strong></span> 
     </span>
    </p>
   </div>
   <div class='ocr_carea' id='block_1_121' title="bbox 1952 5481 2272 5549">
    <p class='ocr_par' dir='ltr' id='par_1_121' title="bbox 1952 5481 2272 5549">
     <span class='ocr_line' id='line_1_121' title="bbox 1952 5481 2272 5549; baseline -0.013 -14"><span class='ocrx_word' id='word_1_903' title='bbox 1952 5481 2015 5544; x_wconf 91' lang='lat' dir='ltr'><strong>ti,</strong></span> <span class='ocrx_word' id='word_1_904' title='bbox 2046 5488 2272 5549; x_wconf 58' lang='lat' dir='ltr'><strong>prastat.</strong></span> 
     </span>
    </p>
   </div>
   <div class='ocr_carea' id='block_1_122' title="bbox 2023 5544 2893 5603">
    <p class='ocr_par' dir='ltr' id='par_1_122' title="bbox 2023 5544 2893 5603">
     <span class='ocr_line' id='line_1_122' title="bbox 2023 5544 2893 5603; baseline -0.002 -2"><span class='ocrx_word' id='word_1_905' title='bbox 2023 5544 2055 5586; x_wconf 71' lang='grc' dir='ltr'><strong>τ’</strong></span> <span class='ocrx_word' id='word_1_906' title='bbox 2077 5548 2202 5601; x_wconf 83' lang='lat' dir='ltr'><strong>Mss.</strong></span> <span class='ocrx_word' id='word_1_907' title='bbox 2233 5562 2325 5603; x_wconf 80' lang='lat' dir='ltr'><strong>sex</strong></span> <span class='ocrx_word' id='word_1_908' title='bbox 2346 5560 2453 5601; x_wconf 92' lang='lat' dir='ltr'><strong>non</strong></span> <span class='ocrx_word' id='word_1_909' title='bbox 2485 5544 2683 5599; x_wconf 88' lang='lat' dir='ltr'><strong>habent</strong></span> <span class='ocrx_word' id='word_1_910' title='bbox 2710 5554 2893 5599; x_wconf 83' lang='lat' dir='ltr'><strong>certus.</strong></span> 
     </span>
    </p>
   </div>
   <div class='ocr_carea' id='block_1_123' title="bbox 2023 5613 3277 5687">
    <p class='ocr_par' dir='ltr' id='par_1_123' title="bbox 2023 5613 3277 5687">
     <span class='ocr_line' id='line_1_123' title="bbox 2023 5613 3277 5687; baseline -0.007 -14"><span class='ocrx_word' id='word_1_911' title='bbox 2023 5625 2044 5654; x_wconf 87' lang='grc'>⁶</span> <span class='ocrx_word' id='word_1_912' title='bbox 2078 5616 2241 5684; x_wconf 85' lang='lat' dir='ltr'><strong>Editi,</strong></span> <span class='ocrx_word' id='word_1_913' title='bbox 2266 5616 2350 5686; x_wconf 86' lang='lat' dir='ltr'><strong>qui</strong></span> <span class='ocrx_word' id='word_1_914' title='bbox 2366 5616 2444 5672; x_wconf 78' lang='lat' dir='ltr'><strong>vel</strong></span> <span class='ocrx_word' id='word_1_915' title='bbox 2468 5615 2660 5671; x_wconf 85' lang='lat' dir='ltr'><strong>idonei.</strong></span> <span class='ocrx_word' id='word_1_916' title='bbox 2691 5615 2814 5671; x_wconf 83' lang='lat' dir='ltr'><strong>Mss.</strong></span> <span class='ocrx_word' id='word_1_917' title='bbox 2840 5615 3093 5687; x_wconf 88' lang='lat' dir='ltr'><strong>quinque,</strong></span> <span class='ocrx_word' id='word_1_918' title='bbox 3123 5613 3277 5666; x_wconf 84' lang='lat' dir='ltr'><strong>velut.</strong></span> 
     </span>
    </p>
   </div>
  </div>
