4016 6168
510 244 622 310 atas;

1852 242 2113 302 JULIANI
2154 244 2436 301 ΡΟΜΕἎΠ

3666 246 3779 304 856

515 365 664 418 velut
689 357 924 417 debitum
946 366 1191 430 poscunt,
1209 356 1305 413 sed
1323 365 1500 412 tamen
1526 354 1769 411 ecclesias
1792 355 2091 423 sumptibus
2122 358 2173 417 Α
2201 356 2453 422 ferenda,
2496 355 2612 410 sine
2654 364 2872 424 peccato
2914 353 3191 424 possident
3219 367 3315 409 sua
3342 369 3364 408 ‘:
3408 355 3531 424 quia
3579 364 3636 413 et
3682 360 3781 427 ipsi

516 456 738 516 vivunt,
787 466 893 505 non
940 461 1022 506 est
1069 464 1247 505 meum
1277 449 1488 514 dicere,
1527 447 1670 516 quali
1702 457 1918 517 peccato
1948 446 2094 503 cibos

518 558 809 613 pauperum
870 541 1243 611 praesumendo
1294 539 1620 609 suscipiant,
1676 536 1766 606 qui
1814 536 2092 591 ecclesiam

518 651 676 703 quam
696 635 888 703 iuvare
915 634 981 686 de
1008 632 1235 701 propriis
1256 629 1607 685 [facultatibus
1636 628 1955 692 debuerunt,
1984 627 2095 682 suis

517 726 766 795 expensis
817 724 1033 791 insuper
1076 730 1326 790 gravant;
1376 730 1594 788 propter
1633 719 1734 773 hoc
1778 719 2015 773 fortassis
2041 718 2095 771 in

518 814 927 884 congregatione
950 814 1207 877 viventes,
1240 828 1305 866 ne
1326 812 1533 880 aliquos
1563 825 1822 880 pauperes
1850 818 2093 878 pascant,

515 920 584 962 ne
627 904 970 960 advenientes
1002 912 1027 938 ιι
1057 903 1376 971 suscipiant,
1428 910 1519 955 aut
1562 913 1631 955 ne
1674 913 1828 953 suum
1875 913 2095 953 censum

517 999 768 1068 expensis
799 994 1124 1064 quotidianis
1146 993 1484 1046 imminuant.
1511 990 1536 1028 ι)
1560 991 1710 1058 Quod
1740 992 1783 1046 si
1801 988 1998 1061 aliquid
2028 989 2096 1043 de

517 1088 773 1143 fructibus
813 1088 923 1140 suis
967 1085 1209 1140 ecclesiae
1230 1124 1245 1148 ,
1280 1084 1424 1138 velut
1456 1098 1551 1148 pro
1588 1084 1701 1153 ipsa
1734 1096 1969 1151 expensa
2000 1095 2093 1135 sua

513 1180 869 1240 contulerint;
914 1192 1019 1230 non
1071 1190 1129 1230 se
1180 1174 1466 1244 pra—ferant
1502 1174 1643 1227 inani
1672 1172 1923 1242 jactantia
1958 1171 2093 1238 illis,

514 1288 649 1341 quos
697 1270 827 1324 nihil
878 1271 1136 1324 habentes
1184 1268 1349 1336 pascit
1392 1277 1446 1321 et
1484 1268 1641 1321 vestit
1670 1266 1892 1320 ecclesia
1924 1280 1940 1319 :
1972 1267 2094 1335 q'uia

514 1358 803 1428 perfectior
835 1368 919 1413 est
949 1358 1035 1410 ille
1066 1358 1154 1424 qui
1193 1371 1253 1409 se
1285 1354 1467 1408 mundi
1496 1357 1656 1410 rebus
1678 1354 1938 1423 exspoliat
1958 1394 1974 1420 ,
2006 1363 2097 1407 aut

511 1452 603 1520 qui
636 1467 756 1506 cum
788 1450 917 1503 nihil
950 1449 1230 1515 habuerit,
1264 1462 1363 1501 nec
1393 1448 1590 1502 habere
1618 1446 1905 1507 desiderat,
1937 1462 2093 1514 quam

513 1543 602 1596 ille.
623 1542 712 1610 qui
739 1556 803 1595 ex
838 1541 1019 1593 tnultis
1048 1554 1166 1606 qua:
1196 1538 1451 1607 possidet,
1476 1538 1715 1592 ecclesia:
1735 1538 1933 1605 aliquid
1959 1552 2097 1605 prte-

510 1641 637 1695 stat,
667 1648 728 1686 ac
752 1646 810 1685 se
840 1632 906 1686 de
936 1646 1000 1684 eo
1030 1630 1169 1699 quod
1196 1629 1505 1697 praesuterit
1534 1628 1751 1683 forsitan
1777 1628 1962 1698 jactat.

2196 448 2593 516 quodammodo
2636 462 2733 503 sua
2775 448 3115 518 relinquunt,
3145 447 3360 517 quando
3387 450 3621 519 propriis
3663 466 3785 506 con-

2198 540 2330 595 tenti
2358 540 2552 606 rebus,
2586 538 2719 594 nihil
2748 554 2933 594 eorum
2979 553 3099 607 qua:
3139 537 3330 604 labori,
3365 539 3448 591 vel
3480 539 3659 594 ordini
3687 555 3784 595 suo

2198 632 2385 687 deberi
2431 632 2758 687 arbitrantur
2805 632 3097 700 accipiunt.
3139 631 3290 697 Quod
3328 630 3373 685 si
3427 641 3618 699 putant
3664 633 3785 687 idea

2196 731 2225 769 ε
2246 722 2414 792 accipi
2440 723 2639 778 debere
2667 738 2850 777 eorum
2875 737 2994 789 quae
3015 720 3364 775 conferuntur
3387 722 3636 775 ecclesia:
3664 736 3785 790 poo-

2199 813 2433 881 tionem,
2480 829 2549 868 ne
2586 829 2704 869 eam
2759 814 3039 868 videantur
3075 812 3333 881 abjicere,
3387 827 3447 866 se
3498 827 3632 868 vero
3679 828 3783 867 non

2201 920 2359 975 posse
2400 920 2495 960 sua
2545 905 2885 972 relinquere,
2921 903 3062 973 quod
3111 905 3191 958 eis
3237 901 3481 957 deforme
3527 904 3602 957 sit
3648 902 3787 958 inter

2198 1012 2348 1065 suos,
2377 1013 2638 1068 pauperes
2668 997 2856 1062 reddi;
2891 996 3145 1052 noverint
3171 1010 3289 1050 esse
3319 995 3619 1051 deformius
3666 1009 3787 1065 pos-

2199 1103 2442 1145 sessores
2472 1092 2539 1143 de
2560 1089 2926 1159 eieetnosynis
2958 1102 3246 1158 pauperum
3274 1087 3439 1156 pasci.

2794 1220 3018 1276 CAPUT
3058 1220 3196 1274 XIII.

2204 1315 2329 1379 Quae
2358 1315 2453 1367 sint
2484 1313 2673 1383 gaudia
2712 1328 2863 1377 vera,
2890 1314 2966 1367 rel
2998 1330 3126 1366 rem:
3156 1313 3342 1366 divitiis
3359 1330 3377 1377 ;
3407 1323 3453 1367 et
3477 1314 3605 1382 quid
3631 1314 3786 1379 impe-

2268 1385 2476 1438 dimenti
2519 1383 2736 1451 a/ferant
2778 1383 2908 1436 bona
2954 1384 3226 1453 praesentia
3277 1386 3593 1438 amatoribus
3647 1386 3787 1456 futu-

2271 1472 2391 1507 τοττι
2400 1473 2444 1506 ιη
2454 1494 2467 1506 .

2271 1548 2325 1600 1.
2368 1548 2479 1601 lleu
2521 1560 2681 1617 quam
2723 1544 2989 1600 subtiliter
3009 1559 3106 1599 nos
3137 1545 3226 1601 ille
3249 1545 3548 1615 decipiendi
3591 1547 3781 1601 artifex

2200 1640 2358 1707 fallit,
2381 1648 2577 1709 quanta
2620 1640 2861 1693 caecitate
2884 1638 3067 1692 oculos
3095 1648 3291 1694 nostra:
3322 1640 3512 1694 mentis
3542 1640 3784 1705 obducit,

586 1725 638 1777 5.
675 1722 814 1776 Dura
860 1730 983 1774 $11M
1023 1736 1140 1789 quae
1186 1720 1339 1786 d100,
1392 1735 1489 1774 nec
1535 1734 1633 1790 ego
1663 1718 1914 1773 dtmleor-
1952 1718 2089 1772 Dlll'a
2121 1722 2168 1782 Β
2202 1747 2268 1787 ne
2292 1731 2658 1786 discernantus
2678 1730 2941 1801 gaudendi
2968 1729 3140 1795 avidi,
3171 1732 3310 1785 unde
3331 1731 3525 1798 iustius
3554 1734 3785 1800 gaudea-

508 1821 662 1875 sunt.
715 1812 807 1867 sed
860 1814 1145 1867 observare
1177 1812 1500 1867 nolentibus.
1534 1811 1799 1866 Caeterum
1836 1821 1857 1849 ο
1892 1812 1937 1864 si
1969 1810 2098 1864 ﬁant

512 1908 650 1971 ista;
684 1920 801 1977 quae
828 1906 1063 1961 difficilia
1093 1923 1199 1959 non
1231 1906 1544 1961 facientibus
1573 1917 1719 1971 sunt,
1749 1907 1931 1960 statim
1966 1905 2096 1960 faci-

512 1998 581 2051 lia
613 1997 928 2051 facientibus
960 1999 1110 2051 fiunt.
1143 1997 1257 2051 Non
1287 2013 1415 2067 ergo
1446 2012 1509 2052 ea
1549 2013 1667 2067 quae
1710 1999 1961 2051 nolumus
2002 2000 2098 2053 ob-

511 2103 748 2155 servare,
784 2089 1186 2157 impiissibilitas
1218 2090 1374 2143 nobis
1401 2090 1526 2144 facit
1554 2091 1707 2156 dura,
1743 2091 1837 2144 sed
1868 2090 2093 2143 novitas.

512 2182 570 2237 In
620 2196 773 2237 usum
817 2181 1065 2250 veniant,
1114 2191 1169 2237 et
1216 2182 1484 2237 neminem
1529 2183 1855 2251 frequentata
1884 2190 2099 2236 contur-

512 2275 660 2328 bant.
689 2254 820 2326 Nam
840 2314 855 2339 ,
881 2287 1086 2341 qurere,
1110 2271 1235 2342 quid
1258 2274 1329 2326 sit
1354 2288 1539 2327 eorum
1566 2287 1683 2341 quas
1706 2271 1822 2327 dixi
1845 2271 2099 2327 difficile?

511 2374 570 2421 ut
596 2367 759 2422 homo
791 2368 843 2422 id
875 2367 1017 2438 quod
1058 2382 1193 2437 Opus
1239 2383 1344 2422 non
1384 2366 1578 2432 habet,
1624 2369 1691 2421 ab
1714 2367 1944 2423 ecclesia
1994 2380 2097 2422 non

512 2459 757 2525 accipiat,
790 2472 855 2511 an
887 2466 946 2512 ut
975 2457 1117 2527 quod
1146 2456 1306 2511 habet
1335 2458 1450 2511 sine
1492 2473 1650 2511 causa
1675 2458 2016 2513 contemnat?
2042 2455 2099 2511 Si

513 2559 732 2618 propter
772 2550 874 2604 hoc
905 2564 1009 2604 non
1034 2552 1145 2604 vult
1175 2565 1269 2604 sua
1313 2550 1619 2619 relinquere
1643 2558 1700 2605 ut
1725 2549 1918 2605 habeat
1956 2549 2099 2605 unde

515 2642 690 2707 vivat,
719 2650 776 2695 ut
795 2641 921 2711 quid
948 2642 1142 2712 accipit
1170 2642 1311 2697 unde
1351 2644 1613 2696 rationem
1640 2641 1865 2698 reddat?
1889 2649 1948 2698 ut
1972 2642 2099 2713 quid

513 2726 539 2768 ⁸
564 2730 632 2787 de
657 2733 891 2802 peccatis
914 2733 1105 2817 alienis
1133 2748 1227 2787 sua
1253 2732 1605 2802 multiplicat?

1115 2843 1341 2900 CAPUT
1382 2844 1472 2900 XI.

552 2934 653 3002 Qui
681 2944 802 2989 sunt
832 2936 921 3007 qui
955 2936 1110 2990 etiam
1141 2952 1257 2989 cum
1284 2938 1513 3011 profectu
1534 2952 1727 3011 ammte
1754 2954 1865 2996 sua:
1890 2940 2067 3011 apibus

992 3017 1346 3061 sustentantur
1367 3009 1611 3064 ecclesia.

2198 1839 2351 1889 tuus;
2394 1830 2487 1876 aut
2534 1837 2604 1877 ne
2650 1821 2930 1891 cupientes
2965 1824 3145 1891 augeri
3191 1822 3425 1888 divitiis,
3480 1826 3785 1879 noverimus

2198 1930 2333 1984 quas
2358 1914 2554 1983 quibus
2584 1913 3068 1981 incomparabiliter
3098 1914 3464 1982 prmferamus.
3493 1912 3631 1969 Nam
3660 1931 3788 1985 gau-

2199 2005 2329 2059 dere
2353 2005 2572 2074 quidem
2601 2006 2797 2058 bonum
2820 2016 2933 2070 est;
2966 2003 3059 2059 sed
3086 2005 3175 2073 qui
3205 2006 3425 2074 gaudet,
3458 2006 3499 2059 si
3530 2021 3640 2059 non
3669 2005 3789 2060 inde

2199 2097 2431 2166 gaudeat
2462 2095 2606 2150 unde
2634 2096 2834 2163 debet,
2865 2110 2969 2173 non
3010 2105 3186 2165 putest
3237 2095 3432 2150 bonum
3482 2111 3608 2151 esse
3651 2097 3789 2167 quod

2197 2188 2414 2259 gaudet.
2454 2187 2730 2258 Siquidem
2762 2187 2957 2258 gaudet
2982 2196 3036 2241 et
3062 2196 3264 2256 raptor,
3312 2202 3434 2241 cum
3483 2186 3789 2243 desiderata

2204 2283 2477 2352 rapuerit;
2509 2283 2703 2353 gaudet
2741 2293 2794 2337 et
2828 2282 3105 2352 ebriosus,
3136 2298 3254 2336 cum
3287 2280 3313 2319 ιι
3336 2291 3606 2353 ειι-ρωιω
3637 2298 3791 2339 occa~

2202 2373 2409 2429 sionem
2443 2374 2729 2443 potationis
2768 2373 3069 2439 invenerit;
3101 2373 3296 2443 gaudet
3323 2384 3379 2427 et
3407 2373 3641 2440 adulter,
3670 2390 3791 2429 cum

2201 2465 2267 2519 ad
2292 2465 2701 2521 delectationem
2735 2463 2942 2519 fruendi
2969 2463 3212 2532 corporis
3228 2464 3498 2534 concupiti
3523 2480 3792 2533 pervene-

2198 2556 2273 2611 rit
2301 2574 2315 2610 :
2346 2556 2441 2612 sed
2467 2571 2588 2611 cum
2612 2556 2678 2610 sit
2702 2555 2935 2625 gaudere
2965 2555 3192 2618 bonum,
3222 2555 3290 2610 de
3317 2555 3587 2626 hisatque
3609 2556 3794 2625 hujus-

2202 2647 2351 2703 modi
2380 2646 2612 2717 gaudere
2634 2646 2839 2716 grande
2869 2653 2952 2701 est
2981 2646 3197 2700 malum.
3228 2646 3353 2701 Ilaec
3387 2655 3440 2701 et
3469 2647 3550 2700 his
3596 2647 3793 2703 similia

2202 2749 2325 2795 sunt
2352 2738 2495 2793 unde
2524 2737 2759 2807 gaudere
2786 2750 2886 2791 nos
2926 2736 3037 2791 vult
3062 2736 3315 2803 mundus,
3346 2751 3466 2792 cum
3499 2739 3614 2792 suis
3642 2754 3795 2791 ama-

2205 2830 2409 2885 toribus
2442 2826 2458 2866 ’⁸
2498 2831 2790 2898 periturus.
2840 2829 2965 2884 llaec
3006 2841 3133 2885 sunt
3158 2844 3276 2900 quae
3315 2830 3600 2899 repudiare
3629 2831 3793 2886 debe<

2200 2938 2321 2977 mus
2344 2964 2359 2989 ,
2389 2932 2445 2975 ut
2466 2922 2532 2977 de
2559 2923 2695 2977 bona
2737 2923 3065 2978 conscientia
3086 2963 3101 2988 ,
3133 2922 3201 2977 de
3230 2924 3514 2979 sanctitate
3546 2940 3793 2992 morum,

2203 3016 2270 3070 de
2316 3016 2673 3086 acquisitione
2719 3017 2974 3071 virtutum
3000 3062 3015 3085 ,
3058 3015 3124 3071 de
3154 3015 3296 3071 dono
3330 3017 3453 3083 Dei,
3484 3025 3539 3071 et
3569 3017 3636 3072 de
3669 3032 3795 3088 pro-

586 3096 769 3167 ltaque
806 3098 1060 3154 sacerdos
1086 3098 1171 3153 cui
1199 3098 1620 3169 dispensationis
1652 3115 1780 3156 cura
1816 3102 2100 3157 commissa
2129 3091 2176 3153 C
2207 3107 2467 3161 missith
2493 3107 2651 3161 futuri
2683 3109 2831 3177 regni
2864 3107 3204 3162 inelTabilitcr
3223 3109 3571 3179 gaudeamus.

517 3202 621 3261 est,
651 3210 756 3249 non
789 3195 959 3249 solum
988 3196 1105 3251 sine
1126 3196 1418 3265 cupiditate
1440 3238 1455 3263 ,
1487 3196 1582 3252 sed
1606 3197 1767 3252 etiam
1794 3213 1914 3252 cum
1946 3197 2102 3253 laude

512 3285 726 3353 pietatis
748 3286 941 3355 accipit
964 3300 995 3339 a
1019 3287 1212 3356 populo
1231 3286 1588 3357 dispensanda
1605 3326 1620 3353 ,
1647 3295 1704 3343 et
1733 3287 1962 3344 fideliter
1988 3288 2102 3343 dis-

512 3385 703 3442 pensat
726 3387 974 3447 accepta,
1004 3380 1094 3447 qui
1122 3380 1302 3434 omnia
1330 3394 1426 3435 sua
1452 3390 1475 3419 ε
1507 3389 1597 3435 aut
1622 3382 1931 3450 parentibus
1974 3381 2102 3436 reli-

512 3467 660 3536 quit,
708 3478 801 3522 aut
845 3469 1169 3538 pauperibus
1206 3470 1509 3539 distribuit,
1545 3480 1636 3526 aut
1661 3472 1903 3527 ecclesia:
1944 3472 2100 3527 rebus

510 3558 795 3627 adiunxit,
844 3568 899 3614 et
945 3573 1005 3615 se
1052 3562 1103 3615 in
1155 3576 1381 3617 numero
1427 3578 1723 3632 pauperum
1774 3564 2101 3634 paupertatis

508 3663 695 3703 amore
719 3649 1042 3705 constituit:
1074 3651 1147 3706 ita
1191 3659 1249 3707 ut
1290 3653 1430 3709 unde
1470 3656 1795 3725 pauperibus
1840 3656 2102 3711 submini-

508 3746 677 3803 strat,
721 3738 844 3793 inde
873 3749 927 3795 et
955 3740 1069 3810 ipse
1102 3740 1123 3780 ί
1155 3752 1405 3813 tanquam
1435 3759 1638 3814 pauper
1663 3747 1994 3804 voluntarius
2016 3750 2099 3803 vi-

509 3837 620 3882 vat.
649 3828 843 3885 Clerici
870 3846 1082 3903 quoque
1118 3848 1253 3903 quos
1291 3850 1554 3906 pauperes
1584 3846 1676 3893 aut
1699 3838 1975 3907 voluntas,
2008 3849 2101 3895 aut

509 3921 760 3976 nativitas
783 3922 930 3988 fecit,
957 3939 1078 3979 cum
1111 3928 1439 3996 perlectione
1468 3929 1681 3985 virtutis
1703 3931 1824 3985 vita:
1847 3945 2101 3988 necessa-

508 4011 586 4065 ria
613 4052 628 4077 ,
659 4013 774 4069 sive
803 4014 855 4069 in
880 4014 1129 4072 domibus
1158 4019 1303 4085 suis,
1347 4018 1463 4074 sive
1493 4019 1547 4074 in
1575 4023 1990 4092 congregatione
2020 4025 2101 4079 vi-

509 4116 693 4160 ventes
732 4108 1003 4179 accipiunt
1056 4127 1072 4164 :
1124 4111 1249 4181 quia
1295 4112 1362 4167 ad
1408 4126 1471 4168 ea
1517 4114 1826 4185 accipienda
1866 4128 1972 4171 non
2003 4130 2099 4172 eos

511 4194 740 4253 habendi
767 4200 1029 4269 cupiditas
1052 4201 1221 4267 ducit,
1252 4202 1349 4258 sed
1378 4204 1522 4274 cogit
1542 4206 1755 4261 vivendi
1780 4207 2096 4263 necessitas.

1117 4314 1346 4373 CAPUT
1387 4316 1502 4372 XII.

582 4396 719 4465 Quid
744 4402 912 4471 facere
934 4404 1147 4458 debeant
1171 4404 1342 4460 clerici
1363 4424 1578 4475 quorum
1615 4411 1889 4481 inﬁrmitas
1918 4431 2018 4469 non

973 4484 1136 4544 potest
1161 4492 1257 4529 sua
1278 4488 1615 4535 contemnere.

579 4561 662 4619 Illi
684 4574 860 4621 autem
888 4568 977 4637 qui
1007 4578 1113 4622 tam
1145 4568 1343 4624 infirmi
1373 4581 1527 4638 sunt,
1574 4584 1629 4628 ut
1662 4575 2091 4645 possessionibus

487 4657 623 4742 suis
668 4660 980 4713 renuntiare
1017 4675 1126 4715 non
1180 4663 1412 4731 possint,
1460 4665 1504 4720 si
1547 4681 1610 4720 ea
1650 4684 1770 4736 quae
1826 4671 2092 4740 accepturi

511 4758 683 4818 erant,
715 4750 1073 4819 dispensatori
1097 4752 1421 4825 relinquant,
1451 4758 1584 4813 nihil
1616 4760 1934 4818 habentibus
1955 4777 2089 4819 con-

581 4972 606 5039 f
633 4963 753 5039 Mss.
785 4979 902 5033 sex,
934 4967 1210 5039 excipiant.

585 5036 610 5069 δ
639 5033 734 5087 Ms.
764 5050 920 5100 unus,
950 5033 1055 5103 Qui
1076 5038 1142 5092 ss'.

584 5113 605 5182 οξ
631 5104 719 5182 _Sic
748 5120 878 5160 mss.
909 5115 1037 5162 tres.
1067 5108 1171 5163 Alii
1195 5123 1314 5182 cum
1346 5110 1522 5177 editis,
1552 5113 1595 5166 si
1623 5113 1834 5182 faciant.

536 5245 547 5257 ι
580 5170 607 5209 ἀ
633 5174 708 5227 Ita
735 5189 867 5231 mss.
894 5191 1103 5248 omnes,
1137 5186 1193 5233 et
1229 5178 1400 5250 Lugd.
1431 5170 1652 5238 At'edit'i
1672 5183 1762 5239 alii
1781 5225 1795 5250 ,
1818 5185 1882 5240 de
1908 5202 2089 5257 pecca-

510 5255 594 5299 tis.

582 5324 605 5351 ο
638 5314 803 5384 Lugd.
846 5317 979 5372 edit.
1012 5333 1130 5374 cum
1161 5336 1260 5374 ms.
1294 5320 1479 5377 Camb.
1510 5322 1624 5378 haec
1650 5331 1853 5379 tantum
1892 5325 2092 5382 habent

507 5394 595 5466 aut
635 5386 895 5466 relinquit,
923 5398 1011 5441 aut
1034 5390 1428 5466 ecclesjrerebus
1448 5395 1686 5466 adjungit
1708 5439 1723 5464 ,
1765 5406 1812 5448 et
1853 5413 1925 5455 se.
1957 5398 2083 5452 Mss.

509 5457 639 5537 Heg.
668 5455 809 5537 duo,
838 5466 893 5537 et
918 5470 1146 5528 quatuor
1166 5462 1341 5531 Colb.,
1372 5474 1459 5517 aut
1494 5455 1720 5537 reliquit,
1747 5476 1836 5520 aut
1862 5469 2088 5523 ecclesia:

506 5526 949 5598 rebusadjuuxit,
967 5538 1014 5582 et
1044 5547 1116 5596 se,
1144 5542 1250 5586 etc.

584 5593 607 5677 ξ
636 5593 927 5677 φρξιξῃυεέ
951 5610 998 5652 et
1028 5593 1140 5669 ipse
1154 5604 1266 5677 jam
1293 5611 1555 5677 tanquam.

581 5674 608 5713 α
648 5664 745 5722 Ms.
785 5669 941 5740 ΚΘΕ..
971 5664 1271 5729 ηεέα.’Με.
1299 5664 1510 5745 Catnb.,
1557 5678 1670 5734 ideo
1713 5687 1888 5749 partes
1919 5679 2087 5748 accipi

2114 4450 2170 4512 D

2271 3200 2325 3255 2.
2364 3201 2530 3255 Ditari
2561 3215 2771 3271 quoque
2799 3200 2999 3257 divitiis
3021 3203 3222 3272 grande
3243 3210 3325 3257 est
3348 3203 3577 3269 bonum;
3624 3204 3638 3254 i
3696 3202 3793 3259 sed

2202 3293 2325 3348 inde
2354 3294 2510 3348 ditari
2553 3292 2696 3348 unde
2725 3308 2831 3348 non
2862 3292 3080 3359 debeas,
3112 3283 3329 3348 nonest
3349 3293 3594 3348 habenda
3626 3294 3793 3349 facul-

2202 3393 2314 3450 tas,
2343 3385 2440 3440 sed
2471 3385 2783 3440 detestanda
2816 3386 3116 3441 calamitas.
3158 3384 3297 3440 Nihil
3339 3397 3422 3440 est
3462 3385 3607 3441 enim
3650 3378 3794 3441 cata-‘-

2202 3478 2478 3542 mitosius,
2506 3478 2743 3546 nihilque
2770 3476 3021 3531 miserius
3049 3492 3114 3532 eo
3144 3477 3233 3547 qui
3258 3476 3453 3546 iniquis
3484 3478 3794 3548 acquisitio-

2200 3569 2357 3623 nibus
2386 3568 2613 3635 crescit,
2648 3583 2805 3637 quem
2851 3568 3165 3637 locupletem
3211 3567 3428 3621 fraudes
3477 3567 3684 3622 faciunt
3730 3581 3793 3621 ac

2200 3658 2423 3728 rapinae.
2469 3658 2577 3712 Illa:
2605 3658 2759 3713 nobis
2790 3650 2917 3713 situt
2942 3656 3243 3712 ambienda':
3269 3656 3501 3721 divitim,
3528 3672 3649 3726 qua:
3692 3672 3794 3711 nos

2204 3764 2399 3806 ornare
2427 3748 2453 3787 ιε
2482 3751 2687 3819 possint
2718 3751 2917 3820 pariter
2960 3759 3014 3804 et
3056 3750 3291 3816 munire,
3325 3764 3458 3819 quas
3482 3764 3586 3803 nec
3612 3751 3793 3819 acqui—

2203 3856 2324 3897 rere
2364 3856 2648 3912 possumus
2676 3842 2860 3909 inviti,
2906 3857 3005 3899 nec
3042 3842 3288 3913 perdere,
3322 3858 3439 3912 qua:
3467 3857 3567 3897 nos
3608 3856 3793 3898 contra

2205 3932 2427 3987 hostiles
2456 3934 2685 4002 impetus
2706 3944 2938 4002 armant,
2967 3949 2997 3988 a
3026 3934 3226 3988 mundo
3254 3935 3657 4001 disterminant,
3682 3935 3792 3989 Deo

2202 4026 2609 4091 commendant,
2639 4025 2816 4080 ditant
2863 4024 2879 4062 ¹
2921 4030 3129 4081 animas
3159 4034 3372 4081 nostras
3405 4036 3567 4095 atque
3605 4028 3793 4081 nubili-

2204 4127 2352 4184 tant,
2386 4119 2664 4174 nobiscum
2702 4128 2856 4185 sunt,
2893 4120 3030 4174 intra
3060 4135 3160 4175 nos
3187 4128 3329 4174 sunt.
3358 4120 3564 4175 Divitiae
3595 4130 3792 4174 nostra:

2201 4210 2485 4266 credendae
2512 4220 2634 4265 sunt
2669 4210 2923 4279 pudicitia
2943 4251 2960 4277 ,
2990 4226 3110 4281 quae
3139 4226 3237 4266 nos
3261 4211 3479 4281 pudicos
3506 4228 3522 4276 ;
3554 4213 3786 4279 justitia,

2202 4317 2320 4372 quae
2342 4302 2548 4372 justas;
2582 4300 2772 4372 pietas,
2794 4317 2915 4371 quae
2943 4301 3086 4371 pios;
3120 4301 3423 4367 humilitas,
3457 4317 3579 4373 qua:
3619 4301 3790 4355 humi-

2201 4392 2313 4458 les;
2344 4393 2698 4448 mansuetudo
2719 4434 2734 4458 ,
2772 4408 2892 4464 qua:
2919 4401 3263 4459 mansuetos;
3301 4393 3643 4459 innocentia,
3671 4407 3788 4462 qua:

2197 4485 2544 4549 innocentes;
2569 4484 2796 4554 puritas,
2826 4499 2944 4554 quae
2966 4497 3156 4553 puros;
3184 4483 3486 4553 prudentia,
3521 4498 3641 4554 qua:
3662 4496 3788 4551 pru-

2194 4580 2417 4643 dentes;
2466 4577 2849 4648 temperantia,
2882 4592 3001 4646 qute
3046 4585 3441 4646 temperantes;
3474 4585 3531 4632 et
3559 4576 3783 4638 caritas,

2195 4684 2315 4740 quae
2358 4683 2457 4723 nos
2497 4668 2622 4723 facit
2658 4667 2770 4724 Deo
2799 4676 2854 4723 et
2883 4667 3189 4723 hominibus
3210 4682 3394 4735 caros,
3448 4677 3487 4704 ιιι
3534 4668 3785 4723 virtutum

2197 4770 2472 4832 potentes,
2502 4761 2688 4817 saeculi
2711 4769 3141 4832 contemptores,
3164 4777 3228 4818 ac
3255 4762 3521 4819 bonorum
3548 4760 3785 4817 omnium

2918 4877 2952 4910 θ

2192 4977 2581 5052 άεὺετςεανηηι
2605 4993 2717 5052 qua;
2746 4978 3076 5048 conferuntur
3100 4978 3328 5035 ecclesiis
3351 4980 3674 5052 porticuum,
3716 4994 3785 5032 ne

2192 5063 2279 5118 eas
2308 5048 2577 5118 videantur
2607 5048 2847 5118 abjicere.

2267 5115 2297 5188 ἒξ
2322 5117 2421 5171 Ms.
2456 5135 2614 5185 unus,
2645 5115 2955 5188 exaptatam.

2278 5186 2293 5224 ί
2329 5188 2425 5242 Ms.
2460 5205 2615 5253 unus,
2649 5186 2922 5257 perituros.

2272 5257 2284 5306 i
2327 5258 2452 5313 Mss.
2483 5258 2637 5314 Colb.
2669 5259 2809 5323 duo,
2836 5260 2925 5312 sed
2952 5277 3055 5313 non
3084 5260 3203 5313 inde
3231 5260 3387 5313 ditari
3427 5262 3565 5317 unde
3598 5261 3778 5316 debea-

2196 5345 2326 5382 mus.
2357 5327 2455 5382 Ms.
2482 5333 2638 5394 alter,
2671 5330 2763 5383 sed
2780 5345 2877 5383 non
2899 5330 3056 5385 ditari
3080 5331 3214 5385 unde
3231 5330 3433 5385 debeas.

2268 5397 2294 5435 ιι
2325 5398 2421 5452 Ms.
2450 5416 2609 5464 unus,
2634 5410 2865 5466 possunt.

2272 5466 2291 5506 1
2326 5468 2455 5524 Mss.
2482 5480 2591 5525 tres
2610 5470 2789 5537 Colb.,
2818 5472 3018 5525 animos
3044 5480 3262 5527 nostros.

2268 5548 2307 5576 ω
2328 5539 2463 5614 Mss.
2482 5551 2615 5614 tres,
2640 5542 2877 5614 vitiarunt
2896 5543 3242 5614 impotentes,
3272 5543 3450 5597 seaculi
3469 5549 3773 5611 contempto-

2196 5626 2298 5665 res.
2327 5610 2423 5667 Ms.
2447 5611 2601 5683 alter,
2625 5610 2864 5668 vitiorum
2888 5610 3176 5685 impotentis
3197 5613 3370 5669 siccati
3390 5610 3770 5687 contemptores.
