4024 6176
179 373 271 428 457
1202 368 1286 423 DE
1329 365 1485 420 VITA
1525 364 2095 420 CONTEMPLATIVA
2138 365 2265 419 LIB.
2309 364 2371 418 11.

3321 370 3422 424 -ἰεὲῒ

177 493 485 538 sectatores.
525 480 647 535 llaec
692 489 815 534 sunt
868 493 971 534 non
1017 478 1281 541 omnium,
1312 475 1403 529 sed
1436 482 1742 528 sanctorum
1771 475 1820 534 Α
1850 471 2124 543 Evangelia
2146 475 2304 528 vivere
2326 472 2510 539 (Ibid,
2542 473 2653 542 ll).
2689 473 2760 529 De
2798 472 3087 544 Evangelio
3128 477 3311 532 vivunt
3336 484 3425 547 qui

176 583 369 630 sanan
394 574 651 635 virtutes;
676 587 780 625 non
804 571 1024 625 divitum
1055 569 1429 637 superborum,
1460 565 1553 620 sed
1579 565 1747 617 humi-

177 671 301 722 lium
353 681 642 736 pauperum
694 665 1001 728 facultates;
1052 659 1431 731 patrimonium
1470 657 1749 719 cordium,

176 760 375 815 divitia:
406 755 837 825 incorruptibiles
866 768 1098 821 morum,
1132 752 1323 822 quibus
1349 766 1453 805 non
1481 748 1755 803 abundant

179 860 201 888 ⁸
234 851 334 905 nisi
368 850 460 918 qui
495 848 600 902 illis
628 846 933 902 carnalibus
976 861 1040 900 ex
1065 843 1225 899 corde
1267 841 1593 897 renuntiant.
1624 839 1755 906 Qua:

178 938 426 1010 quamvis
452 947 507 991 et
535 936 648 1005 ipsa
680 945 788 991 sunt
817 938 983 999 bona,
1013 942 1195 1002 utpote
1233 948 1263 985 a
1300 931 1439 985 bono
1470 930 1579 984 Deo
1604 944 1755 984 crea-

183 1039 265 1093 ta;
299 1040 475 1082 tamen
506 1027 628 1095 quia
659 1034 787 1079 sunt
815 1024 968 1078 bonis
997 1023 1259 1092 malisque
1296 1019 1617 1086 communia,
1649 1028 1760 1073 stu-

183 1120 308 1175 dent
335 1133 401 1174 ea
430 1116 732 1186 spirituales
759 1116 857 1169 viri
888 1125 1257 1178 contemnere,
1304 1126 1411 1181 quo
1442 1110 1648 1180 possint
1693 1108 1760 1163 ad

187 1212 269 1265 illa
298 1206 782 1276 incomparabiliter
804 1206 1043 1273 meliora,
1068 1219 1185 1274 qua:
1208 1211 1336 1258 sunt
1358 1201 1621 1255 bonorum
1646 1214 1762 1252 om-

188 1305 327 1356 nium
355 1300 590 1370 propria,
618 1298 895 1369 pervenire
925 1314 939 1350 :
966 1296 1216 1366 quoniam
1261 1311 1365 1349 non
1395 1303 1479 1350 est
1519 1294 1624 1348 tale
1670 1292 1764 1347 bo-

191 1411 315 1449 num
339 1393 484 1463 quod
515 1393 713 1446 habent
742 1400 794 1445 et
829 1389 977 1457 mali,
1004 1389 1160 1459 quale
1187 1388 1311 1443 illud
1354 1397 1436 1443 est
1464 1384 1603 1455 quod
1659 1398 1763 1437 non

189 1488 387 1541 habent
423 1485 450 1523 δ
483 1483 584 1539 nisi
619 1483 765 1537 boni.

260 1579 314 1631 5.
337 1573 629 1641 Corporale
660 1573 855 1626 bonum
885 1570 1097 1641 quando
1137 1569 1333 1625 habent
1374 1570 1561 1639 iniqui,
1610 1570 1769 1639 ipso-

189 1680 301 1721 rum
332 1673 418 1720 est
444 1663 741 1733 praemium,
779 1672 800 1699 ε
836 1662 1049 1731 quando
1097 1660 1291 1715 habent
1326 1660 1479 1729 justi,
1532 1674 1635 1713 non
1688 1668 1770 1713 est

191 1772 374 1812 eorum
408 1754 706 1821 prmmium,
737 1753 831 1807 sed
864 1751 1154 1819 temporale
1183 1751 1454 1805 solatium.
1482 1750 1609 1804 Item
1644 1748 1764 1803 boni

1856 566 1987 620 nihil
2010 567 2278 635 proprium
2312 566 2509 620 habere
2549 566 2762 631 volunt,
2795 565 2885 635 qui
2914 582 3013 621 nec
3061 568 3277 636 habent,
3326 585 3427 626 nec

1857 657 2054 713 habere
2081 658 2277 728 aliquid
2308 660 2720 728 concupiscunt;
2746 673 2851 714 non
2882 673 3121 725 suorum,
3154 663 3247 717 sed
3276 678 3427 718 com-

1856 752 2095 803 munium
2145 762 2501 817 possessores.
2552 749 2685 815 Quid
2739 759 2821 803 est
2869 750 3011 805 aliud
3041 751 3108 807 de
3138 750 3429 824 Evangelio

1859 841 2067 905 vivere,
2097 840 2197 895 nisi
2230 840 2555 895 laborantem
2588 839 2711 894 inde
2752 840 2841 895 ubi
2874 840 3080 896 laborat
3128 845 3429 899 necessaria

1862 932 1985 987 vitae
2010 933 2320 1001 percipere?
2352 932 2638 1001 Apostolus
2666 943 2875 996 tamen,
2924 935 3011 1002 qni
3063 936 3141 989 sic
3185 935 3428 1007 Evange-

1861 1025 1987 1079 lium
2020 1024 2353 1093 praedicavit.
2409 1033 2467 1078 ut
2510 1038 2608 1079 nec
2654 1024 2720 1079 de
2768 1024 3054 1094 Evangelio
3082 1030 3303 1095 viveret,
3337 1031 3431 1086 sed

1862 1114 2165 1170 necessaria
2195 1115 2294 1169 sibi
2323 1116 2433 1168 suis
2460 1113 2705 1169 manibus
2735 1115 3077 1181 ministraret,
3108 1118 3172 1172 de
3212 1134 3271 1174 se
3307 1134 3434 1175 con-

1865 1204 2137 1259 fidenter!
2176 1205 2484 1272 eloquitur:
2529 1204 2640 1273 Ego
2686 1213 2852 1259 autem
2908 1204 3047 1258 nullo
3092 1206 3275 1261 borum
3318 1226 3434 1264 usus

1866 1314 1999 1351 sum.
2031 1296 2096 1349 Et
2121 1310 2283 1363 quare
2311 1296 2410 1349 hoc
2452 1295 2674 1363 dixerit,
2720 1304 2931 1350 secutus
2970 1298 3180 1366 aperuit
3201 1298 3384 1355 dicens
3417 1321 3433 1333 ·

1870 1387 2090 1457 Expedit
2114 1388 2239 1440 mihi
2261 1390 2421 1457 magis
2451 1388 2578 1441 mori
2602 1404 2754 1457 quam
2796 1396 2851 1441 ut
2877 1390 3092 1459 gloriam
3125 1408 3289 1446 meam
3328 1396 3439 1461 quis

1869 1488 2070 1533 evacuet
2099 1479 2283 1549 (lbid.,
2324 1480 2432 1551 15).
2467 1479 2493 1516 ι
2525 1480 2783 1534 Evacuari
2829 1479 2957 1535 dicit
3000 1482 3220 1550 gloriam
3264 1500 3434 1550 suam,

1871 1569 1917 1623 si
1946 1570 2014 1623 ab
2055 1570 2133 1624 eis
2164 1571 2355 1639 quibus
2384 1569 2707 1639 praedicabat
2743 1569 3001 1627 voluisset
3041 1573 3280 1642 accipere
3320 1578 3438 1631 vitm

1877 1657 1895 1697 ι
1927 1662 2217 1728 corporalis
2245 1675 2536 1729 expensam
2563 1678 2577 1726 ;
2611 1662 2827 1717 nolebat
2862 1662 3056 1733 quippe
3096 1664 3147 1719 in
3176 1669 3441 1735 praesenti

1875 1750 2068 1806 laboris
2097 1751 2177 1805 sui
2202 1749 2448 1818 fructum,
2482 1752 2574 1807 sed
2605 1754 2653 1806 in
2685 1753 2859 1807 futuro
2900 1757 3157 1824 recipere.
3211 1759 3265 1815 Si
3314 1775 3441 1830 ergo

193 1847 501 1919 temporalis
550 1846 769 1901 amissio
820 1845 879 1901 lit
923 1844 1235 1900 exercitium
1272 1843 1435 1912 justi,
1485 1849 1541 1898 et
1582 1842 1763 1915 injusti
1795 1835 1841 1894 Β
1869 1840 1955 1895 ille
1985 1840 2075 1911 qui
2103 1841 2232 1893 nihil
2265 1841 2513 1906 habebat,
2562 1843 2728 1897 noluit
2754 1844 2823 1899 de
2862 1844 3148 1917 Evangelio
3176 1850 3265 1905 ubi
3297 1851 3444 1908 labo-

190 1939 508 2011 supplicium
538 1953 552 1990 :
578 1938 698 2006 quia
726 1946 779 1991 et
815 1935 990 2004 justus
1030 1934 1297 1989 desiderio
1344 1934 1639 1989 caelestium
1682 1949 1772 1989 ca-

190 2043 335 2102 ptus,
388 2029 567 2084 omnia
614 2028 926 2096 temporalia
978 2027 1094 2081 sive
1134 2026 1346 2093 haheat,
1390 2027 1503 2081 sive
1541 2026 1770 2092 amittat,

191 2125 412 2179 omnino
437 2137 542 2175 non
571 2120 757 2184 sentit;
793 2129 842 2175 et
867 2119 1077 2189 iniquus
1101 2118 1242 2188 quod
1276 2132 1397 2173 cum
1423 2118 1773 2174 delectatione

193 2212 216 2250 ἀ
236 2215 418 2277 habet,
436 2214 551 2265 sine
575 2211 760 2265 dolore
789 2226 891 2263 non
922 2210 1110 2279 perdit.
1129 2211 1351 2279 Propter
1384 2211 1482 2265 hoc
1509 2211 1669 2281 igitur
1695 2212 1775 2265 eis

191 2306 280 2375 qui
312 2304 538 2357 militant
565 2302 674 2357 Deo
700 2300 963 2370 fugienda:
991 2310 1196 2357 suntex
1230 2310 1342 2356 toto
1364 2301 1527 2357 corde
1551 2302 1772 2367 divitiae,

193 2410 325 2466 quas
346 2395 435 2463 qui
462 2394 658 2447 habere
708 2392 910 2455 volunt,
966 2392 1086 2446 sine
1132 2392 1314 2447 labore
1361 2407 1465 2446 non
1511 2404 1773 2463 quaerunt,

192 2489 312 2542 sine
354 2486 667 2541 difﬁcultate
690 2500 794 2538 non
831 2485 1102 2538 inveniunt
1138 2527 1153 2551 ,
1192 2484 1310 2539 sine
1336 2497 1463 2538 cura
1512 2498 1619 2537 non
1658 2496 1777 2538 ser-

193 2586 343 2641 vant,
400 2575 520 2630 sine
548 2576 703 2627 anxia
750 2573 1103 2629 delaetatione
1150 2588 1255 2628 non
1302 2573 1616 2644 possident,
1658 2575 1779 2629 sine

192 2669 385 2722 dolore
427 2681 533 2718 non
577 2664 820 2733 perdunt.
845 2664 1131 2732 Apostolus
1160 2673 1339 2720 autem
1370 2665 1564 2721 Christi
1596 2666 1778 2720 militi-

196 2764 297 2812 bus
328 2767 351 2794 ε
378 2756 412 2810 d
436 2758 511 2811 cit
560 2773 573 2808 :
628 2754 759 2808 Volo
796 2770 883 2808 vos
910 2756 1020 2809 sine
1047 2755 1392 2811 sollicitudine
1439 2772 1547 2811 esse
1578 2756 1629 2826 (l
1661 2757 1777 2812 Cor.

198 2865 295 2915 vtt,
322 2848 414 2917 52)
443 2865 458 2911 ;
491 2858 580 2914 et,
630 2846 796 2899 Radix
839 2849 1062 2900 omnTum
1110 2849 1363 2901 malorum
1413 2860 1485 2904 est
1526 2852 1782 2912 avaritia:

193 2956 349 3009 quant
378 2938 585 3007 quidam
610 2945 899 3004 appetentes
930 2946 1216 2992 erraverunt
1257 2955 1287 2991 a
1313 2940 1432 3009 ﬁde,
1464 2950 1512 2994 et
1550 2942 1783 2996 inserue-

196 3041 319 3082 runt
350 3044 403 3083 se
425 3027 688 3081 doloribus
710 3026 881 3082 multis
904 3025 952 3097 (I
983 3026 1111 3080 Tim.
1144 3043 1216 3093 vx,
1244 3028 1355 3097 10).
1381 3032 1457 3084 Ac
1485 3030 1561 3084 sic
1590 3045 1784 3085 census

202 3118 219 3156 ί
256 3119 362 3173 iste
386 3128 633 3172 terrenus
660 3118 739 3173 eis
764 3131 793 3170 a
820 3118 1011 3186 quibus
1040 3116 1229 3173 vitiose
1260 3117 1516 3187 diligitur,
1558 3137 1661 3175 non
1702 3131 1785 3175 est

1874 1932 2045 1998 rabat,
2077 1932 2170 1988 sed
2196 1932 2307 1987 suis
2352 1932 2591 1987 manibus
2634 1934 2848 2000 vivere,
2876 1945 2914 1972 ω
2957 1952 3024 1992 nc
3069 1940 3289 2009 gloriam
3334 1958 3443 1998 suae

1877 2025 2141 2080 mercedis
2170 2026 2469 2088 amitteret;
2501 2025 2625 2094 quid
2659 2042 2772 2091 nos,
2809 2028 2898 2095 qui
2938 2037 2990 2082 ct
3032 2029 3246 2099 propria
3293 2035 3447 2088 nolu-

1876 2129 1993 2170 mus
2021 2130 2200 2169 amore
2230 2115 2557 2184 possidendi,
2593 2131 2697 2169 non
2738 2117 2946 2172 vivendi
2980 2122 3313 2189 necessitate,
3360 2140 3446 2179 rc-

1877 2208 2151 2276 linquere,
2199 2218 2253 2262 et
2289 2207 2532 2276 accipere
2573 2207 2790 2277 insuper
2832 2213 3104 2277 vo'umus,
3152 2230 3256 2267 non
3305 2217 3445 2271 unde

1877 2298 2159 2359 vivamus,
2217 2297 2310 2352 sed
2361 2297 2500 2353 unde
2553 2312 2769 2353 censum
2812 2312 3048 2355 nostrum
3106 2303 3448 2361 incremenzis

1878 2388 2270 2443 damnabilibus
2301 2390 2624 2457 augeamus?

2473 2479 2699 2536 CAPUT
2752 2482 2864 2536 XV.

1881 2569 1960 2624 De
1982 2569 2280 2639 cupiditate,
2304 2570 2521 2640 qualiter
2541 2572 2612 2624 eis
2646 2588 2773 2632 quos
2812 2576 2967 2628 semel
3006 2578 3239 2631 invaserit
3285 2579 3451 2632 donti-

2584 2651 2747 2697 netur.

1954 2753 2009 2811 l.
2030 2753 2189 2809 Juhet
2218 2762 2245 2789 η
2275 2768 2401 2809 ecce
2431 2753 2584 2808 nobis
2617 2754 2899 2822 imperiosa
2927 2756 3205 2825 cupiditas,
3237 2771 3288 2813 ut
3314 2769 3338 2796 ο
3369 2760 3451 2815 di-

1884 2847 2004 2902 vina
2034 2844 2496 2916 parvipcndentes,
2516 2846 2912 2914 posscssionum
2945 2850 3273 2903 terrestrium
3303 2851 3454 2905 dam-

1886 2953 2015 2996 nosa
2045 2938 2355 3007 compendia
2378 2938 2690 3007 cogitemus,
2726 2947 2753 2987 P
2794 2945 2852 2992 ut
2881 2938 2934 2993 in
2965 2940 3041 2995 eis
3068 2950 3231 2995 totam
3258 2943 3456 2999 sollici-

1889 3034 2123 3088 tudinem
2150 3044 2438 3099 curamque
2467 3044 2744 3097 ponamus,
2776 3039 2803 3079 ιι
2835 3039 2891 3085 ut
2921 3031 3040 3087 inde
3076 3048 3173 3086 nos
3217 3035 3454 3091 morbida

1887 3123 2118 3177 vanitate
2150 3121 2431 3190 jactemus,
2463 3128 2522 3174 ut
2562 3120 2912 3188 amplitudine
2961 3122 3266 3191 patrimOnii
3304 3126 3458 3181 dilTu.

199 3211 538 3279 voluptatum
586 3209 830 3275 materia,
871 3207 966 3263 sed
1012 3207 1278 3262 dolorum.
1321 3207 1663 3279 Quapropter
1690 3227 1783 3265 ex-
1812 3190 1858 3253 (ἶ
1888 3215 2046 3269 sioris
2075 3213 2221 3279 elati,
2274 3211 2386 3265 ﬁeri
2429 3224 2688 3279 pauperes
2729 3210 2918 3279 spiritu
2965 3212 3307 3284 negligamus.
3349 3226 3369 3253 τ
3414 3219 3459 3271 υ

203 3302 356 3371 pedit
378 3301 658 3356 facultates
684 3300 925 3355 ecclesiae
955 3308 980 3347 8
1006 3300 1298 3369 possideri,
1344 3310 1404 3355 ut
1441 3300 1565 3355 inde
1606 3303 1787 3355 vivant
1892 3304 2093 3359 facinus
2135 3298 2461 3356 inauditum!
2510 3300 2669 3356 Snavi
2709 3301 2837 3371 jugo
2884 3301 3081 3358 Christi
3133 3318 3457 3378 contempto,

203 3396 295 3463 qui
348 3410 453 3448 non
499 3395 734 3458 saeculo,
778 3394 929 3461 cujus
979 3393 1169 3462 gaudia
1221 3393 1437 3463 fugitiva
1486 3394 1785 3464 repudiant,
1892 3396 2121 3451 ferreum
2174 3393 2476 3464 cupiditatis
2525 3393 2805 3462 imperium
2863 3394 3158 3451 volmtaria
3205 3400 3459 3455 mentium

198 3489 298 3541 sed
334 3486 503 3542 Deoh
546 3489 831 3555 serviunt,
878 3487 1027 3556 cujus
1067 3485 1347 3542 ineﬂ'abilia
1390 3486 1527 3541 bona
1576 3485 1788 3542 deside-
1892 3488 2235 3543 inclinatione
2283 3484 2649 3554 suscipimus;
2706 3495 2758 3540 ct
2810 3486 3016 3542 Domini
3066 3491 3234 3544 nostri
3285 3499 3306 3528 ⁸
3360 3493 3460 3547 levi

204 3588 353 3632 tant.
1892 3592 2095 3645 onere,
2144 3577 2285 3648 quod
2331 3576 2599 3645 subjectos
2645 3592 2749 3631 non
2799 3586 3018 3644 onerat,
3067 3580 3160 3635 sed
3200 3582 3461 3649 sublevat,

1892 3667 2227 3739 posthabito,
2278 3665 2583 3735 plumbeum
2639 3666 2845 3735 pondus
2911 3670 3106 3724 nostris
3169 3674 3465 3729 cervicibus

1900 3759 1918 3793 ι
1948 3771 2282 3827 aggeramus,
2309 3754 2450 3824 quod
2480 3754 2636 3809 citius
2668 3765 2839 3824 potest
2868 3757 3060 3827 deponi
3092 3774 3250 3828 quam
3298 3762 3420 3817 ferri
3449 3782 3461 3815 :

1897 3849 2019 3918 quia
2046 3856 2101 3902 et
2126 3847 2236 3915 ipsa
2264 3845 2546 3914 cupiditas,
2577 3860 2694 3914 qua:
2726 3846 2877 3901 nobis
2903 3847 3092 3916 subjici
3120 3849 3257 3903 ultro
3278 3852 3463 3905 volen-

1899 3944 2039 3998 tibus
2068 3941 2166 3994 hoc
2192 3939 2396 4007 pondus
2426 3936 2681 4005 imponit,
2732 3938 2998 3991 contemni
3049 3946 3220 4006 potest
3262 3938 3467 3994 facilius

197 4034 283 4086 rio
317 4041 616 4102 operantur,
644 4048 755 4099 qua:
776 4032 837 4085 de
866 4033 1091 4086 sacrario
1111 4042 1230 4087 sunt
1258 4034 1433 4098 edunt,
1466 4045 1511 4088 et
1538 4036 1625 4104 qui
1654 4036 1793 4090 alta—
1899 4050 2054 4105 quam
2081 4031 2281 4101 expleri
2304 4046 2318 4094 ;
2345 4037 2399 4083 et
2424 4028 2543 4082 ideo
2570 4028 2660 4097 qui
2712 4042 2773 4082 se
2819 4028 2892 4080 illi
2934 4030 3173 4083 volentes
3222 4030 3465 4086 dederint

198 4125 285 4175 rio
310 4122 619 4185 deserviunt,
655 4119 671 4157 ί
700 4137 815 4174 cum
837 4122 1022 4175 altario
1043 4123 1347 4192 ρανιὶεἱραηι
1371 4122 1423 4193 (1
1448 4124 1787 4197 Cor.tx,l5).
1895 4121 2244 4194 expugnanti,
2284 4120 2608 4173 voluntatem
2656 4116 2937 4171 resistendi
2989 4119 3211 4172 ulterius
3241 4135 3344 4173 non
3378 4122 3468 4175 ltu-

196 4213 314 4280 Qui
373 4212 478 4268 nisi
507 4212 607 4267 hoc
631 4212 696 4267 de
731 4213 1185 4283 contemptoribus
1231 4214 1534 4268 facultatum
1576 4230 1791 4271 suarum
1898 4216 2096 4272 bebunt
2134 4211 2405 4283 tyrannicc
2432 4208 2749 4263 dominanti.
2782 4209 2848 4262 Et
2872 4207 2972 4263 hoc
3000 4207 3054 4262 lit
3076 4209 3222 4279 justo
3251 4213 3342 4267 Dei
3375 4215 3466 4283 ju-

203 4306 382 4360 vellet
406 4304 647 4375 intelligi,
678 4320 945 4374 nunquam
976 4314 1192 4359 secutus
1231 4304 1590 4375 adjungcret:
1626 4304 1711 4359 Ita
1745 4318 1792 4361 et
1898 4308 2061 4375 dicio,
2096 4315 2155 4360 ut
2182 4304 2271 4374 qui
2301 4301 2579 4370 cupiditati
2619 4300 2869 4354 resistere
2898 4310 2925 4337 ιι
2955 4300 3220 4357 noluimus
3255 4303 3459 4374 ingres-

202 4394 361 4449 Deus
401 4394 654 4447 ordinavit
691 4394 769 4449 Itis
819 4396 904 4465 qui
955 4393 1285 4465 Evangelium
1341 4396 1686 4463 annuntiant,
1732 4398 1796 4451 de
1900 4414 2061 4465 surtu,
2088 4396 2197 4467 jam
2227 4393 2477 4449 resistere
2513 4404 2837 4461 nequeamus
2874 4392 3146 4462 ingressae.

800 3666 1022 3723 CAPUT
1062 3666 1201 3722 XIV.

206 3757 450 3822 Qualiter
486 3757 797 3826 intelligatur
822 3759 960 3827 quod
987 3758 1110 3810 dicit
1150 3758 1455 3828 Apostolus,
1492 3758 1589 3824 Qui
1620 3762 1672 3814 in
1699 3778 1787 3815 sa-

352 3829 524 3881 crario
544 3837 838 3897 cperantur,
859 3843 973 3897 qua:
997 3827 1062 3881 de
1080 3832 1304 3882 sacrario
1326 3840 1439 3883 sunt
1470 3831 1647 3884 edunt.

280 3940 361 3993 De
383 3940 577 3993 talibus
606 3938 781 3993 dicere
804 3939 1015 3994 videtur
1044 3941 1367 4011 Apistolus:
1404 3944 1503 4007 Qui
1535 3944 1589 3997 in
1623 3959 1779 3998 sacra

288 4584 321 4613 ⁸
369 4574 507 4629 Editi
530 4615 543 4637 ,
592 4575 692 4627 nisi
740 4575 815 4627 illi
856 4576 942 4642 qui
984 4576 1108 4630 illis.
1143 4576 1266 4629 Mss.
1294 4583 1519 4645 quatuor
1544 4574 1795 4630 omittunt
1828 4582 1875 4641 ι)
1971 4584 1993 4611 ο
2022 4577 2119 4631 Ms.
2144 4576 2271 4644 Reg.
2305 4586 2461 4645 unus,
2492 4571 2663 4645 divina
2694 4580 2945 4640 prazcepta
2971 4572 3409 4641 parvipendentes.

194 4648 309 4701 illi.
342 4645 443 4698 Ms.
479 4645 634 4699 Colb.
670 4659 835 4707 unus,
866 4661 978 4709 qua:
1006 4663 1107 4699 non
1131 4647 1249 4699 aliis
1278 4653 1486 4710 dantur,
1510 4647 1609 4699 nisi
1635 4650 1742 4713 qui.

276 4716 308 4753 ι)
345 4716 473 4769 Mss.
501 4716 630 4782 duo,
664 4715 841 4782 iniqui.
870 4715 964 4767 Ms.
998 4718 1152 4783 alter,
1183 4718 1318 4783 quod
1346 4716 1529 4770 habent
1551 4717 1686 4769 boni.

276 4795 305 4824 ε
342 4785 446 4839 Ms.
488 4800 652 4845 unus,
678 4783 884 4853 quando
913 4795 1101 4839 autem.
1149 4786 1282 4839 Tum
1327 4802 1426 4839 ms.
1473 4787 1610 4840 alter
1649 4794 1794 4838 caret

192 4858 309 4911 hac
343 4869 480 4907 voce
495 4894 511 4919 ,
540 4870 736 4906 eor-uni.

270 4923 304 4962 τι
343 4924 478 4977 Mss.
510 4934 736 4992 septem,
762 4924 960 4978 habuit.

276 5004 304 5031 ε
341 4994 454 5046 Ms.
488 5008 644 5057 unus,
676 4993 824 5047 dixit.

275 5063 300 5101 τ
341 5062 448 5115 Ms.
481 5078 637 5125 unus,
663 5077 843 5117 census
868 5063 1164 5131 trstinta'us,
1195 5064 1287 5115 iste
1318 5074 1559 5117 terrenus.

273 5143 303 5180 ε
338 5133 475 5185 Mss.
507 5141 754 5201 quatuor,
783 5134 1059 5201 possidere.

271 5201 303 5239 ⁸³
332 5202 472 5256 Mss.
502 5210 747 5267 quatuor,
780 5203 1085 5256 deserviunt.

277 5271 295 5310 ί
342 5275 481 5324 Mss.
512 5280 644 5342 tres,
676 5285 793 5323 cum
834 5273 1018 5325 altario
1058 5273 1443 5342 participantur.
1488 5272 1614 5327 Mss.
1666 5272 1798 5335 duo,

180 5360 315 5400 cum
354 5341 520 5393 altari
547 5342 939 5411 participantur.

268 5415 288 5463 1‘
334 5412 475 5464 Mss.
499 5410 604 5463 duo
630 5410 785 5481 Πῶς..
820 5412 1062 5481 loquitur.

268 5482 295 5517 ι
343 5482 431 5532 Ita
456 5494 581 5533 mss.
614 5479 721 5532 duo
751 5479 890 5548 llcg.‘
914 5483 1013 5534 Alii
1042 5498 1159 5535 cum
1189 5482 1364 5547 editis,
1397 5498 1657 5536 evacuare.

273 5551 291 5589 1
338 5549 481 5601 Mss.
503 5550 763 5617 quinque,
798 5553 1110 5614 temporalis.

266 5632 313 5659 ιιι
358 5617 466 5690 Ms.
493 5619 647 5671 Colb.
671 5634 833 5690 unus,
863 5636 925 5672 ne
953 5624 1129 5690 gloria;
1159 5638 1264 5675 sua!
1286 5624 1577 5676 mercedem.
1632 5624 1801 5687 Alter,

181 5688 475 5747 mercedis
497 5703 600 5740 sua:
629 5686 861 5756 gloriam.

265 5774 296 5798 η
345 5760 489 5812 Mss.
522 5772 766 5823 quatuor,
799 5757 927 5810 Ecce
958 5762 1249 5832 cnintjnb.t
1280 5760 1440 5814 nobis.

516 5851 781 5910 l’unoc.
838 5852 1001 5912 LIX.

1974 4657 2001 4694 P
2028 4647 2121 4700 Ms.
2156 4643 2315 4707 unus,
2346 4654 2390 4695 et
2412 4644 2465 4695 in
2493 4643 2582 4695 eis.

1972 4725 1999 4765 τι
2023 4717 2120 4771 Ms.
2147 4714 2355 4778 Camb.,
2379 4712 2513 4765 unde
2536 4728 2643 4763 nos.

1979 4796 2005 4866 τ’
2032 4788 2157 4840 Mss.
2186 4789 2436 4853 quinque,
2465 4791 2511 4834 et
2538 4799 2565 4834 ο
2592 4782 2820 4851 facinus;
2849 4796 3074 4849 quorum
3107 4782 3232 4849 duo,
3282 4794 3328 4837 et
3377 4790 3472 4839 hoc

1928 4871 2125 4908 αοιηιιδ.

1928 4871 2125 4908 acmus.

1906 4860 1932 4924 f
1976 4933 1997 4959 ⁸
2033 4926 2127 4979 Ms.
2156 4922 2364 4983 Catnb.,
2397 4922 2487 4975 levi
2509 4921 2649 4974 oneri
2681 4919 2837 4991 (quod
2864 4921 3113 4991 subjectos
3143 4938 3241 4975 non
3274 4936 3470 4989 onerat,

1904 4995 1991 5046 sed
2020 4995 2254 5053 honorat.
2288 5008 2374 5045 nec
2413 4991 2647 5060 deprimit
2687 4990 2915 5062 omnino,
2950 4990 3054 5042 sed
3080 4991 3324 5062 sublevat)
3352 4996 3471 5047 sub-

1896 5067 1992 5136 jici
2016 5064 2413 5136 contemnimus;
2460 5063 2554 5113 lioc
2593 5075 2710 5128 ergo
2742 5061 2834 5112 levi
2855 5061 3335 5136 onereposthabito,
3365 5072 3468 5136 etc.

1908 5129 1985 5187 Ad
2046 5134 2186 5187 lnmc
2230 5134 2491 5186 accedunt
2533 5145 2662 5184 mss.
2710 5140 2940 5199 quatuor,
2981 5129 3134 5199 Colb.
3181 5141 3233 5184 et
3278 5129 3473 5199 ltcgius

1906 5218 2063 5267 unus,
2095 5211 2314 5269 excepto
2342 5204 2478 5270 quod
2506 5214 2640 5254 unus
2662 5215 2725 5270 ett
2749 5199 2900 5270 Coll).
2930 5197 3195 5270 habetsed
3214 5197 3469 5255 sublimat.

1910 5274 2105 5340 Regius
2133 5268 2267 5326 alter
2288 5268 2369 5325 sic
2397 5273 2553 5325 habet
2580 5287 2591 5321 :
2619 5277 2663 5320 et
2698 5268 2902 5320 Domini
2923 5269 3082 5340 nostri
3105 5269 3211 5340 leve
3232 5284 3355 5322 onus
3384 5270 3469 5337 fu-

1911 5337 2095 5412 gimus,
2127 5344 2260 5408 quod
2282 5342 2532 5411 subjectos
2573 5354 2669 5412 non
2719 5346 2910 5412 onerat,
2955 5337 3045 5388 sed
3093 5339 3303 5412 honorat
3318 5354 3475 5412 ;_-nec

1912 5406 2147 5480 deprimit
2174 5406 2397 5472 omnino,
2420 5412 2508 5463 scd
2527 5406 2772 5480 subleuat,
2809 5406 2904 5480 (ξος
2946 5421 3083 5472 ergo.
3135 5407 3234 5458 Alii
3266 5408 3475 5480 codices

1916 5475 2193 5545 habebant,
2227 5483 2328 5532 leve
2357 5496 2484 5531 onus
2512 5477 2721 5545 superbe
2747 5476 3033 5545 rejicimus;
3062 5484 3249 5529 cratera
3301 5485 3353 5527 ut
3398 5475 3474 5527 illi

1912 5559 1998 5622 qui
2031 5567 2150 5602 mox
2176 5559 2424 5601 ettantur.

1988 5624 2003 5654 ί
2040 5620 2162 5672 Mss.
2192 5619 2317 5679 duo,
2350 5618 2652 5686 aggerimus.

1983 5697 2010 5725 ιι
2039 5688 2162 5743 Mss.
2194 5685 2449 5757 quinque,
2482 5685 2730 5739 nolumus.

3015 5843 3089 5903 15
