4024 6176
583 390 681 443 ιῦθ

1896 389 2154 446 ιυιΑΑΝι
2196 391 2472 447 POMERII

3728 403 3837 460 £60

642 506 695 556 ‘2.
732 503 776 558 0
799 500 1149 572 plangendum
1178 502 1549 557 miserabiliter
1598 504 1790 557 mentis
1836 514 2149 572 expugnata:
2178 506 2225 564 Α
2254 516 2403 574 nuat,
2440 508 2657 563 virtutes
2686 519 2908 578 augeat,
2939 520 2991 565 et
3035 527 3131 581 pro
3178 514 3503 579 carnalibus,
3555 530 3677 584 quis
3706 531 3841 571 con-

575 605 601 632 ι
634 594 938 650 servitium!
971 595 1015 648 0
1045 593 1433 647 intolerandum
1460 592 1487 631 ι»
1518 594 1860 648 dannoniacae
1885 595 2149 663 cupidita-

576 688 639 741 tis
673 686 980 755 imperium!
1016 693 1072 738 ut
1090 698 1154 738 ex
1184 683 1425 738 hostibus
1469 684 1581 738 suis
1607 698 1740 752 quos
1768 694 1946 753 potest
1974 696 1995 723 ε
2034 686 2148 738 vin-

571 793 717 842 cere,
748 775 979 830 victores
999 776 1157 830 faciat
1181 788 1329 841 suos,
1366 774 1625 843 promittit
1665 775 1918 843 ingentia,
1966 785 2021 829 et
2062 776 2150 830 bo-

574 884 761 922 norum
793 866 1050 935 temporal
1076 880 1163 919 um
1196 866 1575 934 pollicitatione
1618 865 1893 934 deceptos,
1927 866 2150 934 impellit

558 956 680 1023 jam
721 958 947 1011 miseros
986 970 1050 1011 ac
1101 956 1433 1010 miserandos
1464 958 1514 1009 in
1554 956 1746 1025 turpia.
1778 954 1803 992 ά
1842 956 2009 1012 Tenet
2052 971 2148 1011 nos

569 1052 837 1102 lucrorum
866 1048 1149 1117 poenaliter
1180 1046 1414 1100 dulcium
1445 1047 1647 1101 catenis
1688 1046 1947 1111 addicto=,
1995 1057 2048 1101 et
2092 1048 2144 1102 in

571 1153 666 1191 sua
693 1136 895 1191 ditionc
920 1137 1195 1206 captivos;
1226 1149 1323 1188 nec
1366 1134 1529 1189 trahit
1578 1135 1795 1199 invitos,
1845 1135 1963 1204 sed,
2005 1136 2145 1204 quod

563 1240 650 1283 εει
689 1227 944 1292 deterius,
980 1235 1339 1295 equocunque
1388 1226 1637 1290 voluerit,
1688 1226 1929 1279 volentes
1975 1226 2141 1280 ducit.

571 1319 751 1373 Vastat
789 1316 807 1355 ί
836 1318 886 1371 in
918 1317 1070 1370 nobis
1100 1316 1353 1386 quidquid
1378 1316 1707 1370 verecundia)
1733 1331 1795 1370 ac
1825 1317 2040 1385 pudoris
2071 1317 2146 1371 in-

581 1410 818 1474 venerit;
852 1417 906 1463 et
928 1422 1063 1477 quos
1083 1406 1191 1476 jam
1226 1408 1336 1461 suis
1364 1407 1642 1473 triumphis
1690 1406 1913 1473 addixit,
1970 1407 2145 1461 adhuc

572 1513 821 1569 tanquam
866 1508 889 1547 Β
933 1498 1279 1567 iesipiscendi
1334 1505 1613 1565 suspectos
1652 1497 1898 1551 omnibus
1940 1498 2143 1551 viribus

568 1590 862 1645 honestatis
886 1600 1125 1643 exarmat
1154 1605 1168 1641 :
1200 1603 1266 1642 ne
1293 1586 1504 1657 quando
1529 1596 1715 1641 contra
1741 1602 1859 1641 eam
1889 1587 1980 1656 qui
2030 1587 2138 1641 bel~

570 1682 678 1734 lare
724 1680 1010 1741 noluimus,
1043 1678 1387 1733 rebellemus.
1411 1677 1566 1745 Rapit
1590 1692 1707 1743 nos,
1741 1692 1802 1731 ac
1827 1679 2021 1745 passim
2046 1694 2142 1747 per

566 1772 741 1825 omnia
773 1770 1177 1840 acquisitionum
1206 1784 1402 1838 genera
1433 1768 1655 1837 cupidos
1705 1769 2013 1836 acquirendi
2060 1770 2139 1822 di-

2257 595 2468 661 tempsi.
2541 597 2835 665 spiritualia
2879 600 3014 653 bona
3049 601 3366 668 possideat?
3397 605 3448 657 in
3494 604 3579 657 bis
3606 619 3666 658 se
3698 606 3840 659 diri-

2254 683 2395 737 uitus
2422 683 2633 754 adjutus
2662 700 2948 754 exerceat,
3003 704 3065 743 ca
3113 705 3326 760 semper
3368 693 3725 761 amplectatur
3770 710 3840 749 ac

2249 771 2468 842 diligat;
2500 783 2683 828 etnon
2714 778 2887 831 solum
2942 779 3189 832 omnibus
3218 780 3342 834 aliis
3379 781 3837 839 delectationibus

2248 863 2381 928 suis,
2412 866 2506 919 sed
2535 868 2693 920 etiam
2725 868 2857 936 ipsis
2884 885 2995 923 sua:
3040 872 3222 925 carnis
3252 872 3579 928 cruciatibus
3607 884 3838 943 antepo—

2249 955 2378 1008 nat?
2408 964 2463 1009 ut
2488 958 2574 1023 qui
2600 958 2727 1011 nihil
2755 959 2858 1012 sibi
2889 960 3103 1029 reliquit
3132 961 3274 1029 quod
3325 961 3637 1017 formidaret
3667 968 3833 1018 amit-

2250 1050 2379 1107 tere,
2412 1060 2473 1100 ea
2503 1061 2601 1114 pro
2630 1048 2821 1114 quibus
2843 1053 3021 1103 omnia
3045 1066 3164 1121 qua:
3194 1052 3422 1107 habebat
3441 1054 3657 1123 abjecit,
3682 1064 3833 1112 tanta

2249 1134 2368 1188 lidei
2400 1138 2650 1192 firmitate
2672 1141 2918 1205 retineat,
2952 1150 3011 1194 ut
3033 1143 3076 1196 si
3108 1158 3327 1198 necesse
3375 1142 3557 1210 fuerit,
3606 1161 3707 1213 pro
3748 1149 3833 1202 eis

2246 1222 2478 1280 libenter
2502 1242 2656 1280 sumu
2687 1242 2883 1298 corpus
2914 1230 3204 1297 impendat.

2313 1314 2369 1367 2.
2424 1316 2651 1371 Proinde
2692 1334 2849 1387 quem
2896 1320 3199 1388 possidendi
3231 1331 3269 1357 ιη
3299 1322 3532 1376 delectat
3575 1327 3825 1391 ambitio,

2246 1403 2443 1473 Deum,
2481 1408 2569 1475 qui
2626 1408 2861 1474 possidet
2906 1410 3083 1462 omnia
3129 1426 3247 1477 qua:
3285 1412 3524 1477 creavit,
3572 1412 3828 1480 expedita

2244 1505 2422 1550 mente
2449 1497 2740 1565 possideat,
2772 1511 2823 1552 et
2859 1499 2910 1551 in
2942 1514 3006 1552 cn
3027 1500 3238 1554 habebit
3268 1515 3597 1569 quaecunque
3625 1502 3829 1557 habere

2241 1587 2425 1639 Sancte
2453 1585 2745 1642 desiderat.
2776 1588 2878 1643 Sed
2902 1590 3151 1658 quoniam
3184 1605 3339 1644 nemo
3367 1590 3607 1659 possidet
3630 1591 3821 1658 Deum,

2242 1677 2343 1730 nisi
2369 1678 2457 1746 qui
2488 1678 2792 1746 possidetur
2817 1695 2845 1732 a
2877 1680 3011 1744 Deo,
3040 1682 3111 1735 sit
3147 1682 3261 1750 ipse
3295 1682 3540 1752 primitus
3569 1682 3664 1736 Dei
3696 1698 3822 1750 pos-

2240 1770 2431 1831 sessio,
2462 1778 2515 1822 et
2544 1778 2571 1803 η
2604 1769 2868 1824 efficietur
2890 1772 2937 1823 ei
2971 1771 3111 1826 Deus
3140 1786 3415 1842 possessor
3447 1782 3501 1826 et
3529 1774 3723 1841 portio.
3754 1775 3820 1828 Et

566 1862 785 1931 spergit.
819 1860 931 1913 Non
961 1858 1217 1929 permittit
1245 1860 1479 1911 animum
1529 1859 1776 1920 liberum,
1816 1876 1919 1912 non
1950 1860 2139 1915 stabile
2174 1864 2217 1924 Β
2242 1855 2366 1922 quid
2399 1865 2573 1923 potest
2598 1872 2664 1910 eo
2690 1872 2809 1912 esse
2839 1856 3045 1913 felicius
3071 1861 3155 1913 cui
3185 1860 3414 1913 efficitur
3442 1876 3573 1914 suus
3614 1860 3815 1915 Condi-

566 1968 783 2022 corpus,
814 1949 838 1987 h
870 1958 1090 2020 vagante
1114 1949 1293 2003 animo
1341 1948 1627 2014 mobiliter,
1664 1960 1754 2002 aut
1782 1952 2050 2018 quietum;
2080 1960 2135 2003 et

567 2044 712 2097 velut
741 2041 985 2111 quadam
1014 2038 1270 2094 cadavera
1301 2038 1352 2092 in
1402 2050 1607 2106 pastum
1654 2036 1780 2092 f.-ris
1824 2039 2008 2093 avibus
2048 2041 2136 2094 be-

563 2132 787 2201 stiisque
816 2131 1071 2200 projects,
1098 2129 1340 2199 captivos
1390 2142 1518 2182 suos
1542 2129 1834 2183 itnmundLs
1861 2130 2134 2199 spiritibus

570 2222 580 2259 ί
616 2222 775 2276 tradit
809 2236 914 2275 non
965 2219 1298 2285 lacerandos,
1341 2218 1434 2273 sed
1464 2218 1788 2273 avidissimis
1836 2220 2135 2275 mortifero-

563 2330 677 2368 rum
705 2313 986 2369 criminum
1011 2311 1254 2365 faucibus
1283 2310 1649 2376 devorandos;
1706 2326 1805 2366 nec
1854 2320 2031 2367 tamen
2079 2325 2135 2367 ut

562 2420 682 2459 esse
701 2405 809 2472 jam
832 2403 1099 2467 desinant,
1132 2401 1224 2456 sed
1254 2411 1311 2455 ut
1338 2402 1616 2469 pcenalitcr
1650 2402 1849 2455 vivant.
1894 2402 2133 2474 Denique

560 2498 612 2551 in
651 2497 784 2551 vivis
825 2495 997 2549 adhuc
1038 2502 1251 2562 portant
1290 2493 1475 2547 funera
1506 2509 1598 2547 sua
1637 2494 1975 2563 corporibus,
2008 2494 2022 2544 i
2078 2495 2131 2549 id

560 2600 641 2642 est
670 2588 773 2641 vivi
802 2586 958 2640 simul
990 2595 1044 2640 et
1075 2584 1290 2638 mortui.
1332 2584 1466 2637 llinc
1504 2592 1586 2638 est
1610 2585 1751 2653 quod
1795 2593 2011 2652 peccato
2055 2586 2134 2638 vi-

562 2688 744 2735 ventes
774 2688 1028 2750 quantum
1081 2692 1179 2732 nos
1229 2687 1599 2746 congestarum
1657 2693 1817 2748 opum
1848 2677 1870 2715 ¹ί
1900 2678 2130 2735 oblectet

560 2770 818 2836 accessio,
851 2770 961 2839 ipsa
993 2767 1198 2823 fruendi
1229 2768 1529 2822 carnalibus
1567 2768 1921 2825 delectatione
1965 2770 2132 2824 senti-

560 2878 721 2929 mus;
764 2872 819 2918 et
867 2871 1118 2931 quantam
1169 2862 1423 2915 virtutum
1468 2863 1826 2918 sustineamus
1873 2864 2126 2936 inapiam,

560 2956 707 3012 velut
736 2954 927 3009 mortui
958 2952 1237 3008 virtutibus
1269 2954 1592 3023 ignoramus.

1126 3064 1352 3121 CAPUT
1408 3064 1545 3120 XVI.

558 3159 705 3227 Quod
734 3156 896 3212 Deum
927 3154 1202 3228 perfectius
1230 3154 1310 3207 illi
1336 3155 1630 3228 possideant
1658 3157 1747 3225 qui
1770 3160 1979 3211 terrenis
2006 3174 2125 3228 pos-

883 3225 1186 3279 sessionibus
1208 3240 1270 3277 ea:
1288 3227 1442 3279 corde
1469 3228 1784 3279 renuntiant.

624 3320 675 3372 ι.
705 3317 831 3372 llaec
852 3324 976 3370 sunt
996 3313 1015 3352 ι
1045 3324 1262 3383 prapter
1286 3330 1427 3384 quae,
1452 3331 1555 3368 non
1580 3314 1860 3385 explendis
1884 3318 2123 3387 volupta-

553 3409 691 3462 tibus
726 3421 789 3462 ac
828 3404 1102 3469 fovendis,
1150 3405 1243 3458 sed
1292 3404 1677 3473 congregandis
1726 3404 1978 3461 fratribus
2031 3416 2125 3461 aut

552 3496 757 3551 alendis
777 3494 995 3562 expedit
1018 3492 1294 3547 facultates
1321 3496 1562 3547 eccfesia:
1588 3493 1862 3561 possidere
1893 3511 1905 3545 :
1939 3504 1995 3548 ut
2020 3510 2123 3551 uno

555 3585 944 3641 sollicitudines
988 3583 1225 3637 omnium
1273 3582 1325 3636 in
1395 3597 1487 3637 sua
1532 3583 1786 3637 societate
1839 3584 2121 3640 viventium

538 3680 870 3744 sustinente,
902 3690 1088 3731 omnes
1117 3675 1206 3744 qui
1251 3674 1351 3727 sub
1389 3688 1453 3728 eo
1501 3684 1627 3728 sunt
1670 3678 1932 3729 fructuosa
1972 3692 2125 3731 vaca-

552 3773 695 3824 tione
722 3769 989 3838 potiantur
1016 3764 1363 3833 Spiritualiter
1380 3775 1432 3819 et
1456 3766 1652 3833 quiete.
1682 3764 1807 3818 Ideo
1831 3766 2122 3835 interposui

553 3859 690 3913 istud
719 3855 1050 3923 adverbium,
1082 3853 1331 3923 quoniam
1362 3854 1452 3924 qni
1479 3855 1643 3909 otiosi
1674 3856 1852 3923 quiete
1886 3856 2118 3924 perfrui-

553 3964 656 4018 tur,
690 3948 791 4005 nisi
820 3946 1168 4019 spiritualiter
1214 3946 1424 4011 vixerit,
1469 3961 1618 4001 more
1664 3947 1924 4016 pecudum
1970 3947 2117 4003 vivit.

553 4045 615 4098 Et
648 4043 766 4098 ideo
792 4042 840 4096 is
860 4055 1017 4111 quem
1042 4038 1185 4093 nulla
1214 4052 1488 4115 corporea;
1515 4039 1845 4094 necessitatis
1865 4055 1990 4093 cura
2012 4042 2119 4095 sul-

553 4138 738 4197 licitat,
770 4134 908 4187 nulla
936 4130 1213 4200 occupatio
1248 4128 1555 4184 domesticas
1610 4130 1988 4186 sollicitudinis
2041 4132 2121 4186 in-

559 4229 782 4295 uitietat,
814 4222 990 4277 hullus
1020 4221 1251 4289 litigator
1286 4219 1520 4285 infestat,
1553 4220 1730 4275 nullus
1756 4221 2120 4277 calumniosus

546 4318 810 4388 exagitat;
842 4314 965 4385 quid
994 4312 1135 4368 aliud
1166 4326 1358 4367 curare
1398 4312 1576 4378 debet,
1632 4312 1818 4366 barum
1852 4314 2118 4368 molestia-

550 4425 666 4465 rum
697 4418 751 4463 ct
777 4408 859 4463 his
884 4406 1137 4462 similium
1169 4404 1325 4469 liber,
1358 4403 1459 4458 nisi
1483 4405 1623 4459 unde
1651 4404 1717 4459 ad
1747 4405 1965 4460 meliora
1999 4422 2118 4473 pro-

554 4505 712 4566 tieiat,
741 4502 879 4555 unde
917 4497 1040 4552 vitia
1084 4511 1175 4550 sua
1223 4496 1548 4563 profectibus
1583 4495 1905 4565 quotidianis
1948 4497 2117 4552 immi-

622 4676 645 4702 ⁸
676 4666 771 4719 Ms.
806 4676 961 4722 unus,
994 4660 1191 4713 vitium.

622 4738 645 4772 ι’
679 4736 803 4789 Mss.
836 4742 1081 4800 quatuor,
1112 4745 1141 4782 ο
1161 4727 1543 4784 exsecrandum.
1570 4728 1697 4781 Mss.
1721 4728 1845 4783 item
1868 4737 2113 4799 quatuor,

553 4807 768 4858 dominte
794 4800 1105 4869 cupiditatis.

626 4884 645 4910 ο
674 4873 795 4926 Mss.
836 4865 1023 4923 omnes
1052 4884 1153 4920 non
1178 4867 1379 4922 habent
1417 4865 1612 4919 vincere
1635 4867 1880 4931 victores;
1909 4866 2002 4921 sed
2038 4866 2116 4921 le-

551 4951 830 5013 guutAquos
852 4949 1009 5009 potest
1040 4938 1194 5006 faciat
1219 4954 1357 4991 suos.

622 5014 644 5047 4
682 5005 775 5065 Ms.
808 5005 962 5072 unus,
992 5005 1120 5060 tenet
1152 5023 1240 5059 nos
1279 5006 1536 5074 pmnuliter
1575 5006 1831 5058 lucrorum
1866 5005 2114 5059 dulciuut.

625 5092 647 5117 '
679 5081 812 5134 ﬁdit.
837 5078 1027 5146 Lugd.,
1058 5091 1399 5145 quoscunque.

628 5152 643 5189 τ
684 5156 718 5204 Α
731 5151 843 5210 lius,
867 5152 998 5218 jam.

627 5233 649 5267 ε
685 5222 779 5274 Ms.
813 5213 940 5285 lteg.
966 5230 1117 5276 unus,
1146 5213 1472 5285 resipiscendi
1520 5214 1623 5265 sint
1672 5215 1968 5281 susceptos!
2014 5214 2109 5269 Ms.

555 5293 736 5346 Camb.
758 5301 810 5343 et
838 5284 945 5351 alii,
969 5290 1082 5357 jam
1111 5284 1472 5353 resipiscendos
1496 5294 1768 5353 susceptos.

625 5361 651 5399 ιι
684 5361 845 5419 Alias,
878 5366 1099 5409 t'ucante.

628 5434 642 5467 ι
676 5432 798 5483 Mss.
830 5438 1074 5493 quatuor,
1105 5424 1285 5478 trade'.

624 5504 635 5550 i
678 5502 801 5553 Mss.
830 5490 956 5557 tres,
979 5496 1031 5547 id
1056 5503 1126 5549 est
1152 5496 1271 5547 vivis
1296 5493 1449 5546 simul
1475 5504 1520 5545 et
1549 5493 1783 5547 mortuis.
1823 5490 1918 5544 Ms.
1954 5507 2112 5555 unus,

548 5573 701 5627 idem,
729 5570 861 5621 forte
892 5566 1061 5618 iidem.
1095 5564 1222 5617 Mss.
1254 5564 1379 5628 duo,
1410 5564 1497 5615 sed
1518 5564 1693 5625 iidem,
1724 5576 1841 5615 cuni
1869 5562 2034 5631 Lugd.

618 5638 643 5677 ι
676 5640 799 5697 Mss.
827 5648 955 5703 tres,
987 5633 1224 5705 prolectet
1246 5647 1264 5696 ;
1290 5648 1389 5687 uis.
1425 5647 1582 5699 unus,
1608 5636 1787 5703 jactet.
1814 5631 1959 5685 Alias
1998 5648 2115 5701 per.

544 5712 779 5830 miﬂMs.
805 5776 935 5846 Reg.
968 5788 1101 5829 unus
1144 5770 1286 5825 addit
1329 5770 1412 5825 hic
1452 5771 1883 5841 pracepta....Et
1923 5771 1988 5826 ab
2016 5771 2117 5826 alia

2242 1956 2325 2001 tor
2349 1961 2564 2011 census,
2610 1956 2668 2003 et
2714 1948 2999 2003 hatreditas
3027 1958 3051 1985 ο
3078 1951 3194 2017 eius
3238 1949 3489 2018 dignatur
3536 1966 3660 2005 esse
3706 1952 3814 2021 ipsa

2242 2040 2516 2106 Divinitas,
2546 2044 2589 2096 si
2618 2042 2777 2096 modo
2798 2058 2918 2097 eum
2941 2042 3142 2097 sanctis
3170 2043 3419 2113 operibus
3440 2046 3605 2107 co'at,
3630 2060 3817 2098 omnes

2237 2130 2441 2186 fructus
2470 2147 2536 2187 ex
2566 2132 2661 2187 illo
2693 2133 2973 2202 percipiat,
3014 2136 3068 2187 in
3114 2133 3226 2198 illo,
3277 2143 3332 2188 et
3377 2134 3445 2188 de
3485 2135 3578 2187 illo
3617 2134 3815 2204 jngiter

2238 2223 2402 2287 vivat,
2433 2232 2486 2277 et
2532 2222 2664 2277 nihil
2706 2233 2976 2277 terrenum
3023 2238 3143 2278 cum
3190 2224 3281 2279 illo
3326 2224 3635 2293 possideat?
3680 2225 3813 2290 Quia

2235 2312 2474 2366 omnium
2502 2311 2777 2377 Conditor,
2806 2313 2888 2367 cui
2930 2313 3060 2367 nihil
3107 2329 3293 2369 eorum
3338 2329 3456 2382 quse
3505 2314 3633 2369 fecit
3677 2317 3814 2371 valet

2235 2402 2458 2472 aequari,
2494 2414 2519 2452 Ρ
2548 2418 2652 2457 non
2683 2403 2932 2473 dignatur
2952 2419 3072 2458 cum
3097 2404 3179 2458 his
3208 2420 3327 2475 qua:
3364 2404 3605 2458 condidit
3636 2405 3809 2474 possi-

2235 2493 2375 2549 deri.
2404 2503 2433 2542 (ι
2469 2493 2706 2563 Denique
2744 2495 2870 2565 quid
2914 2495 3052 2549 ultra
3088 2496 3297 2562 quarrit,
3340 2496 3424 2549 cui
3458 2496 3643 2549 omnia
3686 2512 3811 2550 suus

2232 2584 2491 2641 Conditor
2521 2585 2618 2639 lit?
2665 2594 2756 2640 aut
2786 2596 2809 2623 τ
2835 2586 2958 2655 quid
2988 2588 3037 2640 ei
3064 2585 3281 2649 sufﬁcit,
3310 2587 3392 2639 cui
3421 2586 3536 2653 ipse
3566 2602 3675 2640 non
3700 2587 3812 2641 suf-

2234 2676 2385 2731 llcit?
2426 2676 2579 2730 llunc
2622 2676 2957 2746 possidebat,
3009 2686 3063 2730 et
3096 2677 3162 2729 ab
3199 2676 3289 2730 illo
3320 2676 3695 2746 possidebatur
3725 2679 3809 2732 ille

2231 2766 2320 2836 qui
2354 2766 2565 2822 dicebat
2605 2768 2657 2820 in
2703 2766 2902 2835 Spiritu
2934 2784 2944 2817 :
2993 2764 3168 2819 Portio
3194 2782 3304 2819 mea
3333 2774 3353 2800 ³
3384 2766 3661 2830 Dominus,
3703 2768 3808 2819 dixi

2230 2860 2488 2913 custodire
2527 2860 2685 2929 legem
2722 2868 2861 2911 tuam
2910 2858 3028 2926 (Ps.
3052 2873 3232 2921 cxvttt,
3262 2857 3373 2925 57).
3412 2859 3475 2911 Et
3508 2876 3522 2910 :
3558 2857 3805 2913 Dominus

2231 2966 2351 3019 pars
2379 2950 2686 3004 hwreditatis
2715 2965 2839 3003 mea:
2874 2958 2920 3001 et
2948 2949 3120 3001 caliris
3140 2949 3235 3000 mei
3262 2946 3430 3017 (Psal.
3465 2963 3557 3013 xv,
3586 2950 3669 3017 5).
3700 2948 3798 3003 Sed

2230 3044 2417 3109 etipse
2446 3055 2564 3095 cum
2617 3040 2788 3093 dicit:
2828 3040 2845 3074 ί
2882 3036 2929 3090 F
2934 3041 3035 3091 iliis
3067 3038 3182 3091 Levi
3225 3054 3323 3091 non
3371 3038 3559 3091 dabitis
3608 3050 3801 3107 partem

2228 3132 2358 3184 inter
2383 3130 2562 3201 fratres
2591 3145 2746 3194 suos;
2776 3145 2867 3201 ego
2899 3129 3147 3182 Dominus
3186 3130 3349 3197 port'o
3394 3144 3571 3181 eorum
3608 3128 3796 3194 (Nam.

2149 3213 2194 3274 C
2230 3235 2376 3286 xvm,
2405 3220 2504 3284 2'5;
2535 3213 2687 3272 Deu't.
2718 3235 2866 3285 xvm,
2896 3218 2978 3285 l);
3005 3220 3134 3272 satis
3164 3218 3396 3272 os‘tendit
3432 3220 3574 3287 quod
3618 3219 3671 3273 hi
3712 3220 3795 3287 qui

2227 3322 2451 3368 terrena:
2479 3311 2800 3367 haereditatis
2828 3310 3250 3380 contempserint
3277 3310 3604 3380 portionem,
3635 3311 3790 3364 Deum

2226 3403 2571 3473 spiritualiter
2601 3411 2907 3456 mereantur
2950 3401 3225 3469 possidere
3264 3419 3277 3454 :
3310 3400 3464 3470 cujus
3491 3400 3643 3454 ditati
3686 3417 3793 3454 mu-

2226 3492 2465 3558 neribus,
2496 3493 2673 3547 omnia
2702 3508 2819 3561 qua:
2839 3494 3090 3562 prmclara
3122 3492 3381 3545 habentur
3406 3492 3457 3545 in
3481 3491 3583 3544 hoc
3605 3490 3791 3545 mundo

2224 3585 2526 3648 fastidiunt;
2556 3594 2611 3639 et
2641 3585 2812 3652 ipsum
2846 3584 3118 3653 possidere
3142 3584 3225 3637 vel
3266 3584 3333 3637 ab
3363 3584 3481 3650 ipso
3510 3583 3781 3650 possideri,

2222 3691 2287 3731 eo
2316 3675 2431 3730 solo
2457 3675 2678 3744 perfrui,
2725 3684 2883 3745 atque
2929 3674 3005 3727 illi
3052 3673 3326 3728 adhmrere
3373 3673 3779 3743 inseparabiliter

2223 3766 2624 3834 concupiscunt.

2290 3859 2343 3912 5.
2374 3857 2525 3913 Unde
2546 3857 2705 3912 datur
2734 3856 2952 3927 intelligi
2984 3856 3124 3926 quod
3161 3856 3251 3926 qui
3282 3856 3601 3926 temporalia
3631 3857 3777 3916 bona.

2223 3950 2311 4015 qui
2343 3949 2521 4003 surculi
2552 3949 2741 4017 gaudia
2768 3952 2998 4016 peritura
3027 3948 3260 4003 sectatui'
3286 3962 3350 4003 ac
3382 3948 3573 4017 diligit,
3597 3963 3710 4018 qua:
3734 3957 3782 4001 et

2223 4050 2417 4108 quanta
2444 4042 2512 4093 sit
2535 4048 2561 4075 υ
2591 4039 2782 4093 divina:
2822 4039 3119 4093 dulcedinis
3146 4037 3428 4093 multitudo
3452 4056 3557 4092 non
3587 4038 3777 4092 didicit.

2222 4134 2350 4200 Quis
2374 4133 2511 4187 enim
2544 4135 2627 4187 cui
2663 4133 2801 4185 Deus
2826 4131 3075 4200 dignatur
3109 4145 3230 4187 es:e
3270 4129 3559 4200 possessio,
3597 4130 3776 4196 aliquid

2221 4223 2362 4277 aliud
2384 4222 2605 4292 quaerit?
2629 4229 2721 4276 aut
2749 4221 2867 4289 quis
2894 4236 2999 4274 non
3036 4228 3061 4258 ν
3096 4235 3192 4290 pro
3234 4235 3415 4274 amore
3446 4219 3586 4274 illius
3613 4219 3775 4272 omnia

2222 4329 2338 4384 qua:
2396 4322 2647 4382 putantur
2706 4325 2892 4380 magna
2949 4308 3286 4365 contemnit?
3344 4309 3481 4377 Ergo
3530 4307 3617 4377 qui
3677 4305 3776 4359 vult

2225 4409 2389 4463 Deum
2436 4404 2730 4475 possidere,
2778 4405 3052 4457 renuntiet
3092 4400 3310 4465 mundo,
3356 4408 3414 4453 ut
3442 4400 3514 4454 sit
3552 4399 3623 4452 illi
3649 4396 3773 4451 Deus

2222 4499 2375 4553 beata
2407 4497 2698 4567 possessio.
2735 4493 2844 4549 Nec
2874 4493 3148 4550 renuntiat
3178 4490 3377 4547 mundo
3414 4489 3461 4545 is
3498 4504 3651 4561 quem
3684 4496 3771 4542 ter-

2151 4664 2197 4724 D
2223 4672 2400 4712 manu.
2428 4655 2692 4723 possideri.

2295 4737 2334 4763 ω
2367 4722 2462 4780 Ms.
2494 4741 2650 4789 unus,
2680 4740 2780 4777 non
2810 4722 3044 4775 delectat.

2290 4805 2315 4833 ιι
2346 4796 2470 4851 Mss.
2499 4804 2725 4863 septem,
2757 4793 2993 4860 efﬁcitur.
3018 4859 3059 4867 __
3370 4857 3381 4867 ι

2292 4874 2316 4903 ο
2347 4868 2508 4920 Abest
2536 4857 2647 4931 eius
2668 4879 2698 4918 a
2713 4857 2855 4917 'm's's.
2878 4875 2993 4915 sex.
3018 4859 3167 4915 Unus
3189 4871 3341 4922 vero,
3364 4857 3475 4924 ipsa
3496 4871 3601 4910 este
3619 4857 3764 4925 digna,

2221 4952 2310 4991 nec
2331 4951 2435 4988 esse
2463 4935 2734 5002 Divinitns.
3128 4994 3157 5002 _
3200 4996 3231 5002 __
3364 4994 3396 5002 η
3621 4993 3657 5002 _
3724 4991 3733 5002 ,

2294 5006 2409 5059 vlta
2442 5006 2569 5057 edit.
2599 5001 2760 5069 lugd.
2791 5014 2911 5053 cum
2958 5012 3086 5053 mss.
3119 4994 3273 5050 Colb.
3314 4994 3487 5069 tribus
3523 5003 3575 5048 et
3621 4993 3762 5060 Regio

2222 5090 2350 5129 uno.
2379 5074 2571 5142 Regius
2595 5064 2749 5136 altér,
2774 5070 3101 5142 dedignatur,
3130 5068 3244 5119 sine
3267 5064 3522 5142 particula
3547 5073 3761 5132 negante.

2222 5146 2353 5198 Aliil‘.
2382 5135 2666 5206 editiones,
2693 5135 2792 5194 non
2817 5135 3123 5211 dedignatur
3144 5152 3163 5201 ;
3208 5135 3299 5189 sed
3338 5138 3514 5186 minus
3542 5148 3693 5198 recte,
3720 5143 3763 5182 ut

2217 5215 2445 5268 videtur.

2290 5292 2315 5332 (ι
2350 5281 2515 5347 Alias,
2552 5277 2769 5334 Deinde.

2295 5362 2314 5389 τ
2346 5351 2473 5406 Mss.
2502 5350 2654 5405 Colb.
2683 5350 2809 5414 duo,

2222 5422 2407 5484 citcui,
2443 5429 2545 5475 etc.
2581 5420 2733 5473 Alter
2762 5435 2909 5482 vero,
2939 5428 3114 5486 antqu

2295 5498 2316 5526 ³
2352 5491 2478 5545 Mss.
2509 5489 2614 5543 duo
2640 5488 2818 5552 Colb.,
2856 5488 3089 5540 Domine.

2297 5563 2313 5596 ί
2349 5560 2446 5613 Ms.
2469 5560 2618 5614 Colb.
2651 5572 2807 5619 unus,
2836 5559 2898 5610 de
2924 5555 3047 5618 ﬁliis
3071 5554 3185 5609 Levi
3212 5570 3229 5609 :
3254 5553 3374 5608 Non
3397 5569 3596 5605 mosus.

2291 5638 2318 5665 υ
2347 5631 2437 5685 Sic
2472 5643 2600 5683 mss.
2637 5642 2843 5683 omnes.
2886 5626 3022 5683 Editi
3069 5640 3216 5691 vero,
3254 5635 3526 5678 muttttuao
3554 5628 3757 5688 superne

2222 5700 2526 5753 dulcedinis.

2296 5779 2323 5807 '
2354 5768 2475 5823 Mss.
2509 5769 2638 5838 Reg.
2670 5769 2794 5835 duo,
2826 5784 2929 5836 pra:
2962 5784 3152 5821 amore.

2839 5348 2955 5419 quis
2973 5346 3020 5399 ei
3054 5340 3468 5419 sufﬁcit._Alitts,
3496 5340 3614 5419 quid
3636 5337 3761 5419 nim.

3119 5408 3169 5467 id
3189 5416 3233 5468 ei
3255 5411 3452 5481 deﬁcit,
3473 5408 3564 5467 sed
3593 5408 3729 5465 male.
