4024 6176
211 402 273 447 ιιι
286 404 300 447 1

206 520 346 561 reme
402 500 754 570 possessionis
810 497 979 551 adlme
1038 495 1269 552 delectat
1320 494 1541 549 ambitio
1584 511 1598 553 :

205 592 442 664 quandiu
481 606 577 645 sua
606 606 711 644 non
750 599 775 626 ⁸
800 586 1076 657 relinquit,
1109 586 1331 650 mundo,
1355 586 1510 655 cujus
1536 585 1673 639 bona
1700 599 1785 638 re-

206 686 362 749 tinet,
388 683 589 747 servit;
617 690 670 736 et
693 679 877 749 utique
916 696 947 733 n
974 695 1021 731 »ιι
1056 688 1231 747 potest
1259 681 1456 731 mundo
1484 676 1684 730 servire
1709 675 1784 729 si-

205 778 389 831 mutet
420 776 567 840 Deo;
596 789 659 830 ac
697 775 776 828 sic
818 785 1107 843 propterea
1153 770 1323 825 voluit
1365 770 1507 824 Deus
1554 770 1786 823 cultores

205 881 330 920 suos
361 865 612 919 omnibus
634 868 941 918 renuntiare
968 871 1186 932 propter
1215 876 1331 928 qua:
1372 860 1610 929 diligitur
1635 874 1788 912 mun-

203 957 328 1021 dus;
367 964 426 1009 ut
453 955 669 1009 exclusa
699 953 989 1023 cupiditate
1029 951 1237 1017 mundi,
1265 950 1442 1004 divina
1474 952 1523 1003 in
1549 949 1627 1003 eis
1651 949 1787 1001 cari-

204 1053 285 1100 tas
311 1046 482 1111 possit
510 1044 693 1115 augeri
726 1044 811 1098 vel
856 1043 1059 1111 perﬁci.
1092 1044 1155 1096 Et
1196 1042 1316 1096 ideo
1355 1040 1591 1096 decimas
1631 1050 1789 1106 atque

205 1136 470 1204 primitias
499 1133 729 1204 frugum,
756 1133 1109 1202 primogenita
1140 1140 1194 1185 et
1235 1131 1495 1185 sacriﬁcia
1536 1144 1631 1198 pro
1661 1145 1788 1198 pec-

202 1236 346 1293 cato,
366 1225 394 1264 δ
415 1228 496 1281 vel
516 1237 633 1280 vota
659 1240 780 1296 qua:
801 1226 903 1280 sibi
932 1226 1071 1279 Deus
1090 1224 1250 1291 jussit
1272 1222 1475 1288 offerri,
1493 1222 1787 1276 sacerdoti-

206 1321 304 1375 bus
332 1334 398 1374 ac
428 1319 684 1373 ministris
710 1319 953 1373 diStribui
986 1318 1184 1373 debere
1213 1317 1518 1380 constituit;
1552 1324 1609 1369 ut
1630 1316 1792 1369 devo-

206 1412 414 1467 tissimo
444 1412 639 1480 populo
656 1410 778 1465 vita:
809 1412 1110 1466 necessaria
1139 1411 1497 1473 ministrante,
1519 1409 1615 1475 ipsi
1643 1423 1793 1461 crea-

207 1504 305 1557 tori
349 1517 415 1556 ac
452 1501 654 1572 pastori
700 1516 798 1555 suo
853 1501 1034 1556 liberis
1083 1499 1355 1555 mentibus
1399 1498 1788 1562 ministrarent,

205 1605 364 1663 atque
393 1593 446 1647 in
484 1602 506 1629 ο
540 1592 655 1661 ejus
676 1593 821 1646 cultu
849 1595 965 1646 sine
996 1591 1100 1645 ulla
1127 1590 1487 1645 Sollicitudine
1528 1587 1790 1656 corporali

207 1684 533 1754 proﬁcerent
580 1696 596 1734 :
645 1697 711 1735 ne
758 1683 984 1736 terrenis
1031 1680 1472 1749 occupationibus
1513 1678 1791 1747 implicati,

206 1776 384 1830 ofﬁcio
412 1786 511 1826 suo
537 1772 726 1841 dignas
753 1772 1010 1827 excubias
1032 1783 1251 1826 strenue
1277 1785 1469 1824 curare
1515 1784 1621 1822 non
1670 1781 1793 1837 pos-

206 1875 347 1921 sent.

276 1962 334 2014 4.
364 1960 518 2013 Nunc
538 1968 739 2023 autem,
765 1955 906 2026 quod
930 1955 1213 2010 Christiani
1244 1955 1499 2024 temporis
1544 1953 1792 2008 sacerdo-

211 2059 291 2105 tes
316 2049 489 2119 magis
515 2050 778 2102 sustinent
808 2061 967 2117 quam
1008 2055 1200 2101 curant
1226 2046 1592 2115 possessiones
1622 2044 1792 2099 eccle-

211 2155 322 2205 εω,
363 2150 525 2194 etiam
567 2141 617 2192 in
651 2139 752 2192 hoc
799 2139 908 2192 Deo
937 2135 961 2174 ά
998 2139 1275 2191 serviunt:
1312 2136 1431 2205 quia
1463 2136 1509 2191 si
1552 2135 1642 2190 Dei
1673 2146 1795 2190 sunt

210 2246 272 2285 ea
298 2246 422 2301 qua:
461 2231 814 2286 conferuntur
844 2229 1107 2294 ecclesiae,
1139 2228 1231 2281 Dei
1263 2243 1397 2297 Opus
1438 2229 1545 2297 agit
1575 2228 1664 2297 qui
1709 2241 1796 2282 res

212 2324 320 2379 Deo
348 2332 691 2379 consecratas
717 2336 821 2376 non
852 2320 1081 2389 alicujus
1104 2321 1432 2389 cupiditatis,
1474 2320 1568 2375 sed
1600 2320 1797 2374 ﬁdelis-

211 2418 359 2472 simae
386 2416 800 2485 dispensationis
827 2415 1125 2469 intentione
1157 2430 1262 2467 non
1294 2414 1513 2468 deserit.
1554 2414 1797 2483 Quapro-

214 2518 329 2578 pter
353 2507 750 2578 possessiones,
792 2520 925 2576 quas
968 2506 1177 2560 oblatas
1207 2520 1236 2557 a
1269 2506 1463 2574 populo
1492 2506 1803 2575 suscipiunt

213 2600 550 2665 sacerdotes,
587 2610 609 2638 ο
646 2615 750 2654 non
776 2608 901 2655 sunt
926 2599 1066 2654 inter
1097 2614 1182 2654 res
1214 2599 1397 2652 mundi
1419 2597 1659 2666 deputari
1685 2613 1803 2655 cre-

213 2696 427 2760 dendaz,
458 2697 551 2749 Sed
581 2696 690 2749 Dei.
722 2694 983 2760 Quoniam
1025 2694 1069 2749 si
1109 2701 1309 2759 vestes,
1339 2706 1402 2746 ac
1429 2706 1583 2756 vasa,
1621 2702 1675 2746 et
1700 2706 1802 2746 ca:-

214 2797 325 2840 tera
358 2802 478 2855 quae
534 2786 589 2839 in
623 2783 639 2823 ί
671 2785 839 2840 sacris
873 2785 988 2838 usui
1022 2784 1450 2838 ministrantibus
1476 2790 1648 2848 erant,
1682 2797 1804 2837 san-

216 2890 303 2929 cza
329 2875 685 2940 vocabantur,
716 2888 816 2929 nec
846 2877 898 2928 in
950 2890 1076 2928 usus
1118 2874 1378 2929 humanos
1415 2875 1655 2929 revocari
1691 2875 1802 2944 jatn

215 2978 486 3038 poterant,
522 2968 716 3022 divinis
747 2969 911 3021 semel
962 2966 1274 3021 ministeriis
1305 2979 1638 3037 consecrata,
1672 2983 1806 3038 quo-

216 3063 375 3115 modo
407 3078 512 3115 nou
544 3077 605 3115 ea
646 3076 763 3131 quae
797 3058 1148 3114 conferuntur
1177 3060 1442 3123 ecclesiae,
1492 3074 1645 3113 sacra
1685 3075 1805 3114 cre-

214 3153 388 3207 denda
421 3162 568 3220 sunt,
602 3152 817 3220 quibus,
852 3166 958 3204 non
989 3161 1046 3205 ut
1084 3151 1264 3204 διεωιί
1294 3150 1473 3214 rebus,
1507 3149 1799 3216 luxuriose,

1236 388 1321 442 DE
1363 388 1518 441 VITA
1559 382 2133 441 CUNTEMPLATIVA
2176 381 2303 435 LIB.
2347 380 2407 433 ll.

1660 493 1782 563 quia
1810 496 1861 554 Α
1889 491 2145 561 perfectio
2169 506 2182 554 ;
2209 500 2263 544 et
2290 499 2463 543 utrum
2487 498 2687 540 tantum
2719 486 2951 555 corpori,
2982 498 3047 538 an
3070 492 3123 539 et
3156 483 3346 537 animm
3373 488 3468 538 de-

3367 374 3468 426 46;).

1890 584 2012 639 beat
2040 581 2344 637 necessaria
2372 578 2622 648 judicari.
2676 578 2733 632 Si
2774 578 3046 632 hominem
3095 585 3261 631 totum
3296 576 3466 631 virtus

1888 675 2003 730 haec
2028 691 2145 746 qua:
2175 676 2493 729 abstinentia
2528 673 2743 728 nomina
2771 688 2851 737 ur,
2882 672 3115 740 perfecta
3146 670 3465 735 sanctificat,

1889 784 1993 822 non
2021 769 2196 823 solum
2240 766 2473 835 corpori,
2523 764 2615 820 sed
2664 774 2718 820 et
2765 763 2955 817 animm
3004 762 3303 817 necessaria
3351 770 3465 825 est;

1887 858 2012 928 quia
2042 858 2214 911 omnis
2245 856 2405 911 homo
2429 872 2494 910 ex
2524 870 2748 924 corpore
2790 862 2999 909 constat
3029 861 3082 907 ct
3110 854 3305 907 anima.
3359 852 3466 908 Sed

1890 950 1941 1003 in
1970 929 2049 1003 eis
2078 949 2190 1017 qui,
2218 948 2445 1002 diversis
2469 947 2612 1002 vitiis
2642 946 2997 1016 subjacentes,
3025 944 3225 1013 aliquid
3252 945 3352 999 sibi
3377 958 3469 998 eo-

1890 1058 2006 1097 rum
2040 1058 2157 1111 qua:
2184 1042 2298 1096 usui
2332 1052 2514 1095 nostro
2560 1040 2573 1077 ί
2626 1054 2884 1095 concessa
2927 1048 3072 1107 sunt,
3120 1040 3463 1101 interdicunt,

1891 1132 2211 1186 abstinentia
2242 1133 2454 1201 quidem
2488 1131 2533 1198 i,
2561 1132 2655 1186 sed
2677 1132 2904 1185 carnalis
2934 1140 2988 1185 et
3019 1132 3324 1199 imperfecta
3346 1145 3467 1191 esse

1893 1224 2051 1279 debet
2086 1224 2345 1294 intelligi:
2379 1241 2439 1279 ea
2471 1233 2649 1279 autem
2694 1224 2984 1293 spiritualis
3031 1233 3188 1293 atque
3234 1222 3466 1292 perfecta

1892 1316 2159 1370 censenda
2190 1324 2290 1379 est,
2312 1330 2431 1385 qua:
2458 1316 2630 1370 abstin
2670 1326 2811 1370 ntem
2846 1324 2951 1368 tam
2976 1314 3043 1368 ab
3067 1314 3330 1368 illecebris
3351 1329 3469 1367 car-

1895 1406 2095 1460 nalium
2127 1407 2478 1475 voluptatum,
2512 1422 2668 1474 quam
2702 1421 2728 1457 a
2774 1406 3004 1474 peccatis
3049 1405 3299 1459 omnibus
3345 1404 3471 1459 facit

1894 1499 2155 1562 alienum;
2184 1498 2335 1566 cujus
2364 1513 2460 1559 nec
2487 1498 2719 1550 animum
2745 1495 3132 1551 desideriorum
3157 1496 3324 1549 morbi
3352 1510 3473 1549 cor-

1898 1598 2167 1658 rumpunt,
2203 1604 2299 1644 nec
2323 1589 2544 1657 imperio
2586 1589 2723 1659 gulae
2754 1588 3079 1643 dominantis
3110 1590 3350 1656 quaasita:
3376 1587 3469 1639 de-

1899 1682 2033 1737 licia:
2060 1684 2201 1737 vires
2225 1684 2464 1751 corporis
2496 1682 2767 1751 frangunt.
2804 1681 3038 1737 Proinde
3078 1680 3168 1735 ille
3197 1681 3471 1735 abstinens

1901 1788 2028 1827 vere
2056 1773 2358 1828 credendus
2379 1781 2462 1828 est
2498 1774 2587 1842 qui
2628 1774 2876 1827 vitiorum
2917 1772 3154 1827 omnium
3186 1771 3321 1827 liber
3342 1768 3367 1808 ι
3399 1771 3478 1827 ef-

1820 1868 1862 1925 B
1892 1863 2060 1919 fectus
2103 1873 2217 1931 est,
2249 1880 2331 1931 ac,
2378 1864 2565 1920 recisis
2611 1862 2629 1901 1
2673 1863 3044 1931 corporalibus
3088 1861 3474 1931 voluptatibus,

1895 1956 2154 2025 elaborat,
2187 1973 2291 2011 non
2319 1967 2377 2012 ut
2405 1958 2891 2027 concupiscentiam
2928 1973 3039 2011 sua:
3063 1958 3239 2011 carnis
3268 1967 3305 1992 ω
3334 1973 3479 2011 exsa-

1896 2049 2009 2115 tiet,
2044 2048 2136 2101 sed
2186 2060 2244 2102 ut
2292 2049 2569 2104 mortalem
2611 2050 2768 2102 vitam
2818 2048 3240 2103 necessariorum
3290 2063 3477 2117 perce-

1899 2140 2082 2209 ptione
2108 2150 2391 2197 sustentet.
2416 2142 2676 2211 Quoniam
2708 2142 2920 2212 quidem
2948 2141 3201 2211 quidquid
3226 2141 3343 2195 sine
3373 2156 3478 2207 quo

1898 2242 2075 2303 potest
2121 2235 2225 2289 vivi
2274 2236 2586 2305 percipitur,
2630 2251 2732 2289 non
2787 2235 3147 2289 sustentanda:
3187 2233 3343 2297 vitae,
3385 2235 3478 2289 sed

1901 2336 1927 2363 η
1961 2326 2203 2383 fovendae
2230 2328 2457 2383 luxuria:
2493 2328 2669 2383 carnis
2702 2326 3050 2396 impenditur.

1970 2420 2024 2472 2.
2057 2420 2180 2473 lltec
2210 2427 2236 2455 ο
2266 2418 2445 2488 itaque
2474 2420 2661 2484 virtus,
2695 2433 2813 2488 qua:
2842 2418 3160 2472 abstinentia
3182 2434 3285 2473 non
3308 2419 3480 2473 solum

1902 2511 2253 2566 delicatorum
2284 2512 2549 2576 ciborum,
2584 2511 2675 2564 sed
2725 2512 2884 2564 etiam
2935 2510 3196 2564 malorum
3244 2511 3481 2565 omnium

1906 2613 2270 2674 nuncupatur,
2316 2619 2437 2658 cum
2480 2604 2730 2657 munibus
2780 2603 2994 2656 omnim
3040 2604 3342 2656 necessaria
3393 2602 3483 2667 sit,

1905 2703 2015 2748 tum
2053 2696 2282 2750 maxime
2320 2695 2422 2749 illis
2456 2694 2767 2748 familiarior
2807 2703 2966 2765 atque
2992 2694 3326 2761 couju‘nCtior
3366 2708 3484 2748 esse

1906 2784 2171 2839 credenda
2202 2794 2304 2852 est,
2335 2784 2700 2853 quibusjuxta
2726 2785 2851 2836 illud
2875 2783 3091 2853 quodin
3117 2784 3336 2837 Actibus
3358 2798 3487 2851 apo-

1905 2876 2163 2928 stolorum
2192 2874 2289 2945 (tv,
2323 2873 2415 2943 52)
2454 2874 2648 2942 lt-gitur
2690 2874 2905 2937 factum,
2958 2888 3122 2926 unum
3159 2886 3252 2925 cor
3290 2882 3393 2937 est,
3432 2880 3486 2926 et

1906 2968 2080 3020 anima
2113 2982 2238 3031 una,
2268 2964 2462 3019 divina:
2493 2967 2727 3019 cantatis
2759 2967 2877 3034 igne
2901 2966 3128 3020 conﬂata
3150 3006 3165 3030 ,
3214 2978 3265 3021 et
3294 2966 3485 3036 quibus

1905 3056 2006 3112 sub
2063 3058 2223 3112 unius
2275 3057 2611 3111 ordinatione
2661 3056 2963 3111 viventibus
3015 3058 3193 3111 omnia
3246 3058 3483 3111 omnium

1907 3151 2209 3204 communia
2240 3149 2372 3202 ﬁunt
2404 3166 2417 3201 :
2449 3150 2507 3203 si'
2528 3159 2702 3205 tamen
2736 3150 2807 3204 ita
2832 3150 2907 3205 eis
2940 3160 2966 3199 ι’
2997 3166 3102 3204 una
3129 3151 3187 3205 ﬁt
3213 3152 3343 3219 vita,
3376 3153 3484 3204 sic-

215 3245 308 3298 sed
335 3253 547 3307 sancte,
570 3252 629 3296 ut
652 3242 757 3296 Dco
785 3241 1135 3307 consecratis,
1161 3250 1380 3294 utuntur
1409 3241 1473 3294 ad
1502 3241 1801 3297 necessaria
1831 3230 1877 3292 C
1910 3252 1965 3295 ut
2002 3240 2058 3294 ﬁt
2105 3256 2205 3294 una
2235 3242 2560 3305 substantia;
2607 3250 2659 3296 et
2692 3242 2832 3295 nulla
2873 3242 2945 3296 sit
2988 3242 3040 3295 in
3090 3243 3167 3296 cis
3210 3243 3491 3298 diversitas

212 3336 531 3391 sacerdotes
584 3352 596 3387 :
655 3343 713 3388 ut
763 3334 868 3389 illis
914 3334 1160 3388 omnibus
1218 3335 1306 3402 qui
1354 3348 1413 3388 se
1464 3332 1806 3403 perfectionis

213 3444 399 3482 anime
424 3428 527 3481 sub
555 3443 661 3481 uno
690 3427 1042 3490 constituunt,
1066 3434 1121 3480 et
1140 3440 1236 3479 sua
1257 3425 1356 3479 sibi
1382 3442 1485 3479 nou
1509 3425 1802 3490 vindicant,

213 3520 504 3576 ecclesiam!
529 3520 807 3573 facultates
834 3522 897 3571 ad
923 3518 1023 3572 hoc
1047 3519 1216 3586 ipsum
1241 3518 1480 3572 eollectaa
1509 3517 1802 3581 sufﬁciant;

214 3621 268 3665 ct
314 3609 579 3681 quidquid
629 3609 878 3663 omnibus
920 3608 1361 3677 occupationibus
1384 3608 1612 3663 absoluti
1643 3608 1806 3677 proﬁ-

216 3702 385 3765 ciunt,
424 3701 625 3754 fructus
657 3699 819 3762 illius,
868 3701 954 3767 qui
983 3714 1118 3752 unus
1168 3714 1262 3766 pro
1298 3700 1477 3753 multis
1518 3707 1807 3766 occupatus

217 3805 321 3859 est,
362 3794 491 3856 ﬁat;
524 3803 686 3859 atque
726 3791 796 3844 ita
841 3791 962 3856 ille,
1005 3793 1093 3859 qui
1145 3791 1524 3845 sollicitudines
1568 3791 1806 3845 omnium

215 3882 316 3936 sub
338 3897 403 3936 se
430 3879 458 3916 ιι
498 3881 785 3935 viventium
813 3889 1006 3948 portat,
1039 3881 1089 3931 in
1119 3881 1527 3949 congregatione
1557 3895 1650 3934 sua
1684 3896 1806 3948 pro-

223 3974 446 4043 ﬁciente
489 3972 728 4039 proﬁciat
773 3980 867 4023 :ut
890 3970 1027 4023 sicut
1068 3970 1205 4024 illius
1245 3971 1525 4039 occupatio
1568 3971 1804 4025 omnium

214 4078 438 4118 suorum
473 4062 609 4118 facta
637 4073 718 4117 est
749 4063 1018 4116 fructuosa
1047 4064 1291 4128 vacatio,
1336 4065 1405 4117 ita
1442 4064 1681 4117 omnium
1726 4065 1807 4117 di-

215 4156 551 4225 scipulorum
578 4154 832 4223 perfectio
861 4153 1096 4223 gloriosa
1145 4154 1382 4224 magistri
1415 4156 1584 4209 honor
1608 4154 1806 4211 hahea-

218 4253 301 4300 tur
328 4256 385 4301 et
411 4245 603 4315 gloria.

792 4332 1018 4387 CAPUT
1078 4333 1237 4386 XVII.

222 4448 375 4514 Quod
406 4449 535 4501 nihil
582 4448 849 4516 proficiant
894 4450 1010 4514 qui,
1062 4450 1363 4502 abstinentes
1406 4466 1437 4502 a
1480 4452 1624 4516 cibis,
1674 4454 1807 4505 vitiis

286 4520 553 4591 serviunt;
578 4536 667 4591 nec
693 4521 852 4585 prosit
883 4519 988 4572 illis
1017 4522 1281 4588 facultates
1310 4522 1548 4591 abjicere,
1572 4524 1659 4590 qui
1685 4540 1803 4575 suas

287 4590 492 4659 faciunt
526 4590 829 4641 voluntates.

294 4702 343 4754 Ι.
380 4701 513 4756 Item
537 4699 824 4770 quaasistis,
874 4716 992 4769 qua:
1036 4700 1106 4754 sit
1156 4703 1492 4757 abstinentia:
1538 4705 1802 4761 credenda

290 4885 319 4914 ³
349 4874 453 4930 Ms.
483 4872 695 4941 Camb,
760 4876 983 4941 reti/uit.

292 4947 320 4984 δ
349 4946 449 4999 Ms.
478 4945 609 5015 Reg.
638 4961 793 5009 unus,
825 4947 902 4999 vel
932 4957 1061 4999 voto.

291 5027 316 5055 ε
341 5017 441 5069 Ms.
472 5016 624 5070 Cotb.
668 5032 824 5078 unus,
858 5018 911 5068 in
938 5032 1000 5070 eo
1025 5018 1186 5069 cultu.

288 5086 317 5123 ά
348 5087 480 5141 Mss.
504 5089 761 5154 quinque,
794 5086 1099 5139 deserviunt.

209 5167 317 5283 “de
331 5158 483 5279 DMs_s.
513 5171 720 5221 omnes,
745 5171 846 5208 non
880 5166 1001 5209 sunt
1022 5159 1138 5225 jam
1181 5172 1262 5210 res
1300 5159 1476 5211 mundi
1518 5160 1804 5225 credenda,

385 5243 453 5279 ei.

385 5243 453 5279 ει.

298 5296 318 5335 ι
357 5297 484 5350 Mss.
512 5306 641 5360 tres,
666 5298 718 5350 in
740 5312 886 5350 sacro
916 5313 1009 5351 usu
1049 5296 1473 5354 ministrantibus.
1512 5300 1608 5354 Ms.
1643 5314 1801 5365 unus,

208 5367 697 5423 ministrationibus.

287 5447 315 5484 κ
351 5437 771 5508 Mss.quiuque,
798 5438 1015 5507 facultas
1036 5438 1263 5492 ecclesia:
1294 5439 1362 5493 ad
1387 5439 1481 5492 hoc
1505 5439 1671 5508 ipsum
1694 5442 1777 5495 col-

204 5512 348 5564 lecta
376 5507 624 5576 sufﬁciat.

290 5576 315 5612 δ
343 5575 438 5630 Sic
456 5590 585 5629 mss.
613 5591 819 5630 omucs.
854 5579 919 5630 At
946 5577 1096 5642 editi,
1126 5579 1470 5633 servientium.

297 5648 311 5684 ι
354 5647 431 5699 Ita
449 5660 637 5699 omnes
662 5662 789 5699 mss.
819 5648 884 5699 At
911 5662 1039 5700 vero
1060 5647 1209 5712 editi,
1240 5650 1520 5704 necessaria
1549 5660 1686 5706 sunt.

292 5727 312 5765 1
349 5716 451 5786 Ms.
479 5714 689 5777 Camb.,
718 5717 921 5786 quidem
943 5727 1038 5779 est,
1062 5719 1170 5783 sed,
1199 5729 1301 5773 etc.

292 5788 312 5823 ιι
346 5785 480 5840 Mss.
511 5794 638 5849 tres,
666 5786 892 5850 cal/crtus.
920 5788 1107 5842 recisis.

1909 3335 2230 3398 animorum,
2263 3333 2457 3403 quibus
2495 3342 2577 3387 est
2624 3335 2931 3388 communio
2976 3332 3284 3390 facultatum
3320 3353 3334 3387 :
3366 3336 3488 3404 quia

1908 3437 1960 3480 ut
1987 3426 2135 3481 ﬁeret
2163 3438 2215 3480 et
2242 3427 2704 3481 essetanimorum
2734 3437 2915 3481 sancta
2947 3427 3273 3496 conjunctio,
3306 3444 3489 3483 ncces-

1906 3517 2045 3572 saria
2069 3527 2150 3571 est
2182 3527 2208 3566 τι
2232 3516 2540 3571 facultatum
2580 3519 2811 3585 judicata
2851 3520 3176 3574 communio.
3221 3518 3489 3574 Caeterum

1907 3609 2039 3677 quid
2070 3610 2149 3663 eis
2176 3608 2393 3678 prodest
2414 3608 2553 3678 quod
2580 3608 2858 3663 facultates
2885 3624 3009 3664 suas
3045 3610 3320 3681 abjiciunt,
3354 3622 3375 3649 τ
3402 3614 3491 3682 qni

1908 3702 2209 3755 voluntates
2232 3702 2469 3768 preprias
2493 3716 2595 3753 non
2620 3701 2946 3770 relinquunt,
2974 3716 3093 3756 cum
3113 3701 3345 3772 sitlonge
3361 3720 3493 3771 pric-

1908 3795 2134 3847 stautius
2162 3792 2525 3847 voluntatibus
2549 3793 2777 3861 propriis
2806 3793 3187 3847 abrenuntiare
3217 3808 3375 3861 quam
3410 3811 3491 3847 re-

1908 3884 2045 3937 bus?
2079 3884 2183 3937 Res
2206 3896 2330 3935 Suas
2357 3883 2515 3936 etiam
2548 3881 2731 3935 mundi
2756 3890 2776 3915 ³
2822 3883 2975 3951 hujus
3027 3882 3329 3950 phiIOSOphi
3359 3883 3493 3949 abji-

1910 3992 2033 4029 cere
2064 3984 2372 4045 potuerunt,
2396 3985 2449 4029 et
2490 3989 2631 4028 nunc
2683 3974 2903 4042 quilibet
2955 3974 3188 4028 hmretici
3236 3987 3488 4041 possunt;

1908 4066 2002 4119 sed
2047 4080 2147 4119 nec
2173 4065 2268 4130 illi,
2297 4079 2417 4118 cum
2448 4079 2559 4117 sua:
2595 4065 2612 4097 ί
2648 4063 2940 4115 voluntatis
2972 4063 3163 4116 ﬁerent
3197 4074 3486 4130 amatores,

1909 4156 2201 4212 secundum
2230 4156 2557 4209 voluntatem
2588 4154 2680 4209 Dei
2711 4158 2956 4209 vixerunt
2978 4170 2991 4218 ;
3012 4165 3065 4207 ct
3093 4155 3178 4208 isti
3210 4156 3491 4209 thlﬂllllCtI!

1911 4246 2169 4300 Voluutvti
2207 4263 2318 4300 sua:
2367 4246 2655 4299 voluntatis
2706 4244 2883 4299 studio
2940 4247 3329 4300 contradicunt.
3375 4248 3491 4301 Non

1908 4353 2035 4406 ergo
2065 4352 2126 4389 ea
2158 4354 2243 4391 res
2274 4352 2372 4390 nos
2402 4338 2512 4390 Deo
2541 4336 2883 4390 commendat
2904 4351 3061 4406 quam
3098 4346 3152 4391 et
3175 4338 3371 4391 inimici
3397 4338 3491 4391 ΒΑ

1911 4429 2141 4494 faciunt;
2174 4428 2267 4483 sed
2294 4436 2321 4463 ιι
2348 4429 2475 4483 illud
2505 4428 2644 4498 quod
2675 4443 2778 4481 non
2812 4416 2911 4483 nisi
2944 4443 3069 4484 vere
3093 4429 3403 4500 Christiani,
3437 4443 3492 4486 et

1914 4535 2007 4589 per
2030 4520 2128 4573 hoc
2150 4529 2414 4574 amatores
2436 4520 2528 4573 Dei
2560 4518 2859 4587 perﬁciunt.
2890 4520 2956 4574 lli
2986 4529 3110 4575 sunt
3130 4522 3282 4591 qui,v
3305 4523 3491 4576 volun-

1836 4597 1887 4654 υ
1915 4620 2109 4673 tatibus
2129 4620 2238 4673 anis
2260 4622 2522 4685 rebusque
2548 4619 2817 4687 projectis,
2846 4633 2943 4673 suo
2964 4617 3267 4673 seCreatori
3291 4633 3352 4672 ex
3378 4628 3490 4674 toto

1913 4710 2076 4764 corde
2097 4710 2403 4777 subjiciunt,
2422 4725 2484 4763 ac
2505 4725 2657 4763 suum
2681 4711 2820 4763 velle
2846 4724 2906 4765 ex
2936 4710 3052 4778 ejus
3074 4709 3349 4765 voluntate
3372 4724 3491 4766 sus-

1992 4882 2009 4921 Ῑ
2042 4884 2207 4950 Editi,
2238 4885 2606 4951 corporalibus.

1983 4964 2020 4989 ηδ
2050 4956 2146 5010 Ms.
2175 4971 2329 5020 unus,
2361 4959 2580 5009 exacuit.

1984 5032 2010 5060 ιι
2036 5024 2132 5080 Ms.
2165 5028 2372 5089 (lamin,
2406 5028 2680 5080 movendae.

1986 5103 2010 5129 ο
2044 5097 2167 5152 Mss.
2197 5098 2450 5165 quinque,
2479 5114 2717 5165 namque.

1987 5175 2014 5213 Ρ
2038 5166 2164 5221 Mss.
2191 5179 2440 5236 quatuor,
2469 5184 2571 5220 una
2602 5168 2667 5220 sit
2702 5169 2820 5221 vita.
2854 5168 2949 5222 Ms.
2983 5183 3138 5233 uuus,
3168 5169 3293 5221 sicut
3316 5177 3361 5219 ct
3390 5183 3491 5220 una

1913 5234 2210 5290 substantia.

1980 5314 2006 5352 ί]
2040 5306 2138 5361 Ms.
2160 5306 2311 5360 Culb.
2345 5322 2500 5372 unus,
2538 5307 2709 5359 unitas
2731 5307 3072 5360 communium
3095 5306 3417 5377 facultatum.

1986 5384 2007 5411 π
2037 5377 2164 5429 Mss.
2192 5378 2297 5430 duo
2330 5377 2483 5445 ltcg.,
2518 5378 2576 5430 Si
2604 5378 2904 5431 voluntates.

1912 5466 1915 5467 ν
1983 5451 2003 5477 ε
2040 5445 2199 5511 Editi,
2230 5446 2413 5514 quivis.

1988 5516 2003 5549 ι
2040 5516 2111 5569 lta
2144 5513 2271 5568 mss.
2306 5515 2438 5581 Reg.
2469 5515 2595 5577 duo,
2624 5514 2775 5567 Colb.
2809 5529 2945 5569 unus
2973 5525 3027 5571 et
3054 5517 3143 5573 alii
3188 5530 3313 5571 mss.
3346 5513 3488 5569 Editi

1912 5602 1991 5642 ves
2007 5599 2061 5648 ο,
2085 5600 2189 5638 sua:
2212 5585 2484 5650 voluptatis
2508 5584 2720 5653 fuerint.

1982 5663 2009 5690 ιι
2043 5654 2135 5708 Ms.
2171 5654 2299 5708 Reg.
2333 5668 2491 5708 unus.
2520 5657 2607 5708 sed
2637 5654 2726 5706 illa
2750 5670 2901 5708 quam

1989 5668 2009 5690 ιι
2043 5668 2135 5708 MS.
2171 5668 2299 5721 tteg.
2333 5668 2491 5718 unus,
2520 5668 2606 5708 sed
2637 5668 2726 5706 uta
2750 5670 2900 5723 quam

1989 5736 2010 5761 ν
2038 5725 2159 5779 Mss.
2206 5725 2309 5779 duo
2340 5723 2515 5793 Co!b.,
2549 5725 2900 5796 voluptatibus.
