4016 6168
506 389 609 439 Ali?)

1851 388 2110 445 JULIANI
2151 384 2427 441 POMERII

3679 395 3794 452 464

510 502 777 573 pctnlunl;
808 512 857 555 et
889 501 1007 555 idco
1042 498 1294 569 quidquid
1322 500 1398 552 eis
1422 513 1614 553 sensus
1642 501 1816 553 carnis
1861 514 2089 568 sequeu-
2121 502 2169 559 Λ
2196 494 2240 548 Ο
2266 503 2520 564 quantum
2553 493 2854 547 securitatis
2886 494 3079 549 habent
3109 496 3197 565 qui
3221 497 3318 552 sibi
3351 499 3483 555 bene
3509 514 3630 557 sunt
3654 519 3792 559 con-

512 600 633 647 dnm
668 592 1072 661 faciendumque
1102 600 1125 627 ⁸
1157 592 1505 660 suggesserit,
1554 592 1773 659 justitia:
1808 591 1950 659 capti
1992 592 2091 646 de-

515 684 797 740 lectatione
826 691 1193 736 contemnunt.

1081 772 1305 829 CAPUT
1343 773 1524 829 XVIII.

516 866 717 929 Quanta
752 865 883 918 bona
919 865 1115 933 primus
1154 866 1304 918 homo
1356 867 1672 921 abstinentia:
1710 867 1896 921 bonum
1935 867 2097 937 negli-

1072 937 1237 1007 genda
1276 938 1568 1004 perdiderit.

588 1055 638 1107 I.
673 1053 824 1119 Quod
858 1052 901 1107 si
928 1054 1130 1121 primus
1160 1054 1320 1107 homo
1348 1053 1600 1109 voluisset
1626 1053 1654 1093 δ
1685 1068 1745 1110 se
1787 1055 1839 1109 in
1870 1054 1958 1108 illa
2003 1067 2096 1123 pa-

515 1145 677 1198 radisi
704 1146 1030 1199 beatitudine
1060 1146 1350 1211 custodite,
1386 1153 1443 1198 ut
1478 1160 1507 1198 a
1542 1146 1713 1199 fructu
1744 1145 1899 1199 unius
1931 1146 2096 1198 inter-

512 1237 669 1289 dicta:
722 1235 927 1289 arboris
966 1236 1293 1304 jejunasset;
1348 1251 1446 1291 nec
1490 1246 1687 1291 statum
1734 1236 1880 1290 illum
1932 1243 2091 1290 tanta:

516 1328 788 1382 felicitatis
836 1334 1134 1395 amitteret,
1188 1342 1285 1382 nec
1334 1343 1457 1382 eum
1503 1328 1798 1381 voluntaria
1844 1327 2094 1381 salutaris

515 1421 768 1488 prmcepti
797 1420 1149 1487 transgressio
1171 1419 1475 1473 necessitati
1498 1419 1857 1489 corruptionis
1869 1434 1932 1473 ac
1954 1435 2099 1475 mor-

516 1512 732 1565 talitatis
759 1510 1078 1565 addiceret:
1112 1518 1170 1564 ut
1215 1521 1357 1564 tanta
1392 1511 1649 1564 beneﬁcia
1696 1511 1787 1566 Dei
1832 1512 1935 1577 sui,
1979 1526 2100 1581 quae

517 1604 568 1657 in
602 1613 787 1655 natura
812 1618 922 1656 sua:
944 1602 1266 1657 conditionis
1293 1613 1594 1672 acceperat,
1620 1612 1711 1657 aut
1732 1611 2101 1673 corrumperet

518 1702 735 1760 peccato
757 1704 1062 1763 corruptus,
1093 1702 1184 1747 aut
1208 1693 1475 1762 perderet.
1502 1694 1633 1760 Quis
1653 1696 1798 1749 enim
1830 1693 2102 1749 sufficien-

518 1797 598 1839 ter
635 1793 913 1839 enumeret
944 1800 1062 1853 quae
1097 1793 1152 1839 et
1186 1794 1384 1853 quanta
1418 1784 1554 1838 bona
1589 1794 1611 1823 ο
1645 1784 1719 1838 illi
1763 1784 2101 1839 abstinentia:

2198 587 2291 639 scii
2311 585 2322 637 ἰ
2345 594 2669 651 etquantum
2696 586 3032 654 perturbatos
3060 590 3304 645 humiliat
3334 596 3659 662 perpetratio
3688 614 3794 667 pu-

2199 680 2370 734 denda
2404 680 2631 748 peccati,
2664 681 2804 734 sicut
2836 682 2921 735 isti
2948 684 3035 749 qui
3071 697 3130 737 se
3167 684 3560 744 absconderunt
3585 705 3614 744 a
3647 691 3794 749 facie

2200 770 2445 834 Domini,
2471 769 2536 824 de
2562 784 2653 824 sui
2686 772 3034 841 turpitudine,
3069 771 3095 811 ἰ
3129 790 3233 830 non
3278 777 3344 832 de
3383 780 3626 837 nuditate
3656 799 3794 838 con-

2203 860 2332 915 fusi!
2364 862 2451 931 qui
2483 876 2588 915 non
2640 862 2761 917 ideo
2809 864 3218 935 erubescebant,
3269 868 3392 937 quia
3436 882 3584 926 veste
3634 886 3795 931 erant

2206 953 2540 1007 extrinsecus
2577 952 2723 1019 nudi,
2763 953 2857 1008 scd
2888 955 3012 1022 quia
3040 952 3056 991 ι
3089 956 3411 1015 intrinsecus
3454 966 3795 1031 protectione

2210 1045 2384 1101 divina
2416 1046 2618 1100 nudati.
2654 1046 2890 1117 Denique
2916 1057 2969 1102 et
2997 1059 3121 1105 ante
3151 1062 3424 1120 peccatum
3456 1056 3584 1111 nudi
3610 1072 3790 1124 erant,

2202 1146 2257 1193 et
2287 1154 2392 1192 non
2417 1138 2825 1205 erubescebant,
2875 1141 2997 1210 quia
3045 1142 3171 1197 nihil
3225 1154 3409 1200 cantra
3457 1149 3792 1207 voluntatem

2205 1228 2298 1284 Dei
2328 1229 2468 1283 unde
2495 1230 2956 1285 confunderentur
2985 1232 3333 1288 admiserant.

2785 1342 3014 1398 CAPUT
3060 1344 3199 1399 XIX.

2204 1428 2281 1484 De
2301 1442 2507 1501 peccato
2542 1433 2693 1518 primi
2730 1434 2973 1518 [fonti-nis...
2994 1446 3041 1489 et
3068 1439 3131 1491 de
3157 1442 3310 1495 malis
3346 1460 3462 1512 qua:
3500 1444 3650 1500 illum
3675 1465 3793 1518 pce-

2490 1515 2709 1570 cmtem,
2736 1505 3143 1576 Dcojudinante,
3170 1521 3343 1564 secuta
3358 1505 3501 1569 sunt.

2278 1594 2326 1648 1.
2356 1594 2459 1650 Sed
2492 1596 2603 1665 jam
2638 1596 2932 1664 videamus,
2965 1601 3009 1653 si
3044 1601 3234 1669 placet,
3269 1606 3594 1674 qualiterilli
3618 1611 3794 1665 homi-

2206 1700 2299 1739 nes
2328 1689 2480 1753 primi
2510 1689 2879 1744 commiserint
2928 1700 3032 1743 tatn
3070 1694 3273 1760 grande
3306 1706 3608 1765 peccatum,
3645 1702 3791 1771 quod

2206 1785 2261 1831 et
2293 1777 2438 1846 ipsos
2463 1776 2531 1833 de
2554 1779 2805 1848 paradiso
2836 1781 3062 1850 projccit
3094 1784 3145 1837 in
3179 1784 3279 1840 hoc
3307 1788 3429 1843 vitm
3452 1791 3678 1859 paiualis
3701 1808 3793 1848 ex-

516 1885 855 1947 contemptus
900 1875 1198 1931 ademerit?
1222 1875 1248 1913 ά
1291 1876 1433 1945 quod
1487 1875 1861 1930 intellectualis
1900 1874 2094 1930 mentis
2130 1872 2173 1931 Β
2200 1869 2393 1935 silium,
2426 1881 2480 1925 et
2528 1872 2580 1926 in
2643 1874 2722 1927 cis
2758 1875 3095 1943 originaliter
3127 1888 3294 1933 totum
3323 1881 3594 1939 damnavit
3623 1902 3794 1955 genus

516 1969 774 2037 dignitate
812 1968 1061 2037 donatus,
1090 1968 1372 2038 imaginem
1413 1968 1495 2022 sui
1533 1965 1805 2023 Creatoris
1846 1968 2093 2037 accepit:

514 2060 654 2129 quod
684 2060 782 2114 soli
815 2060 923 2113 Deo
949 2074 1047 2113 suo
1074 2057 1365 2127 subjectus,
1394 2060 1573 2113 omnia
1595 2058 1821 2113 visibilia
1847 2057 1944 2111 sibi
1966 2058 2095 2113 sub-

513 2155 650 2220 jecta
683 2152 992 2220 conspexit;
1024 2151 1167 2221 quod
1195 2151 1247 2205 ei
1273 2152 1337 2205 ad
1382 2149 1594 2205 vivendi
1623 2166 1751 2205 usus
1794 2150 1996 2205 affatim
2029 2151 2095 2205 li-

516 2258 742 2312 gnorum
779 2244 1019 2296 omnium
1050 2257 1169 2312 qua:
1198 2252 1351 2297 erant
1381 2243 1432 2296 in
1464 2242 1715 2311 paradiso
1744 2240 1896 2312 (Gen.
1924 2258 1984 2307 ll,
2014 2243 2095 2312 9),

515 2335 762 2390 feracitas
791 2333 1234 2403 d.viuajussione
1282 2334 1547 2399 servivit;
1577 2335 1721 2403 quod
1770 2336 1934 2390 arbor
1974 2337 2097 2391 vitae

516 2430 797 2500 mysticum
829 2427 1005 2481 cibum
1039 2442 1144 2480 non
1186 2427 1328 2481 unde
1358 2427 1586 2494 viveret,
1627 2428 1721 2483 sed
1764 2428 1904 2483 unde
1932 2430 2095 2482 vitam

516 2522 759 2592 corporis
788 2536 890 2574 non
916 2520 1116 2584 finiret,
1148 2521 1230 2573 sui
1262 2519 1533 2574 Creatoris
1565 2534 1789 2575 munere
1828 2522 2096 2577 ministra-

519 2617 625 2678 vit;
656 2616 743 2685 qui
766 2615 917 2668 cibus
939 2614 1172 2683 quandin
1205 2616 1589 2683 perciperetur,
1620 2615 1691 2668 ita
1716 2616 2096 2683 percipientcm

515 2722 576 2762 se
602 2706 653 2761 in
682 2720 788 2760 uno
818 2712 979 2771 statu,
1011 2705 1331 2760 sacramenti
1377 2705 1655 2773 cujusdam
1703 2705 1917 2761 latentis
1966 2708 2095 2777 figu-

515 2808 628 2854 rata
656 2797 1066 2867 significatione,
1110 2806 1384 2860 servaret;
1428 2809 1483 2850 ut
1513 2812 1633 2851 eum
1667 2811 1766 2852 nec
1794 2797 1897 2851 ulla
1932 2790 2095 2851 infir-

515 2892 701 2945 mitate
730 2886 1020 2957 corrumpi,
1056 2902 1152 2942 nec
1180 2897 1337 2942 aetate
1367 2890 1557 2942 mutari
1589 2897 1643 2943 et
1668 2904 1971 2954 senescere,
1998 2904 2098 2944 nec

513 2984 737 3039 dissolvi
771 2991 950 3038 morte
982 2982 1331 3051 permitteret.
1363 2981 1479 3035 Non
1511 2982 1840 3051 inquietabat
1873 2986 2097 3040 molesta

514 3074 824 3130 sollicitudo
848 3076 1111 3144 quietum,
1143 3089 1249 3127 non
1284 3072 1537 3143 fatigabat
1569 3074 1719 3129 labor
1747 3077 1936 3131 anxius
1960 3078 2098 3133 otio-

513 3186 653 3236 sum,
680 3185 785 3223 non
814 3181 1034 3223 somnus
1055 3166 1391 3237 opprimebat
1412 3166 1656 3234 invitum,
1692 3182 1797 3222 non
1841 3170 2097 3224 amitten-

2204 1960 2514 2017 humanmn.
2551 1964 2614 2017 Et
2646 1964 2771 2018 mihi
2796 1967 3007 2033 quidem
3042 1968 3252 2024 videtur
3276 1973 3416 2041 quod
3443 1991 3547 2028 non
3571 1977 3795 2033 ederent

2201 2053 2720 2124 deliguoprohibLto,
2740 2056 2838 2111 nisi
2853 2059 3289 2126 concupircerent
3310 2078 3432 2127 ;nec
3447 2067 3796 2135 concupisce-

2203 2156 2340 2207 rent,
2369 2146 2466 2199 nEsi
2501 2147 2722 2209 tentati;
2766 2163 2863 2202 nec
2899 2159 3253 2215 tentarentur,
3288 2154 3389 2207 nisi
3424 2154 3657 2221 deserti;
3695 2174 3796 2215 nec

2201 2236 2581 2293 desererentur
2602 2255 2633 2293 a
2658 2240 2788 2305 Deo,
2814 2242 2912 2294 nisi
2944 2242 3041 2310 ipsi
3073 2245 3219 2312 prius
3242 2246 3554 2304 desererent
3578 2251 3781 2318 Deum;

2186 2342 2308 2382 ‘ncc
2339 2328 2653 2384 desererent
2683 2331 2871 2397 Deum,
2904 2334 3005 2387 nisi
3034 2336 3397 2405 superhirent,
3444 2350 3499 2395 et
3548 2343 3797 2399 similitu-

2200 2421 2376 2478 dinem
2411 2423 2501 2478 Dei
2529 2433 2567 2460 πυ
2590 2423 2965 2481 damnabiliter
2992 2430 3321 2497 appetissem
3353 2448 3367 2484 :
3398 2433 3463 2487 ad
3486 2450 3643 2503 quam
3671 2452 3796 2506 per-

2200 2515 2405 2569 venturi
2433 2524 2634 2585 essent,
2665 2521 2782 2572 sine
2822 2520 3065 2588 corporis
3088 2531 3285 2587 morte,
3314 2523 3358 2577 si
3385 2532 3410 2559 η
3436 2524 3537 2579 sub
3559 2525 3670 2580 Deo
3696 2542 3798 2583 suo

2200 2610 2459 2675 viventes,
2495 2620 2820 2678 praeceptum
2854 2611 2993 2680 quod
3028 2623 3347 2681 acceperant
3392 2616 3794 2682 custodissent;

2203 2711 2260 2757 ut
2306 2702 2397 2773 qui
2454 2718 2610 2773 posse
2658 2720 2763 2759 non
2808 2706 2942 2759 mori
2993 2718 3313 2777 acceperant
3359 2709 3412 2763 in
3442 2716 3653 2773 natura,
3689 2727 3797 2766 non

2201 2809 2360 2864 posse
2388 2797 2521 2850 mori
2545 2807 3007 2866 consequerentur
3035 2798 3087 2853 in
3117 2799 3313 2868 gloria;
3340 2810 3394 2855 et
3423 2800 3492 2855 ibi
3518 2806 3796 2870 accepturi

2200 2894 2385 2940 essent
2417 2885 2694 2956 praemium
2729 2902 2833 2940 non
2882 2902 3041 2955 posse
3090 2904 3333 2957 peccare,
3383 2892 3426 2944 si
3469 2890 3557 2945 hic
3602 2906 3794 2947 eorum

2202 2978 2450 3032 meritum
2482 2977 2669 3033 fuisset
2701 2993 2921 3048 peccare
2950 2979 3208 3033 noluisse.
3239 2980 3353 3034 Non
3386 2982 3544 3051 igitur
3569 2997 3598 3035 a
3620 2980 3793 3038 Crea-

2201 3076 2318 3123 tore
2343 3083 2440 3123 suo
2470 3068 2521 3122 in
2549 3079 2850 3123 creaturam
2881 3070 3173 3125 divinitatis
3202 3079 3228 3105 ⁰
3254 3071 3592 3127 affectatione
3614 3074 3789 3127 colla-

2202 3175 2327 3231 psos
2356 3170 2595 3217 moveret
2622 3170 2807 3231 aperta
2860 3163 3331 3232 concupiscentia,
3380 3164 3478 3218 nisi
3524 3180 3624 3220 eis
3668 3174 3797 3221 ante

514 3262 596 3315 da:
622 3259 746 3313 vita:
777 3259 935 3312 timor
962 3258 1189 3327 angebat
1228 3267 1251 3294 θ
1274 3257 1343 3312 de
1388 3258 1785 3313 immortalitate
1823 3275 2093 3315 securum.
2124 3246 2172 3310 C
2201 3252 2527 3322 corrupisset
2556 3253 2762 3308 occulta
2793 3254 3071 3321 ~uperbia;
3113 3268 3211 3309 nec
3244 3254 3321 3308 eis
3350 3269 3443 3321 per
3480 3266 3790 3325 serpentem

514 3350 754 3405 llabebat
781 3347 989 3402 facilem
1025 3347 1221 3401 victum
1259 3361 1453 3416 corpus
1490 3364 1554 3401 ex
1592 3346 1609 3384 ί
1657 3349 1799 3401 omni
1835 3361 1985 3417 parte
2006 3365 2099 3406 sa-

516 3456 664 3504 num,
696 3440 1037 3508 tranquillum
1061 3448 1283 3504 motum,
1316 3453 1410 3491 cor
1440 3439 1719 3503 mundum,
1749 3443 1959 3509 ignarus
1984 3440 2113 3510 pm?

516 3529 652 3584 nalis
679 3528 827 3591 mali,
855 3526 1119 3581 habitator
1161 3526 1418 3594 paradisi,
1452 3542 1646 3597 expers
1676 3544 1833 3596 percu
1861 3530 1900 3595 i,
1931 3546 2100 3602 capax

516 3619 641 3741 De;
674 3688 953 3743 Postremo
981 3685 1106 3755 quid
1133 3700 1199 3740 eo
1242 3685 1444 3741 felicius
1476 3688 1606 3754 fuit,
1656 3690 1742 3744 cui
1792 3700 1909 3745 erat
1954 3693 2101 3748 orbis

514 3778 810 3847 subjectus,
838 3776 1016 3832 nullus
1047 3776 1295 3845 infestus,
1348 3778 1484 3833 liber
1508 3780 1740 3845 animus,
1795 3790 1852 3836 et
1882 3784 2102 3841 visibilis

516 3868 695 3924 Deus?
719 3880 743 3917 ε
771 3866 1211 3937 Quandoquidem
1243 3870 1343 3924 nisi
1367 3880 1491 3925 ante
1519 3881 1794 3939 peccatum
1825 3875 1989 3930 Deum
2023 3878 2102 3932 vi-

516 3964 646 4019 dere
677 3964 729 4018 in
755 3964 1119 4034 assumptione
1147 3964 1369 4019 visibilis
1395 3979 1655 4021 creatura:
1686 3969 1917 4036 soleret,
1970 3986 2101 4040 quo-

517 4054 680 4109 modo
728 4070 787 4111 se
828 4057 938 4125 jam
990 4064 1236 4125 peccator
1279 4055 1521 4123 effectus,
1568 4074 1594 4111 a
1646 4058 1779 4114 facie
1812 4060 1836 4096 ιι
1868 4060 2098 4129 Domini,

517 4163 675 4217 quem
707 4162 976 4217 nunquam
1023 4147 1252 4216 viderat,
1303 4147 1697 4204 absconderet?
1738 4150 1917 4206 Potuit
1971 4170 2103 4223 ergo

520 4242 589 4294 ita
619 4238 801 4294 videre
857 4238 1042 4305 Deum,
1084 4239 1394 4308 priusqunn
1441 4250 1687 4309 peccaret
1731 4243 1924 4308 Adam,
1963 4246 2104 4300 sicut

520 4348 641 4387 eum
680 4331 694 4368 ί
730 4332 1047 4401 patriarcha:
1070 4332 1317 4387 viderunt
1345 4350 1360 4398 ;
1399 4335 1492 4389 sed
1518 4336 1731 4404 quando
1759 4338 1834 4391 ait
1863 4355 1873 4391 :
1919 4338 2104 4394 Vocem

521 4434 662 4477 tuam
691 4424 883 4489 audivi,
905 4434 955 4477 et
980 4426 1125 4477 timui
1149 4423 1303 4496 (Gen.
1335 4441 1411 4491 ιιι,
1458 4426 1577 4498 10);
1605 4445 1671 4484 ex
1701 4430 1786 4483 illa
1811 4431 1917 4498 jam
1952 4432 1965 4482 Ι
2022 4434 2103 4487 vi-

520 4515 681 4571 de..di
726 4515 890 4570 Deum
937 4516 1219 4571 sanctitate
1260 4516 1543 4581 ceciderat,
1586 4520 1695 4585 jam
1726 4535 1786 4575 se
1828 4522 2102 4593 indignum

2201 3345 2446 3401 diabolus
2474 3344 2782 3415 proluinaret
2811 3355 2919 3399 tam
2958 3344 3123 3400 ferale
3148 3345 3459 3409 consilium,
3506 3346 3608 3400 nisi
3642 3348 3793 3417 prius

2202 3453 2388 3493 eorum
2418 3438 2849 3507 deprehenderet
2890 3437 3206 3506 appetitum.
3234 3437 3315 3500 Si,
3343 3438 3531 3507 inquit,
3560 3449 3795 3509 gustmc-

2200 3531 2312 3584 ritis
2333 3532 2394 3584 de
2415 3532 2556 3600 ligno
2579 3532 2802 3584 scientiic
2823 3530 2941 3584 boni
2969 3541 3019 3585 et
3044 3531 3189 3597 ntali,
3215 3532 3508 3601 aperientur
3538 3532 3679 3585 oculi
3711 3548 3796 3586 ve-

2201 3624 2317 3687 stri,
2341 3632 2389 3676 et
2432 3622 2569 3674 eritis
2598 3623 2727 3674 sicut
2758 3623 2855 3686 dii,
2880 3622 3090 3676 scientes
3118 3622 3307 3675 bonum
3331 3634 3377 3675 et
3410 3624 3602 3675 malum
3638 3616 3793 3694 (Gen.

2203 3728 2283 3778 ut,
2313 3710 2392 3781 5).
2425 3712 2549 3766 llaec
2596 3723 2721 3766 sunt
2768 3713 2855 3766 illa
2898 3714 2995 3767 tria
3047 3729 3164 3782 qua:
3210 3714 3260 3767 in
3313 3712 3509 3767 mundo
3551 3727 3695 3779 esse,
3740 3727 3795 3769 et

2202 3804 2348 3875 diligi
2382 3821 2485 3858 non
2514 3804 2712 3859 debere
2737 3819 2768 3859 a
2794 3803 3142 3860 dilectoribus
3174 3804 3287 3871 Dei,
3315 3804 3648 3862 contestatur
3671 3822 3794 3861 san-

2204 3906 2322 3951 ctus
2348 3896 2585 3952 Joannes
2614 3896 2890 3965 apostolus
2917 3896 3103 3950 dicens
3137 3913 3151 3949 :
3183 3896 3359 3951 Notiﬁe
3390 3898 3603 3969 diligere
3642 3915 3792 3951 mana

2204 3988 2348 4046 dum.
2372 4004 2531 4057 neque
2550 4005 2609 4042 ea
2640 4004 2751 4057 quia
2774 3988 2826 4041 in
2847 3988 3036 4041 mundo
3056 4000 3205 4053 sunt;
3227 3989 3347 4057 quia
3388 4005 3537 4043 omne
3572 3990 3713 4059 quod
3738 3992 3794 4042 in

2206 4081 2396 4134 msmdo
2419 4089 2511 4146 est,
2536 4079 2949 4145 concupiscentia
2978 4080 3148 4133 carnis
3174 4091 3268 4147 est,
3302 4090 3347 4133 et
3380 4082 3796 4150 concupiscentia

2206 4174 2487 4238 oculorum,
2519 4184 2565 4225 et
2596 4172 2802 4226 ambitio
2831 4174 3026 4238 siccati,
3074 4190 3190 4244 qua:
3222 4179 3325 4228 no'n
3364 4186 3436 4229 est
3458 4185 3484 4223 Ρ
3508 4191 3570 4229 ea:
3613 4173 3797 4238 Patre,

2205 4265 2296 4317 sed
2327 4280 2390 4317 ea:
2418 4262 2609 4316 mundo
2633 4272 2703 4316 est
2729 4260 2781 4333 (I
2838 4262 2997 4317 Joan.
3030 4280 3088 4330 tt,
3120 4266 3205 4330 15,
3242 4266 3355 4325 I6).
3390 4267 3519 4331 Qua":
3567 4265 3669 4320 nisi
3718 4264 3796 4320 illi

2206 4356 2295 4425 qui
2326 4370 2355 4407 a
2389 4355 2675 4409 dilectione
2708 4355 2798 4409 Dei
2826 4356 2935 4422 jam
2961 4355 3267 4411 defecerant
3294 4357 3517 4426 diligere
3545 4366 3573 4407 tl
3595 4356 3793 4426 cmpis-

2207 4457 2345 4514 seut,
2382 4464 2648 4517 nunquam
2686 4456 2705 4483 τ
2740 4449 2880 4502 male
2906 4452 3047 4503 suasi
3082 4450 3353 4519 serpentis
3377 4450 3605 4505 consilio
3625 4448 3793 4505 credi-

2209 4538 2433 4592 disscnt.

519 4605 740 4699 videndi
760 4606 926 4661 Deum
955 4604 1279 4699 reddiderat.
1304 4605 1489 4661 Vocem
1515 4619 1676 4675 tuam,
1704 4614 2101 4683 inquit,audivi,
2136 4607 2186 4666 D
2281 4629 2335 4682 ε,
2371 4629 2546 4698 Itaque
2568 4631 2997 4698 concupiscentia
3020 4632 3196 4685 carnis
3221 4629 3289 4684 ab
3316 4631 3399 4686 eis
3426 4630 3646 4699 impleta
3681 4640 3789 4693 εει,

522 4706 569 4750 et
595 4698 776 4761 timui;
802 4712 861 4750 eo
881 4696 1016 4765 quod
1038 4698 1206 4749 nudus
1237 4713 1415 4761 essem,
1440 4708 1485 4751 et
1507 4700 1749 4756 abscondi
1780 4720 1858 4757 me
1890 4704 2098 4779 (lbid.).

597 4912 619 4974 ξι
649 4902 810 4974 Editi,
838 4905 1081 4974 suggerit.

594 4972 623 5010 δ
654 4972 778 5044 Mss.
802 4972 1028 5041 quatuor
1054 4990 1158 5028 non
1194 4973 1384 5027 habent
1418 4991 1487 5027 se.
1519 4978 1615 5031 Ms.
1645 4979 1795 5032 (1th.
1827 4998 1981 5044 unus,
2017 5003 2101 5037 vos

524 5044 699 5119 luisset
724 5042 865 5119 illam
888 5044 1117 5112 paradisi
1136 5045 1501 5119 beatitudinem
1525 5051 1796 5116 custodire,
1824 5064 1897 5119 ut,
1924 5042 2027 5109 etc.

600 5125 621 5151 ε
654 5114 751 5167 Ms.
781 5114 908 5183 Ilcg.
939 5128 1096 5175 unus,
1126 5115 1264 5166 illius
1286 5114 1617 5172 abstinentiae.

595 5183 624 5222 ιι
653 5185 749 5237 Ms.
774 5184 899 5252 Ileg.
932 5199 1086 5245 unus.
1108 5186 1214 5253 qui.

601 5263 623 5290 ο
654 5254 918 5327 Ms.unus
950 5255 1103 5323 “93.,
1149 5258 1299 5308 timor
1335 5256 1566 5327 angebat.
1622 5258 1699 5314 De
1725 5261 2103 5322 immortalitate

550 5341 731 5379 ecnrus
753 5326 986 5386 habebat,
1018 5335 1123 5378 i-tt'.

602 5393 621 5431 τ
648 5395 769 5449 Mss.
802 5410 1013 5458 omnes,
1046 5411 1106 5448 er
1127 5396 1354 5448 omnibus
1381 5400 1629 5465 partibus.

599 5467 724 5587 fidlta
778 5480 909 5519 mss.
965 5466 1070 5517 duo
1116 5467 1246 5536 llcg.
1295 5476 1349 5520 ct
1391 5468 1576 5525 Camb.
1628 5472 1790 5542 Editi,
1849 5473 2102 5539 Quoniam

599 5553 610 5587 I
650 5552 747 5587 em.

525 5552 747 5603 quidem.

528 5604 785 5729 ὡδζοξιεε.
816 5607 921 5660 duo
960 5605 1111 5675 Ilcg.,
1152 5623 1182 5657 a
1222 5608 1276 5675 fa
1309 5609 1354 5663 ie
1394 5608 1511 5679 Dei,
1551 5630 1700 5681 quam
1741 5633 1997 5687 nunquam
2033 5620 2098 5672 si-

607 5746 621 5783 ί
659 5746 785 5817 μεθ.
816 5755 927 5801 tres
955 5746 1132 5809 Colb.,
1166 5750 1470 5817 patriarcha!
1491 5756 1671 5808 sancti.

606 5818 621 5863 ι
658 5815 780 5869 “me
804 5818 963 5871 verba
992 5815 1195 5871 ridendi
1221 5819 1379 5873 Deum
1404 5823 1594 5877 absunt
1614 5840 1639 5877 a
1668 5825 1933 5882 ms.Colb.
1962 5841 2102 5882 uno:

2212 4719 2351 4788 quod
2402 4719 2470 4775 de
2516 4720 2658 4790 ligno
2707 4722 2873 4777 vetito
2921 4729 3312 4791 gustavernnt;
3368 4721 3792 4793 concupiscentia

2210 4930 2264 4974 Cl
2295 4930 2370 4974 8M
2406 4932 2570 4976 recte.

2281 4990 2306 5027 l‘
2336 4990 2431 5044 Ms.
2458 4992 2586 5059 Reg.
2604 5009 2767 5051 unus,
2801 5008 2899 5044 non
2923 4994 2984 5044 de
3001 4992 3289 5045 timiditate.

2287 5059 2301 5097 ι
2332 5061 2459 5116 Mss.
2489 5058 2716 5130 quatuor
2743 5060 2897 5115 Coll).
2928 5078 3051 5116 cum
3084 5061 3275 5131 Lugd.,
3310 5059 3630 5114 intrinsecus.
3676 5058 3787 5112 Alii

2206 5144 2325 5185 cum
2368 5132 2521 5196 Lov.,
2548 5132 2713 5187 Duae.
2744 5142 2799 5187 et
2829 5132 3046 5196 Colon,
3072 5133 3399 5186 extrinsecus.

2209 5211 2316 5324 “in
2341 5201 2415 5256 Ita
2444 5216 2573 5257 mss.
2606 5204 2756 5257 Colb.
2786 5211 3014 5272 quatuor
3051 5216 3173 5257 cum
3204 5202 3345 5256 aliis.
3380 5200 3545 5268 Editi,
3572 5200 3789 5254 misera-

2241 5289 2256 5324 Ι
2280 5284 2393 5324 iter.

2241 5272 2393 5326 iliter.

2283 5352 2307 5377 η
2340 5343 2463 5396 Mss.
2496 5341 2604 5396 duo
2636 5346 2785 5413 Reg.,
2817 5343 2859 5413 si
2891 5343 2983 5395 sub
3009 5341 3117 5396 Deo
3138 5344 3371 5395 viventes.

2283 5421 2307 5448 ο
2338 5413 2463 5467 Mss.
2494 5412 2750 5483 quinque,
2781 5412 3069 5483 affectione.

2280 5492 2307 5530 Ρ
2331 5483 2482 5538 Colb.
2517 5481 2673 5546 unus,
2704 5483 2767 5534 de
2800 5482 2972 5548 Patre,
2998 5483 3085 5536 sed
3110 5481 3173 5535 de
3196 5481 3383 5534 mundo
3407 5490 3500 5535 est.
3530 5481 3693 5544 Alter,
3720 5492 3793 5531 es

2208 5550 2384 5615 Patre,
2417 5554 2504 5605 sed
2529 5554 2592 5605 de
2613 5555 2824 5606 mundo.

2281 5632 2307 5671 ιι
2334 5623 2459 5693 Mss.
2494 5633 2619 5685 tres,
2656 5624 3032 5693 concupiscent.
3061 5622 3186 5689 Alii,
3216 5623 3643 5692 concupiscerent.

2280 5692 2429 5813 τάμε.
2475 5693 2625 5748 Colb.
2669 5685 2830 5757 uitus;
2882 5694 3014 5748 male
3060 5685 3340 5747 suadentis.
3371 5685 3582 5757 (tanta,
3628 5685 3791 5742 male-

2280 5778 2299 5813 t
2340 5779 2375 5813 i.

2206 5778 2375 5816 suam.
