4024 6176
225 289 327 341 £65

1252 274 1338 328 DE
1383 272 1541 328 VITA
1579 266 2151 326 CONTEMPLAVITA
2196 265 2324 319 LIB.
2369 264 2431 318 ll.

3365 264 3466 317 Ηιϐ

224 398 529 457 oculorum,
562 401 587 429 ι
618 389 759 460 quod
807 388 908 442 sibi
950 386 1143 457 aperiri
1172 385 1353 438 oculos
1401 383 1713 450 cupierunt;
1744 389 1797 433 et
1826 382 1876 440 Α
1904 378 2119 439 mortui,
2172 389 2292 431 cum
2337 374 2427 428 illo
2474 374 2826 443 spiritualiter
2876 388 3231 445 resurgamus.
3283 373 3339 429 ln
3379 374 3479 427 illo

222 486 437 540 ambitio
477 482 694 545 surculi,
725 479 865 549 (ιιιοὰ
904 492 961 531 se
1006 476 1119 531 tieri
1166 489 1321 545 posse
1362 472 1502 543 quod
1544 473 1681 526 Deus
1711 479 1792 524 cst

222 577 581 633 crediderunt.
612 570 840 627 Proinde
859 566 1211 624 delectatione
1222 564 1415 622 carnis.
1438 572 1493 617 et
1517 562 1791 615 oculorum

219 677 547 737 curiositate,
606 686 671 727 ac
722 668 902 724 saeculi
950 665 1238 719 ambitione
1281 661 1547 728 corrupti,
1579 676 1607 713 a
1652 658 1795 726 ligno

222 772 361 832 vitm,
391 782 455 821 ex
501 778 607 831 quo
640 762 719 817 eis
765 759 1007 815 arcenda:
1061 757 1269 817 mortis,
1314 768 1379 808 ac
1412 752 1599 805 salutis
1626 748 1796 804 couti-

222 859 444 913 nuandae
472 854 499 893 ι’
529 854 699 923 gratia
742 848 1122 920 prmstabatur,
1153 844 1346 901 abscisi
1391 854 1547 905 sunt;
1574 851 1630 896 et
1656 855 1799 895 mor-

224 949 399 1004 bidam
442 946 754 1014 qualitatem
800 955 982 995 eorum
1031 952 1257 1007 corpora
1292 942 1707 997 contraxerunt,
1739 941 1798 986 ut

220 1046 365 1112 juxta
390 1038 711 1118 sententiam
746 1034 861 1097 Dei,
883 1048 946 1087 eo
976 1032 1061 1085 die
1086 1030 1369 1084 credantur
1398 1026 1589 1082 mortui
1611 1039 1716 1095 quo
1743 1024 1795 1078 in

217 1134 293 1185 eis
322 1117 610 1198 poenaliter
651 1125 787 1179 facta
812 1132 897 1177 est
943 1122 1233 1175 necessitas
1282 1117 1578 1182 moriendi,
1623 1125 1676 1171 et
1705 1131 1799 1183 per

218 1222 414 1287 lignum
442 1218 573 1272 illud
595 1216 735 1286 quod
757 1226 779 1254 ε
802 1214 1039 1270 scientize
1063 1213 1184 1267 boni
1209 1210 1415 1266 et-mali
1445 1209 1596 1280 (Gen.
1624 1225 1685 1276 tt,
1706 1208 1794 1278 17)

216 1329 279 1367 ex
322 1325 488 1365 causa
537 1322 729 1363 nomen
773 1306 998 1374 accepit,
1046 1319 1074 1357 a
1124 1319 1229 1373 quo
1256 1318 1316 1357 sc
1366 1304 1635 1359 abstinere
1676 1318 1796 1359 cum

218 1409 476 1471 possent,
517 1397 699 1453 miseri
748 1398 1139 1466 neglexerunt,
1172 1395 1296 1465 quid
1343 1395 1623 1449 interesset
1663 1396 1803 1449 inter

222 1494 419 1545 bonum
446 1490 586 1558 quod
616 1490 941 1552 amiserant,
974 1497 1028 1541 et
1055 1487 1248 1541 malum
1279 1486 1419 1555 quod
1443 1486 1796 1552 incurrerant,

219 1585 325 1650 ipsa
359 1595 521 1649 parua
561 1592 656 1633 sua
688 1577 715 1615 ἀ
744 1578 1152 1632 discernerent:
1201 1575 1292 1646 qui
1338 1577 1382 1630 si
1418 1577 1615 1633 amisso
1653 1586 1801 1630 tanto

223 1675 385 1736 bona,
425 1671 629 1724 nullum
669 1668 865 1721 malum
894 1668 1244 1731 incurrerent,
1267 1666 1421 1734 quale
1444 1666 1795 1735 perdidissent

221 1766 419 1817 bonum
458 1763 593 1815 forte
629 1759 915 1813 nescirent.
952 1757 1165 1811 Dulcior
1190 1759 1332 1812 enim
1364 1756 1424 1809 lit
1460 1757 1640 1819 salus,
1676 1772 1794 1810 cum
1830 1733 1872 1793 Β

218 1853 374 1907 dolor
425 1850 736 1914 excruciat;
790 1860 843 1903 et
898 1847 1142 1902 sanitatis
1195 1847 1409 1901 amissa:
1452 1846 1793 1904 dulcedinem

216 1948 496 2018 languoris
525 1944 823 1998 amaritudo
866 1940 1240 1996 commendat:
1273 1954 1336 1995 ac
1364 1941 1442 1995 sic
1468 1981 1482 2005 ,
1506 1940 1571 1993 ad
1594 1940 1694 1994 hoc
1719 1940 1797 1996 illi

217 2042 421 2094 malum
448 2053 557 2092 non
587 2035 865 2103 discendo,
890 2035 983 2089 sed
1010 2033 1354 2104 experiendo,
1386 2034 1585 2088 sentire
1614 2048 1795 2103 crepe-

216 2142 335 2185 runt
374 2131 524 2200 quod
556 2130 745 2183 melius
773 2128 1112 2197 ignorarent;
1143 2132 1202 2180 ut
1226 2139 1293 2181 ex
1320 2125 1431 2193 ipsa
1459 2125 1670 2187 miseria
1703 2140 1795 2179 sua

218 2225 487 2278 sentirent
528 2232 781 2290 quantam
811 2220 1188 2276 beatitudinem
1231 2218 1607 2287 perdidissent,
1636 2227 1794 2287 atque

216 2318 283 2371 ita
322 2331 466 2386 quos
498 2331 604 2370 non
636 2322 873 2369 moverat
902 2312 1145 2368 fortassis
1178 2312 1299 2366 boni
1339 2312 1595 2367 naturalis
1636 2312 1801 2365 amis-

217 2406 315 2472 sia,
364 2415 613 2461 moveret
656 2404 845 2459 saltem
898 2404 1021 2457 mali
1063 2402 1288 2471 pinnalis
1317 2402 1460 2471 justa
1504 2401 1795 2470 perpessio.

218 2497 340 2551 llzec
366 2511 472 2566 per
502 2510 781 2551 excessum
807 2494 1163 2550 neccs~arium
1198 2503 1221 2531 ο
1248 2493 1389 2547 dicta
1414 2502 1539 2546 sunt
1561 2492 1712 2545 nobis
1733 2492 1800 2547 dc

122 2648 125 2651 ,
218 2588 413 2656 primis
440 2586 773 2652 hominibus;
800 2594 856 2639 ut
894 2586 983 2654 qui
1021 2586 1210 2639 nolunt
1235 2584 1588 2638 damnationis
1616 2598 1797 2637 eorum

218 2678 409 2734 subire
434 2677 751 2748 supplicium
779 2717 794 2742 ,
826 2685 1047 2731 caveant
1076 2676 1429 2744 prolapsionis
1474 2674 1796 2743 exemplum.

818 2786 1041 2843 CAPUT
1078 2786 1203 2841 XX.

224 2880 377 2946 Quod
413 2881 585 2932 ontnia
615 2881 745 2932 bona
772 2895 887 2948 qua:
914 2879 965 2932 in
995 2879 1159 2949 Adam
1200 2879 1424 2947 corrupti
1466 2878 1798 2949 perdidimus,

565 2950 617 3001 in
649 2946 843 3002 Christo
865 2951 1083 3015 rrparali
1120 2946 1137 2986 τ
1169 2946 1463 3015 recipimus.

286 3038 556 3107 Quamvis
578 3037 719 3094 enim
748 3054 812 3092 ex
836 3039 1001 3093 Adam
1032 3037 1200 3093 simus
1226 3038 1510 3094 carnaliter
1532 3038 1662 3104 nati,
1696 3052 1797 3092 non

220 3129 399 3199 ipsum
436 3139 615 3183 tamen
638 3130 892 3184 debemus
916 3130 1109 3183 imitari
1133 3173 1146 3195 ,
1179 3130 1271 3184 sed
1303 3129 1596 3188 Christum.
1621 3132 1670 3182 in
1693 3145 1797 3199 quo

220 3222 396 3277 renati
427 3236 612 3276 sumus
640 3231 691 3275 et
721 3222 972 3285 vivimus,
1003 3220 1213 3288 quando
1246 3231 1479 3274 veterem
1517 3236 1799 3273 conversa-

219 3313 430 3367 tionem
493 3312 780 3366 salubriter
844 3311 1077 3365 innovati
1136 3311 1472 3380 deponimus.
1523 3311 1660 3376 Quid
1719 3323 1802 3365 cst

222 3404 425 3458 imitari
480 3403 675 3465 Adam,
720 3403 823 3456 nisi
872 3419 965 3471 pro
1011 3402 1313 3456 carnalibus
1353 3412 1377 3449 8
1418 3402 1534 3455 dcsi
1556 3405 1585 3452 li
1605 3402 1696 3455 riis
1737 3416 1799 3455 ac

220 3493 677 3563 concup‘sientiis
709 3503 879 3548 morte
925 3492 1198 3546 mulctari?
1234 3492 1295 3545 Et
1337 3492 1461 3560 quid
1501 3507 1531 3545 e
1563 3492 1798 3545 timitari

223 3583 500 3638 Christum
527 3623 543 3648 ,
573 3583 675 3637 nisi
702 3583 1000 3637 carnalibus
1028 3581 1473 3651 concupiscentiis
1502 3596 1565 3634 ac
1594 3581 1801 3633 deside-

220 3675 315 3728 riis
336 3674 619 3741 cruciligi?
645 3673 794 3729 Sicut
820 3673 961 3726 aliud
1005 3688 1107 3725 uon
1137 3682 1219 3726 est
1253 3685 1485 3727 veterem
1516 3685 1800 3725 conversa-

223 3768 430 3820 tionem
462 3765 757 3833 deponere,
781 3780 936 3833 quam
959 3779 1063 3819 nou
1094 3765 1385 3819 secundum
1415 3778 1655 3827 carnem,
1682 3778 1803 3832 qua:

224 3857 527 3911 veterascit
554 3865 607 3910 et
655 3857 876 3909 moritur
898 3895 912 3919 ,
953 3857 1043 3909 sed
1070 3854 1359 3908 secundum
1390 3853 1557 3907 Deum
1600 3853 1801 3919 vivere,

221 3952 309 4019 qui
338 3952 500 4004 solus
531 3958 702 4018 potest
731 3958 1127 4017 perseverantes
1158 3948 1209 3999 in
1249 3960 1306 4000 se
1336 3948 1587 4001 innovare
1613 3961 1803 4015 percn-

223 4038 365 4093 niter
392 4046 452 4092 et
482 4036 511 4073 δ
539 4038 718 4091 beare.
750 4037 1101 4107 QuaprOpter,
1133 4037 1271 4091 sicut
1300 4035 1511 4105 quando
1544 4036 1595 4090 in
1632 4036 1799 4089 Adam

222 4127 433 4182 luimus
464 4141 669 4190 omnes,
716 4127 831 4195 ipso
858 4127 1079 4181 cadente
1122 4124 1138 4163 1
1173 4126 1496 4189 cecidimus;
1531 4125 1640 4178 itai
1680 4126 1800 4194 quia

221 4217 275 4270 in
310 4217 537 4271 Christo
559 4216 668 4285 jam
699 4230 818 4270 esse
843 4216 1122 4283 coepimus,
1145 4216 1233 4285 qui
1256 4231 1353 4285 pro
1381 4214 1533 4269 nobis
1554 4215 1802 4269 omnibus

224 4306 485 4377 dignatus
513 4314 596 4362 est
624 4307 788 4375 mori;
822 4314 877 4361 et
915 4320 1010 4360 nos
1044 4306 1275 4375 peccatis
1314 4312 1510 4364 nostris
1551 4305 1624 4360 illi
1657 4321 1801 4359 com-

1895 473 2071 527 omnia
2104 471 2245 525 bona
2293 484 2410 537 qua:
2460 469 2728 537 potuimus
2757 468 2953 524 habere
2976 509 2989 534 ,
3020 467 3345 538 perdidimus
3366 508 3381 532 ,
3415 468 3467 519 in

1896 563 1997 617 hoc
2039 562 2196 616 etiam
2247 560 2470 628 majora,
2516 569 2570 614 et
2612 560 2726 613 sine
2774 562 2875 614 liue
2920 558 3159 613 habenda
3204 558 3467 626 recepturi

1895 666 2118 715 sumus,
2170 653 2213 704 si
2262 659 2664 719 perseveranter
2717 648 2833 717 ejus
2884 648 3106 717 vestigia
3166 656 3462 701 teneamus.

1898 744 2065 799 Adam
2097 759 2194 798 nos
2227 740 2252 780 ι
2282 742 2589 797 obnoxiavit
2620 743 2772 796 malis
2797 742 3044 795 omnibus
3083 756 3178 810 per
3199 741 3466 809 propriam

1896 835 2127 902 culpam,
2162 850 2191 889 a
2232 835 2424 901 quibus
2452 848 2547 886 nos
2586 832 2826 885 liberavit
2861 831 3120 886 adventus
3154 830 3350 885 Christi
3373 844 3467 897 per

1898 926 2142 995 gratiam.
2179 925 2269 979 llle
2310 927 2362 980 in
2394 941 2492 979 nos
2522 925 2729 993 culpam
2760 940 2909 978 suam
2948 925 3240 979 transmisit
3272 934 3325 978 ct
3355 938 3465 992 pa:-

1901 1035 2056 1083 nam;
2087 1014 2207 1083 hic,
2244 1016 2263 1056 1
2295 1020 2383 1088 qui
2430 1019 2637 1087 culpam
2681 1026 2915 1072 nostram
2944 1018 3213 1085 suscipere
3255 1026 3311 1070 ut
3341 1024 3466 1085 pote

1900 1119 2187 1178 conceptus
2209 1120 2263 1165 et
2292 1119 2446 1164 natus
2473 1111 2589 1164 sine
2636 1117 2853 1177 peccato
2895 1123 2996 1164 non
3027 1110 3233 1177 potuit,
3265 1108 3333 1163 de
3355 1122 3467 1162 sus-

1899 1204 2142 1270 ceptione
2165 1216 2333 1270 prauae
2361 1212 2555 1255 nostrze
2584 1202 2790 1269 culpam
2821 1213 3055 1256 nostram
3083 1202 3240 1255 simul
3266 1210 3303 1236 ω
3332 1199 3463 1253 aba-

1901 1293 2027 1349 levit
2062 1304 2117 1348 et
2165 1308 2377 1363 ptenam
2411 1310 2423 1347 :
2463 1302 2513 1348 et
2546 1303 2603 1346 ut
2626 1338 2629 1339 ν
2656 1303 2821 1347 ιοιιιιη
2870 1294 3039 1347 dicam
3070 1334 3083 1357 ,
3115 1293 3281 1348 Adam
3314 1291 3467 1347 nobis

1901 1385 2097 1453 eripuit
2125 1385 2450 1453 paradisum.
2476 1385 2719 1439 Christus
2749 1394 2775 1423 ιι
2800 1385 3015 1440 donavit
3036 1387 3249 1440 caelum.

2480 1499 2703 1555 CAPUT
2742 1498 2882 1554 XXI.

1905 1594 2134 1658 Qualiter
2160 1594 2320 1647 vivere
2331 1593 2538 1646 debeant
2559 1594 2644 1654 qui
2669 1590 2921 1645 Christum
2943 1590 3132 1644 imitari
3154 1590 3465 1644 desiderant.

1976 1685 2026 1739 l.
2071 1684 2139 1739 Et
2170 1684 2287 1739 ideo
2317 1685 2360 1737 si
2389 1684 2439 1737 in
2471 1692 2495 1719 ο
2530 1684 2619 1736 illo
2648 1698 2765 1738 esse
2791 1684 3034 1737 volumus
3063 1682 3200 1750 quod
3231 1696 3352 1736 esse
3379 1680 3471 1735 de-

1900 1774 2109 1840 bemus,
2136 1772 2274 1828 sicut
2298 1781 2512 1827 sanctus
2534 1772 2767 1827 Joannes
2788 1774 3056 1841 apostolus
3083 1771 3290 1840 dicit(l,
3306 1788 3363 1838 ιι,
3387 1771 3466 1841 6),

1899 1861 2168 1932 quomodo
2196 1862 2283 1917 ille
2305 1862 2636 1927 ambulavit,
2661 1872 2713 1917 et
2735 1878 2832 1918 nos
2861 1862 3209 1929 spiritualiter
3229 1862 3468 1916 ambule-

1900 1967 2037 2007 mus.
2065 1952 2199 2017 Quid
2232 1961 2315 2007 est
2362 1952 2638 2007 ambulare
2678 1954 2815 2006 sicut
2864 1953 2953 2007 illc
2991 1952 3322 2015 ambulavit,
3367 1952 3471 2006 nisi

1899 2052 2246 2099 contemnere
2281 2045 2458 2098 omnia
2506 2058 2760 2113 prospera
2811 2059 2927 2112 qua:
2972 2042 3317 2111 contempsit,
3364 2059 3472 2097 non

1903 2135 2090 2189 timere
2137 2134 2361 2188 adversa
2403 2150 2520 2201 qua:
2566 2134 2811 2203 pertulit,
2860 2134 3086 2188 libenter
3137 2132 3313 2188 facere
3353 2150 3471 2202 quae

1900 2229 2045 2293 fecit,
2078 2228 2187 2284 fieri
2217 2229 2410 2284 docere
2432 2243 2550 2298 qua:
2571 2238 2599 2278 ιι
2624 2228 2922 2290 mandavit,
2950 2242 3169 2293 Sperare
3199 2242 3316 2296 qua:
3347 2242 3472 2293 pra-

1902 2321 2067 2385 misit,
2101 2328 2156 2373 et
2180 2320 2328 2386 sequi
2363 2334 2467 2387 quo
2508 2320 2620 2387 ipse
2651 2317 2962 2386 praecessit?
2990 2328 3017 2367 ιι
3060 2316 3191 2382 Quid
3222 2324 3304 2370 est
3327 2316 3479 2371 enim

1900 2408 2090 2478 sequi,
2140 2408 2241 2462 nisi
2284 2417 2539 2477 prtestare
2575 2408 2830 2463 beneficia
2869 2417 2923 2463 et
2944 2423 3027 2462 am
3060 2407 3315 2475 ingratis,
3367 2422 3472 2461 non

1900 2497 2201 2552 retribuere
2230 2496 2520 2552 secundum
2553 2498 2742 2552 merita
2766 2511 2860 2551 sua
2906 2498 3180 2552 malevolis
3200 2539 3215 2561 ,
3245 2508 3297 2552 et
3321 2512 3472 2551 orare

1902 2602 1998 2656 pro
2024 2587 2275 2651 inimicis,
2314 2603 2494 2641 amare
2524 2586 2714 2648 bonos.
2747 2589 2989 2642 misereri
3024 2589 3307 2653 perversis,
3340 2588 3474 2641 invi-

1904 2687 2016 2732 tare
2044 2687 2066 2714 ι’
2097 2692 2337 2742 aversos,
2371 2680 2640 2741 suscipere
2667 2678 2720 2732 in
2751 2680 2970 2732 caritate
3025 2685 3047 2712 ³
3081 2691 3387 2741 conversas,
3422 2687 3476 2732 et

1902 2769 2271 2839 aequanimiter
2294 2771 2399 2837 pati
2422 2770 2674 2825 sttbdolos
2693 2785 2755 2823 ac
2774 2772 3032 2837 superbos
3049 2770 3070 2819 l
3088 2769 3165 2824 Ad
3193 2771 3291 2825 hoc
3312 2770 3471 2824 etiam

1903 2861 2135 2931 pertinet
2176 2861 2315 2928 quod
2346 2862 2419 2913 ait
2462 2870 2678 2914 sanctus
2719 2860 2911 2913 Paulus
2940 2860 3213 2928 apostolus
3256 2879 3267 2914 :
3301 2860 3361 2916 Si
3391 2878 3473 2914 re-

1902 2951 2191 3005 surrezistis
2218 2965 2334 3002 cum
2364 2948 2599 3015 Christo,
2640 2966 2752 3019 qua:
2769 2965 2970 3003 sursum
2998 2958 3115 3003 sunt
3138 2952 3363 3019 qumite,
3392 2950 3478 3002 ubi

1902 3041 2134 3097 Christus
2178 3047 2250 3092 est
2299 3040 2353 3094 in
2394 3043 2598 3093 dextera
2643 3038 2736 3092 Dei
2763 3039 2937 3092 sedem
2966 3038 3137 3109 (Calas
3164 3056 3241 3104 ιιι,
3292 3039 3361 3108 1).
3397 3033 3478 3092 Illi

1906 3145 2188 3202 resurgunt
2217 3147 2338 3189 cum
2366 3131 2575 3186 Christo
2598 3133 2684 3198 qui
2728 3132 3025 3183 moriuntur
3052 3131 3191 3183 sicut
3225 3128 3315 3183 ille
3354 3142 3478 3197 pec-

1905 3236 2063 3288 cato;
2090 3240 2150 3279 ea
2188 3234 2361 3277 tamen
2392 3223 2732 3276 distinctione
2776 3229 3007 3283 servata,
3038 3219 3178 3289 quod
3210 3220 3299 3274 ille
3330 3234 3477 3274 mor-

1908 3322 2029 3367 tuus
2055 3320 2139 3367 est
2168 3322 2385 3380 peccato
2407 3353 2421 3377 ,
2459 3324 2561 3364 non
2590 3323 2717 3371 suo,
2744 3308 2837 3361 sed
2868 3319 3082 3373 nostro;
3115 3309 3477 3377 unusquisque

1907 3412 2085 3457 autem
2136 3410 2396 3466 nostrum,
2439 3401 2455 3436 ι
2516 3415 2621 3455 non
2673 3397 2911 3453 omnium
2954 3400 3178 3453 moritur
3236 3406 3474 3469 peccato,

1906 3492 2001 3548 sed
2030 3506 2148 3547 suo.

1977 3584 2033 3639 2.
2059 3583 2195 3651 Quid
2216 3592 2245 3621 ιι
2275 3592 2359 3639 est
2382 3592 2598 3653 peccato
2629 3583 2800 3649 mori,
2825 3582 2927 3639 nisi
2954 3581 3269 3636 damnandis
3299 3582 3478 3651 eperi-

1906 3674 2006 3730 bus
2031 3675 2252 3729 omnino
2280 3691 2383 3728 non
2408 3676 2609 3739 vivere,
2630 3674 3151 3743 nihilconcupiscere
3172 3674 3477 3740 carnaliter,

1908 3764 2036 3819 nihil
2064 3764 2303 3819 ambire?
2327 3764 2397 3818 Ut
2422 3774 2445 3802 ν
2473 3765 2610 3818 sicut
2630 3766 2717 3834 qui
2747 3774 2985 3819 mortuus
3012 3772 3094 3819 est
3121 3779 3283 3818 carne
3302 3804 3319 3830 ,
3346 3765 3476 3818 nulli

1904 3856 2014 3925 jam
2045 3853 2297 3921 detrahit,
2332 3862 2359 3890 ι
2388 3855 2591 3909 nullum
2622 3856 2937 3909 adversatur
2965 3864 3057 3909 aut
3083 3855 3325 3922 despicit,
3361 3856 3474 3909 nul-

1907 3945 2010 4000 lius
2054 3943 2362 4012 pudicitiam
2411 3943 2600 3998 callida
2658 3945 3108 3998 circumventione
3153 3946 3476 4013 corrumpit,

1910 4035 2111 4091 nemini
2157 4035 2422 4089 violentus
2448 4035 2651 4099 existit,
2698 4036 2963 4089 neminem
2991 4034 3347 4089 calumniatur
3390 4044 3481 4088 aut

1911 4124 2193 4194 opprimit;
2225 4137 2330 4178 non
2355 4122 2553 4177 invidet
2574 4122 2747 4188 bonis,
2775 4132 2863 4176 aut
2884 4122 3099 4175 insultat
3121 4121 3353 4190 afﬂictis,
3376 4138 3481 4177 non

1910 4216 2133 4272 luxurias
2154 4216 2334 4271 carnis
2357 4215 2596 4281 inservit,
2634 4230 2738 4269 nun
2760 4214 3062 4269 vinulentiae
3081 4213 3309 4282 deditus,
3340 4218 3393 4271 in
3423 4230 3487 4271 se

1908 4308 2125 4365 bibendi
2156 4309 2298 4364 sitim
2328 4307 2561 4363 bibendo
2593 4307 2761 4376 magis
2790 4322 2852 4361 ac
2878 4306 3046 4376 magis
3074 4307 3345 4369 accendit;
3378 4322 3482 4362 non

300 4520 324 4546 ³
362 4510 469 4564 Ms.
499 4508 649 4563 Colb.
676 4523 829 4571 unus,
858 4509 976 4561 dum
1004 4508 1118 4561 sibi.
1145 4506 1328 4562 Camb.
1346 4547 1361 4571 ,
1386 4508 1582 4577 aperire
1610 4519 1799 4561 acutos.
1832 4509 1885 4570 D
1980 4517 2019 4544 ω
2049 4508 2173 4561 Sola
2201 4507 2363 4561 editio
2395 4506 2559 4575 Lugd,
2586 4504 2781 4559 abolere
2806 4509 2987 4577 potuit.

297 4578 323 4617 δ
358 4581 464 4633 Ms.
491 4580 644 4633 Colb.
679 4595 835 4639 unus,
868 4579 1060 4647 grande
1086 4579 1390 4647 promissum
1414 4577 1677 4644 pendebat.

300 4660 323 4687 τ
359 4651 491 4703 Mss.
526 4658 632 4703 tres
652 4689 666 4712 ,
698 4650 925 4702 scientia.
961 4647 1087 4701 Post
1115 4662 1277 4717 pauca
1305 4662 1404 4701 ms.
1458 4662 1591 4701 unus
1613 4648 1807 4701 ouuttlt

228 4736 425 4776 mesen.

294 4788 321 4823 ‘1
348 4786 550 4857 Lugd,
575 4787 911 4839 decernerent.

297 4866 322 4892 ε
358 4854 462 4911 Ms.
503 4856 715 4919 Camb.,
763 4856 1042 4908 necessaria
1091 4854 1229 4907 dicta
1280 4866 1415 4909 sunt.
1467 4854 1597 4924 Reg.
1646 4871 1800 4921 umis,

227 4928 366 4980 dicta
396 4936 521 4979 sunt
546 4926 843 4978 necessaria.
873 4926 969 4979 Ms.
1004 4940 1169 4986 unus,
1196 4942 1228 4977 a
1250 4926 1409 4979 nobis.

265 5066 277 5075 .
302 4994 323 5033 τ
362 4995 533 5059 Editi,
559 4995 878 5059 recipiemus.
907 4996 1032 5048 Mss.
1063 4994 1193 5064 Reg.
1225 4995 1332 5049 duo
1352 5005 1407 5050 et
1436 4995 1645 5059 Camb.,
1677 4996 1811 5048 reci-

225 5083 491 5256 ﬁmus.
542 5132 692 5187 Colb.
736 5141 845 5187 tres
871 5140 926 5186 et
951 5132 1161 5200 Camb.,
1196 5135 1614 5203 concupiscentiis
1633 5150 1695 5187 ac
1719 5134 1811 5186 de-

226 5220 263 5256 si
307 5220 459 5256 mis.

226 5220 459 5257 Nam”.

303 5272 333 5311 Ι·
358 5274 489 5326 Mss.
514 5279 643 5337 tres,
666 5270 867 5324 habere.
902 5270 1001 5326 Ms.
1031 5273 1184 5335 alter,
1212 5272 1525 5340 beati/itare.

304 5342 323 5382 1
363 5342 532 5405 Editi,
561 5343 856 5395 occidimus.
884 5342 1009 5397 Mss.
1041 5356 1247 5409 omnes,
1274 5344 1569 5397 recidiuam.

301 5413 317 5463 i
365 5414 497 5467 Mss.
528 5422 752 5481 quatuor
772 5412 948 5482 Colb.,
976 5413 1065 5481 qui
1092 5414 1161 5465 in.
1595 5478 1599 5482 θ

302 5482 327 5519 ι
361 5482 441 5535 lta
466 5480 595 5536 mss.
625 5491 735 5534 tres
761 5480 911 5533 Colb.
950 5480 1118 5547 Editi,
1151 5482 1242 5536 sub
1268 5499 1401 5536 noxa
1424 5480 1616 5536 habuit.
1664 5480 1807 5534 Alias

222 5553 547 5622 ‘cgebatur,
594 5551 950 5616 subnaziavit,
1003 5553 1085 5605 vel
1134 5554 1453 5616 subrocavtt,
1511 5552 1593 5608 vel
1648 5553 1804 5607 etiam

218 5621 542 5677 obnoxiavit.

304 5690 321 5729 1
354 5691 485 5744 MSS.
515 5699 645 5758 tros,
675 5689 791 5758 quia
811 5688 1033 5755 culpam.

1984 4586 2012 4615 υ
2044 4577 2165 4630 Mss.
2198 4580 2303 4631 duo
2319 4577 2495 4641 Colb.,
2528 4577 2731 4629 donavit
2757 4588 2801 4628 et
2828 4576 3025 4628 caelum.

1986 4657 2010 4684 ο
2044 4647 2205 4709 Editi,
2228 4648 2280 4699 in
2308 4646 2422 4699 illo.
2453 4649 2576 4699 Mss.
2606 4659 2819 4708 omnes,
2846 4646 2899 4701 iu
2934 4643 3059 4697 Deo.

1983 4728 2009 4765 ρ
2041 4716 2200 4782 Editi,
2244 4732 2361 4785 qua:
2402 4716 2592 4769 docuit.
2636 4743 2707 4755 -
2753 4713 3109 4785 Ms.__Camb.,
3143 4712 3320 4785 docere
3372 4730 3484 4785 qua:

1910 4780 2195 4841 mandavit
2224 4780 2372 4854 ﬁeri;
2414 4787 2492 4840 sic
2546 4795 2598 4838 et
2640 4799 2741 4838 ms.
2786 4780 3325 4854 Colb.7ttrnus.irColb.
3354 4780 3481 4846 duo,

1909 4857 2075 4924 facere
2096 4871 2209 4923 qua:
2230 4856 2368 4925 fecit,
2393 4856 2605 4924 ﬁerique
2633 4854 2911 4907 mandavit.
2933 4853 3087 4909 Colb.
3114 4853 3279 4922 alius,
3308 4855 3482 4909 docere

2044 4925 2155 4991 ﬁeri
2182 4927 2455 4978 mandavit.

1988 5005 2014 5044 ς
2038 4995 2164 5049 llaec
2186 4996 2345 5048 verba
2372 5035 2385 5057 ,
2419 4995 2554 5059 Quid
2575 5003 2651 5047 est
2676 4995 2813 5047 enim
2838 4994 2998 5063 sequi.
3020 4994 3136 5060 nisi,
3171 5008 3276 5047 non
3298 4994 3483 5062 legun-

1917 5074 2001 5118 tur
2030 5066 2081 5119 iu
2106 5079 2235 5118 mss.
2268 5063 2417 5120 Colb.
2452 5074 2696 5134 quatuor,
2731 5075 2783 5120 et
2812 5082 2915 5120 tus.
2939 5062 3156 5128 Camb,
3180 5078 3274 5117 nec
3300 5065 3349 5116 in
3372 5064 3457 5118 edi

1917 5134 2059 5185 tione
2089 5133 2256 5185 Luad.

1916 5144 2059 5187 tione
2089 5144 2231 5187 Lttad
2243 5173 2256 5185 .

1987 5148 2372 5271 i't..g(l'..ttgd.
2383 5244 2397 5267 ,
2420 5204 2673 5257 adversos.

1987 5280 2009 5308 ⁸
2046 5273 2141 5326 Ms.
2169 5272 2302 5340 Reg.
2326 5289 2463 5327 unus
2486 5312 2500 5335 ,
2535 5286 2810 5337 perversos.

1988 5343 2010 5379 1
2041 5342 2137 5395 Ms.
2166 5342 2296 5409 Reg.
2330 5357 2483 5407 unus,
2514 5358 2615 5393 non
2646 5340 2923 5390 hominum.

1987 5421 2013 5448 η
2045 5413 2142 5465 Ms.
2167 5404 2326 5472 unus,
2354 5404 2487 5474 Quid
2512 5420 2581 5462 est
2609 5418 2809 5474 peccatu
2835 5405 2958 5457 mori
2976 5406 2999 5457 ?
3017 5404 3351 5469 Damuaudis,
3378 5416 3476 5458 e’c.

1985 5491 2013 5518 ν
2044 5482 2139 5533 Ms.
2165 5481 2348 5532 Camb.
2374 5519 2388 5541 ,
2423 5491 2474 5531 ut
2502 5478 2761 5547 quoniam.
2791 5475 2915 5529 Mss.
2943 5489 3035 5528 sex
3058 5515 3073 5541 ,
3096 5485 3150 5528 ut
3179 5477 3307 5528 sicut
3351 5491 3482 5525 mor-

1916 5565 2029 5606 tuus
2055 5564 2226 5617 carne,
2251 5549 2382 5598 nulli
2403 5552 2535 5617 jam,
2570 5556 2671 5597 etc.

1989 5629 2011 5653 ι
2042 5617 2138 5669 Ms.
2173 5616 2300 5680 Reg.
2335 5614 2488 5682 unus,
2522 5616 2715 5668 nultum
2740 5625 3019 5669 aversatur.
3043 5614 3475 5672 Ms.unust".olh.,

1915 5686 2045 5742 nulli
2072 5686 2383 5739 adversatur.
