4024 6176
622 276 725 335 ιδτ

1948 270 2203 327 JULIANI
2241 268 2516 325 POMERll
3735 271 3822 329 ιδῃ

621 398 863 451 odiorum
896 395 1095 451 facibus
1126 393 1413 448 inardescit
1440 434 1452 455 ,
1488 406 1591 445 non
1633 390 1947 459 compendia
1994 391 2189 458 injusta
2219 390 2271 450 Α
2299 395 2402 451 tur,
2436 384 2747 455 impediunt.
2779 383 2910 437 llinc
2931 391 3011 438 est
3038 382 3177 453 quod
3198 390 3413 437 sanctus
3434 381 3590 437 David
3616 397 3753 454 aqua:
3778 389 3820 441 in

622 495 874 549 sectatur,
898 501 1002 540 non
1027 484 1328 554 potentibus
1360 491 1384 519 α
1411 490 1501 537 aut
1521 481 1770 535 divitibus
1784 480 2049 546 adulatur,
2083 495 2188 534 non

622 576 855 645 inquieta
884 575 1187 629 curiositate
1228 582 1501 641 raptatur;
1530 587 1631 625 nou
1664 570 1970 624 domestica:
1992 569 2191 623 sollici-

624 666 821 721 tudinis
842 679 968 719 cura
996 663 1348 725 didenditur,
1380 678 1482 717 non
1514 662 1768 716 officios’s
1794 660 2186 715 occurrentium

624 754 1032 809 salutationibus
1077 752 1409 817 delectatur,
1460 768 1557 805 nec
1601 751 1948 819 superborum
1980 747 2189 817 injuriis

620 847 893 915 fatigatur;
922 860 1027 900 non
1059 860 1177 898 eum
1208 845 1450 912 superbia
1476 845 1651 901 inﬂat.
1687 861 1789 897 non
1818 844 2034 897 ambitio
2060 856 2187 896 ven-

622 948 735 992 tosa
759 937 1053 1006 praecipitat
1081 978 1093 999 ,
1121 953 1225 989 nou
1256 951 1387 989 vana
1420 937 1583 1004 gloria
1618 937 1839 1002 turpiter
1866 936 2049 1004 jactat,
2081 948 2184 987 non

623 1026 945 1082 desiderium
1002 1026 1028 1065 δ
1080 1028 1325 1095 gloriosa:
1383 1028 1645 1096 Opinionis
1706 1026 2029 1091 inﬂammat,
2082 1042 2185 1082 non

625 1131 647 1157 ο
676 1120 932 1173 distentio
971 1119 1127 1173 alieni
1160 1129 1308 1173 actus
1344 1120 1609 1188 illaqueat,
1635 1135 1737 1171 non
1768 1120 1832 1173 ad
1877 1120 2184 1173 societatem

620 1213 849 1280 tttrpium
874 1212 1213 1279 turpitudinis
1248 1226 1399 1263 amor
1430 1210 1643 1275 invitat;
1676 1224 1779 1262 non
1813 1210 1987 1263 rabies
2014 1210 2184 1268 insani

618 1303 811 1357 furoris
858 1302 1108 1371 exagitat,
1156 1299 1181 1337 ά
1244 1316 1347 1354 non
1393 1309 1819 1367 sumptuosarum
1874 1298 2182 1352 deliciarum

614 1393 847 1447 Studium
895 1401 1116 1455 mactat,
1172 1406 1277 1445 non
1326 1390 1484 1443 ardor
1527 1390 1779 1443 animosa:
1827 1388 2184 1444 contentionis

616 1483 912 1545 exanimat;
964 1496 1067 1533 non
1113 1480 1235 1533 facit
1266 1479 1624 1547 impudentem
1657 1477 1870 1533 audacia
1899 1520 1911 1541 ,
1946 1480 2181 1548 iniquum

615 1572 898 1640 injustitia,
947 1571 1115 1625 ferum
1150 1570 1517 1633 inclementia,
1551 1570 1753 1622 varium
1805 1570 2177 1635 inconstantia,

616 1654 939 1731 pertinacem
967 1664 1317 1727 contumacia,
1348 1664 1591 1715 insanum
1611 1663 1846 1721 vesania,
1867 1662 2177 1716 deliciosum

2292 495 2351 534 se
2367 477 2851 547 concupiscentiam
2879 476 3186 545 castigavit,
3215 484 3375 544 atqae
3414 488 3530 529 eam
3559 476 3653 529 sibi
3683 492 3708 529 a
3727 480 3819 533 suis

2291 570 2546 631 oblatam,
2572 582 2639 623 ne
2664 567 2931 621 desiderio
2955 580 3053 621 suo
3070 580 3135 620 ex
3154 580 3213 620 ea
3230 564 3541 619 satisfacere
3560 566 3819 632 videretur,

2291 661 2471 715 effudit
2503 660 2586 730 (11
2623 660 2743 731 Reg.
2798 674 2948 722 mu,
2982 659 3077 725 16;
3124 656 3151 710 1
3179 656 3366 713 Paral.
3403 659 3576 721 v.16
3602 669 3646 711 et
3680 660 3817 727 θείως

2290 761 2344 807 et
2372 764 2556 805 sancto
2587 751 2754 805 Helia).
2792 751 3059 819 perceptio
3098 752 3335 806 carnium
3371 759 3398 786 ο
3443 767 3544 804 non
3573 754 3816 820 concupita

2291 856 2396 893 non
2440 841 2618 893 nocuit
2649 838 2770 911 (III
2817 839 2939 906 Reg.
2974 855 3113 906 xvtt,
3154 838 3228 905 6).
3264 839 3418 894 Unde
3443 840 3593 895 datur
3632 842 3817 911 intelligi

2288 931 2427 1000 quod
2462 933 2722 985 veraciter
2742 932 3070 985 abstinentes
3097 946 3341 985 escarum
3372 947 3476 985 non
3506 941 3718 998 naturas,
3738 938 3815 988 sed

2288 1021 2743 1086 concupiscendus
2771 1022 3041 1088 damnent,
3061 1038 3123 1076 ac
3143 1031 3167 1058 ο
3181 1023 3482 1091 voluptates
3503 1039 3619 1078 suas
3640 1025 3818 1080 deside-

2287 1119 2384 1171 rati
2416 1118 2516 1171 cibi
2551 1118 2631 1171 vel
2668 1130 2820 1185 p0tus
2843 1127 2869 1166 ιι
2890 1118 3146 1172 abusione
3178 1117 3520 1173 mortiﬂcent.
3546 1119 3640 1186 Qui
3668 1134 3812 1176 autem

2287 1224 2391 1261 non
2420 1209 2588 1261 so'um
2606 1224 2632 1259 a
2652 1209 2926 1276 qualitate,
2945 1208 3037 1261 sed
3060 1208 3219 1261 etiam
3245 1223 3276 1261 a
3298 1210 3589 1276 quantitate
3608 1209 3809 1265 ciborum

2285 1301 2506 1369 cupiunt
2525 1300 2815 1365 abstinere,
2832 1300 2961 1355 nihil
2982 1299 3121 1353 aliud
3144 1300 3363 1355 student
3385 1301 3484 1355 nisi
3501 1309 3576 1367 ut,
3598 1312 3810 1369 quantum

2285 1392 2560 1467 stomacho
2598 1390 2884 1444 reficiendo
2914 1406 2975 1444 ac
3003 1390 3126 1443 fami
3150 1392 3452 1445 eximendae
3477 1394 3599 1445 satis
3626 1407 3728 1448 esse
3752 1396 3814 1447 vi-

2283 1481 2459 1547 detur,
2492 1482 2833 1551 indulgeant;
2860 1497 2959 1537 nec
2979 1483 3230 1550 expleant
3251 1498 3379 1537 suos
3401 1484 3653 1552 appetitus
3672 1487 3808 1538 avidi-

2286 1584 2395 1629 tate
2432 1574 2777 1643 percipiendi,
2814 1576 2905 1628 sed
2935 1576 3289 1643 comprimam
3309 1615 3324 1639 ,
3356 1583 3517 1643 atque
3540 1575 3612 1629 eis
3638 1591 3726 1628 non
3744 1591 3810 1629 sa-

2285 1665 2472 1718 turitas
2501 1666 2692 1719 edendi
2728 1671 2884 1719 linem
2916 1664 3099 1728 faciat,
3135 1665 3230 1719 sed
3257 1666 3503 1719 voluntas
3527 1682 3541 1718 :
3571 1666 3649 1734 qui
3678 1677 3759 1719 tam
3784 1683 3806 1719 a

612 1755 734 1824 gula
752 1798 766 1822 ,
802 1755 1053 1809 rebellem
1103 1754 1460 1809 inobedientia
1480 1795 1495 1818 ,
1526 1768 1716 1806 vanum
1748 1754 1999 1821 jactantia
2019 1794 2033 1817 ,
2060 1754 2177 1806 infi-
2208 1744 2254 1803 Β
2279 1754 2567 1824 cupiditate
2593 1755 2941 1821 pretiosorum
2965 1755 3206 1809 ciborum
3238 1766 3289 1818 ει,
3320 1770 3476 1824 quam
3500 1771 3529 1808 a
3552 1757 3693 1808 nimia
3716 1771 3807 1822 pur-

614 1846 787 1901 delem
818 1846 1059 1914 perﬁdia,
1091 1848 1256 1899 levem
1289 1844 1533 1908 facilitas,
1565 1854 1586 1879 ε
1630 1858 1826 1897 saevum
1864 1843 2171 1910 crudelitas,

618 1938 640 1977 ί
667 1939 1093 1994 manducatorem
1113 1939 1281 2007 turpis
1304 1936 1933 2005 edacitagimpatientem
1966 1935 2176 1989 mobili-

614 2040 715 2093 tas,
752 2040 775 2076 ε
806 2030 1051 2082 mobilem
1096 2029 1411 2081 instabilitas
1437 2069 1451 2091 ,
1487 2042 1671 2095 vagum
1712 2026 2001 2094 spiritualis
2026 2026 2174 2078 infir-

610 2122 766 2174 mitas
786 2166 800 2189 ,
829 2121 1140 2174 iracundum
1163 2120 1502 2178 animositas,
1534 2118 1881 2185 susp’ciosum
1915 2118 2176 2185 perversi-

612 2224 713 2274 tas,
739 2212 1020 2267 verbosntn
1063 2212 1265 2265 vanitas
1285 2250 1301 2276 ,
1333 2208 1359 2246 ιι
1387 2210 1696 2277 injuiiosum
1726 2210 2054 2276 malignitas;
2087 2209 2175 2277 qui

610 2312 846 2356 remmus
875 2312 954 2355 est
978 2316 1193 2367 prorsus
1216 2316 1244 2353 a
1273 2300 1618 2354 smcularibus
1641 2300 1921 2365 illecebris,
1943 2310 2176 2353 remotus

611 2392 678 2445 ab
711 2388 726 2427 ί
765 2390 1112 2444 immunditiis
1155 2398 1209 2444 et
1240 2390 1528 2443 inimicitiis
1552 2434 1565 2457 ,
1615 2400 1849 2442 remotus
1884 2390 1949 2443 ab
1975 2390 2176 2443 insidiis

610 2481 818 2543 alien's,
854 2490 1089 2533 remotus
1119 2494 1147 2533 a
1179 2479 1376 2547 rapinis
1398 2478 1479 2532 vel
1509 2479 1887 2531 occultioribus
1916 2479 1996 2531 vel
2018 2492 2147 2546 aper

611 2574 697 2636 tis,
731 2580 966 2625 remotus
989 2588 1016 2623 a
1048 2570 1334 2625 mendaciis
1354 2569 1465 2623 sive
1498 2568 1764 2636 periuriis,
1800 2578 2065 2635 postremo
2096 2584 2170 2622 re-

610 2673 786 2714 motus
806 2660 873 2714 ab
896 2661 1037 2713 omni
1065 2675 1256 2729 genere
1282 2660 1602 2728 ﬂagitiorum
1628 2658 1640 2708 i
1679 2668 1839 2728 atque
1862 2658 2174 2725 facinorum,

608 2750 797 2819 quibus
824 2750 1107 2803 carnaliter
1146 2751 1383 2804 viventes
1411 2750 1574 2803 Deum
1611 2748 1908 2814 offendunt,
1942 2757 1997 2802 et
2036 2764 2177 2801 mor-

610 2842 683 2893 tui
717 2840 742 2876 ιι
768 2851 981 2908 peccato
1012 2855 1114 2893 non
1133 2840 1386 2895 serviunt.
1415 2838 1581 2905 Sicut,
1600 2838 1835 2907 inquam,
1853 2853 2015 2892 carne
2037 2852 2177 2892 mor-

608 2942 731 2994 tuus
758 2948 854 2992 nee
878 2935 1051 2986 facere
1084 2941 1256 3001 potest
1282 2931 1375 2984 ista
1406 2944 1523 2999 quae
1543 2929 1653 2984 dixi
1680 2971 1695 2997 ,
1726 2944 1821 2985 nec
1852 2931 1991 2999 pati;
2021 2929 2093 2984 ita
2117 2938 2169 2984 et

609 3033 693 3087 his
720 3041 771 3088 et
796 3034 986 3088 talibus
1017 3031 1154 3087 vitiis
1185 3031 1402 3085 omnino
1425 3044 1527 3084 non
1544 3032 1743 3091 vivunt,
1776 3030 1865 3100 qui
1891 3028 1907 3067 1
1937 3032 2175 3086 viventes

2276 1845 2523 1914 captione
2549 1845 2727 1899 vilium
2755 1856 2775 1883 τ
2804 1845 3183 1911 contiuebunt;
3216 1846 3309 1915 qui
3333 1846 3467 1901 cibis
3495 1861 3589 1901 nec
3615 1846 3805 1900 lautiori-

2278 1936 2375 1990 bus
2409 1937 2590 1991 volunt
2622 1944 2643 1971 ⁸
2675 1952 2837 1991 carne
2866 1930 3164 1992 luxuriante
3209 1937 3471 2002 dissolvi,
3514 1952 3606 1992 nec
3640 1939 3803 1992 disten-

2280 2028 2422 2082 tione
2448 2030 2653 2082 ventrls
2691 2030 2705 2063 ι
2745 2028 2937 2082 vilibus
2974 2028 3185 2082 onerari
3221 2044 3235 2080 :
3274 2026 3489 2097 quando
3528 2029 3803 2083 abstinentes

2277 2121 2377 2174 viri
2410 2136 2512 2176 nec
2537 2120 2771 2191 dejiciosi
2804 2120 3014 2175 soleant
3042 2134 3181 2184 esse,
3212 2135 3318 2174 nec
3341 2120 3499 2174 avidi.

2345 2213 2399 2266 2.
2442 2213 2557 2268 Jam
2597 2213 2665 2267 de
2705 2214 2829 2267 vino
2870 2212 3188 2266 abstinendo
3232 2211 3319 2265 vel
3366 2210 3685 2281 percipiendo
3705 2208 3802 2278 quid

2276 2306 2466 2372 dicam,
2496 2305 2637 2360 unde
2665 2314 2879 2360 sanctus
2909 2306 3196 2372 Apostolus
3227 2314 3433 2359 certam
3461 2304 3567 2358 fixit
3589 2302 3799 2367 regulam,

2277 2396 2460 2450 dicens
2511 2411 2524 2447 :
2576 2394 2749 2449 Nolite
2794 2394 3033 2447 inebriari
3083 2394 3227 2458 vino,
3281 2395 3336 2445 in
3380 2409 3480 2459 quo
3520 2401 3588 2446 est
3639 2390 3803 2443 luxuria

2278 2488 2501 2560 (Epltes.
2534 2504 2586 2553 ν,
2622 2486 2758 2557 t8)?
2800 2487 2959 2553 Quasi
3002 2486 3204 2541 diceret
3244 2504 3259 2539 :
3304 2486 3586 2540 Luxuriam
3628 2483 3732 2537 facit
3760 2491 3801 2536 et

2279 2580 2444 2633 nutrit
2474 2580 2577 2632 vini
2610 2577 2877 2646 perceptio
2900 2576 3086 2640 nimia,
3111 2591 3215 2630 non
3236 2586 3465 2639 natura;
3492 2583 3543 2628 et
3567 2580 3807 2642 propterea

2278 2685 2382 2722 non
2427 2670 2499 2722 uti
2532 2682 2626 2721 vos
2662 2667 2783 2721 vino
2811 2708 2826 2732 ,
2864 2667 2957 2721 sed
2996 2666 3245 2721 inebriari
3285 2666 3536 2734 prohibeo
3562 2682 3572 2716 ε
3598 2662 3797 2733 quando-

2277 2761 2487 2830 quidem
2541 2760 2807 2813 infirmutn
2854 2759 3186 2813 stomachum
3229 2758 3541 2813 moderatus
3577 2770 3688 2813 usus
3714 2753 3796 2807 vini

2278 2858 2305 2885 ιι
2326 2850 2605 2915 confortat,
2626 2849 2854 2905 ebrietas
2876 2850 3111 2902 animum
3139 2863 3443 2920 corpusque
3471 2848 3703 2904 debilitat.
3722 2847 3797 2898 lle-

2278 2940 2434 3012 uique
2456 2939 2735 2997 Timotheo
2762 2953 2858 2998 suo
2882 2938 3163 3011 discipulo,
3187 2942 3279 3011 qui
3310 2957 3370 2997 se
3400 2941 3548 3010 longa
3576 2938 3797 2991 abstinen-

2279 3038 2363 3090 tite
2393 3035 2723 3090 districtione
2754 3034 2863 3103 jam
2916 3035 3175 3103 fregerat,
3221 3042 3279 3087 et
3323 3033 3640 3088 stomachum
3672 3042 3791 3082 suum

610 3123 719 3177 Deo
748 3138 961 3179 carnem
994 3138 1141 3177 suam
1173 3138 1290 3177 cuin
1325 3120 1463 3174 vitiis
1486 3130 1535 3175 et
1574 3120 2024 3188 concupiscentiis
2053 3135 2174 3174 eru-
2200 3103 2245 3165 C
2275 3142 2427 3195 aqua!
2457 3126 2798 3195 perceptione
2828 3134 3177 3193 corruperat,
3208 3124 3424 3179 modico
3450 3124 3568 3176 vino
3594 3132 3616 3158 τ
3643 3121 3703 3172 uti
3722 3118 3794 3171 de-

610 3215 845 3285 cifiguut.

1185 3305 1408 3360 CAPUT
1447 3305 1609 3358 XXII.

614 3418 766 3481 Quali
796 3416 1126 3482 temperantia
1156 3416 1229 3467 uti
1268 3415 1477 3468 debeant
1507 3415 1595 3482 qui
1619 3430 1648 3465 a
1676 3415 1931 3477 voluptate
1956 3414 2171 3465 delectu-

681 3488 876 3547 biliunt,
910 3488 985 3537 i'el
1006 3486 1067 3535 ab
1091 3484 1422 3536 immoderata
1448 3485 1763 3552 perceptione
1791 3484 2011 3535 ciborum
2041 3498 2177 3534 com-

682 3557 930 3620 munium,
977 3565 1122 3621 atque
1150 3570 1181 3605 a
1227 3555 1326 3604 cini
1363 3553 1696 3605 immoderato
1727 3569 1818 3603 usu
1851 3554 2061 3621 cupiunt
2086 3553 2177 3604 ab-

681 3625 880 3677 itinere.

684 3757 734 3809 l.
771 3752 1001 3807 Membra
1052 3767 1164 3814 sua,
1198 3767 1315 3819 quae
1361 3768 1483 3804 sunt
1513 3766 1672 3820 super
1709 3760 1923 3813 terram,
1952 3751 2177 3805 mortifi-

612 3856 736 3904 eaut
757 3889 769 3912 ,
794 3845 1004 3916 quando
1050 3846 1281 3899 insolens
1322 3859 1517 3911 corpus
1544 3842 1864 3911 jejuniorum
1895 3844 2177 3897 continua-

614 3942 755 3995 tione
793 3939 1069 4007 castigant,
1100 3936 1309 4007 quando
1339 3944 1378 3971 ιη
1404 3934 1540 3989 intra
1572 3934 1931 3989 necessarium
1963 3936 2176 3989 modum

614 4048 767 4086 suum
798 4040 1091 4099 temperant
1132 4029 1456 4099 appe'itum;
1487 4027 1700 4095 quando
1743 4043 1845 4081 non
1868 4028 2038 4081 solum
2062 4042 2119 4083 se
2150 4044 2177 4082 a

614 4124 755 4178 delic
773 4122 1015 4175 itioribus
1036 4120 1165 4173 cibis
1182 4118 1453 4173 moderata
1475 4116 1807 4172 districtione
1829 4118 2176 4186 suspendunt,

613 4215 707 4270 sed
734 4214 891 4268 etiam
938 4212 987 4264 in
1030 4212 1156 4278 ipsis
1191 4208 1560 4264 c-immiinibus
1609 4206 1735 4260 nihil
1774 4208 1918 4260 carni
1947 4222 2056 4261 sua:
2083 4223 2179 4276 pro

613 4304 903 4367 desiderio,
940 4301 1029 4355 sed
1062 4315 1157 4369 pro
1191 4298 1550 4353 sustentandae
1575 4299 1694 4350 vitta
1721 4298 2040 4351 necessitate
2062 4313 2179 4366 pcr-

616 4397 858 4455 tnittunt;
886 4395 1017 4448 certi
1047 4393 1185 4461 quod
1213 4406 1307 4445 nec
1353 4391 1556 4444 delicia:
1586 4389 1836 4459 quaelibet
1856 4430 1869 4451 ,
1902 4394 1943 4442 si
1978 4390 2177 4459 absque

2278 3216 2404 3269 bere
2429 3216 2684 3284 praecipit,
2728 3216 2907 3270 dicens
2933 3232 2947 3269 :
2996 3213 3119 3268 Noli
3146 3213 3317 3267 adhuc
3341 3229 3523 3283 aquam
3545 3212 3703 3271 bibere,
3727 3206 3794 3259 sed

2276 3307 2474 3358 modico
2524 3306 2637 3358 vino
2686 3315 2827 3358 utere
2868 3314 3073 3373 prapter
3109 3304 3427 3357 stomachum
3472 3312 3603 3355 tuum
3645 3308 3682 3351 et
3722 3298 3795 3366 {re

2278 3407 2481 3466 quentes
2510 3406 2622 3451 tuas
2646 3395 2969 3463 inﬁrmitdtes
3000 3394 3047 3467 (Ι
3081 3394 3216 3448 Tim.
3248 3410 3304 3461 v,
3334 3394 3445 3463 23).
3491 3397 3564 3449 Ac
3590 3407 3670 3461 per
3695 3389 3793 3448 hoc,

2280 3487 2411 3541 nihil
2437 3497 2617 3543 contra
2646 3487 3022 3542 abstinentiam
3057 3487 3255 3540 faciunt
3295 3487 3386 3555 qui
3415 3487 3583 3540 vinum
3608 3496 3696 3536 non
3724 3490 3796 3546 pro

2278 3576 2558 3640 ebrietate,
2593 3576 2686 3631 sed
2711 3586 2912 3631 tantum
2948 3590 3043 3645 pro
3071 3578 3314 3644 corporis
3338 3577 3506 3630 salute
3529 3572 3794 3645 percipiunt.

2280 3681 2378 3721 nec
2402 3667 2503 3722 hoc
2530 3667 2608 3722 eis
2638 3676 2665 3703 ι
2699 3666 2856 3723 offert
2885 3667 3131 3722 voluntas
3153 3707 3169 3733 ,
3199 3668 3294 3722 sed
3327 3668 3578 3738 permittit
3611 3660 3794 3717 infirmi-

2280 3765 2394 3811 tas:
2424 3772 2543 3827 qua:
2564 3758 2608 3813 si
2628 3758 2873 3824 defuerit,
2895 3772 2924 3810 a
2954 3759 3077 3812 vino
3105 3766 3188 3813 est
3215 3757 3609 3821 abstinendum,
3639 3767 3696 3807 ne
3715 3748 3792 3802 viui

2279 3849 2551 3919 perceptio
2601 3866 2720 3919 qua:
2770 3849 3037 3904 infirmum
3086 3858 3371 3915 sustentat,
3423 3863 3600 3903 sanum
3644 3853 3797 3910 corpus

2281 3944 2549 3998 incendat.
2596 3945 3034 4013 Quandoquidem
3081 3945 3203 3999 vino
3249 3947 3366 4012 uti,
3399 3952 3453 3998 et
3494 3942 3602 3997 usui
3644 3938 3797 3992 habere

2280 4037 2456 4089 oteum
2485 4076 2500 4098 ,
2541 4035 2715 4087 nullus
2741 4034 2937 4088 dixerit
2975 4048 3094 4088 esse
3140 4044 3448 4102 peccatum;
3478 4033 3566 4087 sed
3591 4030 3690 4083 brec
3708 4024 3797 4079 ideo

2282 4143 2386 4182 non
2413 4126 2671 4182 debemus
2699 4127 2842 4182 carni
2874 4126 3198 4181 desideranti
3231 4134 3507 4195 prrestare,
3531 4138 3591 4177 ne
3618 4133 3717 4176 cum
3742 4114 3795 4169 illi

2282 4218 2423 4271 licita
2445 4217 2739 4271 concedere
2758 4216 3098 4285 eruperimus,
3125 4225 3311 4285 poscat
3335 4214 3529 4277 illicita,
3551 4221 3601 4266 et
3618 4208 3704 4263 sibi
3727 4204 3797 4257 ob-

2282 4316 2568 4375 sequentes
2591 4307 2640 4358 iu
2661 4304 2895 4359 minimis
2920 4346 2934 4369 ,
2963 4305 3016 4359 in
3042 4303 3237 4374 ﬂagitia
3262 4303 3525 4371 punienda
3547 4293 3794 4365 compella'i

2284 4410 2345 4450 ac
2378 4395 2605 4448 naturali
2637 4395 2825 4449 ordine
2852 4394 3181 4463 pertu'ibato,
3235 4408 3342 4447 non
3392 4389 3590 4461 spiritui
3626 4393 3793 4450 corpus.

615 4487 882 4542 desiderio
908 4485 1284 4553 percipiantur,
1309 4482 1568 4546 officiunt,
1598 4490 1650 4535 et
1678 4482 1808 4535 viles
1830 4482 1930 4535 cibi
1953 4482 2183 4549 plerum-
2210 4463 2262 4523 D
2289 4485 2383 4540 sed
2405 4486 2622 4554 spiritus
2644 4486 2856 4554 corpori
2887 4485 3182 4539 dominanti
3204 4484 3491 4539 deserviat.
3523 4481 3624 4535 Huc
3641 4471 3794 4530 accedil

618 4592 721 4647 que
770 4574 1103 4633 abstinentia:
1133 4572 1458 4641 profectum,
1489 4573 1532 4624 si
1564 4581 1874 4639 appetenter
1913 4572 2181 4640 accipian-

691 4723 715 4749 ⁸
744 4714 840 4767 Ms.
872 4726 1027 4774 unus,
1056 4726 1115 4762 ac
1144 4710 1400 4763 divitibus.

688 4782 715 4818 δ
740 4783 840 4835 Ms.
866 4796 1021 4844 unus,
1043 4781 1337 4845 gloriosum.

694 4862 715 4887 ε
749 4852 875 4903 Mss.
906 4851 1164 4917 quinque,
1185 4850 1475 4901 distinctio.

691 4918 714 4955 ά
746 4920 843 4974 Ms.
867 4914 1019 4973 Golb.
1052 4914 1184 4972 unus
1202 4960 1214 4982 ,
1242 4934 1341 4970 non
1364 4928 1775 4985 sumptuosarunt
1801 4914 1985 4968 litium.
2017 4916 2183 4982 Alter,

618 5000 1030 5057 sumptuosorum
1058 4989 1443 5041 lascivientium.

693 5070 715 5097 ο
749 5061 845 5113 Ms.
869 5059 1018 5112 Colb.
1043 5073 1179 5110 unus
1204 5102 1217 5124 ,
1244 5072 1488 5109 severum.

697 5130 713 5167 τ
745 5131 873 5183 Mss.
904 5142 1119 5189 omnes,
1150 5120 1510 5179 manduconem
1538 5135 1753 5193 turpem.
1785 5120 1931 5176 Unus
1956 5136 2019 5176 ex
2069 5124 2180 5190 bis,

620 5201 985 5252 manducouem
1012 5198 1172 5261 turpis
1193 5196 1436 5249 edacitas.

694 5279 718 5315 ε
753 5270 846 5322 Ms.
877 5268 1025 5321 Colb.
1052 5282 1207 5326 unus.
1237 5264 1541 5318 immobilem
1564 5263 1830 5316 stabilitas.

692 5337 718 5374 ³³
750 5340 870 5391 Mss.
902 5347 1008 5390 tres
1028 5378 1039 5399 ,
1066 5338 1338 5389 irrisorem.

697 5407 869 5461 ill-.ec
901 5407 1091 5467 verba,
1140 5407 1202 5458 ab
1248 5405 1577 5458 immunditiis
1634 5412 1711 5465 rt,
1753 5402 1944 5455 absunt
1980 5418 2010 5454 a
2055 5416 2185 5457 mss.

621 5489 825 5546 septem
862 5484 915 5531 et
944 5478 1174 5529 editione
1196 5477 1360 5541 Lugd.

697 5551 710 5596 l
754 5551 875 5601 Mss.
904 5548 1029 5615 duo,
1065 5548 1163 5599 sive
1195 5550 1503 5616 facinorum;
1549 5560 1648 5599 ms.
1690 5546 1853 5614 alter,
1890 5543 2186 5614 uelfacino-

621 5634 755 5672 rum.

660 5730 665 5731 κ
692 5686 718 5726 ¹¹
744 5688 842 5744 Ms.
868 5704 1022 5745 unus.
1054 5686 1302 5759 peccando
1333 5686 1626 5740 inserviunt.

2293 4576 2435 4645 quod
2480 4584 2535 4630 et
2565 4577 2730 4644 ipsam
2764 4586 2994 4630 mentem
3024 4574 3360 4631 absdneutia:
3405 4572 3595 4629 fructus
3617 4568 3793 4622 alacrem

2366 4710 2383 4751 1
2416 4713 2538 4768 Mss.
2571 4727 2774 4777 omnes,
2803 4713 2891 4783 qui
2918 4724 2969 4766 ut
2998 4713 3162 4765 vivant
3193 4711 3318 4765 Deo.

2361 4794 2399 4819 ω
2426 4784 2520 4837 Ms.
2554 4800 2704 4843 unus.
2725 4788 2924 4851 quando
2954 4784 3088 4835 intra
3126 4782 3429 4835 necessaria.

2363 4862 2390 4888 ¹¹
2420 4855 2518 4906 Ms.
2553 4868 2707 4918 unus,
2745 4868 2843 4905 non
2869 4854 2932 4905 ab
2958 4868 3014 4903 eo
3044 4851 3331 4913 concupita.

2365 4931 2388 4957 ο
2421 4924 2545 4976 Mss.
2580 4924 2827 4991 quinque,
2857 4926 3133 4974 voluntates
3158 4936 3295 4973 suas.

2365 5002 2392 5040 P
2418 4992 2512 5045 Ms.
2538 5008 2694 5057 unus,
2726 4993 3057 5044 absolutione.

2368 5072 2395 5110 ιι
2428 5061 2565 5114 Editi
2592 5052 2791 5115 addunt
2830 5062 2914 5115 bie
2942 5062 3136 5113 animos
3156 5101 3171 5125 ,
3216 5075 3333 5129 qua:
3364 5071 3462 5112 vox
3490 5053 3622 5107 abest
3652 5061 3674 5099 a
3699 5052 3791 5096 mss.

2290 5130 2559 5185 omnibus.

2364 5211 2385 5237 τ
2418 5201 2543 5254 Mss.
2568 5200 2674 5254 duo
2702 5199 2852 5254 Colb.
2877 5240 2889 5261 ,
2916 5199 3187 5252 continent.

2363 5277 2383 5304 '
2414 5271 2509 5323 Ms.
2537 5268 2690 5325 Colb.
2726 5283 2879 5332 unus,
2910 5284 3114 5321 carnem
3142 5268 3504 5336 luxurianttm.
3622 5327 3630 5336 .

2367 5340 2383 5374 ί
2418 5340 2543 5393 Hmc
2572 5355 2670 5393 vox
2700 5330 2881 5393 vilibus
2912 5339 3061 5393 abest
3090 5339 3158 5392 ab
3195 5338 3374 5404 editis;
3412 5333 3588 5404 legitur
3621 5330 3662 5379 in
3695 5330 3789 5374 ωδε·

2291 5410 2555 5463 omnibus.

2368 5487 2393 5513 υ
2420 5479 2515 5532 Ms.
2546 5494 2681 5532 unus
2704 5495 2767 5533 ex
2799 5476 2971 5538 Colb..
3002 5489 3167 5531 sanat.

2366 5558 2393 5585 ν
2425 5550 2519 5603 Ms.
2554 5565 2710 5612 unus,
2742 5550 2814 5601 uti
2837 5551 2883 5599 dt
2899 5550 3016 5604 beri.

2365 5625 2393 5654 ⁸
2422 5619 2519 5674 Ms.
2551 5634 2705 5685 unus,
2738 5618 2940 5687 profert.
