4016 6168
229 261 327 317 ιῦ9

1246 257 1332 311 DE
1375 256 1531 311 VITA
1568 252 2020 312 CONTEMPLAT
2051 255 2137 309 VA
2177 254 2304 309 LIB.
2344 256 2409 311 ιι.
3363 261 3463 312 6Τῆ

227 372 379 436 facit;
418 383 633 425 carnem
683 356 892 437 quoque
938 382 1043 421 non
1090 381 1257 435 usque
1301 366 1367 420 ad
1416 366 1780 421 lassitudinem
1808 366 1859 427 Α
1886 370 2191 435 abstinebit,
2217 379 2274 425 ut
2307 370 2376 426 sit
2408 370 2631 426 veritate
2656 369 2991 427 abstinentia:
3014 378 3051 406 ω
3081 370 3317 440 perfecte
3336 386 3463 426 con-

228 464 512 532 fatigatam,
534 461 627 515 sed
651 459 863 529 spiritui
888 467 913 496 ι
936 458 1200 513 ordinanti
1222 458 1512 525 subjectam
1539 457 1787 511 mobilem

225 553 412 609 reddit.
442 551 641 607 Sensus
678 553 838 605 etiam
877 564 1012 617 quos
1057 536 1305 603 dicuntur
1332 563 1542 603 crassos
1569 548 1790 602 efﬁcere

223 642 301 696 vel
324 654 547 711 gravare
576 648 846 708 congestae
867 639 1095 701 delicim,
1141 640 1473 693 consuetudo
1515 638 1788 708 parcitatis

224 740 495 797 exonerat,
525 741 579 786 et
609 732 752 784 velut
781 729 809 768 δ
833 730 1060 801 quadam
1092 730 1316 799 politura
1349 730 1611 800 religiosa:
1630 744 1792 783 exer-

224 821 486 877 citationis
508 828 768 875 attenuat.
1170 813 1177 819 ’

784 912 1007 969 CAPUT
1037 913 1224 968 XXIII.

233 1006 377 1075 Quod
398 1015 593 1061 utentes
613 1007 850 1060 carnibus
878 1006 1108 1059 carnium
1133 1019 1538 1074 concupiscentia
1574 1005 1792 1075 polluat,

840 1092 939 1130 non
970 1087 1176 1129 natura.

294 1192 344 1245 l.
408 1190 673 1244 Ceterum
732 1192 776 1241 si
833 1202 863 1241 a
925 1186 1359 1257 quadrupedibus
1432 1186 1794 1250 abstinentes,

233 1294 252 1320 ε
283 1281 550 1348 phasianis
599 1280 854 1344 altilibus,
882 1280 963 1333 vel
1011 1279 1129 1334 aliis
1179 1279 1365 1333 avibus
1412 1278 1679 1347 pretiosis,
1707 1288 1801 1331 aut

227 1369 459 1440 piscibus
504 1368 875 1437 peitruantur;
915 1382 1020 1421 non
1086 1367 1213 1421 mihi
1266 1366 1513 1421 videntur
1557 1381 1801 1422 resecare

226 1460 252 1498 ει
272 1462 655 1517 delectationes
682 1461 762 1514 sui
794 1459 1058 1528 corporis,
1076 1458 1169 1513 Sl‘d
1194 1470 1431 1523 mutare;
1457 1474 1555 1513 nec
1580 1474 1677 1526 pro
1702 1458 1797 1513 ab-

226 1557 495 1615 stinentia,
519 1554 612 1608 sed
635 1554 779 1608 velut
798 1567 893 1622 pro
920 1552 1101 1607 nescio
1122 1567 1224 1622 qua
1260 1563 1283 1591 ε
1313 1552 1678 1619 immunditia,
1711 1551 1801 1606 vel

226 1652 387 1708 certe,
421 1644 563 1712 quod
613 1652 697 1697 est
725 1642 922 1706 verius,
970 1639 988 1679 τ
1038 1657 1132 1710 pro
1182 1642 1443 1697 stomachi
1497 1643 1801 1697 nauseantis

1892 474 2218 529 summatus;
2251 479 2357 518 non
2387 464 2502 533 ejus
2530 464 2762 534 imagine
2791 463 2921 519 loris
2949 463 3291 531 splendidus,
3327 465 3469 516 intus

1892 570 2053 611 cavus
2078 596 2093 620 ,
2139 555 2445 610 hominibus
2469 555 2614 611 velut
2641 569 2832 622 purus,
2861 563 2923 608 et
2940 554 3049 608 Deo
3078 554 3340 609 simulata:
3364 556 3466 607 vir-

1894 648 2022 702 tutis
2051 647 2298 702 sordibus
2342 647 2548 715 plenus.
2590 645 2698 700 Nec
2743 646 2915 699 minus
2940 659 2968 699 a
2990 645 3277 714 cupiditate
3300 646 3475 714 possi-

1894 740 2055 794 dendi
2085 739 2353 807 superﬂua
2376 783 2391 807 ,
2416 754 2573 807 quam
2606 754 2633 789 a
2663 738 2937 803 voluptate
2960 737 3284 805 percipiendi
3315 737 3469 790 nobis

1896 839 1977 884 est
1998 828 2395 885 abstinendum.
2421 829 2680 894 Quoniam
2705 843 2823 880 cum
2847 828 3025 881 omnia
3048 843 3167 895 qua:
3186 827 3461 892 habemus,

1896 934 1993 989 pro
2019 920 2212 974 n05tris
2244 919 2428 973 usibus
2459 920 2767 981 habeamus,
2815 927 2842 955 ³³
2868 932 2931 972 ea
2976 917 3165 986 quibus
3195 918 3269 970 uti
3304 918 3463 981 nolis,

1898 1008 2150 1063 ardenter
2196 1008 2394 1063 habere
2442 1008 2599 1073 velle,
2643 1010 2723 1062 vel
2774 1009 2932 1062 etiam
2990 1008 3151 1061 lucris
3194 1007 3316 1060 hinc
3344 1006 3469 1060 inde

1897 1101 2136 1168 quaesitis
2166 1115 2383 1169 augere,
2406 1101 2536 1154 nihil
2565 1111 2646 1154 est
2674 1099 2817 1152 aliud
2853 1114 3011 1166 quam
3040 1113 3143 1151 non
3176 1098 3468 1152 toleranda:

1899 1192 2236 1255 necessitati,
2268 1192 2360 1244 sed
2407 1190 2752 1245 intoleranda:
2793 1190 3067 1258 cupiditati
3106 1189 3326 1243 servire.
3361 1188 3469 1243 Nec

1901 1298 2115 1354 possum
2139 1283 2318 1337 dicere
2349 1301 2361 1334 :
2389 1282 2452 1336 Ut
2483 1284 2552 1336 sit
2573 1283 2711 1335 unde
2731 1282 2969 1350 quotidie
3005 1281 3322 1349 pauperibus
3347 1296 3468 1334 ero-

1899 1382 2074 1440 getar,
2101 1388 2215 1427 mea
2243 1373 2485 1441 possideo
2509 1389 2524 1436 ;
2552 1372 2765 1441 quando
2794 1386 2949 1424 nemo
2977 1370 3259 1438 perfectius
3283 1385 3469 1438 eroga-

1902 1465 2142 1531 veriteo,
2170 1466 2257 1533 qui
2288 1464 2416 1517 nihil
2447 1463 2545 1517 sibi
2573 1462 2912 1533 perfectionis
2940 1461 3231 1515 intentione
3251 1468 3279 1495 ο
3308 1461 3464 1515 relin-

1901 1557 2014 1624 quit
2045 1571 2109 1611 ex
2141 1556 2378 1625 proprio.

2458 1646 2681 1701 CAPUT
2721 1646 2908 1701 XXIV.

231 1734 586 1790 teneritudine
614 1732 832 1787 delicias
872 1732 993 1786 illas
1030 1746 1344 1787 communes
1384 1746 1447 1786 ac
1496 1732 1627 1785 viles
1664 1731 1795 1800 abji-
1826 1729 1875 1789 B
1902 1752 1929 1791 ρ
1958 1741 2120 1807 Quam
2152 1742 2273 1796 utile
2302 1743 2386 1805 sit,
2408 1741 2608 1812 jejunio
2629 1739 2704 1793 vel
2736 1740 3070 1812 abstineatur,
3101 1736 3477 1792 advenientium

226 1838 490 1892 cere,quo
517 1824 725 1891 possint
745 1822 867 1876 aliis
893 1838 996 1877 non
1012 1822 1184 1877 solum
1208 1822 1479 1889 carnibus,
1511 1822 1603 1877 sed
1636 1823 1795 1877 etiam

231 1914 630 1970 delicatioribus
654 1928 719 1969 ac
749 1914 1152 1983 pretiosioribus
1180 1912 1431 1968 carnibus
1459 1926 1584 1967 suas
1612 1912 1797 1980 volup-

227 2015 355 2060 tates
386 2005 605 2074 explere
631 2023 642 2056 :
675 2020 794 2059 cum
822 2043 838 2068 ,
870 2003 1131 2072 sicutjum
1164 2017 1325 2073 supra
1348 2006 1540 2072 patuit,
1568 2016 1675 2055 non
1703 2002 1799 2055 ali-

225 2111 451 2165 quarum
490 2096 733 2149 carnium
754 2134 770 2158 ,
800 2108 917 2163 qua:
946 2093 1065 2147 usui
1092 2094 1323 2146 humano
1351 2106 1623 2146 concessa:
1651 2098 1796 2155 sunt,

226 2190 375 2243 nobis
409 2197 617 2243 natura:
642 2188 959 2242 damnanda:
998 2190 1133 2252 sint,
1186 2201 1319 2257 quas
1356 2188 1497 2242 Deus
1542 2187 1795 2251 instituit;

226 2278 314 2333 sed
342 2279 593 2332 carnales
634 2278 1080 2345 concupiscentiae
1112 2277 1397 2346 fugiendae,
1444 2291 1575 2347 quas
1617 2279 1797 2331 sensui

226 2373 404 2425 carnis
431 2369 673 2424 diabolus
694 2369 1003 2423 introduxit.
1039 2368 1115 2422 Illi
1146 2377 1323 2421 autem
1352 2369 1441 2437 qui
1468 2376 1496 2414 8
1530 2368 1799 2436 parciores

228 2466 392 2520 videri
418 2466 628 2530 volunt,
657 2464 947 2533 etgloriam
979 2463 1079 2517 sibi
1108 2462 1252 2516 velut
1276 2462 1343 2515 de
1368 2462 1685 2516 abstinentia
1714 2461 1799 2514 di-

227 2556 497 2609 strictiure
536 2556 880 2623 conquirunt,
902 2553 978 2607 sic
1006 2553 1074 2607 ab
1093 2552 1345 2608 omnibus
1371 2553 1691 2607 animalibus
1716 2553 1802 2622 ju-

227 2648 405 2701 dicant
438 2645 843 2716 temperandum
867 2685 885 2712 ,
911 2654 969 2699 ut
1006 2645 1303 2715 peregrinis
1347 2648 1519 2713 pomis
1545 2685 1560 2709 ,
1590 2659 1653 2698 ac
1678 2660 1798 2698 sor-

234 2739 546 2794 bitiunculis
575 2738 835 2803 delicatis,
867 2738 1181 2805 ueterisque
1223 2737 1342 2790 aliis
1373 2734 1401 2772 ιι
1426 2736 1581 2801 cibis,
1614 2736 1802 2789 imma-

230 2850 346 2888 nem
398 2835 482 2887 ιιιιί
526 2833 767 2901 corporis
812 2832 1066 2900 impleant
1102 2831 1443 2899 appetitum:
1485 2845 1606 2884 cum
1645 2829 1803 2897 spiri-

231 2926 384 2980 tlalis
415 2926 738 2981 abstinentia
765 2939 869 2978 non
895 2924 1193 2992 aliquorum
1221 2922 1459 2977 ciborum
1490 2936 1639 2975 usum
1657 2962 1671 2985 ,
1707 2921 1802 2975 sed

230 3017 559 3091 desiderium
606 3016 827 3071 suadeat
871 3013 1317 3083 compescendam
1350 3053 1364 3076 ,
1422 3022 1475 3068 et
1515 3012 1588 3066 illi
1632 3013 1801 3081 magis

2255 1811 2513 1865 caritatum
2544 1812 2834 1879 plerumque
2858 1811 3115 1879 prwfurre.

1972 1925 2024 1977 l.
2058 1922 2433 1977 Verumtamen
2480 1923 2559 1975 sic
2588 1920 2855 1975 abstinere
2899 1920 2980 1973 Vel
3020 1918 3266 1987 jejunare
3306 1918 3473 1972 debe-

1900 2027 2049 2080 mus,
2095 2022 2154 2066 ut
2183 2028 2285 2067 non
2318 2027 2413 2066 nos
2438 2011 2711 2080 jejunandi
2746 2010 2824 2064 vel
2850 2010 3146 2064 abstinendi
3172 2008 3489 2063 necessitati

1903 2105 2233 2160 subdamus:
2268 2120 2333 2157 ne
2352 2104 2467 2170 jam
2514 2118 2616 2156 non
2659 2101 2867 2165 devoti,
2909 2102 3002 2153 scd
3044 2100 3192 2154 inviti
3239 2115 3350 2153 rem
3385 2115 3475 2152 vo-

1902 2194 2181 2249 luntariam
2214 2194 2484 2249 faciamus.
2527 2192 2583 2248 Si
2618 2193 2759 2247 enim
2801 2191 3066 2262 quoslibet
3104 2192 3469 2252 advenientes.

1897 2287 2101 2356 jejunio
2130 2286 2454 2351 intcrmissm
2478 2288 2686 2349 reﬁcio,
2714 2303 2818 2339 non
2840 2296 2867 2335 (ι
2892 2286 3041 2341 solvo
3059 2286 3319 2355 jejunium
3339 2330 3352 2351 ,
3379 2286 3473 2338 sed

1902 2378 2097 2447 impleo
2130 2378 2364 2431 caritatis
2399 2378 2653 2432 officium.
2695 2377 2961 2430 Caeterum
2992 2378 3035 2430 si
3068 2388 3285 2445 propter
3309 2377 3473 2429 absti-

1902 2471 2133 2525 nentiam
2155 2470 2454 2538 spirituales
2474 2470 2685 2530 lintres.
2707 2484 2841 2537 quos
2870 2469 2990 2522 novi
3019 2484 3134 2521 mea
3159 2470 3477 2522 remissione

1902 2561 2183 2627 delectari,
2217 2562 2509 2625 contristo;
2540 2560 2857 2614 abStinentia
2892 2574 3006 2613 mea
3040 2575 3144 2612 non
3183 2568 3264 2614 est
3304 2560 3473 2611 virtus

1902 2653 2154 2716 dicenda,
2199 2651 2293 2706 sed
2332 2651 2555 2704 vitium:
2587 2650 2836 2718 quoniam
2882 2650 3096 2719 quidem
3144 2651 3254 2717 ipsa
3305 2650 3470 2703 absti-

1903 2744 2097 2799 nentia:
2123 2759 2184 2798 ac
2204 2742 2524 2813 jejuniorum
2546 2742 2893 2809 continuatio,
2925 2743 3023 2795 nisi
3064 2742 3222 2796 fuerit
3260 2742 3474 2811 quando

1903 2850 1992 2891 res
2053 2835 2215 2903 exigit
2268 2835 2654 2901 pra‘termissa,
2704 2841 2759 2886 et
2807 2846 2892 2887 me
2938 2831 3120 2895 inﬂat,
3165 2842 3218 2886 et
3261 2832 3473 2885 l‘ratrem

1904 2942 2115 2991 memn,
2164 2926 2249 2980 cui
2294 2925 2491 2979 caritas
2542 2924 2695 2994 jubet
2740 2926 2977 2991 servire,
3029 2926 3343 2988 contristat;
3391 2925 3473 2978 Vel

1904 3027 2054 3072 certe
2099 3016 2229 3070 mihi
2277 3014 2409 3069 nihil
2457 3017 2633 3071 inesse
2681 3015 2916 3068 caritatis
2962 3015 3209 3070 fraterna:
3253 3015 3473 3069 demon-

232 3090 577 3176 parcimonize
630 3107 830 3159 servire
890 3104 906 3140 ί
951 3102 1204 3158 censendi
1257 3102 1386 3166 siut,
1426 3101 1516 3170 qui
1564 3102 1663 3155 sibi
1698 3117 1801 3157 non

1908 3120 2070 3173 strat',
2098 3124 2219 3164 cum
2250 3108 2367 3163 sine
2403 3108 2724 3163 abstinentia
2761 3108 3053 3176 quemlibet
3091 3108 3356 3163 hominem
3386 3124 3477 3163 ca-

232 3198 530 3265 aliquarum
576 3212 757 3251 rerum
806 3192 1174 3263 perceptiones
1208 3234 1224 3261 ,
1277 3194 1370 3247 sed
1418 3192 1803 3250 delectationes

231 3285 474 3355 corpOris
502 3284 842 3339 interdicunt.

298 3378 355 3430 2.
388 3376 472 3431 Illi
493 3392 706 3445 quoque
735 3375 823 3441 qui
848 3418 863 3441 ,
890 3377 903 3425 i
957 3384 1140 3443 negata
1172 3376 1271 3430 sibi
1302 3375 1407 3429 vini
1437 3375 1803 3445 perceptione,

233 3467 571 3523 diversorum
595 3466 902 3535 poculorum
926 3465 1229 3535 potionibus
1253 3466 1594 3534 inundantur,
1610 3481 1808 3535 nequa-

236 3574 389 3627 quam
425 3558 558 3612 mihi
587 3558 960 3612 abstinentiam
992 3559 1238 3613 videntur
1287 3559 1508 3629 implere
1538 3578 1552 3615 :
1577 3562 1699 3631 quia
1739 3561 1806 3614 ad

239 3651 337 3705 hoc
366 3651 609 3705 fortassis
635 3665 665 3704 a
688 3651 810 3705 vino
839 3666 897 3706 se
924 3652 1255 3719 suSpendunt
1282 3662 1339 3706 ut
1359 3663 1660 3707 mercentur
1688 3651 1714 3690 ¹ι
1741 3653 1810 3708 ab

240 3741 548 3797 hominibus
588 3742 799 3797 Iaudem
826 3783 841 3806 ,
874 3752 926 3796 et
963 3739 978 3778 ι
1014 3742 1281 3797 interdicti
1313 3743 1413 3796 sibi
1447 3743 1553 3796 vini
1587 3758 1809 3813 percep-

241 3831 440 3886 tionem
467 3844 813 3900 compensant
862 3832 1194 3886 suavioribus
1226 3832 1430 3900 poculis
1461 3832 1806 3903 voluptatum.

237 3922 292 3974 ln
334 3922 448 3975 vini
479 3922 622 3976 enim
654 3938 751 3976 usu
796 3938 898 3977 non
930 3937 957 3975 a
993 3922 1119 3975 vino
1152 3932 1390 3988 tantum,
1424 3922 1518 3978 sed
1544 3923 1612 3977 ab
1640 3925 1815 3979 omni-

238 4011 336 4067 bus
379 4029 504 4083 qua:
550 4013 875 4083 accipientes
903 4014 1181 4078 inebriant,
1220 4015 1302 4068 vel
1334 4014 1401 4069 ab
1420 4015 1539 4069 aliis
1568 4032 1687 4081 qua:
1716 4017 1816 4071 etsi

236 4117 339 4157 non
365 4104 709 4173 ebrieatem,
732 4107 1047 4159 suavitatem
1069 4112 1217 4159 certe
1240 4113 1484 4175 percepta
1502 4107 1813 4175 conciliant,

309 4354 334 4382 ι
365 4344 497 4399 Mss.
524 4356 734 4405 omnes,
757 4342 1002 4397 ordinate.

308 4414 335 4453 δ
366 4414 497 4469 Mss.
529 4423 659 4475 tres,
682 4418 915 4480 quaedam
946 4413 1188 4478 politum.

310 4496 334 4524 ε
361 4485 465 4537 Ms.
508 4482 665 4555 Colb.
691 4499 830 4555 unus
855 4522 870 4546 ,
904 4482 1196 4555 pltasianis,
1216 4482 1316 4555 _vel
1354 4483 1474 4555 aliis
1502 4485 1679 4538 avibus
1701 4503 1818 4555 pre-

244 4555 382 4606 tiosis
404 4564 496 4605 aut
520 4552 760 4620 piscibus.
787 4552 882 4605 Ms.
907 4553 1059 4617 alter,
1084 4552 1341 4619 phasianis
1361 4552 1608 4618 altilibus,
1628 4552 1813 4625 capsis,

245 4625 523 4673 pavonibus
548 4633 592 4673 et
615 4622 755 4673 aliis.
786 4630 890 4673 etc.

245 4625 523 4692 pavonibus
548 4633 592 4675 et
615 4625 755 4687 aliis,
786 4630 890 4675 etc.

312 4693 339 4729 ἀ
372 4694 504 4748 Mss.
533 4702 792 4759 quatuor,
834 4691 1236 4761 delectationem,
1280 4694 1369 4746 sed
1410 4701 1625 4747 mutare.
1671 4691 1817 4749 Unus

244 4778 306 4818 ex
335 4764 445 4829 his,
473 4764 561 4815 sed
589 4762 817 4814 invitare.

318 4843 341 4869 ε
378 4835 479 4886 Ms.
507 4847 674 4895 unus,
704 4830 973 4883 munditia.

321 4900 339 4939 (
374 4903 505 4956 Mss.
546 4900 682 4967 duo,
711 4909 919 4969 propter
943 4900 1188 4954 stomachi
1213 4905 1502 4955 nauseantis
1524 4902 1821 4957 teneritudi-

250 4988 385 5024 nem.
418 4972 547 5025 Mss.
582 4984 709 5035 tres,
752 4985 845 5039 pro
889 4972 1134 5023 stomachi
1172 4972 1460 5024 nauseantis
1493 4973 1823 5026 teneritudine

247 5042 471 5093 delicata
491 5080 507 5104 ,
530 5039 647 5111 illas
674 5055 962 5111 communes
988 5056 1048 5091 ac
1074 5041 1195 5094 viles
1224 5058 1401 5094 carnes
1428 5042 1660 5111 abjicere.
1692 5043 1821 5097 Mss.

248 5120 480 5183 quatuor
502 5150 528 5183 ,_
560 5110 802 5183 delicatas
830 5107 949 5162 illas
977 5125 1037 5161 ac
1056 5110 1174 5165 viles
1208 5127 1384 5165 carnes
1419 5107 1667 5183 abjicere,
1700 5128 1821 5166 cum

248 5180 487 5235 editione
506 5179 675 5247 Lugd.

319 5260 345 5317 β
375 5250 478 5303 Ms.
510 5264 667 5310 unus,
696 5249 977 5317 pauciores.

318 5315 348 5354 ⁵
379 5320 508 5373 Mss.
563 5315 705 5379 duo,
746 5320 1035 5391 cretei-isque
1083 5319 1396 5391 inanimatis,
1447 5321 1557 5391 sui_
1574 5321 1821 5391 corporis.

252 5386 351 5441 Ms.
402 5404 540 5459 unus
564 5428 579 5452 ,
620 5388 909 5459 ueterisque
947 5390 1063 5442 aliis
1093 5390 1342 5445 minutiis.
1373 5391 1499 5443 Mss.
1532 5386 1673 5459 Reg.
1699 5390 1824 5455 duo,

250 5458 546 5581 {interiiqu
570 5458 689 5511 aliis
713 5458 873 5510 animi
900 5460 978 5511 sui
1003 5467 1049 5511 et
1078 5460 1325 5529 corporis,
1353 5469 1461 5517 etc.
1489 5462 1560 5514 Ita
1588 5458 1642 5515 et
1664 5460 1828 5517 editio

298 5541 383 5581 ult
414 5565 428 5579 .

298 5541 401 5593 uga
414 5565 428 5579 .

329 5596 346 5633 ί
386 5596 513 5651 Mss.
541 5597 668 5659 duo,
698 5597 935 5649 censendi
963 5599 1082 5650 sint.
1114 5598 1213 5651 Alii
1242 5612 1363 5653 cum
1385 5599 1566 5663 editis,
1588 5601 1827 5656 censendi

251 5673 375 5727 sunt
406 5679 428 5720 :
448 5666 538 5722 sed
558 5667 869 5722 concinnior
898 5667 1103 5724 videtur
1132 5668 1368 5739 priorum
1397 5668 1573 5725 lectio.

1913 3199 2164 3253 tholicum
2212 3198 2407 3252 caritas
2448 3198 2561 3252 sola
2606 3197 2874 3266 perﬁciat;
2924 3207 2977 3251 et
3012 3208 3031 3235 τ
3073 3213 3257 3252 omnes
3308 3198 3475 3251 abs1i-

1912 3288 2090 3342 nentia
2144 3298 2234 3342 aut
2287 3272 2467 3358 perdat
2510 3288 2626 3343 sine
2673 3288 3013 3358 adjunctione
3057 3289 3324 3348 caritatis.
3385 3301 3477 3345 aut

1912 3386 2113 3448 pereat.

1982 3468 2035 3522 2.
2068 3468 2201 3535 Quia
2239 3484 2366 3539 ergo
2407 3460 2676 3523 abstinere
2711 3479 2801 3523 aut
2835 3469 3078 3538 jejunare
3114 3468 3271 3522 etiam
3310 3469 3482 3523 Matti-

1912 3557 2046 3613 chzei
2087 3559 2173 3613 vel
2202 3559 2427 3627 quilibet
2455 3559 2544 3613 alii
2585 3560 2819 3614 licerelici
2852 3566 3106 3628 possunt,
3142 3568 3198 3612 ut
3229 3567 3352 3627 pote
3391 3561 3483 3628 qui

1915 3664 2101 3704 omnes
2129 3663 2319 3704 carnes
2350 3665 2454 3703 non
2485 3665 2580 3717 pro
2609 3648 2960 3713 abstinentia,
3002 3648 3095 3703 sed
3124 3662 3221 3718 pro
3251 3649 3484 3703 immun-

1913 3741 2047 3797 ditia
2079 3742 2429 3802 detestantes,
2461 3734 2685 3807 Corpora
2730 3754 2826 3793 sua
2874 3740 3023 3809 pani.-
3061 3749 3115 3793 et
3164 3754 3313 3808 aqua:
3357 3754 3482 3808 per-

1913 3833 2159 3903 ceptione
2207 3840 2229 3867 ³
2275 3831 2609 3886 coniiciunt:
2669 3844 2775 3883 non
2834 3846 2931 3898 pro
2982 3845 3175 3899 magno
3230 3831 3486 3884 ducamus

1916 3925 2129 3992 quando
2174 3923 2240 3977 ab
2282 3923 2363 3975 his
2402 3936 2522 3989 quas
2568 3919 2643 3973 illi
2684 3919 2894 3989 quoque
2934 3921 3208 3989 rejiciunt,
3252 3920 3489 3972 abstine-

1918 4030 2066 4079 mus;
2094 4014 2186 4068 sed
2215 4014 2231 4048 ί
2268 4012 2479 4082 quando
2506 4011 2883 4066 abstinentiam
2926 4021 3162 4065 nostram
3194 4009 3323 4063 ﬁdes
3341 4024 3490 4063 com-

1920 4104 2174 4171 mendat,
2218 4101 2515 4170 caritasque
2562 4108 2930 4167 consummat,
2970 4112 3101 4167 quas
3146 4098 3367 4152 virtutes
3415 4097 3510 4151 illi.

2002 4346 2015 4395 ἱ
2058 4346 2185 4400 Mss.
2214 4343 2345 4413 Reg.
2399 4342 2524 4409 duo,
2568 4342 2653 4411 qui
2703 4350 2887 4412 negant
2924 4341 3017 4395 sibi
3065 4342 3173 4395 vini
3218 4344 3494 4412 perceptio-

1921 4432 2055 4476 nem,
2084 4424 2187 4470 etc.

1991 4484 2015 4523 ¹ι
2036 4486 2159 4539 time
2185 4484 2362 4550 verba,
2381 4486 2443 4537 ab
2463 4482 2768 4545 hominibus,
2798 4482 3112 4550 supplentur
3133 4495 3198 4535 ex
3213 4493 3339 4535 mss.
3364 4496 3491 4548 sex;

1920 4563 1975 4610 et
2004 4556 2223 4609 totidem
2257 4570 2388 4609 mss.
2421 4553 2646 4617 habent,
2672 4554 2759 4620 qui
2788 4560 2833 4605 et
2860 4553 2927 4605 ad
2957 4550 3069 4609 hoc.
3096 4560 3202 4604 etc.

2001 4623 2016 4660 ι
2056 4627 2182 4679 Mss.
2210 4625 2363 4678 Colb.
2397 4624 2523 4679 duo.
2548 4632 2595 4676 et
2629 4624 2904 4676 interdicto
2943 4622 3035 4674 sibi
3063 4620 3178 4673 vino
3207 4635 3371 4690 comp.
3406 4637 3497 4687 po.

1920 4694 2051 4747 culis
2093 4695 2406 4747 suavioribus
2450 4694 2783 4756 voluptatem.
2824 4692 3002 4751 Alius.
3038 4700 3087 4745 et
3114 4691 3366 4743 interdicti
3400 4692 3497 4744 sibi

1921 4766 2025 4817 vini
2050 4774 2378 4829 compensant
2411 4764 2605 4832 poculis
2630 4763 2945 4816 suavioribus
2973 4761 3300 4829 voluptatem.
3326 4761 3497 4823 Alter,

1922 4843 1969 4887 et
2014 4834 2269 4887 interdicti
2301 4834 2396 4887 sibi
2425 4836 2528 4886 vini
2559 4833 2926 4903 perceptionem
2960 4837 3286 4899 compensant
3327 4832 3499 4898 poculi

1921 4905 2167 4957 suavioris
2197 4904 2470 4972 voluptate.

1997 4982 2036 5009 ω
2073 4974 2197 5026 Mss.
2224 4969 2447 5041 quatuor
2467 4983 2651 5026 carent
2672 4987 2801 5025 voce
2825 4975 3062 5042 perfecte.
3083 4969 3179 5022 Ms.
3204 4983 3361 5031 unus,
3383 4984 3501 5021 vera

1921 5041 2232 5096 abstinentia
2256 5044 2471 5111 perfecte
2497 5050 2892 5095 consummatus.

1996 5121 2025 5148 ιι
2062 5113 2200 5165 Edit.
2232 5105 2420 5180 Lugd,
2448 5128 2510 5165 ea
2543 5112 2722 5173 quibus
2750 5114 2822 5163 uti
2852 5110 2997 5180 nobis
3027 5107 3335 5180 conceditur.
3369 5105 3497 5180 Mss.

1925 5181 2080 5252 Colb.
2105 5183 2230 5246 duo,
2258 5176 2544 5252 eu'quibusA
2564 5182 2768 5233 utimur.
2798 5183 2893 5252 Ms.
2918 5179 3081 5252 alter,
3106 5194 3165 5229 ea
3203 5176 3379 5246 quibus
3425 5177 3519 5233 uti.

1928 5251 2072 5305 nobis
2100 5267 2197 5304 non
2225 5246 2364 5307 licet:
2386 5252 2484 5306 Ms.
2512 5250 2722 5315 Camh.,
2745 5250 2817 5302 uti
2843 5248 2983 5303 nobis
3008 5246 3144 5300 libet.

2004 5329 2029 5356 ο
2060 5321 2184 5374 Mss.
2210 5322 2462 5389 quinque,
2487 5322 2708 5389 reliquit.

2001 5400 2029 5439 Ρ
2059 5391 2156 5443 Ms.
2182 5405 2336 5454 unus,
2367 5392 2515 5455 Quod
2548 5392 2669 5441 utile
2694 5389 2778 5440 sit.

2003 5469 2030 5507 τι
2060 5460 2156 5512 Ms.
2188 5452 2343 5522 unus,
2369 5452 2468 5512 non
2498 5460 2661 5510 solum
2675 5456 2927 5526 jejunium
2946 5494 2961 5520 ,
2983 5452 3071 5507 sed
3088 5493 3105 5520 ,
3128 5460 3232 5507 etc.

2006 5538 2027 5564 τ
2062 5528 2188 5581 Mss.
2212 5528 2341 5591 duo,
2369 5528 2533 5579 omnis
2562 5524 2881 5577 abstinentia.

2005 5605 2025 5631 ⁸
2060 5596 2129 5649 Ita
2161 5610 2288 5650 mss.
2317 5606 2446 5650 tres.
2474 5595 2611 5649 Editi
2642 5608 2786 5659 vero,
2812 5592 3055 5662 afﬁciunt.

2010 5670 2024 5701 ‘
2062 5665 2185 5721 Mos.
2208 5680 2298 5721 sex
2318 5710 2331 5736 ,
2354 5665 2512 5737 quod.
