4016 6168
485 226 583 281 471
1796 213 2052 272 JULIANI
2092 212 2370 272 POMERII

3655 216 3759 270 47⁵3.

488 357 595 397 non
626 338 882 395 habentes
907 335 1152 393 occidere
1186 349 1244 389 sc
1283 337 1525 402 possunt,
1543 325 1802 383 cedJicari
1831 336 2006 382 autem
2034 335 2060 364 ε
2089 333 2138 393 Α
2165 337 2257 383 aut
2285 324 2507 383 minuit.
2547 333 2600 381 et
2641 323 2898 394 jactautia
2937 323 3145 379 cunctis
3180 323 3405 379 inimica
3444 324 3751 390 virtutibus,

484 446 576 491 aut
613 433 794 504 perlici
839 432 1017 487 taliter
1061 424 1379 483 abstinendo
1425 437 1533 478 non
1579 430 1827 492 possunt.
1864 419 1891 458 δ
1934 419 2068 490 ipsis

485 543 614 583 vero
639 524 920 583 catholicis
947 519 1292 587 Christianis,
1325 518 1415 589 qui
1451 517 1566 571 sive
1596 530 1701 570 non
1727 513 1950 568 valendo
1978 511 2073 567 ab-

486 620 709 682 stinere,
722 618 834 671 sive
851 613 1102 677 nolendo,
1116 609 1293 666 omnia
1317 607 1432 664 usui
1451 617 1636 663 nostro
1654 618 1932 671 concessa,
1948 617 2069 658 cum

488 714 773 782 gratiarum
803 709 1010 763 actione
1064 704 1391 776 percipiunt,
1452 716 1561 755 non
1610 714 1706 755 nos
1745 706 1962 767 propter
1987 697 2076 749 ab-

488 804 794 859 stinentiam
811 799 1183 871 prmferamus:
1204 811 1271 849 ne
1294 793 1431 848 forte
1452 793 1568 862 plus
1591 788 1906 844 humilitatis
1934 787 2066 841 alia-

488 908 711 965 rumque
733 892 987 947 virtutum
1031 889 1261 943 habeant
1289 885 1398 949 illi,
1432 883 1576 938 unde
1604 894 1625 921 ο
1652 882 1772 951 jure
1802 879 1956 934 nobis
1982 878 2075 931 ab-

488 984 811 1041 stinentibus
852 982 1223 1052 prtefcrantur.
1270 976 1532 1044 Quocirca
1572 974 1616 1027 si
1646 972 1890 1026 volumus
1922 968 2076 1023 nobis

490 1084 514 1119 "
544 1080 922 1138 abstinentiam
957 1087 1193 1133 nastram
1215 1074 1523 1144 jejuniaque
1546 1082 1723 1125 nostra
1745 1069 2023 1139 prolicere,
2046 1082 2075 1120 a

489 1173 739 1245 superbia
775 1169 1061 1241 imprimis,
1091 1182 1209 1239 quae
1250 1176 1339 1221 aut
1366 1166 1585 1234 expellit
1613 1178 1800 1220 omnes
1827 1162 2074 1226 virtutes,

562 1323 587 1350 ⁸
616 1314 743 1368 Mss.
768 1318 1015 1381 quatupr,
1048 1307 1327 1371 ard-ﬁcare.

560 1395 586 1422 υ
612 1385 710 1437 Ms.
735 1377 896 1445 udus,
925 1377 1035 1450 Ipsi
1061 1393 1196 1431 vero.

566 1465 590 1493 ε
622 1456 722 1507 Ms.
750 1452 905 1505 Colb.
932 1445 1089 1513 unus,
1106 1450 1225 1515 jure
1254 1445 1593 1498 abstinentiae.

561 1522 588 1561 ἀ
616 1525 713 1577 Ms.
745 1522 895 1576 Colb.
934 1510 1120 1583 unus,
1145 1518 1265 1569 dum
1308 1516 1642 1576 abstinemus,
1667 1522 1838 1566 nostra
1870 1510 2077 1584 jejunia

493 1595 760 1661 pro/icere.
815 1591 871 1645 In
905 1605 1011 1644 uno
1055 1588 1281 1661 habetur
1320 1601 1420 1661 vox
1461 1584 1818 1661 abstinentiam
1837 1584 2081 1661 ,_absque

493 1652 601 1719 hac
641 1677 773 1718 voce
819 1671 1069 1715 nostram.
1112 1659 1169 1713 In
1212 1657 1421 1712 duobus
1466 1655 1656 1725 legitur
1694 1655 1929 1726 jejunia,
1963 1652 2081 1707 sine

2174 432 2334 491 atque
2355 421 2422 476 ab
2444 420 2693 475 omnibus
2718 419 2939 473 omnino
2958 416 3101 472 vitiis
3121 416 3481 481 discedamus,
3505 425 3566 472 ut
3592 419 3757 487 prosit

2176 515 2329 570 nobis
2357 513 2499 586 quod
2528 528 2558 567 a
2587 512 2726 568 cibis
2752 522 2774 550 ε
2802 510 3214 567 delectabilibus
3242 510 3597 566 abstinemus.
3627 509 3758 576 Quia

2178 616 2305 662 tunc
2344 606 2496 662 nobis
2527 604 2798 676 proderit,
2829 602 2973 674 quod
3002 617 3231 673 corpora
3261 612 3469 669 nostra,
3500 603 3585 657 vel
3618 617 3765 658 certe

2177 712 2465 768 corporum
2506 697 2773 753 incentiva
2819 697 2998 767 rigore
3043 696 3387 752 districtioris
3426 695 3764 751 abstinentiae

2180 791 2534 861 castigamus;
2565 790 2609 843 si
2640 782 2944 845 carnalibus
2972 787 3256 843 desideriis
3280 788 3531 853 absoluti,
3565 790 3767 843 sauciis

2181 882 2465 938 virtutibus
2495 880 2802 935 ﬂoreamus.
2825 879 2933 935 Sed
2959 879 3069 948 jam
3102 879 3261 933 tinem
3286 880 3421 933 liber
3454 876 3472 915 ι
3502 881 3767 948 accipiat,

2184 986 2240 1028 ut
2268 973 2336 1028 de
2365 971 2648 1026 virtutibus
2687 984 2749 1025 ac
2778 969 2942 1034 vitiis,
2972 970 3113 1024 unde
3154 969 3240 1024 hic
3278 984 3447 1039 pauca
3476 970 3769 1038 tetigimus,

2185 1066 2343 1121 latius
2373 1077 2436 1118 ac
2462 1064 2672 1133 plenius
2703 1070 2728 1109 ε
2751 1061 2802 1115 in
2837 1060 2993 1115 tertio
3023 1060 3574 1125 volumine,donante
3596 1058 3620 1096 ιι
3639 1060 3768 1124 Deo,

2188 1157 2542 1226 disputemus.

2184 1296 2283 1350 hac
2309 1308 2443 1350 voce
2472 1301 2664 1347 nostra.

2256 1375 2279 1403 θ
2304 1365 2385 1420 Ita
2430 1377 2559 1420 mss.
2595 1362 2737 1417 Editi
2779 1377 2939 1429 vero,
2979 1380 3010 1416 a
3047 1363 3170 1417 cibis
3198 1363 3582 1417 delicatioribus
3624 1364 3771 1416 absti-

2182 1452 2418 1491 neamus.

2261 1505 2280 1545 ί
2312 1507 2479 1572 Alias,
2512 1502 2757 1572 postulat.

2256 1586 2282 1624 ε
2316 1576 2412 1631 Ms.
2440 1589 2599 1639 unus,
2622 1576 2676 1628 in
2704 1574 2944 1629 ulteriore
2974 1576 3244 1629 volumine.

2261 1646 2282 1683 ιι
2317 1648 2441 1702 Mss.
2466 1647 2727 1717 quinque,
2760 1645 3005 1701 Domino.

507 1790 3768 1822 Ν

1481 1897 1952 2010 LIBER
2027 1892 2777 2007 TERTIUS.

1096 2066 1486 2125 nummo.
1638 2124 1648 2139 ,

562 2164 641 2217 De
678 2163 782 2218 vita
829 2160 1256 2230 contemplativa,
1298 2167 1343 2211 et
1387 2162 1634 2226 quantum
1678 2154 1739 2206 ab
1776 2168 1835 2204 ea
1876 2148 2080 2217 ili/ferat

492 2256 727 2319 actualis,
752 2254 829 2308 vel
869 2253 1086 2322 qualiter
1117 2250 1320 2320 possitis
1345 2249 1506 2318 ipsius
1549 2243 1953 2315 contemplativa:
1979 2242 2081 2293 vir-

494 2348 613 2403 tutis
650 2346 795 2417 fieri,
830 2354 856 2381 °
894 2345 1168 2415 adjuvante
1204 2338 1346 2405 Deo,
1396 2337 1694 2410 participes,
1737 2332 1763 2372 δ
1806 2335 1860 2387 in
1914 2331 2079 2401 primo

493 2438 745 2493 volumine
789 2435 1001 2490 absolui.
1037 2433 1113 2487 De
1171 2430 1366 2485 actuali
1413 2444 1610 2499 quoque
1660 2428 1794 2490 vita,
1836 2424 1922 2478 ubi
1971 2435 2082 2493 qua:

495 2541 622 2586 esset
657 2530 910 2602 religiosa:
959 2525 1318 2597 increpationis
1343 2523 1557 2593 {utilitas
1584 2538 1644 2575 ac
1674 2521 1930 2590 patientiae
1974 2521 2080 2573 vir-

494 2636 574 2678 tus
606 2633 627 2661 ο
655 2632 912 2677 ostensum
963 2630 1069 2684 est,
1116 2628 1164 2673 et
1206 2607 1423 2689 qualiter
1475 2616 1753 2670 tractanda:
1796 2624 1957 2668 essent
1998 2630 2082 2668 ec-

493 2717 661 2771 clesiae
690 2716 981 2783 facultates,
1008 2713 1086 2767 uel
1117 2713 1181 2766 de
1209 2711 1360 2765 modo
1381 2708 1407 2747 ἀ
1438 2708 1724 2781 spiritualis
1743 2707 2079 2771 abstinentiae,

495 2821 607 2873 qua:
636 2804 851 2859 dicenda
880 2804 989 2857 uisa
1015 2812 1133 2857 sunt
1152 2844 1167 2868 ,
1202 2801 1308 2856 Deo
1340 2802 1580 2865 donante,
1613 2798 1665 2852 in
1691 2798 1913 2853 secundo
1950 2796 2081 2851 libro

495 2899 735 2954 disserui.
792 2897 948 2951 Nunc
1000 2904 1229 2964 superest
1279 2903 1334 2947 ut
1383 2892 1780 2961 disputationem
1832 2891 1896 2944 de
1947 2890 2082 2943 vitiis

494 3002 641 3061 atque
669 2990 954 3055 virtutibus,
987 3004 1088 3042 non
1133 2988 1340 3058 ingenio
1383 2987 1565 3057 fretus,
1597 2985 1746 3055 cujus
1788 2982 1914 3036 mihi
1955 2998 2081 3036 con-

494 3085 628 3138 scius
658 3099 760 3137 non
798 3098 942 3147 sum,
967 3080 1056 3135 sed
1090 3089 1111 3116 θ
1143 3077 1405 3132 orantibus
1431 3075 1569 3131 vobis
1598 3073 1919 3146 adjuvandus
1945 3073 2080 3126 inci-

496 3175 658 3242 piam.

1107 3260 1489 3316 ELENCHUS.

566 3353 741 3408 CAPUT
778 3354 818 3407 l.
854 3354 1114 3420 Quantum
1145 3369 1176 3404 a
1204 3352 1332 3405 veris
1375 3349 1643 3404 virtutibus
1678 3348 1918 3400 virtutum
1941 3343 2084 3421 simi-

498 3445 739 3497 litudines
759 3443 963 3497 distent.

569 3532 697 3589 CAP.
730 3533 790 3587 Il.
830 3534 979 3598 Quod
1008 3534 1247 3603 superbia
1284 3534 1349 3587 sit
1378 3532 1631 3585 malorum
1654 3530 1880 3584 omnium
1909 3543 2083 3581 causa.

568 3624 699 3680 CAP.
732 3623 817 3677 Ill.
863 3623 1012 3690 Quod
1052 3623 1317 3692 superbia,
1355 3638 1419 3677 ex
1454 3638 1552 3691 qua
1592 3620 1871 3691 procedunt
1915 3617 2088 3672 omnia

500 3715 666 3779 mala,
707 3715 1013 3768 humilitatis
1044 3714 1225 3767 virtute
1253 3715 1504 3777 vincatur,
1534 3722 1583 3766 et
1610 3710 1782 3765 omnia
1813 3709 1934 3763 vitia
1968 3718 2087 3762 tunc

498 3806 681 3875 fugata
709 3808 1003 3872 depereant,
1026 3804 1069 3858 si
1089 3804 1357 3859 virtutibus
1385 3803 1584 3858 cedant.

571 3886 700 3953 CAb.
736 3897 822 3951 IV.
857 3896 930 3949 De
958 3896 1275 3964 cupiditate,
1309 3895 1468 3965 fqua:
1494 3897 1566 3949 ita
1605 3904 1678 3949 est
1718 3897 1877 3949 mixta
1905 3911 2085 3965 super-

502 3992 627 4056 biae,
660 4000 714 4044 ut
757 3989 887 4044 nihil
926 3989 1119 4059 peccati
1158 3989 1249 4058 ﬁat
1285 3990 1421 4059 quod
1461 4004 1562 4043 non
1603 4004 1667 4043 ea:
1710 4000 1924 4058 utraque
1967 4003 2088 4058 pro-

499 4083 670 4138 cedat.

571 4176 702 4232 CAP.
740 4176 801 4230 V.
850 4176 966 4242 Quo
1010 4175 1171 4229 animi
1213 4183 1460 4229 tormento
1510 4173 1712 4227 invidos
1769 4173 1960 4243 affligat
2008 4173 2088 4225 in-

498 4266 656 4319 uidia.

570 4355 698 4411 CAP.
738 4354 823 4410 Vl.
855 4351 921 4408 In
948 4370 1063 4426 qua:
1088 4364 1134 4409 et
1162 4364 1352 4423 quanta
1374 4354 1511 4407 mala
1533 4352 1944 4422 concupiscentia
1973 4368 2088 4407 car-

498 4451 578 4505 nis
604 4456 865 4517 erumpat,
890 4448 934 4501 si
961 4456 985 4493 8
1013 4447 1085 4501 eis
1116 4462 1256 4500 mens
1279 4454 1521 4514 corrupta
1549 4445 1855 4499 consentiat.

569 4538 696 4595 CAP.
733 4538 840 4595 VII.
873 4539 1023 4605 Quod
1048 4540 1197 4592 etiam
1225 4537 1279 4590 hi
1309 4554 1435 4607 quos
1458 4538 1521 4590 ab
1546 4534 1576 4574 ιι
1600 4538 1921 4607 impudicitia
1948 4553 2087 4608 qua:-

502 4630 618 4684 libet
649 4631 915 4684 necessitas
944 4637 1108 4692 vetat,
1137 4628 1182 4680 si
1209 4629 1369 4681 vivere
1396 4628 1582 4699 pudice
1618 4638 1983 4697 consuescant,
2016 4630 2085 4683 ad

502 4735 727 4774 amorem
754 4718 1005 4772 castitatis
1032 4717 1333 4772 ascendant.

2121 2058 2168 2119 B
2264 2056 2391 2111 CAP.
2420 2054 2513 2112 XI.
2552 2054 2631 2108 De
2660 2053 2875 2108 utilitate
2900 2055 3114 2122 timoris,
3140 2053 3345 2121 etquod
3368 2053 3637 2123 eﬂieaciter
3656 2070 3748 2121 pec

2185 2153 2312 2205 catis
2342 2151 2573 2205 obsistat.

2254 2242 2384 2297 CAP.
2416 2241 2529 2296 XII.
2560 2240 2633 2295 De
2663 2243 2837 2312 futuro
2856 2241 3076 2312 judicio,
3100 2242 3177 2293 vel
3205 2240 3486 2295 teter-nitate
3504 2239 3772 2310 supplicii,

2185 2350 2245 2386 ac
2270 2335 2332 2387 de
2355 2334 2602 2405 qualitate
2626 2333 2889 2405 gehennae.

2255 2424 2383 2479 CAP.
2413 2422 2549 2478 XIII.
2584 2424 2660 2477 De
2681 2424 2835 2477 laude
2856 2424 3108 2477 caritatis.

2254 2513 2383 2570 CAP.
2418 2514 2559 2570 XIV.
2594 2514 2827 2579 Qualiter
2856 2515 3050 2582 possint
3083 2529 3141 2568 ea
3170 2529 3285 2583 qua:
3313 2520 3375 2567 de
3400 2522 3615 2566 caritate
3650 2529 3773 2566 san-

2186 2619 2296 2662 ctus
2318 2608 2593 2676 Apostolus
2623 2607 2789 2673 dixit,
2822 2605 3062 2679 intelligi.

2255 2702 2385 2757 CAP.
2420 2702 2537 2758 XV.
2572 2703 2831 2770 Quantum
2860 2702 3181 2772 perfectionis
3212 2702 3397 2755 caritas
3419 2702 3471 2754 in
3496 2717 3550 2754 se
3579 2700 3775 2771 funda-

2187 2793 2249 2847 tis
2275 2795 2530 2849 exhibeat.

2256 2888 2383 2944 CAP.
2420 2887 2554 2943 XVI.
2589 2886 2664 2943 De
2690 2888 2936 2960 qualitate
2958 2889 3176 2953 virtutis,
3202 2898 3245 2942 et
3280 2888 3505 2957 qualiIer
3527 2888 3625 2941 sibi
3652 2904 3774 2941 con-

2187 2983 2457 3037 sentientes
2487 2983 2751 3054 informet.

2257 3073 2386 3129 CAP.
2415 3072 2572 3129 XVII.
2610 3073 2800 3140 Quibus
2824 3073 3067 3146 gradibus
3093 3074 3318 3127 conversi
3350 3074 3402 3126 in
3432 3074 3631 3127 culmen
3661 3090 3776 3144 pcr-

2188 3167 2420 3236 fectionis
2447 3166 2743 3220 ascendant.

2262 3259 2391 3311 CAP.
2426 3256 2611 3310 XVIII.
2658 3255 2783 3320 Qua:
2825 3255 2890 3307 sit
2927 3255 3244 3325 quaternarii
3285 3255 3482 3308 numeri
3518 3254 3777 3307 credenda

2190 3348 2463 3417 perfectio;
2487 3357 2531 3399 et
2553 3345 2689 3415 qud‘d
2711 3357 2927 3414 quatuor
2947 3345 3173 3408 virtutes,
3194 3359 3310 3413 qua:
3332 3345 3481 3397 dictis
3500 3353 3617 3397 sunt
3640 3345 3775 3414 prin-

2111 3434 2157 3496 C
2189 3437 2395 3508 cipales,
2429 3452 2490 3490 ex.
2514 3436 2617 3504 ﬁde
2645 3437 2860 3489 viventes
2882 3451 2913 3487 a
2943 3432 3054 3487 Deo
3084 3434 3284 3487 collata:
3303 3434 3612 3503 justiﬁcent.

2260 3529 2387 3583 CAP.
2415 3526 2556 3583 XlX.
2590 3525 2669 3580 De
2700 3526 3043 3594 temperantia:
3066 3524 3331 3594 qualitate,
3359 3526 3437 3579 vel
3457 3541 3630 3595 apere.

2260 3620 2390 3674 CAP.
2422 3619 2540 3673 XX.
2578 3619 2763 3686 Quales
2793 3635 2900 3673 esse
2929 3618 3142 3671 debeant
3174 3634 3298 3689 quos
3330 3619 3489 3671 animi
3525 3618 3772 3687 fortitudo

2191 3711 2443 3765 nobilitat.

2258 3803 2387 3858 CAP.
2418 3802 2557 3858 XXI.
2593 3803 2671 3858 De
2689 3804 2914 3873 justitia,
2929 3805 3007 3858 vel
3030 3803 3152 3873 (ide,
3170 3817 3283 3873 qua:
3306 3818 3368 3857 ex
3388 3803 3500 3871 ipsa
3524 3805 3774 3872 procedit.

2260 3898 2387 3951 CAP.
2418 3895 2581 3951 XXII.
2614 3895 2689 3950 De
2722 3898 3047 3965 aequalitate;
3074 3896 3208 3964 quod
3246 3897 3315 3949 ad
3347 3896 3575 3952 eamdem
3616 3899 3775 3968 perti-

2191 4000 2304 4045 neat
2331 3989 2572 4043 humana:
2595 3990 2851 4043 societatis
2873 3989 3086 4043 utilitas.

2261 4085 2394 4140 CAP.
2425 4070 2613 4139 XXIII.
2650 4083 2798 4149 Quod
2829 4083 2930 4136 duo
2953 4085 3055 4136 sint
3083 4082 3352 4151 iniustitia:
3379 4096 3584 4151 genera.

2264 4175 2393 4230 CAP.
2429 4172 2617 4228 XXIV.
2653 4172 2726 4227 De
2754 4174 3077 4241 liberalitate,
3115 4182 3162 4226 et
3189 4173 3404 4243 qualiter
3437 4171 3777 4241 beneﬁcentia

2190 4282 2318 4337 opus
2345 4265 2520 4319 debeat
2545 4266 2788 4320 exerceri.

2262 4356 2394 4413 CAP.
2427 4357 2598 4412 XXV.
2626 4358 2699 4412 De
2724 4357 3016 4424 diﬁerentia
3040 4373 3304 4421 amorum,
3341 4366 3390 4411 et
3433 4364 3681 4427 quantum
3714 4356 3775 4407 ab

2191 4451 2265 4505 eis
2291 4448 2497 4516 di/ferat
2526 4455 2749 4518 perfecta
2779 4449 3008 4502 dilectio.

2260 4541 2389 4597 CAP.
2422 4540 2613 4595 XXVI.
2653 4540 2787 4606 Quid
2814 4543 2887 4606 sit.
2908 4558 3003 4595 sua
3027 4542 3208 4612 cuique
3233 4542 3470 4596 tribuere.

2260 4631 2388 4687 CAP.
2420 4630 2633 4687 XXVII.
2670 4630 2818 4696 Quod
2856 4633 3109 4687 actualem
3138 4634 3304 4705 _vitam
3336 4642 3434 4686 tres
3468 4632 3693 4696 virtutes,
3722 4632 3776 4684 id

2190 4731 2293 4787 est,
2327 4722 2680 4793 temperantia,
2708 4722 2955 4791 fortitudo
2985 4724 3288 4792 justitiaque
3321 4731 3700 4787 consumment,
3731 4730 3777 4773 et

572 4807 700 4862 CAP.
737 4809 867 4862 Vlll.
902 4807 1099 4874 Quibus
1137 4808 1339 4862 indiciis
1381 4810 1540 4878 possit
1579 4811 1780 4864 ostendi
1818 4812 2084 4881 superbia,
2120 4810 2170 4871 D
2194 4815 2485 4887 prudentia,
2516 4830 2631 4881 qua:
2673 4823 2747 4867 est
2790 4825 2976 4886 quarta
3013 4817 3195 4882 virtus,
3246 4816 3399 4869 menti
3440 4816 3778 4886 cognitionem

501 4917 614 4972 qua:
633 4902 711 4955 vel
738 4903 792 4953 in
820 4901 1031 4972 perditis
1058 4912 1238 4970 aperta
1263 4910 1369 4967 est,
1400 4902 1477 4955 vel
1505 4902 1556 4955 in
1579 4903 1714 4971 ﬁctis
1741 4904 1959 4960 occulta.

572 4992 703 5046 CAP.
736 4991 827 5046 IX.
873 4991 1066 5060 Quibus
1110 4991 1267 5061 signis
1319 4992 1611 5063 invidorum
1665 4994 1955 5049 declaretur
2000 4996 2084 5049 iu-

501 5083 658 5137 vidia.

575 5174 702 5229 CAP.
735 5173 805 5230 X.
840 5173 1056 5242 Quantis
1086 5175 1234 5229 malis
1259 5174 1458 5231 vanitas
1475 5190 1633 5230 vanos
1663 5176 1910 5234 involvat.

576 5364 601 5393 κ
633 5355 729 5409 Ms.
776 5353 927 5410 Colb.
969 5370 1129 5423 unus,
1163 5357 1467 5426 participes,
1512 5355 1621 5411 Deo
1678 5360 1987 5431 adjuvante,
2035 5363 2085 5416 in

504 5442 694 5497 primo,
716 5434 823 5479 etc.

574 5497 600 5535 ι’
633 5498 760 5550 Mss.
784 5510 875 5551 sex
894 5535 909 5559 ,
933 5497 1154 5563 primum
1182 5498 1414 5552 volumen
1437 5499 1649 5554 absolvi.

576 5577 597 5604 θ’
627 5568 715 5621 SLc
743 5579 842 5619 ms.
863 5564 1015 5621 Colb.
1041 5583 1195 5621 unus.
1222 5569 1323 5622 Alii
1348 5584 1468 5623 cum
1495 5571 1643 5634 edd.,
1665 5580 1865 5627 ostensa
1892 5583 1987 5627 est.

576 5634 599 5672 ἀ
636 5637 708 5690 Ita
744 5652 871 5694 mss.
914 5648 1157 5706 quatuor.
1204 5639 1297 5692 Ms.
1335 5641 1494 5703 alter,
1531 5642 1592 5695 de
1628 5653 1782 5697 motu.
1832 5645 1965 5698 Editi
1988 5684 2001 5708 ,
2025 5646 2087 5698 de

2193 4922 2359 4959 rerum
2384 4906 2648 4960 latentium
2678 4916 2899 4976 pra’stet.

2263 4996 2389 5053 CAP.
2423 4995 2661 5051 XXVIII.
2689 4996 2769 5052 De
2805 4996 2982 5051 sociali
3023 4998 3239 5063 uirtute;
3269 5006 3314 5050 et
3342 4997 3480 5066 quod
3506 5012 3606 5050 non
3643 5004 3779 5047 recte

2193 5091 2382 5160 faciant
2410 5090 2524 5160 qui,
2557 5106 2674 5147 cum
2710 5093 2938 5161 possint,
2967 5092 3095 5145 nihil
3125 5092 3359 5145 humana:
3394 5089 3617 5145 societari
3654 5105 3779 5158 pro-

2193 5182 2393 5251 ﬁciunt.

2194 5364 2347 5419 dono.

2257 5445 2281 5471 θ
2309 5435 2401 5489 Ms.
2425 5433 2577 5489 Colb.
2602 5449 2759 5497 unus,
2794 5436 3106 5489 orationibus
3130 5436 3328 5490 vestris.

2262 5503 2280 5542 ί
2314 5505 2618 5575 Μεεηῐίθιτξίἰ
2643 5505 2770 5571 duo,
2798 5505 2935 5575 quod
2958 5506 3030 5558 ita
3054 5507 3116 5558 sit
3146 5508 3324 5560 mixta.

2257 5585 2282 5621 8
2318 5577 2420 5630 Ms.
2442 5574 2789 5639 Cambcron.,
2812 5574 2857 5628 si
2882 5578 2947 5628 ei.

2255 5642 2282 5681 ³³
2307 5647 2403 5702 Ms.
2429 5647 2639 5709 Cautb..
2660 5647 2722 5700 ab
2752 5647 3091 5708 impudentia.
