4024 6176
256 248 349 302 ιῖἷ

1294 252 1381 307 DE
1420 251 1579 307 VITA
1616 251 2189 312 CONTEMPLATIVA
2233 257 2358 313 LIB.
2404 257 2487 314 III.

3416 270 3510 324 4η

315 364 444 418 CAP.
483 362 671 418 XXIX.
709 364 858 430 Quod
879 364 943 418 de
969 364 1252 436 prudemico
1283 382 1344 420 ac
1382 367 1647 437 sapientia:
1690 367 1829 437 fonte
1855 368 1908 430 Δ
1935 371 2130 440 pcrbns
2172 374 2283 428 vult
2308 383 2333 421 Β
2363 390 2422 430 se
2448 375 2592 430 credi
2632 385 2990 441 constantem,
3036 379 3285 450 prodigus
3316 382 3510 438 libora.

248 458 577 524 cognitionem
628 458 849 510 omnium
890 473 1059 510 rerum
1101 457 1312 525 bibant,
1363 459 1451 528 qui
1486 459 1827 529 percipiendae

246 549 469 603 scientiae
499 549 745 615 ferventer
768 549 1053 619 invigilant.

310 638 442 691 Car.
478 638 645 693 XXX.
678 639 828 703 Quod
858 640 1130 707 prudentes
1172 655 1262 693 nec
1287 639 1405 693 aliis
1448 651 1695 708 noceant,
1737 659 1829 696 nec

241 730 332 782 sibi
362 730 535 782 noceri
558 730 883 799 permittant,
901 740 944 783 et
966 731 1101 798 quod
1126 733 1196 784 eis
1210 731 1277 784 ibi
1302 732 1367 786 sit
1386 732 1495 785 sine
1513 732 1830 787 admixtione

240 820 464 890 alicnjns
502 820 689 874 erroris
727 830 1073 873 consummata
1116 822 1423 890 prudentia,
1465 822 1551 875 ubi
1587 823 1680 877 erit
1719 823 1827 877 sine

240 911 345 962 ulla
386 920 596 976 peccato
625 911 727 964 vita
762 914 1005 982 perfecta.

306 1003 439 1056 Car.
474 1000 668 1056 XXXI.
712 1000 791 1055 De
834 1001 1187 1068 affectionibus
1225 1015 1479 1075 quatuor;
1517 1009 1654 1076 quod
1696 1008 1825 1060 inter

234 1096 353 1150 vitia
383 1095 642 1148 nunterari
666 1112 768 1149 non
797 1096 1041 1162 debeant,
1070 1098 1116 1150 si
1143 1114 1317 1151 eorum
1341 1115 1461 1153 usus
1491 1117 1552 1154 ea:
1580 1102 1710 1153 bona
1737 1117 1823 1154 eo-

236 1186 435 1239 luntate
463 1185 725 1254 procedat.

304 1274 435 1330 Car.
470 1274 681 1329 XXXII.
719 1276 870 1339 Quod
906 1276 961 1329 hi
1004 1276 1217 1343 a/I'ectns
1260 1278 1371 1331 sine
1398 1279 1580 1347 quibus
1621 1280 1673 1332 in
1723 1280 1819 1333 hac

230 1365 335 1417 cita
362 1376 495 1419 recte
512 1382 609 1418 non
631 1366 895 1428 v.'vitur,in
919 1367 1008 1419 illa
1030 1371 1209 1437 futura
1236 1369 1546 1421 beatitudine
1568 1387 1667 1423 non
1691 1370 1815 1434 sim,

227 1471 344 1525 qui:
371 1472 462 1508 nec
489 1441 715 1509 timorem
746 1458 982 1512 habitura
1006 1469 1112 1526 est,
1146 1477 1235 1513 nec
1256 1460 1506 1515 dolorem.

299 1544 435 1598 CAP.
466 1545 699 1600 XXXIII.
734 1546 965 1611 Qualiter
1001 1552 1211 1603 virtutes
1253 1563 1491 1622 quatuor,
1522 1570 1633 1606 oua'
1670 1555 1819 1610 dic-tte

225 1646 343 1688 sunt
357 1636 685 1705 principales,
702 1648 790 1689 aut
806 1638 856 1689 in
888 1640 1121 1707 prtescnti
1135 1657 1267 1692 nosa
1284 1652 1489 1711 peccato
1504 1644 1782 1712 defendant
1799 1686 1814 1710 ,

1934 461 2037 515 lem
2062 460 2109 531 ιι,
2143 477 2335 518 avarus
2364 465 2670 535 diligentem
2690 508 2705 534 ,
2747 470 3063 527 temerarius
3092 472 3284 527 fortem
3306 515 3320 537 ,
3354 477 3511 529 inbu-

1933 567 2122 615 manus
2147 570 2385 623 parcum,
2416 558 2631 625 gulosus
2657 558 2943 614 humanum
2962 602 2976 624 ,
3006 563 3225 631 ignavus
3248 568 3504 633 quietum,

1932 642 2149 698 timidus
2197 657 2432 700 cautum.
2474 646 2488 683 ί
2524 648 2856 718 Itnpudentia
2908 652 3114 706 ﬁduciae
3157 655 3256 707 sibi
3314 672 3506 713 nomen

1929 733 2183 799 ascribit,
2237 737 2531 803 procacitas
2578 739 2987 805 appellationem
3043 742 3354 799 libertatisi
3410 748 3507 799 ob-

1931 824 2125 889 tendit,
2153 826 2511 895 eloquentiam
2545 829 2696 898 ﬁngit
2735 831 3060 899 verbositas,
3099 842 3153 886 et
3181 835 3506 889 curiositatis

1928 915 2125 968 malum
2162 916 2261 969 sub
2298 918 2459 972 studii
2501 919 2793 986 spiritualis
2834 922 3013 977 colore
3052 922 3333 978 delitescit.
3380 925 3506 981 Haec

1900 1007 2023 1058 ‘etsi
2065 1017 2286 1074 possunt
2329 1008 2541 1077 ingenio
2590 1011 2821 1066 bmnano
2864 1013 3117 1076 discerni,
3164 1024 3342 1068 tamen
3385 1016 3503 1069 sine

1925 1094 2067 1149 dono
2101 1098 2222 1161 Dei,
2258 1109 2513 1167 quantum
2546 1101 2675 1154 mibi
2715 1102 2940 1167 videtur,
2974 1118 3074 1157 nec
3118 1104 3338 1158 virtutes
3371 1120 3494 1174 pos-

1923 1199 2048 1243 sunt
2083 1194 2261 1259 appeti
2298 1192 2319 1228 ¹ι
2359 1195 2441 1248 vel
2486 1195 2703 1261 haberi;
2746 1212 2846 1252 nec
2884 1214 3067 1253 earum
3101 1200 3499 1269 similitudines,

1922 1296 2041 1349 qua:
2080 1294 2204 1336 sunt
2234 1286 2355 1339 vitia
2392 1286 2615 1343 virtutes
2652 1289 2940 1355 imitantia,
2974 1294 3269 1349 declinari:
3302 1296 3353 1349 in
3386 1306 3501 1349 tan—

1924 1384 2064 1439 tum,
2096 1386 2149 1428 ut
2180 1376 2485 1432 inﬁdelibus
2518 1378 2648 1432 nihil
2678 1380 2939 1448 profuisse
2966 1383 3266 1451 credamus,
3291 1385 3501 1440 etiamsi

1920 1476 2045 1521 sunt
2074 1469 2279 1538 aliquas
2308 1485 2402 1539 per
2435 1485 2628 1540 corpus
2655 1476 2862 1541 operati
2898 1476 3140 1545 virtutes,
3173 1480 3313 1547 quod
3356 1476 3372 1516 ι
3407 1495 3499 1535 eas

1920 1577 2019 1615 nec
2048 1577 2078 1615 a
2114 1563 2221 1617 Deo
2249 1578 2346 1617 suo
2371 1578 2429 1618 se
2456 1566 2727 1634 accepisse
2755 1567 3124 1637 crediderunt,
3164 1586 3265 1626 nec
3284 1571 3348 1623 ad
3377 1587 3499 1625 eum

1920 1657 2008 1725 qui
2038 1665 2119 1710 est
2150 1656 2269 1710 ﬁnis
2298 1657 2558 1711 bonorum
2591 1658 2827 1713 omnium
2869 1661 3074 1717 referre
3106 1665 3405 1717 voluerunt.
3439 1666 3501 1720 Et

224 1737 321 1819 aut
350 1728 406 1778 in
436 1737 677 1819 ceternum
703 1727 964 1781 nobi'cum
992 1731 1098 1782 sine
1114 1730 1223 1783 ullo
1238 1742 1440 1801 peccato
1463 1748 1813 1803 permaneant.
1852 1738 1894 1797 Β
1921 1746 2047 1808 quid
2076 1747 2214 1812 dico,
2240 1748 2369 1801 nihil
2390 1750 2469 1815 eis
2492 1748 2839 1818 profuerunt?
2861 1753 2969 1807 imo
2994 1755 3152 1808 etiam
3181 1767 3498 1819 ηοοηειιηηι,

294 1818 429 1874 CAP.
463 1818 704 1874 XXXIV.
738 1819 836 1874 Ubi
861 1838 916 1874 se
943 1822 1141 1876 locutor
1168 1825 1231 1876 de
1256 1835 1358 1878 toto
1383 1843 1534 1895 opere
1556 1840 1780 1883 exeusat.

746 1934 970 1990 CAPUT
1006 1937 1296 1995 PRIMUM.

291 2026 568 2093 Quantum
597 2044 627 2079 a
655 2028 783 2080 reris
807 2029 1073 2083 virtutibus
1104 2032 1343 2085 virtutum
1383 2035 1743 2091 similitudines

913 2100 1121 2154 distent.

294 2211 341 2263 I.
381 2219 410 2246 ι
436 2209 714 2276 ρυωεὶειίε
742 2223 996 2280 quantum
1019 2229 1047 2266 a
1071 2216 1211 2270 veris
1238 2217 1524 2273 virtutibus
1554 2223 1809 2277 virtutum

214 2301 604 2356 similitudines
644 2302 863 2357 distent.
895 2303 1010 2358 Non
1057 2306 1177 2359 dico
1204 2317 1459 2374 quantum
1507 2325 1535 2363 a
1579 2311 1698 2365 med
1723 2327 1811 2366 ca-

213 2402 403 2447 ntent»
447 2408 755 2448 venenum:
797 2396 919 2465 quia
970 2397 1415 2453 medicamentum
1491 2403 1559 2455 ita
1615 2418 1811 2471 corpus

211 2485 503 2555 aliquoties
538 2496 719 2552 sanat,
749 2497 808 2542 ut
850 2488 901 2542 id
946 2490 1237 2546 defendere
1267 2508 1295 2543 a
1343 2498 1531 2548 mortis
1577 2497 1809 2550 necessi-

213 2589 318 2630 tate
352 2593 467 2631 n-m
496 2578 698 2639 valeat,
727 2587 782 2632 et
818 2595 1079 2634 venenum
1112 2598 1219 2637 non
1257 2582 1458 2638 auferri
1494 2585 1618 2639 facit
1644 2588 1805 2642 vitam

210 2671 465 2738 corpori,
495 2674 645 2740 quasi
676 2674 964 2727 auferenda
992 2692 1095 2729 non
1137 2690 1310 2743 esset,
1350 2680 1448 2732 nisi
1493 2680 1675 2737 fuisset
1718 2699 1807 2739 ac-

208 2770 453 2828 ceptum,
497 2762 590 2816 sed
634 2764 898 2818 accelerat
919 2767 1162 2834 corpOris
1205 2779 1463 2837 mortem,
1507 2775 1646 2843 quod
1689 2785 1805 2832 erat

209 2852 494 2920 aliquanto
533 2852 732 2907 diutius
772 2854 909 2911 forte
953 2857 1234 2914 victurum.
1283 2860 1387 2916 Sed
1421 2863 1575 2929 plane
1612 2865 1732 2918 dico
1772 2882 1802 2921 a

208 2944 350 2997 veris
382 2944 667 2999 virtutibus
710 2957 911 3001 tantum
956 2950 1338 3007 similitudines
1387 2954 1590 3011 distare
1632 2959 1802 3011 virtu-

208 3042 355 3099 tum,
391 3046 650 3104 quantum
697 3038 858 3093 distat
898 3055 927 3094 a
976 3043 1199 3098 veritate
1247 3045 1629 3101 mendacium:
1677 3051 1798 3120 quia

204 3134 258 3179 et
278 3125 584 3180 similitudo
614 3127 843 3193 virtutis,
866 3145 982 3199 qua:
1012 3132 1221 3187 videtur
1249 3136 1419 3191 virtus
1447 3153 1589 3204 esse,
1619 3138 1647 3177 δ
1678 3154 1801 3196 cum

206 3221 378 3275 virtus
424 3237 533 3275 non
570 3223 667 3285 sit,
703 3223 833 3277 nihil
876 3235 1005 3280 estc
1036 3229 1179 3283 aliud
1225 3246 1384 3299 quam
1430 3236 1802 3303 mendacium;

204 3320 256 3364 et
295 3312 423 3364 ideo
476 3328 581 3365 non
608 3322 690 3367 est
721 3315 890 3370 virtus
919 3317 1178 3384 dicenda,
1224 3323 1315 3376 sed
1347 3326 1554 3378 vitium.
1588 3326 1653 3380 Et
1678 3343 1801 3381 vera

204 3405 375 3458 virtus
400 3416 489 3459 (εει
520 3406 733 3473 veritas,
761 3410 847 3462 cui
884 3410 971 3479 qui
1002 3423 1243 3468 amanter
1274 3417 1587 3484 adhieserit,
1622 3435 1648 3473 a
1682 3436 1803 3489 per-

204 3496 301 3547 cati
332 3508 516 3549 morte
560 3500 926 3568 resuscitatus,
961 3504 1095 3556 mori
1131 3506 1264 3558 ultra
1293 3522 1398 3561 non
1435 3510 1663 3576 poterit;
1699 3512 1801 3567 nisi

202 3600 319 3639 cum
344 3588 416 3640 ab
441 3601 505 3639 ea
529 3586 814 3656 depravata
843 3593 1112 3648 voluntate
1140 3600 1441 3652 recesserit.
1469 3601 1617 3655 Sicut
1641 3617 1802 3657 econ-

203 3680 368 3734 trario
403 3680 621 3734 virtutis
664 3682 953 3750 simulatio,
996 3702 1114 3754 qua:
1144 3699 1257 3754 est,
1299 3702 1355 3744 ut
1392 3692 1533 3760 dixi,
1580 3697 1801 3750 menda-

198 3773 336 3825 cium
368 3771 586 3825 veritati
614 3776 939 3829 contrarium
959 3818 973 3841 ,
998 3780 1230 3834 animam
1260 3792 1526 3852 separata
1560 3787 1667 3841 Deo
1691 3790 1798 3843 vita

195 3877 321 3931 sua,
365 3880 485 3919 non
530 3864 897 3931 interituram,
937 3868 1080 3925 sedd
1120 3873 1173 3926 in
1219 3876 1503 3945 supplicio,
1548 3894 1668 3949 qua:
1717 3890 1800 3937 est

196 3954 338 4007 illius
376 3970 550 4016 mors,
583 3959 865 4025 poenaliter
885 3962 1001 4018 sine
1036 3963 1144 4019 ﬁne
1184 3967 1445 4023 victuram
1478 3987 1491 4023 :
1525 3972 1795 4043 Scriptura

194 4046 456 4101 dicente:
493 4047 563 4099 0s
598 4050 737 4118 quod
782 4053 1020 4105 mentitur
1064 4057 1247 4109 occidit
1290 4060 1516 4113 animam
1555 4060 1709 4134 (Sap.
1748 4081 1796 4130 ι,

194 4137 250 4189 11
277 4139 317 4204 ).
352 4140 436 4192 Ac
472 4153 565 4206 per
592 4138 692 4194 hoc
729 4141 868 4195 sicut
897 4142 1066 4196 virtus
1094 4145 1327 4201 animam
1354 4158 1376 4186 ο
1404 4150 1503 4204 sibi
1535 4156 1798 4208 veraciter

194 4226 590 4293 inbzerentem,
628 4231 670 4282 si
717 4230 874 4285 fuerit
919 4247 1076 4297 vera,
1106 4235 1391 4302 justiﬁcat;
1434 4239 1507 4294 ita
1548 4242 1793 4299 simulata

192 4317 547 4372 condemnat.
576 4319 641 4372 Et
664 4319 791 4389 quid
820 4320 837 4358 τ
861 4322 1170 4390 justiﬁcatio
1197 4328 1410 4394 animat,
1441 4330 1540 4384 nisi
1566 4332 1683 4403 ejus
1711 4345 1794 4391 est

194 4408 298 4461 vita
348 4418 612 4478 perpetire
653 4410 809 4466 beata
848 4428 909 4467 ac
944 4415 1099 4469 beate
1141 4421 1444 4486 perpetua?
1484 4422 1633 4479 Sicut
1661 4440 1791 4480 con-

196 4497 475 4553 demnatio
501 4501 694 4553 animae
722 4516 878 4569 ptena
910 4501 1027 4571 ejus
1046 4514 1130 4560 est
1157 4508 1435 4564 sentienda
1454 4550 1469 4576 ,
1494 4528 1612 4582 qute
1642 4530 1789 4572 mors

195 4592 476 4657 probatur,
502 4599 557 4645 et
584 4590 697 4659 ipsa
727 4601 1000 4661 perpetua.

260 4678 316 4732 2.
351 4679 540 4747 Itaque
578 4680 861 4751 dupliciter
901 4699 992 4739 rea
1034 4695 1116 4740 est
1154 4688 1363 4759 anima,
1404 4690 1452 4746 si
1492 4702 1548 4748 et
1585 4694 1784 4753 bonum

196 4784 296 4824 non
329 4769 495 4825 faciat
525 4770 667 4826 unde
702 4773 1052 4840 spiritualiter
1089 4777 1269 4845 vivat,
1298 4788 1352 4834 et
1378 4791 1597 4851 appetat
1635 4788 1787 4843 simi-

196 4857 482 4915 litudinem
516 4862 672 4927 boni,
719 4864 819 4919 sub
848 4880 951 4935 qua
996 4867 1136 4923 male
1181 4870 1323 4925 vivat
1362 4880 1417 4927 et
1459 4872 1643 4931 lateat.
1678 4879 1783 4935 Su-

261 5049 287 5078 ι
319 5041 572 5123 namss:
612 5054 820 5123 omnes.
862 5058 985 5123 cum
1027 5045 1197 5118 Lugd.
1238 5048 1473 5122 Lovan.,
1519 5056 1783 5123 anritis.

193 5109 358 5165 Duac.
382 5119 443 5164 et
467 5110 683 5175 Colon.,
711 5111 983 5176 Quazretis.

258 5180 286 5218 ιι
318 5180 455 5261 biss.
482 5180 741 5261 quinque.
764 5200 898 5261 lcum
916 5201 1018 5239 non
1040 5186 1125 5242 sit.
1159 5188 1257 5245 Ms.
1283 5207 1443 5261 unus,
1472 5206 1516 5251 et
1548 5215 1651 5253 non
1689 5209 1783 5257 est.

265 5261 287 5288 ε
318 5251 452 5303 Mss.
475 5249 604 5314 duo,
630 5252 773 5305 aliud
799 5256 915 5307 nisi.

224 5318 285 5408 ad
317 5319 568 5408 abest‘in
594 5336 622 5408 a
654 5326 1068 5408 misaqninque.
1100 5329 1226 5408 illss.
1249 5330 1553 5408 duo_Colb.,
1579 5356 1612 5392 a
1654 5339 1784 5408 Deo,

191 5400 643 5471 montanam-non
668 5400 968 5471 intuituram
984 5439 1000 5461 ,
1026 5402 1112 5451 sed
1142 5400 1195 5452 in
1219 5400 1560 5471 supplicium,
1585 5419 1689 5466 etc.

262 5471 286 5533 ξ
316 5460 423 5533 με.
447 5460 600 5533 Coll).
616 5476 787 5533 unus,
807 5460 1033 5519 animum
1058 5471 1259 5524 veritati
1283 5460 1637 5532 inhaerentem.

668 5549 827 5599 unus,
859 5533 925 5590 Et
954 5538 1077 5607 quid
1112 5550 1185 5594 est
1223 5529 1778 5619 justiﬁcatioﬂanintw,

189 5601 290 5654 nisi
318 5603 437 5665 ejus
467 5601 606 5653 vita?

259 5681 284 5718 ς
318 5672 425 5725 Ms.
452 5686 583 5726 unus
604 5670 780 5739 Colb.,
803 5693 854 5731 se
884 5677 1057 5733 rideri.

1917 1836 2129 1891 dicente
2156 1836 2193 1856 ’³³
2220 1837 2477 1906 Apostolo
2503 1856 2514 1891 :
2554 1840 2715 1893 Omne
2756 1844 2893 1910 quod
2937 1859 3039 1896 non
3063 1854 3136 1897 est
3167 1862 3229 1899 ex
3255 1848 3356 1915 fide
3384 1864 3501 1916 pec-

1916 1938 2081 1981 catum
2112 1939 2182 1982 est
2215 1927 2368 1999 (Rom
2398 1945 2505 1993 xiv,
2531 1930 2646 1999 23).
2675 1931 2787 1985 Non
2816 1933 2982 1998 dixit,
3014 1936 3184 1990 Omne
3207 1937 3348 2005 quod
3392 1955 3496 1991 non

1915 2030 1998 2074 est
2034 2036 2099 2073 ex
2137 2021 2262 2087 ﬁde,
2298 2021 2425 2073 nihil
2456 2030 2571 2086 est;
2608 2024 2700 2077 sed
2740 2023 2987 2091 dicendo,
3015 2029 3183 2080 Omne
3210 2030 3349 2097 quod
3390 2046 3497 2083 non

1915 2123 1999 2167 est
2035 2129 2103 2167 ex
2136 2114 2238 2168 ﬁde
2255 2126 2530 2182 peccatum
2554 2124 2657 2179 e.-.t,
2679 2115 2970 2171 declaravit
2993 2119 3132 2187 quod
3155 2121 3330 2174 oninia
3358 2122 3495 2175 bona

1913 2214 2005 2259 aut
2032 2221 2102 2260 ex
2137 2205 2240 2259 ﬁde
2269 2216 2416 2275 gesta
2450 2208 2674 2261 virtutes
2705 2217 2859 2274 sunt,
2887 2224 3005 2279 qua:
3036 2210 3277 2280 profecto
3300 2212 3496 2281 justiﬁ-

1913 2309 2064 2363 cant;
2092 2307 2184 2352 aut
2211 2300 2254 2352 si
2296 2296 2495 2353 fuerint
2534 2300 2652 2354 sine
2684 2300 2809 2366 ﬁde,
2842 2317 2946 2375 non
2989 2312 3110 2356 sunt
3149 2305 3326 2372 aliqua
3356 2305 3495 2359 bona

1912 2394 2208 2457 credenda,
2240 2393 2333 2448 sed
2364 2392 2524 2454 vitia;
2549 2408 2665 2461 qum
2702 2408 2806 2446 non
2839 2394 3027 2464 juvant
3047 2410 3172 2449 suos
3192 2399 3491 2465 operarios,

1912 2484 2007 2539 sed
2037 2485 2430 2547 condemnant,
2462 2482 2782 2551 inﬂatosque
2809 2485 3162 2555 prmcipitant,
3189 2495 3349 2557 atque
3376 2502 3405 2540 a
3434 2487 3494 2541 ﬁ-

1912 2577 2065 2629 nibus
2086 2586 2302 2629 :eternce
2327 2575 2514 2629 salutis
2536 2573 2834 2628 eliminant.

1981 2666 2033 2720 5.
2077 2664 2182 2721 Sed
2207 2665 2333 2735 quid
2364 2679 2464 2735 ego
2488 2673 2514 2700 υ
2545 2664 2659 2718 haec
2686 2665 2754 2719 de
2791 2664 3118 2729 inﬁdelibus,
3149 2666 3288 2720 unde
3316 2667 3493 2722 nullus

1909 2760 2181 2828 ambigere
2206 2758 2438 2823 videtur,
2468 2758 2766 2826 exaggera?
2791 2772 2911 2810 cum
2945 2768 3161 2813 sanctus
3204 2760 3493 2827 Apostolus

1910 2850 2068 2904 etiam
2102 2850 2283 2905 ﬁdeles
2314 2850 2573 2918 quosdam
2601 2846 2715 2919 qui,
2754 2848 3036 2903 credentes
3066 2849 3118 2902 in
3164 2849 3350 2913 Deum,
3385 2863 3491 2902 non

1907 2944 2200 3000 secundum
2249 2945 2439 3007 Deum,
2478 2944 2572 2998 sed
2614 2943 2909 2998 secundum
2965 2942 3234 2996 hominem
3282 2943 3484 3005 vivunt,

1908 3037 2155 3092 carnales
2184 3037 2445 3102 nominet,
2475 3036 2660 3090 dicens
2686 3052 2699 3087 :
2723 3034 2791 3089 Et
2810 3053 2924 3105 ego,
2956 3036 3159 3105 fratres,
3189 3051 3305 3087 cum
3328 3037 3490 3088 venis-

1829 3106 1875 3169 ο
1905 3148 2010 3185 sem
2040 3131 2108 3183 ad
2136 3147 2241 3195 vos,
2275 3147 2377 3183 non
2406 3131 2545 3184 vobis
2584 3130 2730 3200 potui
2767 3129 2908 3199 loqui
2934 3131 3082 3200 quasi
3116 3129 3485 3197 spiritualibus,

1906 3223 1997 3277 sed
2021 3224 2168 3291 quasi
2191 3222 2511 3276 carnalibus:
2547 3223 2775 3276 nondum
2796 3224 2930 3277 enim
2966 3224 3207 3291 poteratis
3230 3237 3251 3286 ;
3276 3224 3364 3276 sed
3397 3239 3489 3276 nec

1906 3314 2075 3367 adhuc
2104 3315 2311 3384 quidem
2357 3315 2600 3382 potestis,
2639 3315 2809 3367 adhuc
2850 3315 2984 3367 enim
3019 3316 3137 3368 estis
3172 3315 3406 3368 carnales
3434 3312 3487 3383 (Ι

1905 3404 2024 3459 Cor.
2059 3419 2135 3469 nt,
2170 3406 2219 3472 1,
2250 3404 2328 3474 2).
2365 3405 2429 3459 Et
2456 3414 2706 3474 tanquam
2735 3418 3100 3475 qutereremus
3133 3404 3257 3474 quid
3294 3419 3486 3459 carna-

1906 3497 1983 3551 les
2014 3496 2141 3551 velit
2165 3497 2411 3566 intelligi,
2448 3507 2662 3552 secutus
2686 3496 2926 3565 adjunxit
2952 3515 2963 3549 :
2994 3496 3119 3549 Cum
3148 3497 3279 3550 enim
3308 3498 3373 3550 sit
3403 3497 3486 3550 in-

1905 3600 1980 3643 ter
2004 3605 2092 3642 vos
2112 3587 2250 3641 zelus
2272 3598 2319 3641 et
2351 3590 2625 3656 contentio,
2657 3604 2824 3642 nonne
2864 3589 3093 3663 carnales
3134 3589 3274 3651 estis,
3314 3599 3361 3640 et
3407 3604 3486 3641 sc-

1904 3680 2127 3734 cundum
2158 3681 2415 3734 hominem
2461 3680 2736 3733 ambulatis
2767 3679 2958 3749 (ibid.,
2997 3680 3051 3751 5)
3077 3680 3099 3733 ?
3129 3679 3266 3746 Quid
3311 3689 3486 3749 potest

1902 3772 1984 3825 his
2014 3772 2219 3826 duabus
2248 3772 2408 3826 animi
2443 3772 2683 3841 pestibus
2718 3772 2943 3826 inveniri
2987 3771 3244 3835 deterius,
3291 3771 3405 3824 zelo
3433 3780 3485 3825 et

1900 3864 2281 3928 contentione,
2325 3864 2517 3933 quibus
2551 3862 2817 3928 carnales,
2847 3865 2936 3930 qui
2976 3862 3271 3916 secundum
3315 3862 3485 3914 homi-

1902 3972 2021 4011 nem
2056 3957 2260 4021 vivunt,
2292 3967 2454 4011 etam
2506 3957 2559 4009 in
2593 3956 2691 4009 hac
2721 3957 2827 4010 vita
2874 3964 3188 4024 torquentur
3222 3971 3235 4007 :
3266 3968 3386 4006 cum
3430 3964 3484 4007 et

1900 4050 2176 4103 contentio
2209 4048 2490 4103 haereticos
2526 4047 2736 4112 reddat,
2770 4056 2824 4101 et
2864 4047 3011 4100 zelus
3045 4047 3339 4099 imitatores
3368 4044 3482 4097 dia-

1900 4140 2029 4203 boli,
2066 4139 2369 4208 paradisum
2400 4138 2585 4208 primis
2608 4138 2913 4193 hominibus
2938 4138 3222 4192 invidentis
3247 4136 3481 4192 efﬁciat?

1897 4232 1976 4287 Ac
2002 4233 2102 4299 sic,
2135 4232 2350 4301 quando
2374 4231 2558 4286 ﬁdeles
2580 4230 2806 4300 justitia,
2834 4230 3051 4299 pietate,
3090 4228 3476 4295 misericordia,

1897 4324 2325 4388 mansuetudine,
2351 4322 2671 4383 humilitate,
2701 4321 3006 4375 innocentia
3033 4320 3346 4391 eteterisque
3372 4322 3481 4375 vir-

1900 4416 2102 4470 tutibus
2140 4415 2402 4485 gaudent;
2442 4424 2535 4469 aut
2578 4414 2870 4470 secundum
2916 4414 3080 4468 Deum
3130 4413 3333 4479 vivunt,
3363 4427 3386 4445 "
3421 4420 3478 4467 et

1898 4509 2124 4563 virtutes
2151 4521 2305 4561 veras
2332 4506 2527 4562 habere
2554 4506 2807 4562 credendi
2825 4517 2968 4573 sunt,
2994 4523 3112 4577 qute
3134 4506 3479 4576 spiritualiter

1896 4603 2134 4653 viventes
2171 4599 2378 4669 adeptae
2413 4599 2770 4665 sanetiﬁcant,
2812 4607 2867 4657 et
2916 4599 3024 4653 Deo
3064 4598 3479 4662 commendant;

1894 4703 1989 4749 aut
2012 4693 2309 4751 secundum
2334 4691 2606 4748 hominem
2626 4693 2832 4759 vivunt,
2854 4700 2909 4747 et
2934 4708 3037 4747 non
3061 4702 3183 4746 sunt
3209 4706 3345 4745 vera:
3369 4690 3475 4745 vir-

1897 4798 2057 4853 tutes,
2074 4788 2166 4843 sed
2192 4788 2443 4841 virtutum
2473 4776 2870 4851 similit’udincs,
2893 4801 3011 4855 qua:
3040 4784 3169 4840 nihil
3190 4782 3475 4838 carnaliter

1896 4880 2199 4937 viventibus
2229 4887 2470 4951 prosunt.

1966 5062 1995 5137 ξι
2023 5066 2121 5121 Ms.
2143 5066 2297 5137 Coll).
2324 5068 2535 5131 unicus,
2561 5066 2761 5137 largum
2782 5065 3084 5137 dissipator.

1970 5136 1988 5174 ί
2022 5137 2165 5192 Edit.
2207 5136 2398 5194 Coloin.
2438 5130 2557 5193 cum
2606 5130 2734 5191 niss.
2772 5134 2923 5188 Colb.
2969 5143 3213 5203 quatuor,
3259 5130 3464 5201 Impru-

1901 5208 2091 5262 dentia.

1970 5278 1983 5327 l
2027 5279 2199 5344 Etliti,
2229 5280 2473 5343 ostendit;
2500 5293 2626 5330 mss.
2656 5290 2864 5340 mnnes,
2894 5273 3137 5325 obtendit.

1966 5346 1990 5384 ¹ί
2025 5348 2148 5400 Mss.
2181 5351 2285 5401 duo
2317 5350 2486 5413 Cultu,
2524 5363 2610 5398 nec
2637 5345 2828 5396 haberi.

1970 5415 1988 5454 Ῑ
2024 5418 2150 5470 Mss.
2175 5420 2279 5469 duo
2304 5417 2480 5475 Colb.,
2502 5418 2588 5483 qui
2615 5430 2721 5465 cas.

1963 5495 2002 5523 ιη
2028 5487 2150 5539 Mss.
2182 5502 2293 5547 sev,
2323 5495 2494 5536 sancto
2517 5482 2787 5544 Apostolo.

1963 5564 1992 5592 ιι
2022 5555 2116 5607 Ms.
2151 5555 2276 5618 Reg.
2305 5569 2459 5619 unus,
2480 5554 2600 5621 quid
2631 5567 2721 5619 ego
2748 5550 2859 5604 hoc.

1965 5631 1990 5660 °
2014 5624 2109 5679 Ms.
2143 5638 2300 5687 unus,
2334 5633 2379 5675 et
2408 5634 2521 5676 sunt
2551 5623 2756 5674 virtutes
2783 5639 2912 5691 qtttr,
2946 5632 3045 5679 etc.
