4024 6176
533 227 636 282 Hii

539 430 740 494 sobrie,
766 429 855 497 qui
888 422 1306 480 misericorditer
1330 419 1494 488 vivit,
1537 420 1581 473 si
1631 418 1764 481 Deo,
1809 416 1962 485 cujus
1999 430 2112 468 mn-

540 534 671 575 ιιι-τε
711 528 768 571 ιιι
814 517 947 572 bene
986 515 1130 568 vivat
1175 510 1485 579 adjuvatur,
1527 508 1776 571 ascribit,
1824 505 2117 561 secundum

546 612 712 664 Deutn
745 604 1094 673 spiritualiter
1122 603 1251 656 vivit
1277 619 1292 665 ;
1319 602 1362 655 si
1387 614 1513 654 veto
1540 599 1716 653 omnia
1745 614 1864 667 qua:
1886 597 2021 650 bene
2043 596 2122 649 ia-

545 703 619 755 cit
661 699 857 752 viribus
892 698 1003 751 suis
1036 693 1285 755 ascribat,
1319 691 1468 761 quasi
1503 690 1661 744 etiam
1704 688 1819 743 sine
1857 686 2122 755 adiutorio

551 790 643 843 Dei
670 788 734 842 ad
766 787 900 841 bene
924 784 1187 854 agendum
1210 783 1310 836 sibi
1338 780 1597 844 sufﬁciat,
1629 777 1920 833 secundum
1952 776 2124 830 homi-

549 894 674 933 nem
702 876 988 932 carnaliter
1016 876 1147 928 vivit
1170 889 1184 925 :
1215 883 1268 927 et
1295 870 1415 925 ideo
1436 878 1528 924 aut
1563 868 1700 923 bene
1727 882 1830 920 non
1860 865 2011 931 vivit,
2033 872 2125 919 aut

550 970 679 1025 nihil
708 970 755 1025 ei
790 968 1024 1037 proderit
1062 963 1317 1034 quidquid
1352 962 1474 1017 boni
1514 970 1730 1031 prepter
1765 958 2006 1012 homines
2049 956 2125 1010 l'a-

550 1062 625 1116 cit
650 1077 664 1115 :
695 1060 813 1130 quia
844 1057 1087 1111 humanis
1118 1054 1361 1109 laudibus
1389 1052 1706 1114 delectatus,
1738 1050 1823 1103 hic
1848 1050 1956 1115 jam
1988 1057 2124 1101 tem-

555 1154 791 1223 poralem
815 1149 1117 1205 mercedem
1140 1147 1329 1216 recipit
1354 1159 1572 1199 suorum
1598 1157 1842 1211 Operum,
1861 1156 1978 1208 quae
1998 1147 2127 1192 tem-

555 1243 813 1314 poraliter
844 1241 987 1295 fecit.
1035 1239 1196 1308 Igitur
1232 1237 1318 1290 ille
1347 1233 1638 1289 secundum
1682 1231 1948 1285 hominem
1977 1229 2126 1293 vivit,

556 1346 587 1375 ι
609 1335 697 1404 qtti
724 1332 1013 1388 secundum
1045 1329 1276 1396 seipsum
1306 1325 1456 1391 vivit,
1482 1322 1601 1393 quia
1623 1331 1677 1377 et
1708 1322 1820 1389 ipse
1843 1320 2000 1373 homo
2026 1330 2127 1383 est,

556 1439 610 1484 et
636 1425 928 1482 secundum
955 1422 1189 1490 seipsum
1220 1419 1376 1482 vivit;
1408 1416 1496 1487 qui
1526 1416 1569 1469 si
1594 1414 1828 1484 potuerit
1860 1427 1979 1467 esse
2007 1426 2127 1465 cum

559 1518 753 1585 quibus
778 1516 912 1579 vult,
947 1512 1117 1582 pergit
1140 1524 1247 1580 quo
1275 1509 1408 1570 vult,
1432 1508 1628 1562 dormit
1653 1504 1865 1573 quando
1890 1513 1943 1557 et
1967 1517 2131 1572 quan-

1839 205 2099 266 JULIANI
2140 204 2276 261 POM
2285 202 2418 259 ERII

613 337 668 395 4.
708 335 1046 405 Quapropter
1075 332 1163 401 qui
1214 328 1481 399 religiose,
1512 326 1602 397 qui
1637 324 1992 387 continenter,
2025 321 2113 391 qui
2145 323 2195 382 Α

3681 195 3775 252 676

2842 314 3066 371 CAPUT
3107 311 3166 368 ll.

2390 456 2539 524 Quod
2565 454 2800 526 superbia
2828 453 2891 507 sit
2921 451 3176 505 malorum
3200 448 3426 502 omnium
3457 461 3631 500 causa.

2292 613 2345 666 t.
2386 610 2483 665 Est
2523 607 2737 677 quidem
2783 607 2885 662 hoc
2912 601 2942 641 ¹ι
2961 613 3122 670 caput
3150 600 3305 655 valde
3335 600 3666 669 perplexum,
3693 599 3782 653 sed

2221 704 2265 759 si
2291 703 2459 759 oretis
2488 702 2637 756 illum
2664 700 2753 768 qui
2780 699 2948 752 dixit:
2983 695 3103 750 Non
3131 711 3216 748 vos
3246 692 3364 746 estis
3397 692 3485 759 qui
3511 690 3781 758 loquimini,

2220 798 2309 851 sed
2338 794 2561 861 Spiritus
2583 792 2754 846 Patris
2775 791 2923 846 vestri
2951 786 3072 857 iqui
3101 787 3323 857 loquitur
3343 785 3396 837 in
3422 783 3557 836 vobis
3580 780 3784 852 (Matth.

2224 904 2277 954 ι,
2308 884 2433 959 20);
2465 895 2520 941 et
2539 884 2689 947 alibi,
2713 882 2885 937 Dilata
2909 898 2963 934 os
2987 890 3155 945 tuum,
3184 887 3230 932 et
3251 892 3342 947 ego
3370 872 3659 942 adimplebo
3673 873 3790 926 illud

2226 978 2398 1049 (Psal.
2431 993 2594 1045 Lux,
2628 974 2749 1044 ll):
2778 990 2837 1029 ea
2861 988 2980 1043 qua:
3006 971 3134 1025 mihi
3176 978 3233 1023 ut
3262 968 3462 1022 homini
3494 965 3789 1035 impossibi-

2228 1071 2297 1126 lia
2326 1080 2470 1136 sunt,
2503 1068 2836 1123 illuminante
2862 1066 3104 1119 Domino.
3129 1063 3213 1118 vel
3247 1062 3497 1122 docente,
3531 1058 3789 1128 possibilia

2230 1160 2380 1213 ﬁunt.
2435 1158 2851 1213 Consideremus
2897 1168 3027 1221 ergo
3077 1167 3198 1223 qua:
3246 1164 3425 1206 causae
3475 1146 3788 1218 praecedant,

2233 1251 2247 1301 i
2280 1265 2398 1320 qua:
2431 1249 2559 1303 vitia
2596 1249 3007 1316 subsequantur.
3044 1243 3198 1311 Quod
3231 1240 3256 1279 ιι
3287 1250 3344 1295 ιιι
3380 1239 3694 1296 credibilius
3724 1239 3794 1292 vi-

2228 1341 2440 1400 deatur.
2476 1337 2496 1377 ι
2530 1354 2637 1393 non
2668 1338 2818 1392 boca
2849 1351 2935 1391 me
2965 1334 3245 1404 prudentia
3276 1341 3453 1387 vestra
3490 1329 3789 1399 perquirat;

2230 1430 2325 1485 sed
2354 1430 2525 1496 vobis,
2547 1436 2603 1483 et
2630 1426 2781 1493 mihi,
2804 1426 2889 1479 vel
2913 1423 3163 1478 omnibus
3183 1424 3268 1477 Set
3284 1422 3456 1491 iptura
3478 1420 3662 1474 divina
3682 1434 3795 1474 con-

2230 1521 2366 1576 sulta
2400 1518 2722 1587 respondeat
2754 1535 2766 1570 :
2807 1530 2926 1586 quae
2960 1515 3107 1569 velut
3134 1513 3178 1568 si
3210 1512 3321 1581 jam
3350 1523 3713 1581 quaereremus
3738 1509 3796 1564 ab

561 1609 650 1663 diu
684 1607 819 1671 VH“.
865 1605 1094 1672 ¹οί1¹¹ῖῑ¹¹¹⁸
1120 1616 1239 1670 (ιιιω
1274 1600 1385 1653 VU"
1438 1606 1493 1651 ει
1534 1595 1625 1651 “hi
1674 1594 1807 1660 “'1‘,
1852 1594 2134 1647 η¹³¹¹¹¹⁰⁰³ῑ
2233 1629 2292 1668 ea
2326 1611 2651 1667 immobilem
2694 1607 3011 1663 sententiam
3057 1604 3295 1674 protulit,
3335 1604 3559 1657 dicens:
3595 1600 3794 1654 Initium

562 1709 619 1754 et
644 1698 774 1753 bibit
797 1696 1026 1765 quando,
1048 1702 1102 1748 et
1133 1691 1274 1761 quod
1307 1691 1443 1755 vult,
1468 1698 1523 1743 et
1552 1695 1801 1756 quantum
1830 1682 1966 1749 vult;
1998 1684 2135 1737 ridet

2243 1704 2397 1758 omnis
2426 1701 2619 1771 peccati
2659 1699 2893 1768 superbia
2919 1695 3110 1764 (Eccli.
3145 1694 3224 1763 ι).
3259 1693 3395 1761 Quid
3436 1700 3620 1760 potest
3657 1706 3793 1760 aper-

566 1785 593 1824 δ
616 1802 679 1841 ac
709 1787 918 1854 jocatnr
946 1783 1083 1837 inter
1112 1796 1246 1852 quos
1276 1781 1416 1833 vult:
1458 1786 1729 1846 postremo
1758 1774 2010 1845 quidquid
2042 1789 2136 1827 na-

570 1878 720 1932 ribus
758 1888 919 1929 suave
952 1881 1053 1938 est,
1084 1870 1338 1941 quidquid
1382 1869 1544 1923 tactni
1577 1867 1847 1930 blandum,
1883 1864 2135 1936 quidquid

568 1966 742 2023 oculis
775 1963 1114 2027 delectabile,
1145 1960 1398 2031 quidquid
1427 1958 1641 2014 cmteris
1687 1958 1934 2012 sensibus
1962 1957 2138 2010 carnis

564 2076 679 2114 sua:
722 2057 1037 2126 jucundum,
1079 2062 1294 2110 exercet
1346 2067 1409 2106 ac
1451 2052 1691 2120 sequitur
1742 2049 1973 2118 qualiter
2004 2048 2134 2114 vult,

567 2148 657 2218 qni
687 2148 863 2202 omnia
896 2149 1038 2202 licita
1061 2146 1144 2200 vel
1176 2157 1197 2185 ο
1233 2146 1412 2200 illicita
1441 2143 1727 2198 carnaliter
1753 2144 1883 2197 vult.
1912 2142 2010 2208 Qui
2041 2156 2138 2195 an-

570 2249 676 2292 tem
711 2237 1003 2293 seeundum
1038 2237 1203 2291 Deum
1230 2236 1375 2298 vivit,
1410 2249 1513 2288 non
1542 2234 1680 2303 quod
1708 2248 1829 2287 eum
1858 2231 2142 2286 carnaliter

573 2329 822 2395 delectat,
853 2330 945 2383 sed
975 2328 1115 2397 quod
1145 2327 1493 2397 spiritualiter
1514 2325 1744 2380 aedificat
1774 2325 1919 2387 facit,
1946 2332 1998 2378 et
2024 2339 2141 2378 om-

570 2418 657 2471 uia
685 2418 943 2473 desideria
971 2417 1145 2472 carnis
1184 2416 1473 2485 spiritualis
1499 2416 1751 2469 desiderii
1781 2415 2137 2470 delectatione

572 2508 885 2576 compescit,
915 2507 1085 2561 futura
1106 2507 1453 2576 praesentibus
1473 2507 1772 2574 anteponit,
1797 2520 2009 2560 carnem
2030 2505 2141 2575 spi-

574 2597 697 2650 ritni
725 2597 922 2660 subdit,
946 2607 997 2650 et
1021 2597 1276 2666 quidquid
1312 2599 1459 2665 cupit
1504 2605 1595 2650 aut
1624 2598 1752 2665 agit,
1791 2611 1895 2650 non
1920 2597 2031 2651 vult
2077 2611 2143 2650 ex

575 2701 693 2752 sua,
723 2687 816 2741 sed
848 2685 871 2722 ι¹
904 2704 966 2739 ρ(
1003 2686 1092 2741 Dei
1134 2689 1213 2741 sui
1244 2687 1515 2742 voluntate
1557 2688 1868 2756 procedere,
1903 2687 1989 2741 cui
2036 2688 2146 2755 pla-

577 2791 701 2831 cere
728 2778 852 2831 t0'.is
878 2778 1079 2833 viribus
1107 2778 1456 2846 concupiscit.

650 2867 704 2920 5.
747 2866 946 2935 Itaque,
983 2868 1026 2921 si
1060 2878 1325 2935 utcunque
1349 2868 1459 2935 jam
1488 2867 1697 2931 claruit,
1751 2867 1891 2937 quod
1927 2869 2147 2923 virtutes

580 2971 731 3011 veras
753 2974 857 3012 non
888 2959 1165 3014 videantur
1183 2960 1475 3029 haberequi
1500 2962 1776 3027 simulant;
1808 2971 1861 3016 et
1888 2962 1961 3015 illi
1984 2961 2145 3017 simu-

2236 1796 2361 1860 tius,
2395 1792 2523 1864 quid
2554 1789 2882 1861 probabilius
2910 1786 3058 1841 diei?
3088 1784 3327 1849 Initium,
3358 1782 3550 1853 inquit,
3585 1797 3695 1837 non
3714 1782 3796 1835 ali-

2236 1886 2411 1953 cujus,
2441 1883 2534 1939 sed
2562 1883 2722 1937 omnis
2747 1880 2939 1951 peccati
2966 1877 3232 1948 superbia:
3249 1884 3308 1930 ut
3336 1875 3620 1930 evidenter
3645 1884 3796 1929 osten-

2237 1977 2387 2031 deret
2408 1974 2550 2045 quod
2582 1975 2693 2043 ipsa
2722 1973 2789 2027 sit
2813 1980 3154 2041 peccatorum
3192 1968 3429 2024 omnittm
3458 1982 3656 2022 causa:
3684 1982 3797 2036 quo-

2238 2068 2380 2121 niam
2412 2080 2517 2120 non
2538 2065 2707 2118 solum
2736 2071 3009 2131 peccatum
3035 2069 3119 2116 est
3144 2060 3278 2129 ipsa,
3301 2060 3393 2114 sed
3419 2062 3580 2113 etiam
3613 2059 3797 2113 nullum

2239 2166 2513 2227 peccatum
2549 2155 2659 2209 fieri
2706 2153 2897 2223 potuit,
2932 2160 3127 2222 potest,
3160 2159 3252 2205 aut
3289 2152 3484 2219 poterit
3526 2152 3647 2206 sine
3679 2152 3797 2217 ipsa.

2240 2246 2512 2316 Siquidem
2537 2255 2575 2283 ω
2602 2244 2731 2299 nihil
2759 2244 2902 2299 aliud
2924 2259 3083 2297 omne
3114 2254 3411 2312 peccatum,
3436 2243 3538 2297 nisi
3568 2243 3664 2297 Dei
3690 2258 3799 2296 con-

2240 2345 2473 2406 temptus
2494 2346 2594 2402 est,
2614 2351 2719 2405 quo
2744 2335 2859 2403 ejus
2886 2342 3150 2404 prtecepta
3171 2335 3461 2389 calcantur.
3484 2333 3656 2401 Quem
3676 2348 3800 2385 con-

2243 2439 2502 2498 templum
2552 2428 2643 2482 Dei
2689 2427 2832 2481 nulla
2869 2441 2955 2482 res
3003 2427 3106 2480 alia
3163 2425 3445 2494 persuadet
3486 2425 3799 2485 hominibus,

2245 2522 2345 2576 nisi
2368 2518 2645 2588 superbia;
2674 2532 2795 2587 qua:
2826 2519 2983 2572 etiam
3024 2517 3076 2570 in
3116 2515 3233 2584 ipso
3262 2515 3496 2581 diabolo,
3536 2522 3599 2568 ut
3635 2514 3802 2567 diabo-

2245 2610 2327 2665 lus
2356 2625 2421 2665 ex
2440 2609 2631 2678 angelo
2654 2608 2827 2673 lit-ret,
2854 2614 3067 2660 teterna:
3092 2604 3405 2673 perditionis
3433 2604 3638 2658 exstitit
3660 2618 3802 2657 eausa

2250 2702 2402 2773 (Isai.
2434 2718 2542 2766 xw,
2572 2701 2664 2764 1‘5;
2697 2698 2821 2752 Luc.
2849 2715 2900 2764 κ,
2937 2698 3045 2767 18).
3078 2696 3316 2765 Denique
3343 2704 3395 2749 et
3426 2696 3541 2764 ipse
3565 2695 3736 2749 sciens
3756 2709 3805 2747 se

2250 2810 2344 2864 per
2375 2792 2676 2863 superbiam
2719 2790 2786 2845 de
2818 2790 3128 2845 caelestibus
3164 2788 3458 2850 corruisse,
3484 2794 3542 2840 et
3588 2787 3640 2840 in
3682 2784 3806 2838 hunc

2249 2886 2523 2956 caliginosi
2564 2884 2703 2940 aeris
2753 2897 3022 2938 carcerem
3065 2893 3298 2943 trusum;
3349 2880 3549 2934 homini
3604 2878 3804 2933 subver-

2252 2975 2414 3030 tcndo
2442 2990 2601 3041 quem
2644 2975 2784 3028 Deus
2831 2974 3029 3028 fecerat
3068 2974 3186 3026 sine
3222 2971 3329 3026 ullo
3364 2979 3607 3040 peccato,
3637 2969 3807 3023 vitium

582 3047 691 3102 lant
711 3048 801 3117 qui
833 3064 936 3102 non
960 3065 1023 3104 ex
1056 3049 1179 3115 fide,
1213 3063 1299 3103 aut
1328 3066 1433 3104 non
1462 3062 1677 3119 prepter
1698 3051 1884 3117 Deum,
1913 3051 2005 3104 sed
2030 3066 2147 3120 pro-

2256 3035 2520 3135 persuasit
2548 3064 2851 3135 scrpentina
2881 3064 3169 3118 calliditate
3196 3072 3223 3099 ιι
3252 3035 3518 3132 superbiae
3550 3062 3700 3134 (Gen.
3740 3075 3807 3124 nt,

581 3147 700 3207 pter
729 3139 971 3193 homines
992 3149 1190 3195 tantum
1216 3141 1338 3195 boni
1365 3141 1562 3210 aliquid
1583 3150 1889 3210 operantur,
1920 3143 2152 3197 eleemo-

581 3230 731 3298 synis
760 3244 823 3283 ac
855 3230 1096 3297 jejuniis.
1142 3231 1225 3285 vel
1272 3231 1607 3286 abstinentia:
1647 3233 1959 3302 exterisque
1997 3234 2152 3290 bonis

584 3323 839 3389 operibus
868 3325 1173 3390 serviendo,
1208 3341 1313 3378 non
1342 3336 1401 3380 ut
1428 3327 1552 3381 boni
1584 3327 1732 3395 ﬁant,
1761 3331 1854 3384 sed
1882 3338 1937 3383 ut
1971 3347 2029 3384 se
2058 3332 2153 3386 bo-

585 3424 685 3464 nos
712 3411 1017 3466 hominibus
1039 3416 1255 3483 litigant,
1287 3430 1382 3468 nec
1403 3404 1466 3468 :itl
1493 3418 1845 3486 recipiendam
1874 3423 2154 3489 sempiter-

586 3514 709 3553 nam
743 3502 1066 3568 mercedem,
1097 3503 1192 3557 sed
1216 3503 1280 3557 ad
1309 3508 1720 3573 comparandam
1752 3511 1971 3577 gloriam
2006 3521 2029 3548 °
2062 3529 2154 3581 po-

588 3594 858 3661 pularem:
892 3595 1164 3649 videamus
1192 3611 1331 3651 nunc
1359 3600 1549 3665 quibus
1583 3602 2002 3669 prtecedentibus
2027 3620 2155 3660 cau-

589 3683 665 3737 sis
686 3692 739 3737 et
761 3685 1209 3755 subsequentibus
1231 3688 1573 3745 incrementis
1601 3694 1745 3747 nasci
1774 3694 1981 3750 soleant
2006 3697 2152 3765 vitia,

590 3774 671 3828 vel
708 3776 922 3844 augeri;
965 3788 1017 3831 et
1053 3778 1265 3846 quibus,
1294 3781 1578 3851 adjuvante
1617 3782 1635 3820 ί
1672 3784 1800 3849 Deo,
1840 3795 1866 3832 8
1908 3789 2158 3845 remediis

591 3866 797 3935 possint
827 3870 966 3925 velut
1009 3871 1324 3941 quibusdam
1358 3874 1760 3934 medicamentis
1800 3878 2039 3936 imminui
2078 3882 2158 3938 vel

590 3970 789 4011 sanari.

663 4144 689 4171 η
719 4135 842 4215 H_:ec
869 4135 1088 4192 aberant
1117 4138 1184 4192 ab
1213 4138 1342 4215 edit.
1373 4139 1644 4215 Colonset
1676 4158 1804 4199 mss.
1830 4146 2009 4215 Regiis
2027 4148 2160 4204 duo-

593 4205 724 4285 bus;
758 4206 1204 4285 Iegnn_lur_autem
1237 4209 1287 4262 in
1322 4225 1453 4285 mss.
1478 4212 1630 4285 C_o_lb.
1663 4216 1850 4285 tribus,
1883 4205 1939 4271 εἴ
1963 4218 2156 4273 editio-

596 4274 752 4357 nibus
780 4275 969 4357 Llugdu
999 4277 1203 4357 Lovan.
1240 4288 1293 4357 et
1322 4280 1481 4357 Duae.
1518 4283 1614 4336 Ms.
1652 4284 1809 4357 _Colb.
1838 4274 2007 4349 'unus,
2040 4291 2162 4357 quia

592 4345 774 4422 et_ipsc
797 4344 965 4422 homo,
1000 4356 1050 4422 e_t_
1074 4350 1346 4422 secundum
1366 4352 1584 4422 seipsum
1614 4354 1750 4417 vivit,
1782 4357 1869 4422 qui
1886 4344 2161 4412 secundum

593 4414 818 4494 seipsum
847 4417 981 4496 vivit.
1015 4416 1172 4496 Forte
1204 4414 1514 4496 legendum:
1549 4423 1668 4489 quia
1692 4414 1749 4477 et
1776 4414 1882 4496 ipse
1907 4427 2057 4482 homo
2084 4438 2160 4483 est

595 4486 684 4555 qui
709 4486 980 4555 secundum
1004 4486 1221 4555 seipsum
1252 4489 1388 4541 vivit.

2252 3158 2333 3230 5),
2400 3167 2578 3213 certus
2610 3157 2750 3225 quod
2772 3165 2981 3225 recepta
3009 3156 3274 3223 superbia,
3310 3170 3429 3224 quae
3451 3164 3537 3209 est
3564 3154 3807 3209 malorum

2254 3248 2492 3303 omnium
2524 3263 2707 3315 causa,
2742 3247 2893 3307 facile
2920 3246 3029 3315 jam
3078 3255 3295 3315 peccata
3324 3246 3527 3313 omnia,
3566 3261 3684 3315 quae
3715 3258 3807 3297 non

2255 3342 2356 3396 nisi
2378 3339 2610 3409 superbo
2637 3334 3010 3407 concipiuntur
3037 3338 3234 3399 animo,
3271 3345 3621 3406 perpetraret.

2326 3430 2380 3484 2.
2424 3430 2553 3484 Hinc
2580 3438 2663 3483 est
2688 3428 2829 3498 quod
2870 3428 3009 3483 idem
3040 3429 3242 3496 primus
3271 3430 3431 3481 homo
3471 3424 3687 3494 superbi
3713 3423 3808 3493 spi-

2258 3521 2391 3575 ritus
2413 3520 2643 3574 elatione
2672 3530 2975 3588 corruptus,
3017 3535 3226 3573 omnem
3269 3519 3633 3589 p03teritatem
3674 3532 3807 3571 suam

2258 3626 2377 3677 quae
2422 3608 2475 3662 in
2516 3609 2606 3663 illo
2641 3608 2945 3663 radicaliter
2978 3609 3095 3672 fuit,
3132 3609 3431 3663 necessitati
3471 3606 3808 3677 corruptionis

2260 3716 2323 3754 ac
2361 3701 2696 3754 mortalitatis
2732 3700 2971 3755 addixit:
3004 3709 3060 3754 ιιι
3091 3700 3456 3770 corruptibilis
3494 3709 3548 3755 et
3592 3698 3807 3753 mortalis

2263 3791 2507 3858 ell'ectus,
2537 3792 2914 3861 corruptibiles
2944 3794 3302 3860 mortalesque
3332 3802 3640 3863 generaret;
3667 3802 3808 3857 atque

2268 3885 2337 3936 ita
2369 3882 2508 3951 quod
2538 3884 2590 3937 in
2618 3883 2708 3938 illo
2729 3893 2909 3952 egerat
2940 3884 3198 3951 pun'enda
3220 3883 3487 3952 superbia,
3511 3883 3563 3937 in
3584 3881 3807 3936 omnibus

2268 3989 2333 4029 ex
2360 3974 2450 4027 illo
2473 3974 2610 4028 natis
2630 3974 2833 4043 peccati
2856 3974 3007 4029 ﬁeret
3032 3984 3055 4010 υ
3081 3989 3254 4044 poma.
3280 3975 3343 4028 Et
3371 3984 3643 4043 propterea
3664 3984 3689 4023 ι’
3714 3986 3805 4026 non

2261 4163 2306 4208 et
2328 4152 2447 4207 bibit
2468 4153 2670 4222 quando
2690 4160 2737 4205 et
2766 4154 2900 4220 quod
2922 4153 3048 4218 vult,
3078 4161 3125 4207 et
3152 4161 3397 4223 quantum
3436 4153 3576 4220 vult;
3604 4153 3721 4207 ridet
3745 4166 3800 4203 ac

2263 4224 2482 4293 loquitur
2507 4223 2638 4293 inter
2661 4239 2786 4291 quos
2815 4223 2939 4275 vult.

2342 4303 2362 4330 ε
2398 4293 2493 4346 Ms.
2517 4292 2982 4356 Camberonensis,
3007 4302 3055 4345 et
3079 4292 3280 4345 illicita.

2334 4361 2361 4398 ά
2391 4363 2519 4416 Mss.
2547 4369 2655 4416 tres
2675 4363 2848 4420 Colb..
2880 4378 2943 4415 ea:
2970 4364 3063 4417 Dei
3079 4362 3355 4417 voluntate.

2339 4442 2362 4469 ο
2396 4434 2517 4487 Mss.
2542 4432 2670 4495 duo,
2700 4434 3012 4486 saecularem.

2343 4501 2361 4541 ί
2397 4503 2522 4557 Mss.
2547 4516 2661 4567 sex,
2696 4502 2933 4555 Domino.

669 4552 696 4642 ξ’
726 4554 1009 4642 ᾔεξ,τ,ῐὶςθξ;
1043 4552 1350 4642 dummcqlb.
1370 4569 1616 4642 filiaiam,
1644 4572 1705 4642 et.
1726 4565 1990 4629 Camber.,
2013 4568 2147 4635 joca.

2243 4579 2246 4605 ν
2342 4581 2366 4616 κ
2394 4572 2491 4626 Ms.
2526 4552 2677 4625 Colli.
2701 4586 2855 4642 unus,
2885 4572 3117 4626 remediis
3148 4573 3339 4640 possint
3364 4571 3591 4626 imminui
3626 4570 3694 4623 vel
3724 4585 3799 4621 sa-

928 4624 1338 4715 lg’tqtlttr."l‘ptus
1369 4627 1454 4682 hic
1482 4623 2147 4715 liicusndiversimode'legi

2268 4644 2403 4715 nari.
2425 4642 2523 4715 Ms.
2556 4642 2691 4694 alter
2710 4623 2884 4715 Colb.,
2911 4623 3352 4715 rentediis'passint
3365 4623 3627 4705 imminui,
3645 4651 3684 4694 et
3701 4643 3773 4707 qui
3786 4667 3797 4675 -

603 4700 690 4743 tur
716 4691 767 4744 in
798 4706 925 4771 mss.
951 4693 1186 4771 qubert.
1221 4695 1274 4771 in
1319 4712 1424 4749 uno
1464 4699 1574 4771 sic:
1612 4701 1712 4765 Qui
1749 4705 1793 4757 si
1842 4708 2021 4768 poterit
2059 4691 2166 4762 esse

602 4774 718 4842 cum
744 4760 923 4842 quibus
947 4761 1072 4842 vult,
1103 4765 1298 4842 pergit;
1324 4770 1541 4842 quando
1569 4760 1671 4821 vult
1705 4760 1921 4842 dormit,
1959 4760 2167 4842 quando

602 4837 650 4880 et
676 4830 899 4909 quandiu
923 4833 1430 4909 rult_loquitnr,qutv
1458 4839 1561 4889 vult
1587 4849 1632 4891 et
1661 4841 1743 4893 ubi
1764 4845 1867 4895 vult
1893 4830 2166 4899 mandarat

603 4912 667 4977 ac
697 4898 1071 4978 bibitpquando
1101 4898 1144 4954 et
1172 4898 1461 4978 quod-vult.
1489 4916 1536 4959 et
1556 4920 1797 4975 quantum
1822 4914 1926 4965 vult
1952 4898 2167 4969 ridetac

606 4973 806 5051 iocatur
844 4973 973 5051 inter
999 4973 1271 5051 quos‘vull.
1316 4973 1367 5051 l_n
1410 4973 1643 5051 secundo
1668 4980 1817 5051 :iQui
1849 4983 1891 5034 si
1927 4986 2167 5051 potuerit,

602 5045 681 5091 est
710 5052 820 5119 cum
849 5040 1025 5119 quibus
1049 5041 1175 5119 vult,
1208 5045 1366 5119 pergit
1395 5048 1639 5119 quovult,
1673 5040 1857 5102 dormit
1886 5040 2090 5119 quando
2121 5040 2168 5108 el

606 5108 985 5190 quandituvult,
1005 5121 1059 5190 ,ει
1085 5112 1168 5164 ubi
1188 5108 1331 5190 vult}
1367 5108 1638 5190 nianducal
1665 5128 1710 5171 et
1746 5120 1866 5173 bibit
1892 5108 2094 5190 quando
2122 5135 2170 5178 et

602 5177 906 5258 quod_vult;
934 5180 1063 5258 ridet
1101 5190 1149 5234 et
1182 5184 1531 5258 ioratur_inter
1564 5202 1687 5255 quos
1728 5190 1854 5243 vult.
1886 5177 1936 5244 lit
1972 5177 2167 5247 tertio:

605 5252 695 5327 qui
723 5252 1026 5327 sipotncri},
1059 5260 1131 5303 est
1158 5268 1270 5303 cum
1302 5254 1491 5327 quibus
1535 5252 1662 5327 vult,
1696 5262 1855 5327 pergit
1892 5279 1989 5326 quo
2024 5264 2170 5327 vult;

547 5318 557 5340 ⁴
605 5316 901 5397 ἀρτηιὲιιᾳιι·
924 5320 1037 5397 ηάο¹
1063 5331 1111 5373 et
1138 5322 1381 5397 quandiu
1409 5325 1549 5390 vult;
1582 5316 1807 5395 loquitur,
1827 5316 1941 5397 quia
1974 5334 2075 5385 vult
2122 5316 2171 5386 ei

608 5387 694 5438 ubi
720 5387 841 5449 vult,
886 5387 1164 5465 manducal
1193 5400 1239 5444 el
1282 5394 1401 5465 bilit
1434 5387 1656 5464 quando.
1685 5410 1734 5453 et
1774 5387 1910 5465 quod
1950 5403 2082 5456 vult:
2119 5412 2168 5456 et

606 5465 1049 5540 quantumcunque
1077 5461 1184 5514 vult
1217 5464 1345 5517 ridet
1370 5461 1583 5540 ac'joca
1606 5485 1686 5531 ur,
1718 5461 1822 5524 etc.
1855 5471 1908 5523 In
1936 5482 2124 5539 quarto
2148 5490 2160 5525 :

605 5539 693 5588 qm
730 5536 1041 5608 st_potuerit_,
1067 5541 1146 5608 est
1168 5546 1282 5584 cum
1318 5536 1496 5608 quibus
1524 5540 1648 5605 vult,
1681 5541 1865 5593 dormit
1890 5536 2092 5608 quando
2117 5552 2163 5596 et

606 5598 832 5658 quandiu
857 5598 983 5667 vult,
1005 5600 1232 5673 loquitur
1256 5598 1368 5672 qua:
1398 5607 1499 5659 vult
1525 5619 1571 5661 et
1607 5598 1690 5663 ubi
1724 5610 1850 5674 vult,
1894 5598 2162 5667 manducet

2270 4714 2363 4765 bus
2393 4712 2764 4765 medicamentis
2793 4713 2986 4764 sanari.

2339 4778 2369 4817 ιι
2402 4783 2523 4835 Mss.
2557 4796 2766 4848 omnes,
2793 4782 2889 4834 hoc
2908 4782 3207 4850 capitulum.

2348 4850 2361 4887 ¹
2400 4852 2527 4905 Mss.
2556 4852 2661 4905 duo
2684 4851 2814 4918 Reg.
2846 4852 3047 4905 addunt
3073 4851 3305 4906 caelestis.

2344 4920 2357 4970 ι
2390 4922 2513 4975 Mss.
2545 4930 2673 4986 tres,
2693 4938 2813 4991 quas
2833 4922 2985 4974 vitia:
3002 4922 3053 4975 in
3074 4938 3297 4988 qunrum
3321 4936 3427 4979 uno
3450 4921 3517 4975 ab
3541 4921 3638 4975 alia
3658 4929 3793 4973 manu

2268 5000 2565 5046 correctum
2590 5001 2691 5055 est,
2717 5006 2841 5060 quas
2869 5007 3047 5044 causas
3075 4993 3218 5046 vitia.

2343 5060 2367 5098 ιι
2394 5061 2518 5115 Mss.
2548 5061 2704 5116 Colb.
2736 5071 2866 5123 tres,
2896 5062 3170 5127 audiatur;
3193 5077 3347 5128 unus,
3374 5062 3664 5116 suadentur.

2346 5129 2361 5169 ¹
2394 5131 2489 5184 Ms.
2513 5147 2668 5194 unus,
2697 5146 2795 5183 non
2815 5131 2911 5183 hoc
2932 5147 2963 5183 α
2990 5147 3084 5184 me.

2340 5210 2380 5236 π’
2403 5202 2500 5254 Ms.
2536 5202 2663 5270 Reg.
2695 5213 2852 5264 unus,
2882 5218 3028 5254 omne
3053 5213 3307 5267 peccatum
3337 5203 3464 5257 nihil
3494 5201 3649 5256 aliud.

2341 5279 2369 5307 ιι
2522 5284 2676 5344 ιιιιιιε3
2711 5271 2952 5324 vitium...
2978 5273 3221 5342 superbia:
3240 5275 3467 5344 ingessit.

2343 5347 2367 5375 ο
2400 5343 2493 5394 Ms.
2526 5338 2737 5404 Catnb.,
2764 5357 2937 5395 causa.

2342 5419 2368 5458 P
2396 5410 2493 5465 Ms.
2526 5410 2654 5479 Reg.
2682 5425 2839 5475 unus,
2864 5427 2963 5463 non
2984 5412 3235 5479 quomodo
3246 5417 3362 5482 jam
3382 5413 3630 5477 volumus,
3648 5421 3798 5478 possit-

2271 5495 2380 5532 tnus
2402 5492 2606 5549 peccato
2636 5483 2881 5553 resistere,
2910 5482 3041 5534 sicut
3062 5483 3149 5534 ille
3176 5481 3338 5551 potuit
3397 5484 3494 5540 Ms.
3527 5483 3648 5553 Reg.
3672 5481 3799 5539 alter,

2270 5566 2370 5603 non
2399 5551 2770 5619 quodammodo
2782 5554 2894 5622 jam
2924 5566 3208 5618 pessumus,
3236 5561 3340 5607 etc.
