4024 6176
240 288 343 343 ιη

1270 286 1357 343 DE
1402 287 1554 344 VITA
1596 283 2173 343 CONTEMPLATIVA
2215 290 2341 345 LIB.
2383 289 2470 345 Ill.

3388 290 3490 345 478

236 421 301 461 eo
333 403 497 458 modo
542 402 651 472 jam
679 415 966 472 possumus
1002 409 1223 470 peccato
1261 402 1515 455 resistere
1555 400 1692 454 sicut
1736 399 1823 453 ille
1851 403 1901 462 Α
1928 399 1995 454 ab
2025 398 2086 468 it)
2110 401 2178 455 de
2205 401 2531 457 sublimitate
2558 400 2814 471 propositi
2844 402 2922 456 sui
2947 402 3000 457 in
3030 414 3346 457 consensum
3372 418 3493 472 pec-

237 494 435 563 potuit,
456 503 483 531 ι
509 494 594 549 cui
626 492 757 548 nihil
781 493 923 546 aliud
958 491 1053 545 fuit
1075 506 1184 545 non
1213 505 1435 560 peccare
1466 504 1623 557 quam
1656 490 1817 543 nol'e.

237 584 405 640 Nobis
425 594 604 639 autem
634 582 1179 653 irreprehcnsibiliter
1209 584 1389 636 vivere
1414 582 1551 636 velle
1578 595 1679 633 non
1708 578 1819 633 suf-

238 677 375 741 ﬁcit,
407 676 512 730 nisi
543 675 721 742 ipsum
753 674 889 728 velle
916 684 1177 741 host-um,
1219 673 1357 740 quod
1388 672 1628 740 languida
1654 670 1823 739 possi-

238 768 453 823 bilitate
483 767 681 831 deficit,
714 766 893 821 divina
918 768 1088 819 virtus
1118 767 1401 833 adiuverit.
1428 764 1557 831 Quia
1582 764 1727 817 illum
1755 762 1819 815 ad

238 875 349 914 non
382 857 712 929 peccandum
739 858 897 910 etiam
925 858 1111 920 juvare
1139 864 1343 924 poterat
1374 854 1547 907 adhuc
1571 867 1696 906 sana
1731 867 1821 905 na-

241 959 387 1013 tura,
417 947 446 986 ιι
480 963 577 1001 nos
597 947 706 1017 jam
740 947 959 1015 impedit
987 945 1167 999 vitiata
1195 962 1209 1007 ;
1242 954 1296 999 et
1324 944 1470 998 illum
1495 956 1716 1011 peccare
1741 943 1819 995 te-

237 1041 312 1095 cit
341 1039 456 1094 sola
490 1038 744 1107 peccandi
770 1048 793 1075 ο
818 1037 1088 1099 voluntas,
1112 1052 1210 1089 nos
1237 1037 1395 1089 etiam
1424 1033 1565 1102 cogit
1596 1033 1824 1101 plerum-

236 1145 347 1199 que
372 1128 400 1166 ά
432 1128 636 1197 peccati
660 1128 770 1196 jam
798 1128 935 1181 facta
964 1128 1277 1182 necessitas.
1306 1124 1535 1195 Propter
1552 1125 1690 1193 quod
1715 1124 1823 1177 Deo

236 1221 544 1276 clamamus
569 1228 627 1273 et
650 1219 919 1274 dicimus:
954 1219 1029 1273 De
1054 1219 1433 1273 necessitatibus
1455 1218 1578 1270 meis
1613 1225 1635 1252 θ
1668 1216 1824 1270 libera

238 1327 322 1364 me
352 1308 531 1378 (Psal.
563 1324 709 1373 xxiv,
740 1306 851 1377 l7).
886 1312 960 1362 Ac
990 1309 1067 1363 sic
1098 1308 1217 1362 ideo
1250 1306 1491 1360 fortassis
1527 1305 1657 1359 dicit
1683 1305 1827 1359 Scri-

238 1411 403 1471 plura
437 1401 635 1465 divitia,
669 1399 881 1453 Initium
910 1399 1073 1453 omnis
1098 1400 1289 1470 pecca'i
1316 1395 1550 1466 superbia
1570 1397 1738 1463 (Eccl.
1765 1412 1824 1460 χ,

241 1491 373 1557 15);
407 1490 550 1559 quod
592 1492 701 1556 ipsa
732 1491 1007 1558 prtecessit
1044 1488 1095 1542 in
1125 1488 1359 1549 diabolo,
1391 1496 1446 1540 et
1481 1488 1499 1527 ί
1529 1502 1622 1555 per
1651 1486 1824 1555 ipsv'tn

237 1582 541 1636 subversus
582 1586 665 1633 est
705 1578 886 1640 homo,
928 1578 995 1630 de
1035 1592 1140 1644 quo
1189 1577 1317 1630 dict
1357 1577 1682 1643 Apostolus:
1725 1575 1827 1629 Per

238 1688 407 1725 unum
453 1670 709 1723 hominem
742 1677 1000 1737 peccatum
1047 1669 1252 1720 intravit
1280 1668 1336 1720 in
1370 1668 1636 1731 mundum,
1662 1674 1708 1717 et
1741 1682 1827 1727 per

1924 492 2029 545 cati
2059 491 2333 560 dejeccrit.

2535 579 2759 636 CAPUT
2797 579 2882 635 111.

1927 695 2079 763 Quod
2106 696 2367 765 superbia,
2412 711 2475 749 ea:
2501 712 2602 763 qua
2629 695 2910 763 procedunt
2937 696 3103 747 omnia
3133 695 3291 762 mala,
3323 695 3493 747 hum:-

1994 767 2152 818 litatis
2189 766 2371 818 virtute
2397 768 2664 837 vincatur;
2703 776 2764 837 et_
2792 766 2961 817 omnia
2999 765 3117 820 vitia
3157 775 3276 819 tunc
3315 766 3495 837 fugata

1993 837 2281 905 depereant,
2319 837 2361 888 si
2382 835 2646 888 virtutibus
2673 833 2878 887 cedant.

1995 947 2047 1000 1.
2089 946 2317 1000 Proinde
2350 947 2393 1001 si
2426 946 2673 1015 superbia
2701 954 2785 1000 est
2820 945 3026 1000 initium
3060 945 3234 1000 omnis
3269 946 3491 1014 peccati,

1924 1044 1978 1088 et
2019 1036 2445 1103 concupiscentia
2486 1051 2642 1105 paena
2679 1037 2905 1105 peccati,
2956 1053 3059 1089 non
3116 1047 3286 1103 potest
3340 1037 3496 1090 aliter

1926 1124 2060 1178 vinci
2098 1126 2529 1194 concupiscentia
2562 1126 2772 1192 vitiosa,
2812 1126 2910 1180 nisi
2949 1128 3093 1195 prius
3121 1137 3373 1180 caveatur
3400 1127 3496 1179 liu-

1926 1215 2167 1270 militatis
2194 1217 2388 1271 virtute
2412 1218 2674 1286 supetbia,
2707 1233 2824 1286 qua:
2847 1216 2962 1286 ejus
2983 1227 3064 1272 est
3094 1217 3324 1271 inimica.
3345 1225 3370 1253 ο
3396 1216 3498 1270 Su-

1928 1307 2086 1374 perba
2121 1307 2363 1360 voluntas
2394 1307 2518 1360 facit
2546 1308 2637 1361 Dei
2664 1316 2923 1377 prmeepta
2953 1307 3243 1374 contemni,
3274 1317 3300 1355 P
3324 1294 3506 1360 humi?

1928 1398 2049 1452 Iitas
2075 1398 2353 1452 custodiri.
2388 1397 2643 1467 Superbia
2666 1413 2730 1452 ex
2768 1398 2969 1468 angelis
2994 1399 3262 1453 daunones
3293 1408 3317 1447 tt
3348 1397 3494 1463 fecit,

1929 1489 2200 1542 humilitas
2240 1488 2483 1542 homines
2525 1489 2724 1542 sanctis
2770 1490 2971 1557 angelis
3014 1489 3214 1544 similes
3247 1499 3268 1526 τ
3300 1490 3495 1544 reddit.

1929 1580 2019 1635 Illa
2068 1581 2300 1635 rebelles
2344 1589 2365 1615 ⁸
2393 1581 2608 1634 diabolo
2640 1580 2880 1635 subditos
2928 1581 3069 1646 facit,
3115 1582 3228 1636 litec
3271 1580 3499 1635 humiles

1927 1676 2139 1731 Christo
2167 1676 2460 1743 coniungit.
2489 1676 2716 1745 Superbi
2750 1676 2969 1743 cupiunt
3007 1677 3022 1711 ι
3051 1677 3102 1729 in
3132 1690 3190 1728 se
3224 1676 3361 1742 quod
3392 1690 3497 1729 non

237 1771 511 1830 peccatum
541 1775 695 1822 mors,
720 1767 766 1811 et
800 1759 870 1810 ita
899 1759 951 1810 in
990 1774 1159 1811 omnes
1182 1758 1407 1811 hont'nes
1431 1756 1743 1827 pertransiit,
1772 1755 1823 1807 in

1933 1766 2127 1820 faciunt
2162 1766 2439 1832 praedicari
2471 1782 2485 1829 ;
2518 1765 3042 1835 humilesrel‘ugiunt
3085 1764 3340 1833 quidquid
3374 1764 3499 1818 boni

235 1867 345 1922 quo
373 1865 551 1903 omnes
577 1858 901 1917 peccaverunt
933 1845 1111 1914 (Rom.
1143 1862 1195 1910 v,
1223 1845 1335 1907 12).

311 1943 367 1997 5.
398 1939 663 1996 Caeterum
697 1953 810 2004 nos,
839 1940 925 2005 qui
953 1940 1124 2007 primo
1145 1937 1361 1991 homine
1392 1946 1668 2004 peccante,
1699 1950 1826 2004 pec-

236 2033 512 2094 cavimus,
546 2045 652 2084 non
681 2030 733 2083 in
762 2040 939 2083 nostra
970 2039 1215 2095 separata
1238 2030 1346 2098 jam
1372 2029 1499 2092 vita,
1521 2028 1613 2082 sed
1642 2028 1692 2081 in
1714 2028 1828 2094 ejus

235 2132 461 2184 natura,
488 2130 513 2167 ε
543 2121 598 2173 in
629 2134 729 2187 qua
774 2119 990 2181 luimus,
1025 2114 1053 2154 ιι
1085 2127 1140 2173 et
1171 2120 1565 2187 corruptionem
1598 2119 1737 2172 velut
1765 2119 1829 2170 de

236 2212 430 2267 radice
459 2211 724 2279 superbiae
753 2208 943 2263 morbo
976 2208 991 2244 ί
1021 2219 1289 2277 corrupta:
1315 2208 1700 2269 contraximus,
1726 2209 1740 2257 t
1777 2217 1831 2260 et

238 2301 297 2356 in
325 2301 447 2370 ipsa
477 2298 822 2368 corruptione
865 2307 1045 2352 nostra
1068 2314 1255 2353 omnes
1280 2308 1616 2368 peccatorum
1643 2313 1830 2351 causas

240 2393 548 2447 habemus:
583 2390 667 2459 qui
700 2405 802 2443 non
831 2390 1205 2458 corruptibiles
1229 2391 1493 2445 efﬁcimur
1512 2392 1631 2458 quia
1665 2388 1688 2426 ¹ί
1710 2404 1830 2457 pec-

239 2496 461 2545 camus;
487 2480 579 2535 sed
606 2482 727 2549 quia
750 2479 1121 2548 corruptibiles
1148 2497 1351 2542 sumus,
1372 2496 1530 2534 omne
1556 2488 1828 2548 peccatum

239 2588 312 2628 ex
344 2573 465 2641 ipsa
495 2571 836 2640 corruptione
866 2579 1047 2625 nostra
1070 2573 1477 2626 committimus.
1511 2571 1717 2623 Primus
1738 2585 1830 2623 au-

240 2672 353 2716 tem
390 2662 555 2715 homo
591 2676 696 2715 non
741 2660 860 2713 ideo
888 2663 1127 2729 peccavit
1162 2662 1280 2729 quia
1313 2660 1672 2728 ctirruptibilis
1716 2659 1829 2724 fuit,

241 2752 346 2809 sed
374 2767 501 2807 cum
534 2752 870 2821 incorruptus
899 2763 1062 2816 esset,
1091 2755 1323 2821 scipsum
1358 2753 1623 2820 peccando
1649 2765 1833 2805 corru—

243 2843 347 2911 pit,
371 2850 429 2896 et
452 2844 849 2909 corruptionem
883 2858 1033 2897 suam
1062 2842 1112 2897 in
1143 2858 1240 2898 nos
1259 2844 1634 2912 propagatione
1662 2852 1835 2897 trans-

237 2931 410 3002 jecit;
441 2939 499 2986 et
525 2931 722 2985 idcirco
754 2933 823 2985 ibi
857 2930 875 2968 1
908 2932 1059 2986 nobis
1087 2932 1377 2987 auferenda
1404 2942 1485 2986 est
1506 2942 1609 2986 tota
1637 2942 1835 2986 morta-

243 3023 398 3089 litas,
430 3022 712 3090 omnisque
741 3023 1037 3091 corruptio,
1066 3038 1183 3083 quae
1229 3023 1365 3075 facta
1395 3032 1479 3078 est
1508 3039 1570 3078 ex
1597 3033 1832 3092 peccato,

1928 1864 2216 1922 Operautur
2259 1855 2498 1923 agnosci.
2540 1863 2568 1890 υ
2609 1855 2681 1907 1111
2714 1856 2837 1908 vitia
2879 1869 2971 1907 sua
3016 1869 3045 1907 a
3084 1869 3142 1908 se
3179 1853 3496 1919 alienando,

1932 1943 2335 2012 perversitatem
2368 1957 2478 1995 suae
2506 1943 2794 2027 voluntatis
2819 1951 3102 2007 excusant,
3134 1951 3187 1997 et
3232 1944 3366 1996 bona
3404 1957 3499 1997 sua

1929 2036 2039 2089 Suis
2064 2035 2263 2088 viribus
2291 2035 2613 2103 dcputaudo,
2644 2034 2957 2102 semetipsos
2991 2033 3215 2100 turpiter
3248 2029 3492 2102 jactant;

1930 2122 2038 2187 isti,
2086 2125 2130 2175 si
2161 2138 2262 2190 qua
2308 2130 2520 2188 peccata
2572 2122 2951 2186 commiserint,
2987 2121 3282 2173 voluntarie
3328 2121 3497 2173 oeuli-

1932 2213 2092 2266 tendo
2118 2215 2433 2279 semetipsos
2461 2223 2744 2274 accusant;
2773 2223 2824 2265 et
2845 2212 3019 2265 omnia
3045 2212 3179 2264 bona
3208 2226 3300 2265 sua
3322 2210 3500 2266 divino

1932 2307 2137 2359 muneri
2172 2306 2496 2373 deputamlo,
2530 2305 2694 2358 Deum
2735 2304 2933 2373 jugiter
2977 2303 3212 2357 laudant.
3254 2302 3500 2370 Quapro-

1932 2405 2049 2465 pter
2071 2396 2114 2449 si
2144 2398 2308 2450 virtus
2333 2405 2360 2433 ν
2378 2410 2481 2449 non
2512 2394 2715 2448 habitat
2738 2395 2788 2448 in
2816 2395 2993 2448 animo
3015 2393 3227 2459 vitioso,
3252 2394 3497 2461 superbia

1935 2486 2250 2539 humilitatis
2282 2494 2307 2521 κ
2336 2485 2491 2539 cedat
2533 2485 2785 2552 imperio;
2840 2485 2962 2553 quia
3002 2498 3104 2538 nou
3146 2494 3315 2552 po:est
3352 2500 3502 2538 meus

1936 2591 2154 2644 regnum
2192 2585 2219 2623 γ
2255 2575 2450 2629 habere
2477 2576 2751 2641 virtutum,
2778 2575 2877 2628 nisi
2915 2575 3060 2644 prius
3088 2574 3269 2644 jugum
3308 2588 3503 2629 excus-

1934 2669 2064 2721 serit
2103 2666 2373 2721 vitiorum.
2404 2665 2553 2718 Tunc
2609 2664 2749 2718 enim
2788 2664 2916 2718 vitia
2959 2673 2981 2699 ²
3021 2662 3245 2718 ﬁdeliter
3280 2663 3503 2729 expulsa

1933 2755 2231 2817 discedunt,
2258 2763 2314 2791 ⁸⁸
2331 2755 2374 2807 si
2397 2753 2678 2807 virtutibus
2698 2753 2907 2807 cedant.
2935 2753 3179 2821 Alioquin
3200 2752 3279 2805 vel
3296 2750 3352 2789 δι’
3379 2751 3505 2806 sub-

1935 2844 2117 2899 sidunt
2165 2842 2231 2897 ad
2263 2852 2470 2911 tempus
2498 2842 2690 2910 ejecta,
2719 2841 2800 2895 vel
2839 2842 3097 2896 redeunt:
3146 2841 3245 2894 nisi
3284 2840 3505 2894 virtutes

1938 2934 1992 2988 in
2024 2934 2155 2987 locis
2185 2933 2457 2996 vitiorum,
2483 2947 2601 2999 quae
2629 2931 2827 2985 fuerint
2856 2930 3095 3000 depulsa,
3127 2930 3499 2984 successerint.

2010 3026 2065 3078 2.
2107 3026 2440 3093 Quapropter
2470 3024 2643 3092 pietas
2669 3024 2722 3077 in
2752 3023 2906 3077 nobis
2933 3022 3232 3077 crudelitati
3264 3023 3501 3086 resistat,

243 3114 339 3168 ubi
370 3114 578 3167 erimus
618 3114 734 3167 sine
767 3114 873 3167 ullo
904 3123 1150 3183 peccato;
1187 3116 1272 3168 hic
1300 3130 1424 3170 vero
1457 3116 1544 3170 ubi
1585 3132 1688 3170 non
1723 3116 1830 3184 jam
1862 3104 1905 3166 C
1937 3117 2070 3172 iram
2101 3116 2353 3185 patientia
2392 3114 2606 3169 fundata
2643 3124 2910 3176 coerceat,
2942 3111 3191 3180 pudicitia
3231 3112 3504 3165 libidinem

244 3213 441 3257 sanata
471 3213 576 3269 est,
607 3203 699 3257 sed
730 3204 900 3259 adhuc
946 3214 1164 3259 sanatur
1201 3215 1239 3241 ω
1266 3220 1359 3273 per
1386 3208 1606 3273 gratiam
1653 3217 1830 3260 nostra

245 3304 471 3358 statuta,
506 3309 621 3362 qua:
646 3294 905 3346 inﬁrmata
931 3303 1012 3348 est
1039 3309 1131 3362 per
1169 3295 1402 3361 culpam;
1429 3296 1528 3363 piis
1556 3296 1833 3350 conatibus

246 3386 461 3440 nostris
500 3385 700 3440 resistit
741 3388 852 3455 ipsa
883 3388 1313 3454 concupiscentia
1346 3389 1559 3451 vitiosa,
1606 3402 1709 3441 non
1742 3402 1835 3441 na-

247 3474 475 3537 turalis,
492 3476 582 3527 sed
607 3484 807 3529 natura:
831 3487 1027 3530 nostra:
1052 3477 1213 3530 indita
1232 3478 1575 3545 pteualiteret
1604 3478 1829 3532 inserta:

247 3580 373 3634 qua:
407 3575 629 3633 peccato
662 3567 796 3620 facta
830 3579 931 3631 est,
963 3578 1015 3622 et
1046 3579 1343 3637 peccatum,
1382 3572 1424 3623 si
1448 3572 1654 3634 vicerit,
1689 3571 1833 3623 facit.

249 3654 431 3720 Quam
464 3655 607 3721 licet,
640 3658 869 3725 quandiu
909 3660 1205 3716 mortaliter
1250 3660 1492 3727 vivimus,
1523 3661 1834 3727 habeamus,

250 3760 362 3799 ltOll
393 3760 513 3799 eam
546 3757 721 3802 tamen
754 3750 928 3803 studio
965 3761 1164 3807 nostra:
1189 3755 1473 3808 voluntatis
1504 3754 1833 3824 adjuvetuus,

253 3842 283 3870 ιι
314 3844 376 3889 et
406 3836 700 3892 vincimus:
725 3842 973 3908 quoniam
1006 3858 1109 3895 non
1142 3858 1258 3897 eam
1286 3847 1337 3897 in
1361 3847 1513 3899 nobis
1535 3847 1832 3914 sentiendo,

251 3924 353 3977 sed
389 3924 439 3977 ei
480 3930 885 3996 consentiendo,
934 3946 1247 3999 peccamus;
1286 3949 1388 3988 nec
1426 3935 1536 4003 ipsa
1568 3938 1746 3990 statim
1783 3947 1839 3991 ut

253 4028 363 4068 nos
393 4014 687 4083 pulsaverit
714 4020 898 4091 vincit,
923 4022 1017 4077 sed
1057 4023 1100 4077 si
1146 4033 1376 4079 mentem
1409 4035 1643 4081 nostram
1674 4027 1836 4099 (quod

337 4273 366 4339 ξ
526 4263 679 4339 Colb.
706 4281 862 4331 unus,
895 4268 978 4336 qui
1008 4285 1105 4322 non
1133 4278 1382 4339 peccaret.
1416 4270 1460 4322 si
1488 4269 1664 4322 nollet.

334 4334 367 4372 δ
393 4337 500 4408 Ms.
535 4334 687 4389 Colb.
716 4352 872 4408 unus,
901 4334 1014 4407 qua:
1042 4334 1261 4408 nos'iam
1291 4341 1499 4406 impedit
1521 4342 1714 4392 vitiata.
1745 4340 1845 4394 Ms.

266 4403 474 4473 Regius
505 4420 659 4469 unus,
688 4403 922 4474 impellit.
958 4408 1078 4471 Alii,
1125 4403 1373 4479 iihpulit.‘
1405 4411 1459 4463 ln
1505 4425 1609 4463 uno
1648 4412 1716 4464 ab
1745 4411 1849 4465 alia

267 4489 460 4540 manu,
486 4479 599 4545 jam
630 4493 729 4529 non
759 4487 921 4545 potest
948 4479 1143 4532 vitiata.

344 4554 370 4618 ξ
397 4545 469 4618 [ta
500 4560 628 4618 mss.
652 4560 763 4599 sex.
794 4547 951 4611 Editi,
976 4549 1243 4614 voluptas;
1265 4550 1314 4600 in
1340 4564 1440 4603 ms.
1465 4564 1589 4609 uno,
1616 4549 1850 4618 faciebat.

343 4611 373 4649 ἀ
402 4615 500 4689 Ms.
532 4615 687 4683 Reg.,
711 4618 902 4683 peccati
921 4619 1033 4687 jam
1065 4611 1364 4688 facti.iMss.
1394 4619 1544 4674 Colb.
1576 4611 1705 4687 duo,
1730 4637 1851 4689 pec-

268 4688 431 4737 candi
500 4703 560 4736 rm
590 4689 747 4751 facta.

347 4763 373 4825 ἢ
400 4756 499 4809 Ms.
533 4771 686 4819 unus,
718 4757 852 4825 eripe
879 4772 973 4811 me.

352 4823 375 4862 ί
412 4827 539 4879 Mss.
567 4825 672 4879 duo
702 4823 966 4891 Colbert.,
998 4843 1085 4896 per
1107 4827 1293 4894 ipsum.

352 4904 381 4941 κ
413 4896 538 4948 Mss.
564 4906 810 4961 quatuor,
842 4897 893 4948 in
919 4913 1017 4963 qua
1045 4899 1235 4959 fuimus
1271 4897 1356 4949 ille
1384 4912 1536 4951 unus.
1566 4896 1665 4951 Ms.
1696 4897 1855 4960 alter,

272 4971 329 5050 ξπ
358 4983 463 5034 qua
502 4981 677 5018 sumus
717 4966 793 5017 illi
831 4982 982 5019 unus.
1027 4967 1123 5020 Ms.
1166 4967 1322 5029 alius,
1363 4968 1413 5019 in
1449 4983 1549 5036 qua
1588 4969 1778 5035 fuimus
1809 4983 1860 5020 in

366 5053 394 5085 ο
420 5050 574 5087 unus.

273 5054 384 5143 ,ωλι
411 5106 510 5159 Ms.
533 5120 671 5157 unus
695 5104 889 5158 omittit
921 5114 990 5165 et,
1023 5103 1162 5174 quod
1198 5105 1420 5160 habetur
1450 5107 1501 5159 in
1544 5105 1660 5159 aliis
1683 5106 1860 5160 omni-

276 5178 403 5233 bus.
436 5175 536 5229 Ms.
566 5174 774 5238 Camb.,
797 5176 935 5228 illius
962 5175 1189 5243 corrupti
1210 5177 1606 5242 corruptionem.

362 5245 379 5283 ί
412 5245 499 5299 Sic
527 5260 653 5298 mss.
688 5261 813 5309 sex;
843 5260 979 5299 unus
1016 5259 1163 5309 vero,
1196 5248 1439 5315 corrupti.
1483 5244 1626 5321 Editi
1653 5258 1860 5313 omnes,

279 5324 600 5375 conceptam.

361 5387 376 5435 i
418 5385 578 5438 Deest
602 5394 647 5436 et
676 5384 726 5437 in
755 5400 886 5437 mss.
911 5384 1142 5438 duobus.

359 5454 383 5524 ξ
417 5455 515 5507 Ms.
548 5469 701 5517 unus,
737 5456 1084 5521 peccavimus;
1112 5452 1309 5507 rectius
1334 5453 1447 5521 alii,
1473 5470 1757 5524 peccamus.

366 5523 385 5562 1
420 5524 520 5578 Ms.
547 5524 752 5586 unicus,
781 5541 811 5575 a
840 5526 1001 5577 nobis.

363 5606 401 5630 ιη
427 5595 553 5648 llaec
576 5594 756 5658 verba,
798 5610 883 5661 per
912 5596 1150 5661 gratiam,
1182 5594 1372 5649 absunt
1407 5592 1490 5646 hic
1519 5608 1547 5645 a
1585 5608 1713 5647 mss.
1746 5608 1861 5648 sex.

288 5666 416 5721 Iiss.
454 5679 582 5720 vero
599 5662 781 5721 Camb.
808 5673 863 5718 et
884 5662 1031 5720 Colb.
1054 5673 1285 5733 quatuor
1310 5664 1388 5720 sic
1418 5663 1643 5719 habcut:
1676 5667 1763 5718 sed
1784 5682 1865 5717 sa-

1935 3209 2136 3275 viucat,
2155 3208 2544 3261 animositatem
2570 3204 2920 3273 tranquillitas
2945 3203 3114 3270 tollat,
3133 3204 3505 3258 verbositatem

1937 3301 2267 3354 taciturnitas
2285 3299 2554 3352 moderata
2573 3306 2897 3365 compescat,
2914 3296 3197 3350 delectatio
3217 3293 3509 3363 spiritualis

1938 3391 2202 3447 desideria
2230 3391 2459 3445 carnalia
2504 3390 2807 3453 imminuat,
2840 3388 3176 3443 abstinentia:
3212 3389 3353 3455 rigor
3379 3402 3507 3440 acu-

1938 3483 2052 3537 leos
2073 3482 2249 3535 carnis
2279 3482 2556 3545 obtundat,
2592 3490 2644 3518 οε
2670 3479 2962 3534 curiositati
2981 3479 3211 3532 studium
3235 3477 3511 3544 spirituale

1942 3572 2215 3636 succedat,
2240 3573 2516 3626 sobrietati
2541 3572 2693 3625 cedat
2713 3569 2964 3633 ebrietas,
2991 3569 3379 3622 mansuetudini
3398 3584 3512 3621 suc-

1940 3664 2155 3716 cumbat
2183 3662 2506 3725 immanitas,
2542 3662 2848 3715 dominetur
2871 3660 3069 3713 levitati
3092 3659 3391 3722 maturitas,
3419 3659 3511 3712 Dei

1940 3761 1993 3809 et
2024 3752 2250 3823 proximi
2271 3753 2489 3805 caritate
2515 3761 2811 3815 crescente,
2836 3759 3178 3806 consumatur
3202 3757 3305 3801 tota
3330 3747 3511 3801 mundi

1937 3846 2234 3910 cupiditas;
2265 3841 2513 3899 excludat
2545 3839 2773 3910 parcitas
2809 3854 2931 3892 vera
2964 3838 3220 3891 luxuriam
3242 3876 3256 3898 .
3293 3836 3515 3903 castiget

1943 3937 2216 3992 industrie
2259 3938 2425 3990 virtus
2461 3935 2746 4004 ignaviam,
2796 3932 3046 3999 reprimat
3082 3928 3349 3981 hmuilitas
3388 3941 3515 3992 pre-

1948 4029 2108 4083 funda
2135 4028 2470 4097 jactantiam,
2502 4026 2661 4094 pellat
2685 4025 2992 4092 simplicitas
3022 4038 3149 4091 pura
3177 4017 3474 4075 vecordiam
3495 4061 3512 4086 ,

1945 4281 2099 4323 natur
2137 4278 2310 4322 nostra
2342 4276 2546 4327 natura,
2590 4280 2703 4334 qua:
2748 4270 2819 4313 est
2864 4260 3123 4328 inﬁrmata
3165 4275 3254 4327 per
3292 4259 3515 4327 culpam,

1952 4350 2265 4408 sanatttrque
2293 4356 2381 4406 per
2401 4334 2909 4408 θνίιιὶαηινρίίὲοθια
3000 4399 3046 4408 ,,
3130 4399 3163 4408 ,,
3260 4399 3270 4408 .
3420 4396 3452 4408 ..

2029 4419 2053 4445 η
2086 4396 2192 4462 Ms:
2215 4396 2344 4475 Reg.
2380 4396 2534 4467 u'uus,
2577 4396 2669 4457 sed
2692 4403 2964 4456 vincamus.
3000 4399 3096 4453 Ms.
3123 4399 3334 4460 Camh.,
3366 4396 3519 4466 adju-

1956 4496 2154 4541 vamus,
2184 4478 2272 4530 sed
2293 4478 2558 4530 vincimus.

2035 4562 2058 4584 υ
2090 4538 2183 4601 Ms.
2209 4546 2360 4600 Colb.
2394 4561 2550 4605 unus,
2575 4540 2812 4613 superbia
2833 4538 2977 4609 facit.

2030 4629 2057 4666 Ρ
2082 4619 2204 4671 Mss.
2235 4618 2358 4678 duo,
2383 4614 2612 4667 humilis.

1882 4680 1935 4739 D
2029 4698 2055 4737 τι
2082 4689 2177 4741 Ms.
2209 4701 2366 4746 unus.
2399 4685 2539 4754 facit.

2031 4768 2052 4795 τ
2090 4761 2183 4810 Ms.
2216 4751 2429 4816 Camb.,
2451 4751 2693 4806 reddidit.

2032 4835 2054 4863 ⁸
2088 4828 2182 4880 Ms.
2215 4825 2404 4881 Camb.
2432 4823 2575 4877 addit
2609 4822 2735 4876 Deo.

2037 4898 2054 4933 ί
2084 4897 2177 4949 Ms.
2211 4911 2366 4962 unus,
2399 4910 2460 4947 ea:
2482 4910 2553 4947 se.

2033 4975 2059 5003 υ
2085 4967 2182 5019 Ms.
2229 4959 2360 5033 Reg.
2391 4979 2547 5024 unus.
2582 4962 2662 5016 illi
2695 4961 2850 5016 vitam
2896 4976 3061 5025 suam,
3108 4959 3382 5015 alienando
3413 4975 3445 5013 a
3479 4974 3531 5013 se

1965 5037 2338 5107 perversitatem
2369 5050 2477 5087 sua:
2501 5034 2791 5094 voluntatis,
2817 5040 3074 5086 excusant.

2045 5116 2070 5143 ν
2105 5108 2198 5158 Ms.
2226 5104 2411 5159 Camb.
2445 5112 2589 5155 caret
2617 5103 2913 5159 negatione.

2045 5116 2070 5143 ν
2105 5116 2198 5158 MS.
2226 5116 2411 5158 Camb.
2445 5116 2589 5155 caret
2617 5116 2913 5158 licitatione.

2045 5118 2070 5143 ν
2105 5118 2198 5158 Ms.
2226 5118 2411 5159 Lamb.
2445 5118 2589 5155 caret
2617 5118 2913 5170 negatione.

2044 5184 2070 5211 ι
2104 5175 2177 5228 lla
2210 5190 2337 5229 mss.
2371 5185 2617 5243 quatuor.
2651 5172 2810 5243 Editi,
2838 5172 2989 5243 cedit.

2041 5254 2069 5293 γ
2102 5245 2198 5297 Ms.
2229 5244 2360 5311 Reg.
2384 5241 2542 5308 unus,
2566 5258 2771 5310 regnum
2792 5241 2981 5293 haberi.

2044 5323 2066 5350 ι
2098 5315 2224 5368 Mss.
2271 5302 2538 5382 quinque,
2583 5302 2801 5378 ﬁdeliter
2850 5316 3197 5382 expectorata.
3244 5306 3341 5359 Ms.
3380 5302 3535 5357 Colb.

1970 5384 2095 5448 duo,
2130 5380 2348 5451 ﬁdeliter
2376 5399 2441 5436 ex
2467 5392 2662 5445 pertore
2688 5380 2975 5451 discedunt.

2042 5447 2098 5490 ολ
2128 5447 2224 5507 Ms.
2252 5468 2408 5515 unus,
2440 5452 2483 5504 si
2514 5452 2718 5502 virtutes
2743 5447 3031 5501 succedunt.

2043 5522 2098 5576 ub
2131 5522 2228 5574 Ms.
2258 5535 2409 5581 unus,
2432 5518 2750 5587 subsiliuan
2820 5586 2827 5587 ί
3131 5582 3159 5587 __
3346 5577 3355 5587 .
3390 5576 3398 5585 .

2045 5591 2223 5711 ".dMs.
2265 5580 2417 5644 Colb.
2452 5599 2609 5652 unus,
2641 5585 2985 5641 curiositatem
3022 5582 3248 5641 studium
3279 5580 3542 5648 spirituale

2045 5676 2105 5711 :ct
2146 5669 2217 5711 at.

1972 5660 2217 5714 succidat.
