4016 6168
516 266 618 321 479

1856 260 2112 323 ,ιυῐιιΑΝι
2155 258 2427 316 POMERII

3660 264 3755 317 ιὶο

520 394 625 430 non
657 376 910 447 impediat
956 378 1183 434 varietas
1229 388 1255 414 ι
1292 377 1469 448 fugata
1498 384 1872 448 εοηεωιηῑαηι,
1906 395 2089 435 emen-
2119 383 2163 438 Α
2197 375 2345 428 tium.
2376 374 2505 428 Nam
2532 374 2648 430 sine
2669 375 2911 444 superbia
2937 390 3054 443 qum
3073 385 3293 444 possunt
3313 376 3497 430 saltem
3525 376 3755 429 inchoari

519 470 625 522 dati
682 484 859 522 mores
906 479 1133 536 augeant
1173 468 1523 537 disciplinam,
1557 473 1764 545 frangat
1806 474 2088 528 clementia

523 561 764 627 religiosa
791 562 1064 617 sa-vitiam.
1096 568 1149 611 et
1174 560 1405 615 funditus
1420 565 1653 619 eradicet
1680 565 1885 618 bonitas
1911 564 2090 631 acqui-

522 653 620 704 sita
651 652 925 718 malitiam,
957 662 1011 703 ut
1042 651 1357 718 expulsione
1393 654 1639 710 vitiorum
1672 657 1970 711 celebretur
2011 657 2090 707 in-

522 745 783 797 troductio
836 744 1063 811 gloriosa
1115 744 1388 800 virtutum.
1440 746 1540 800 Sed
1586 749 1649 801 de
1698 748 1982 803 virtutibus
2037 749 2086 800 in

521 836 546 874 ιι
577 838 748 905 capite
790 838 1028 904 st-queuti
1058 838 1373 903 videbimus,
1415 855 1554 895 nunc
1588 841 1656 896 de
1701 843 1863 903 vitiis,
1892 850 1948 893 ιιι
1975 854 2083 895 εω-

517 930 710 999 pitnus,
736 943 1135 999 prosequamur.

1129 1019 1353 1077 CAPUT
1392 1021 1479 1076 iV.

516 1108 596 1164 De
635 1111 931 1175 cupiditate,
965 1120 987 1150 ο
1017 1127 1128 1177 qua:
1169 1113 1242 1165 ita
1269 1113 1427 1166 mixta
1458 1123 1530 1167 est
1577 1116 1845 1179 superbiae,
1880 1126 1933 1169 ut
1959 1116 2088 1170 nihil

694 1187 881 1248 peccati
911 1181 1000 1249 [iat
1026 1183 1164 1250 quod
1191 1199 1291 1236 non
1319 1200 1384 1237 ea:
1409 1184 1619 1252 utraﬂue
1648 1188 1905 1255 procedat.

591 1294 642 1347 l.
684 1293 761 1359 Si,
792 1290 819 1329 (ι
850 1304 1115 1363 utcunque
1149 1298 1255 1363 jam
1290 1295 1476 1363 patuit,
1510 1297 1738 1366 qualiter
1768 1298 2087 1367 intelligatur

516 1384 658 1450 quod
686 1384 958 1452 Scriptura
989 1384 1138 1449 dicit,
1172 1383 1385 1437 Initium
1427 1388 1588 1439 omnis
1626 1388 1816 1456 peccati
1852 1389 2086 1458 superbia

519 1472 707 1541 (Eccti.
750 1490 806 1538 ι,
851 1474 973 1544 1ξ );
1020 1474 1121 1527 hoc
1172 1475 1329 1528 etiam
1381 1476 1653 1530 videamus
1693 1478 1833 1547 quod
1871 1486 2087 1533 sant-tus

517 1563 803 1625 Apostolus
830 1562 991 1616 dicit:
1017 1562 1190 1615 Radix
1214 1565 1438 1618 omnium
1462 1567 1711 1619 malorum
1733 1576 1804 1621 est
1832 1569 2085 1638 cupiditas

517 1651 566 1720 (Ι
606 1652 734 1704 Tim.
773 1669 843 1718 vr,
878 1652 1003 1721 10):
1039 1668 1159 1706 cum
1210 1653 1438 1722 Spiritus
1478 1667 1712 1716 sanctus.
1744 1659 1832 1727 qui
1881 1659 2084 1711 locutus

2187 476 2429 535 peccata,
2461 482 2582 521 cum
2613 467 2863 522 dicatur:
2908 467 3117 521 Initium
3154 468 3316 521 omnis
3347 469 3537 537 peccati
3582 485 3755 534 super-

2190 562 2271 614 bia
2293 564 2319 616 ἵ
2345 566 2449 615 Aut
2479 564 2595 615 sine
2641 561 2949 630 cupiditate,
2984 577 3102 628 quze
3131 574 3203 615 est
3242 563 3494 615 malorum
3531 563 3756 615 omnium

2190 653 2361 717 radix,
2395 666 2513 719 qua:
2542 661 2764 719 possunt
2806 651 2917 705 fieri
2952 652 3108 718 mala,
3132 666 3252 706 cum
3285 652 3402 705 sine
3432 651 3612 704 radice
3638 666 3754 704 om-

2191 745 2308 807 nia,
2340 755 2429 796 aut
2473 744 2615 797 nulla
2663 744 3016 811 deputentur,
3062 752 3153 796 aut
3198 740 3443 796 mortua?
3473 741 3679 795 Deinde
3714 742 3755 795 si

2188 835 2460 901 quodlibet
2477 844 2751 902 peccatum
2773 846 3079 902 perpetrare
3098 850 3200 888 non
3224 848 3460 903 possum,
3479 833 3581 886 nisi
3611 829 3757 885 lma-

2191 922 2255 977 lae
2306 924 2641 979 delectationi
2694 928 3054 986 consentiam.
3113 926 3252 994 quod
3303 924 3610 993 cupiditatis
3676 935 3756 979 est

2189 1017 2493 1081 propr'u-o;
2526 1024 2579 1068 et
2624 1014 2716 1069 Dei
2766 1025 3029 1084 przecepta
3077 1026 3447 1079 contemnam,
3488 1021 3633 1086 quod
3677 1028 3756 1071 est

2187 1104 2451 1173 superbia:
2486 1104 2680 1158 malum
2708 1121 2721 1157 :
2754 1108 3020 1174 quomodo
3050 1121 3153 1159 non
3190 1121 3258 1160 ex
3298 1108 3608 1175 cupiditate,
3638 1125 3755 1179 quas

2185 1202 2269 1247 est
2298 1194 2447 1247 radix
2480 1194 2739 1248 malorum
2771 1196 3029 1258 omnium,
3053 1206 3105 1250 et
3125 1211 3189 1251 ex
3209 1198 3480 1266 superbia,
3508 1216 3629 1270 qum
3659 1200 3755 1255 ini-

2189 1285 2317 1340 tium
2343 1286 2517 1340 omnis
2545 1288 2747 1357 peccati
2774 1288 2984 1353 dicitur,
3007 1289 3243 1357 procedit
3262 1305 3422 1347 omne
3448 1294 3755 1363 peccatum?

2804 1377 3032 1434 CAPUT
3075 1380 3141 1435 ν.

2354 1470 2467 1536 Quo
2486 1473 2648 1524 animi
2680 1481 2923 1526 tormento
2946 1474 3143 1526 invidos
3164 1476 3363 1546 afﬂigat
3383 1476 3595 1531 invidia.

2258 1560 2469 1615 Invidus
2495 1573 2661 1623 certe.
2690 1564 2779 1631 qui
2808 1563 3039 1618 alienum
3072 1565 3290 1631 bonum,
3325 1580 3478 1621 suum
3510 1569 3639 1623 facit
3679 1571 3756 1624 in-

2187 1648 2418 1703 videndo
2465 1652 2821 1719 supplicium,
2867 1653 3014 1706 nulla
3070 1655 3277 1710 videtur
3305 1658 3370 1710 ad
3411 1658 3754 1715 invidendum

516 1750 597 1794 est
622 1758 715 1808 per
746 1743 1076 1809 prephetam.
1109 1757 1200 1811 per
1230 1743 1536 1812 Apostolum
1558 1762 1768 1815 quoque
1797 1750 1906 1815 ipSt-
1938 1750 2082 1802 locu.
2119 1736 2165 1795 B
2189 1742 2618 1809 concupiscentia
2650 1746 2944 1812 provocari,
2969 1746 3060 1799 sed
3088 1756 3287 1801 tantum
3312 1751 3578 1818 superbim
3608 1767 3754 1806 moro

519 1844 601 1885 tus
630 1834 715 1895 sit,
744 1850 841 1887 nec
882 1834 983 1887 sibi
1019 1843 1041 1870 ο
1088 1835 1253 1903 possit
1274 1849 1391 1890 esse
1416 1836 1676 1891 diversus.
1701 1838 1938 1893 Sollicite
1966 1855 2085 1892 cou-

518 1924 757 1979 siderare
800 1926 1054 1980 debemus
1090 1941 1254 1992 quare
1294 1927 1383 1982 ille
1428 1928 1634 1983 initium
1665 1933 1839 1983 omnis
1884 1936 2082 1998 peccati

520 2013 843 2081 superbiam,
872 2015 956 2069 hic
980 2016 1210 2071 radicem
1240 2019 1474 2073 omnium
1514 2021 1771 2075 malormu
1819 2024 2083 2092 cupidita-

520 2118 624 2159 tem
668 2106 685 2144 τ
725 2107 986 2161 nominari
1044 2108 1290 2162 voluerit.
1325 2109 1404 2163 An
1447 2111 1581 2166 forte
1628 2126 1929 2167 sermonem
1964 2131 2087 2182 pro-

518 2198 784 2265 poeticum
805 2199 996 2253 Paulus
1012 2200 1303 2267 apostolus,
1320 2206 1377 2253 ut
1392 2202 1547 2266 solet,
1563 2204 2088 2273 exposuit‘tquando-

520 2288 734 2357 quidem
784 2290 896 2343 sive
948 2290 1155 2343 initium
1201 2292 1375 2345 omnis
1426 2294 1657 2361 peccati,
1701 2295 1813 2349 sive
1854 2298 2086 2350 radicem

520 2381 758 2434 omnium
789 2380 1045 2436 malorum
1075 2382 1242 2449 dicas,
1275 2396 1437 2439 unum
1468 2385 1712 2454 idemque
1740 2396 1765 2433 tt
1798 2388 2084 2455 signiﬁcas.

521 2468 687 2525 Porro
717 2473 980 2540 cupiditas
1015 2485 1173 2543 atque
1211 2477 1456 2544 superbia
1494 2477 1544 2530 in
1580 2486 1779 2534 tantum
1806 2488 1886 2532 est
1927 2494 2087 2533 unum

522 2559 743 2624 malum,
770 2569 943 2615 utnec
970 2564 1231 2630 superbus
1252 2565 1367 2619 sine
1393 2565 1703 2632 cupiditate,
1741 2580 1838 2622 nec
1860 2568 1977 2621 sine
2001 2584 2091 2622 su-

524 2649 705 2715 perbia
734 2653 899 2718 possit
922 2653 1146 2722 cupidus
1175 2655 1363 2710 invenit
1383 2656 1419 2708 i.
1447 2655 1715 2724 Siquidem
1740 2665 1801 2712 et
1825 2658 2088 2723 diabolus.

527 2742 581 2798 in
608 2756 709 2814 quo
729 2746 871 2801 tenet
899 2745 1143 2818 superbia
1169 2748 1540 2815 principatum,
1566 2749 1791 2817 prepria:
1816 2746 1843 2784 ιι
1862 2759 2094 2815 potesta-

525 2837 592 2891 tis
627 2854 689 2891 ac
715 2840 1025 2907 perdition‘s
1056 2841 1301 2897 humanm
1322 2839 1542 2912 cupidus
1564 2839 1691 2910 fuit,
1719 2850 1772 2899 et
1800 2841 1914 2915 ipse
1936 2847 2094 2902 homo

528 2943 620 2997 per
645 2931 936 2998 appetitqu
974 2931 1181 2988 arboris
1220 2934 1540 3000 iuterdictm,
1583 2950 1645 2989 ac
1675 2937 1867 2990 divina:
1907 2937 2099 2991 simili-

527 3019 723 3072 tudinis
753 3020 1168 3088 atl‘ectationem,
1208 3021 1223 3060 ί
1258 3025 1520 3079 morbosa:
1552 3026 1794 3080 alTectum
1836 3028 2096 3094 cupidita-

2194 1832 2261 1886 bo
2291 1833 2488 1887 vexari.
2515 1834 2617 1889 Sed
2640 1835 2683 1889 si
2713 1836 2873 1889 animi
2897 1838 3015 1904 ejus
3045 1846 3082 1871 ιη
3108 1848 3307 1904 pestem
3339 1856 3438 1908 qua
3464 1843 3759 1910 praecipita-

2195 1933 2279 1977 tur
2300 1934 2327 1961 ιι
2351 1926 2617 1993 incensus,
2642 1927 2906 1982 subtiliter
2932 1929 3141 1997 alteque
3166 1930 3447 1997 timentini,
3477 1935 3760 1991 invenietis

2189 2031 2310 2073 eum
2341 2026 2396 2073 et
2416 2018 2720 2086 perditionis
2741 2021 2859 2088 ejus
2890 2029 2915 2056 ο
2946 2022 3191 2088 cupidine
3212 2063 3225 2085 ,
3257 2023 3408 2092 cujus
3432 2027 3584 2093 cupit
3622 2027 3757 2080 inte-

2192 2108 2370 2167 ritum.
2403 2118 2457 2162 et
2484 2110 2795 2178 Psuperbize
2836 2111 2974 2165 malo
3023 2113 3212 2178 teneri,
3260 2130 3368 2179 quo
3413 2115 3511 2169 sibi
3561 2117 3763 2187 iugiter

2193 2197 2485 2265 ingemiscit
2512 2201 2784 2254 meliorem
2816 2202 2901 2254 cui
2949 2202 3168 2266 invidet,
3214 2204 3483 2259 anteferri.
3521 2208 3661 2273 Quis
3688 2208 3763 2263 fa-

2190 2286 2293 2343 cile
2321 2296 2496 2357 potest
2527 2300 2553 2338 q
2582 2280 2740 2358 quale
2770 2292 2841 2345 sit
2869 2290 2968 2346 hoc
2999 2295 3193 2346 malum
3223 2295 3397 2350 verbis
3422 2298 3762 2366 exprimere,

2194 2387 2215 2415 ι’
2246 2394 2350 2448 quo
2380 2380 2588 2434 invidus
2619 2382 2744 2436 odio
2775 2383 3005 2437 homiiiis
3027 2388 3363 2455 persequitur
3383 2387 3622 2442 divinum
3649 2405 3763 2443 mu-

2193 2486 2293 2525 nus
2345 2473 2396 2527 in
2449 2474 2696 2539 homine,
2737 2488 2856 2528 cum
2905 2475 3078 2542 potius
3116 2477 3281 2531 amari
3328 2478 3486 2532 homo
3531 2479 3764 2543 debeat,

2192 2566 2354 2620 etiam
2378 2564 2477 2634 p'ro
2505 2566 2586 2621 sui
2610 2567 2782 2621 meriti
2803 2568 3125 2623 sanctitate?
3144 2567 3341 2623 Tantos
3369 2570 3583 2625 invidus
3606 2571 3767 2625 habet

2200 2665 2222 2693 ι
2259 2657 2398 2725 iusta
2437 2671 2591 2725 poena
2624 2665 2881 2722 terter-es,
2930 2665 3156 2725 quantos
3200 2659 3489 2713 imidiosus
3516 2660 3767 2716 habuerit

2196 2745 2519 2804 laudatores.
2579 2746 2850 2817 Sitptidem
2907 2747 3226 2804 invidiosum
3275 2747 3397 2803 facit
3443 2750 3766 2805 excellentia

2197 2843 2393 2903 meriti,
2425 2841 2657 2895 invidum
2688 2855 2842 2909 pinna
2866 2842 3099 2910 peccati:
3128 2856 3225 2895 ucc
3253 2841 3303 2896 ei
3324 2836 3391 2896 ab
3419 2840 3641 2897 homine
3670 2856 3767 2911 po-

2201 2940 2300 2985 test
2325 2930 2563 2985 adhiberi
2594 2930 2884 2985 remedium
2903 2971 2918 2995 ,
2951 2931 3102 3000 cujus
3126 2940 3206 2985 est
3236 2931 3428 2987 vulnus
3454 2933 3753 2987 occultum.

2808 3043 3033 3098 CAPUT
3072 3044 3156 3099 Vl.

527 3111 593 3164 tis
616 3113 864 3166 ostendit.
902 3113 974 3167 De
999 3116 1243 3183 superbia
1274 3130 1501 3185 namque
1523 3132 1682 3172 nascu
1712 3128 1811 3170 itur
1838 3119 2090 3184 haereses,

2206 3134 2263 3187 In
2292 3152 2400 3204 qua:
2424 3146 2468 3190 et
2495 3145 2681 3205 quanta
2712 3136 2846 3188 mala
2870 3135 3270 3201 concupiscentia
3304 3135 3474 3187 carnis
3507 3147 3748 3205 erumpat

525 3205 837 3269 schismata,
859 3207 1237 3273 detractiones,
1256 3210 1470 3274 invidia,
1491 3210 2091 3279 verbositas,jaetautia,

525 3298 915 3361 contentiones,
943 3299 1332 3365 animositates,
1360 3300 1603 3365 ambitio,
1630 3301 1811 3365 elatio,
1843 3316 2097 3368 praesum-

528 3388 656 3452 ptio,
707 3390 938 3451 vanitas,
989 3390 1318 3459 inquietudo,
1361 3391 1716 3457 mendacium,
1782 3393 2093 3459 perjurium,

527 3484 581 3528 et
608 3484 801 3530 caetera
823 3476 1108 3545 ejusmodi.
1139 3478 1242 3533 Sed
1276 3480 1390 3532 haec
1414 3480 1530 3547 quis
1560 3480 1762 3532 dubitet
1794 3496 1857 3533 ex
1894 3481 2095 3549 cupidi-

530 3574 635 3619 tate
661 3581 869 3635 quoque
902 3568 1219 3636 procedere,
1252 3582 1372 3621 cum
1411 3583 1595 3623 omnes
1633 3570 1721 3637 qui
1767 3569 1854 3622 foe
1889 3570 1965 3622 int
1996 3571 2097 3625 illis

527 3656 773 3710 omnibus
803 3659 1003 3712 morbis
1044 3673 1176 3728 quos
1228 3660 1489 3713 nominavi
1527 3659 1540 3709 i
1578 3662 1838 3728 corrupti,
1867 3660 2097 3717 habean-

528 3760 613 3803 tur
640 3759 694 3803 et
721 3750 933 3819 cupidi?

596 3840 650 3893 2.
676 3842 802 3896 item
830 3856 948 3895 cum
971 3842 1198 3908 gulosos,
1233 3842 1665 3910 intemperantes,
1691 3842 1953 3906 ebriosos,
1979 3844 2093 3898 avi-

528 3936 648 3999 dos,
680 3949 918 4003 rapaces.
952 3934 1289 4000 fornicarios,
1315 3937 1605 4000 adulteros.
1630 3946 1984 4006 stupratores,
2015 3938 2094 3992 in.

525 4035 723 4089 ccstos,
756 4026 1065 4095 ﬂagitiosius,
1105 4025 1363 4095 cupiditas
1389 4027 1607 4089 reddat;
1640 4028 1849 4098 quando
1872 4041 2096 4097 possunt

526 4119 641 4171 sine
663 4121 908 4186 superbia
936 4119 1067 4171 tales
1087 4119 1222 4184 tieri,
1245 4119 1361 4174 sine
1384 4133 1487 4188 qua
1509 4118 1730 4173 omnino
1751 4134 1853 4173 non
1873 4132 2096 4189 possunt

528 4205 621 4260 Dei
645 4217 904 4275 prtecepta
929 4207 1192 4261 contemni
1220 4208 1409 4277 quibus
1433 4208 1784 4277 prohibentur
1804 4210 1891 4264 illa
1918 4212 2093 4265 omnia

531 4296 669 4350 mala
700 4313 817 4365 qum
847 4298 1093 4365 superius
1142 4297 1571 4366 comprehendi?
1600 4298 1830 4368 Ideoque
1874 4301 1917 4353 si
1951 4300 2098 4354 volu-

528 4402 646 4440 mus
662 4401 1032 4443 consummare
1051 4390 1217 4443 nostri
1243 4388 1546 4443 certaminis
1567 4404 1801 4455 cursum,
1816 4404 2096 4445 caveamus

2549 3208 2592 3260 si
2617 3207 2664 3259 ei
2688 3222 2828 3259 mens
2853 3218 3090 3273 corrupta
3112 3205 3408 3258 consentiat.

2272 3296 2322 3351 t.
2356 3298 2492 3362 Quid
2517 3300 2530 3333 ι
2558 3296 3002 3366 concupiscenti-ar
3031 3295 3207 3350 carnis
3228 3294 3493 3361 addictus,
3527 3298 3770 3366 nunquid

2199 3404 2303 3443 non
2336 3389 2543 3443 videtur
2571 3387 2702 3442 nihil
2735 3388 2930 3441 habere
2969 3386 3266 3454 superhize,
3299 3400 3417 3438 cum
3469 3388 3770 3453 pra‘sertim

2199 3479 2376 3546 passio
2404 3478 2514 3546 ipsa
2536 3493 2658 3533 eum
2675 3478 2914 3531 videatur
2928 3475 3204 3529 humiliare
3227 3475 3448 3529 luxuria:
3463 3476 3484 3528 ἵ
3500 3476 3569 3529 Et
3593 3486 3772 3530 tamen

2200 3568 2297 3622 nisi
2330 3570 2477 3638 prius
2507 3570 2614 3623 Deo
2640 3568 2858 3622 rebellis
2887 3567 3160 3630 existeret,
3188 3565 3340 3635 cujus
3390 3565 3608 3620 salubre
3640 3582 3775 3635 pras-

2198 3668 2408 3729 ceptmn
2457 3660 2524 3715 de
2555 3658 2801 3727 pudicitia
2837 3657 3236 3722 conservanda,
3279 3656 3492 3724 superbi
3546 3658 3773 3725 Spiri'us

2200 3753 2614 3822 praesumptione
2639 3760 2669 3787 ιι
2690 3749 3011 3810 contemnit,
3056 3748 3197 3802 nulla
3221 3763 3339 3801 cum
3363 3748 3596 3802 lascivia:
3624 3751 3775 3815 cupi-

2199 3844 2339 3898 ditas
2386 3850 2723 3912 provocaret.
2772 3842 2827 3895 In
2859 3841 3037 3895 animo
3081 3839 3197 3909 ejus
3222 3838 3311 3893 diu
3343 3837 3648 3907 disceptant
3684 3839 3776 3893 Dei

2199 3945 2534 4005 contemptus
2560 3944 2613 3988 et
2641 3944 2845 4000 metus;
2876 3934 2970 3989 sed
3011 3944 3101 3987 aut
3126 3940 3462 4002 contemptus
3492 3932 3587 3986 Dei
3639 3949 3778 4001 prte-

2203 4030 2488 4099 ponderat,
2517 4036 2571 4082 et
2621 4028 2881 4096 superbus
2918 4026 3154 4090 animus,
3187 4034 3398 4093 recepta
3426 4023 3733 4091 cupiditate
3760 4064 3775 4087 ,

2199 4118 2505 4190 pudicitiam
2535 4118 2702 4186 perdit
2731 4136 2744 4178 ;
2778 4127 2867 4171 aut
2890 4116 3097 4171 obtinet
3126 4128 3316 4175 metus.
3344 4124 3397 4168 et
3420 4115 3639 4167 animus
3668 4115 3779 4167 Deo

2199 4212 2469 4281 subjectus
2516 4208 2791 4278 cupiditati
2840 4208 2994 4262 simul
3026 4223 3087 4261 ac
3115 4207 3381 4276 superbia:
3428 4205 3777 4259 contradicit.

2200 4303 2487 4370 Plerosque
2518 4300 2659 4354 enim
2689 4299 2809 4367 gula
2848 4309 2902 4352 et
2928 4298 3251 4352 abundantia
3303 4296 3408 4349 vini
3457 4301 3696 4364 turpiter
3726 4296 3777 4347 in

2200 4390 2460 4445 luxuriam
2492 4390 2724 4454 solvunt,
2750 4389 2883 4444 alios
2908 4390 2957 4442 in
2983 4389 3073 4460 [aL
3106 4385 3194 4457 ad]
3224 4387 3468 4455 injuriam
3499 4385 3778 4451 pudicitia:

528 4478 787 4547 imprimis
816 4478 1156 4547 cupiditatem
1180 4488 1340 4548 atque
1366 4480 1702 4547 superbiam;
1728 4495 1829 4533 non
1854 4480 1960 4535 duo
1986 4497 2093 4535 ma-
2122 4465 2173 4524 Ῑ)
2200 4483 2428 4538 sordidze
2448 4481 2799 4550 cogitationes
2824 4479 3130 4541 incendunt,
3169 4475 3450 4530 nonnullos
3475 4474 3542 4528 de
3577 4488 3779 4542 propo-

528 4570 602 4635 la,
633 4569 723 4623 sed
755 4585 937 4635 unum,
969 4585 997 4622 a
1028 4585 1130 4637 quo
1158 4570 1373 4623 trahunt
1399 4567 1422 4605 κ
1444 4584 1631 4624 omnes
1660 4570 1782 4624 mali
1810 4579 1963 4623 actus
1996 4572 2095 4625 ini~

595 4692 624 4721 ⁸
668 4685 741 4738 lta
776 4699 874 4737 ms.
920 4682 1051 4750 Reg.
1081 4698 1247 4747 unus;
1290 4684 1342 4736 in
1389 4686 1557 4735 a'tero
1585 4692 1692 4736 tota
1740 4684 1853 4737 lucc
1885 4684 2096 4752 phrasis

524 4754 877 4809 desideratur.
910 4754 1009 4805 Alii
1033 4755 1244 4807 codices
1274 4754 1464 4806 habent
1499 4754 1713 4806 varietas
1736 4753 1931 4821 fucata.

593 4821 622 4860 ι’
654 4824 781 4877 Mss.
805 4833 1049 4887 quatuor,
1081 4824 1133 4874 in
1163 4823 1386 4890 sequenti
1416 4823 1661 4887 capitulo.

599 4901 621 4960 °_
648 4892 770 4945 Mss.
803 4894 926 4955 duo,
950 4894 1085 4960 quod
1112 4896 1182 4944 ita
1214 4894 1369 4944 mixta
1396 4893 1480 4943 sit.

595 4957 623 4998 ά
650 4961 746 5015 Ms.
774 4962 928 5014 (Iolb.
958 4957 1115 5026 unus,
1150 4962 1294 5015 Sicut
1323 4960 1404 5011 cui
1423 4977 1524 5023 me.

596 5039 620 5067 °
650 5033 747 5085 Ms.
797 5030 1013 5097 Catnb.,
1064 5033 1255 5102 possint
1294 5045 1402 5082 esse
1453 5030 1658 5102 diversi.
1697 5029 1842 5085 Edit.
1895 5030 2087 5102 Lttgd.,

529 5102 695 5171 possit
714 5117 819 5155 esse
840 5103 1061 5153 diversus
1085 5100 1353 5153 locutionis
1384 5100 1583 5153 modus.

601 5170 617 5207 ί
650 5170 778 5224 Mss.
810 5180 1035 5240 quatuor
1063 5172 1238 5235 t2olb.,
1268 5172 1550 5222 nominare.

595 5250 619 5287 κ
651 5240 811 5305 Editi,
846 5241 1115 5309 signiﬁces.

595 5310 624 5346 δ
655 5310 729 5363 Ita
750 5326 877 5364 mss.
902 5324 1107 5364 omnes.
1135 5309 1269 5364 Editi
1296 5318 1498 5374 autem,
1544 5310 1835 5363 voluntatis.

599 5378 617 5417 ί
655 5380 778 5434 Mss.
808 5394 922 5443 sex,
948 5380 1116 5432 morbo
1138 5397 1190 5433 se
1212 5380 1473 5447 a/fectum.

597 5450 612 5499 i
644 5450 738 5502 Ms.
762 5451 915 5503 Coll).
951 5466 1102 5514 unus,
1132 5452 1355 5515 corrupti
1377 5450 1664 5503 habeantur
1689 5465 1720 5499 a
1742 5450 2042 5515 cupiditate.

596 5520 619 5555 ι
652 5520 749 5575 Ms.
778 5521 905 5586 Reg.
938 5534 1097 5583 unus,
1125 5522 1294 5572 omnia
1328 5519 1466 5571 mala
1502 5531 1644 5571 actus
1671 5518 1895 5576 initium.
1925 5521 1977 5575 in
2001 5535 2095 5576 eoo

525 5593 643 5646 dem
666 5591 733 5643 ab
772 5593 859 5644 tlia
891 5604 1068 5649 manu,
1101 5592 1259 5642 omnis
1290 5589 1426 5641 mala
1446 5598 1588 5643 actus
1619 5590 1845 5644 initium.

602 5658 618 5696 ι
646 5662 761 5716 515.2.
793 5672 995 5723 euntes,
1032 5674 1153 5712 inea:
1184 5660 1523 5712 de'cctationi.

2201 4574 2306 4629 sito
2334 4572 2594 4628 castitatis
2620 4568 2929 4624 occasiones
2965 4568 3159 4624 oblatae
3204 4565 3478 4636 dejiciuut,
3507 4564 3775 4632 quosdam

2274 4697 2314 4725 ω
2348 4687 2443 4741 Ms.
2478 4700 2633 4750 unus,
2666 4684 2956 4753 perniciem.

2272 4765 2297 4795 τι
2330 4757 2425 4811 Ms.
2454 4770 2614 4815 unus,
2636 4755 2998 4822 inﬂammatus.

2271 4836 2295 4863 ο
2327 4826 2448 4879 Mss.
2479 4824 2730 4893 quinque,
2760 4823 3018 4893 cupidum.

2269 4906 2297 4944 Ρ
2326 4895 2424 4949 Ms.
2450 4891 2660 4951 Camb..
2693 4902 2739 4945 et
2775 4891 3011 4958 superbia
3040 4891 3196 4943 mala.

2269 4975 2296 5014 ιι
2320 4967 2374 5017 In
2403 4980 2507 5017 uno
2537 4977 2637 5017 ms.
2665 4962 2816 5015 deest
2838 4962 2987 5031 quale
3006 4962 3091 5014 sit.

2270 5044 2292 5072 τ
2328 5035 2423 5088 Ms.
2454 5047 2608 5094 unus,
2636 5033 2771 5101 quod
2799 5032 3018 5085 invidus.

2271 5111 2292 5139 ⁸
2320 5104 2416 5157 Ms.
2445 5118 2601 5174 unus.
2638 5105 2789 5172 iam”
2818 5117 2995 5170 Ραεηω·
3026 5169 3040 5174 -
3120 5169 3131 5174 -
3281 5166 3311 5174 -ι
3357 5167 3369 5174 -
3607 5165 3619 5174 ·

2274 5174 2293 5209 ί
2324 5174 2461 5228 Edit.
2486 5166 2671 5226 Colon.
2703 5166 2829 5224 cuni
2853 5185 2980 5224 m-s.
3010 5169 3237 5229 duobus,
3272 5166 3369 5230 Qui
3401 5166 3782 5232 concupiscen-

2202 5255 2287 5299 tia:
2322 5244 2489 5297 carnis
2514 5241 2747 5294 addictus
2772 5250 2863 5307 est,
2891 5240 3140 5307 nunquid.
3169 5248 3272 5307 etc.

2268 5323 2296 5349 ιι
2329 5314 2455 5368 Mss.
2497 5312 2622 5376 duo,
2681 5306 3030 5364 contemneret.
3078 5309 3172 5362 Ms.
3218 5306 3370 5359 Coll).
3403 5319 3537 5376 unus
3598 5313 3784 5357 totum

2199 5384 2341 5439 hunc
2370 5384 2543 5436 locum
2574 5374 2919 5453 sicexhihet‘:
2954 5379 3139 5431 Tamen
3166 5377 3265 5429 nisi
3296 5374 3580 5453 prius_Dco
3615 5376 3787 5453 exsti-

2198 5456 2314 5507 terit
2339 5453 2564 5517 rebellis,
2587 5452 2734 5521 cujus
2777 5450 3307 5521 salubreprtccrptmn
3333 5456 3413 5521 est
3430 5446 3788 5521 de‘pudiritia

2200 5515 2562 5584 conservanda,
2585 5530 2629 5573 et
2644 5515 2897 5586 superbus
2919 5515 3096 5584 spiritu
3121 5515 3527 5586 prtrsttmptiorris
3542 5524 3788 5567 contem-

2198 5603 2354 5661 neret,
2389 5589 2530 5645 nulla
2554 5606 2690 5657 eum,
2721 5598 2825 5643 etc.
