  <div class='ocr_page' id='page_1' title='image "/cluster/home/n/w/nwhite01/storage/ocr_20150623/59/hvd.32044073505117/249.png"; bbox 0 0 4024 6176; ppageno 0'>
   <div class='ocr_carea' id='block_1_1' title="bbox 473 323 577 379">
    <p class='ocr_par' dir='ltr' id='par_1_1' title="bbox 473 323 577 379">
     <span class='ocr_line' id='line_1_1' title="bbox 473 323 577 379; baseline 0.019 -2"><span class='ocrx_word' id='word_1_1' title='bbox 473 323 577 379; x_wconf 69' lang='grc' dir='ltr'><strong>ιεδ</strong></span> 
     </span>
    </p>
   </div>
   <div class='ocr_carea' id='block_1_2' title="bbox 1801 323 2371 381">
    <p class='ocr_par' dir='ltr' id='par_1_2' title="bbox 1801 323 2371 381">
     <span class='ocr_line' id='line_1_2' title="bbox 1801 323 2371 381; baseline 0.002 -2"><span class='ocrx_word' id='word_1_2' title='bbox 1801 323 2056 380; x_wconf 79' lang='lat' dir='ltr'><strong>JULIANI</strong></span> <span class='ocrx_word' id='word_1_3' title='bbox 2098 325 2371 381; x_wconf 76' lang='lat' dir='ltr'><strong>PUMERII</strong></span> 
     </span>
    </p>
   </div>
   <div class='ocr_carea' id='block_1_3' title="bbox 3614 333 3714 386">
    <p class='ocr_par' dir='ltr' id='par_1_3' title="bbox 3614 333 3714 386">
     <span class='ocr_line' id='line_1_3' title="bbox 3614 333 3714 386; baseline 0 -2"><span class='ocrx_word' id='word_1_4' title='bbox 3614 333 3714 386; x_wconf 64' lang='lat'><strong>48$</strong></span> 
     </span>
    </p>
   </div>
   <div class='ocr_carea' id='block_1_4' title="bbox 475 436 3719 514">
    <p class='ocr_par' dir='ltr' id='par_1_4' title="bbox 475 436 3719 514">
     <span class='ocr_line' id='line_1_4' title="bbox 475 436 3719 514; baseline 0.003 -25"><span class='ocrx_word' id='word_1_5' title='bbox 475 436 745 504; x_wconf 81' lang='lat' dir='ltr'><strong>piscentiae</strong></span> <span class='ocrx_word' id='word_1_6' title='bbox 765 437 949 498; x_wconf 87' lang='lat' dir='ltr'><strong>morbo</strong></span> <span class='ocrx_word' id='word_1_7' title='bbox 968 437 1199 505; x_wconf 92' lang='lat' dir='ltr'><strong>corrupti</strong></span> <span class='ocrx_word' id='word_1_8' title='bbox 1222 443 1424 499; x_wconf 85' lang='lat' dir='ltr'><strong>essent,</strong></span> <span class='ocrx_word' id='word_1_9' title='bbox 1449 450 1716 506; x_wconf 80' lang='lat' dir='ltr'><strong>nunquam</strong></span> <span class='ocrx_word' id='word_1_10' title='bbox 1745 438 1827 491; x_wconf 86' lang='lat' dir='ltr'><strong>vel</strong></span> <span class='ocrx_word' id='word_1_11' title='bbox 1848 438 2034 505; x_wconf 88' lang='lat' dir='ltr'><strong>loque-</strong></span> <span class='ocrx_word' id='word_1_12' title='bbox 2074 450 2117 500; x_wconf 72' lang='grc' dir='ltr'><strong>Α</strong></span> <span class='ocrx_word' id='word_1_13' title='bbox 2147 440 2287 505; x_wconf 88' lang='lat' dir='ltr'><strong>quod</strong></span> <span class='ocrx_word' id='word_1_14' title='bbox 2313 446 2393 493; x_wconf 90' lang='lat' dir='ltr'><strong>est</strong></span> <span class='ocrx_word' id='word_1_15' title='bbox 2412 441 2670 494; x_wconf 81' lang='lat' dir='ltr'><strong>castitatis</strong></span> <span class='ocrx_word' id='word_1_16' title='bbox 2696 450 3083 497; x_wconf 76' lang='lat' dir='ltr'><strong>consummato:</strong></span> <span class='ocrx_word' id='word_1_17' title='bbox 3108 442 3399 513; x_wconf 80' lang='lat' dir='ltr'><strong>fastigium.</strong></span> <span class='ocrx_word' id='word_1_18' title='bbox 3429 443 3546 498; x_wconf 82' lang='lat' dir='ltr'><strong>Non</strong></span> <span class='ocrx_word' id='word_1_19' title='bbox 3581 448 3719 514; x_wconf 87' lang='lat' dir='ltr'><strong>quod</strong></span> 
     </span>
    </p>
   </div>
   <div class='ocr_carea' id='block_1_5' title="bbox 477 526 2051 596">
    <p class='ocr_par' dir='ltr' id='par_1_5' title="bbox 477 526 2051 596">
     <span class='ocr_line' id='line_1_5' title="bbox 477 526 2051 596; baseline 0.001 -17"><span class='ocrx_word' id='word_1_20' title='bbox 477 534 662 580; x_wconf 91' lang='lat' dir='ltr'><strong>rentur</strong></span> <span class='ocrx_word' id='word_1_21' title='bbox 692 526 834 592; x_wconf 89' lang='lat' dir='ltr'><strong>talia,</strong></span> <span class='ocrx_word' id='word_1_22' title='bbox 864 526 945 581; x_wconf 90' lang='lat' dir='ltr'><strong>vel</strong></span> <span class='ocrx_word' id='word_1_23' title='bbox 972 527 1215 582; x_wconf 89' lang='lat' dir='ltr'><strong>audirent</strong></span> <span class='ocrx_word' id='word_1_24' title='bbox 1240 543 1252 579; x_wconf 91' lang='lat'><strong>:</strong></span> <span class='ocrx_word' id='word_1_25' title='bbox 1278 528 1402 596; x_wconf 89' lang='lat' dir='ltr'><strong>quia</strong></span> <span class='ocrx_word' id='word_1_26' title='bbox 1433 543 1538 583; x_wconf 92' lang='lat' dir='ltr'><strong>non</strong></span> <span class='ocrx_word' id='word_1_27' title='bbox 1562 542 1657 583; x_wconf 92' lang='lat' dir='ltr'><strong>eos</strong></span> <span class='ocrx_word' id='word_1_28' title='bbox 1678 527 1779 582; x_wconf 82' lang='lat' dir='ltr'><strong>ista</strong></span> <span class='ocrx_word' id='word_1_29' title='bbox 1805 542 2051 583; x_wconf 89' lang='lat' dir='ltr'><strong>corrum-</strong></span> 
     </span>
    </p>
   </div>
   <div class='ocr_carea' id='block_1_6' title="bbox 484 616 1399 687">
    <p class='ocr_par' dir='ltr' id='par_1_6' title="bbox 484 616 1399 687">
     <span class='ocr_line' id='line_1_6' title="bbox 484 616 1399 687; baseline -0.001 -15"><span class='ocrx_word' id='word_1_30' title='bbox 484 628 635 687; x_wconf 91' lang='lat' dir='ltr'><strong>punt,</strong></span> <span class='ocrx_word' id='word_1_31' title='bbox 664 616 755 672; x_wconf 87' lang='lat' dir='ltr'><strong>sed</strong></span> <span class='ocrx_word' id='word_1_32' title='bbox 784 627 1063 686; x_wconf 91' lang='lat' dir='ltr'><strong>corruptos</strong></span> <span class='ocrx_word' id='word_1_33' title='bbox 1089 616 1399 671; x_wconf 92' lang='lat' dir='ltr'><strong>ostendunt.</strong></span> 
     </span>
    </p>
   </div>
   <div class='ocr_carea' id='block_1_7' title="bbox 552 707 2054 779">
    <p class='ocr_par' dir='ltr' id='par_1_7' title="bbox 552 707 2054 779">
     <span class='ocr_line' id='line_1_7' title="bbox 552 707 2054 779; baseline 0 -17"><span class='ocrx_word' id='word_1_34' title='bbox 552 708 608 762; x_wconf 84' lang='lat'><strong>6.</strong></span> <span class='ocrx_word' id='word_1_35' title='bbox 640 711 713 762; x_wconf 86' lang='lat' dir='ltr'><strong>Ac</strong></span> <span class='ocrx_word' id='word_1_36' title='bbox 736 724 804 761; x_wconf 88' lang='lat' dir='ltr'><strong>ne</strong></span> <span class='ocrx_word' id='word_1_37' title='bbox 824 723 906 761; x_wconf 88' lang='lat' dir='ltr'><strong>me</strong></span> <span class='ocrx_word' id='word_1_38' title='bbox 936 708 1033 761; x_wconf 88' lang='lat' dir='ltr'><strong>ista</strong></span> <span class='ocrx_word' id='word_1_39' title='bbox 1056 710 1319 763; x_wconf 83' lang='lat' dir='ltr'><strong>veraciter</strong></span> <span class='ocrx_word' id='word_1_40' title='bbox 1342 718 1649 779; x_wconf 82' lang='lat' dir='ltr'><strong>arguentem</strong></span> <span class='ocrx_word' id='word_1_41' title='bbox 1669 709 1944 779; x_wconf 89' lang='lat' dir='ltr'><strong>quisquam</strong></span> <span class='ocrx_word' id='word_1_42' title='bbox 1971 707 2054 777; x_wconf 86' lang='lat' dir='ltr'><strong>ju-</strong></span> 
     </span>
    </p>
   </div>
   <div class='ocr_carea' id='block_1_8' title="bbox 484 798 2052 869">
    <p class='ocr_par' dir='ltr' id='par_1_8' title="bbox 484 798 2052 869">
     <span class='ocr_line' id='line_1_8' title="bbox 484 798 2052 869; baseline 0.001 -17"><span class='ocrx_word' id='word_1_43' title='bbox 484 798 627 852; x_wconf 88' lang='lat' dir='ltr'><strong>dicet</strong></span> <span class='ocrx_word' id='word_1_44' title='bbox 650 799 999 867; x_wconf 88' lang='lat' dir='ltr'><strong>arguendum,</strong></span> <span class='ocrx_word' id='word_1_45' title='bbox 1032 800 1240 853; x_wconf 85' lang='lat' dir='ltr'><strong>noverit</strong></span> <span class='ocrx_word' id='word_1_46' title='bbox 1273 811 1485 869; x_wconf 78' lang='lat' dir='ltr'><strong>propter</strong></span> <span class='ocrx_word' id='word_1_47' title='bbox 1530 801 1629 853; x_wconf 90' lang='lat' dir='ltr'><strong>hoc</strong></span> <span class='ocrx_word' id='word_1_48' title='bbox 1658 798 1794 854; x_wconf 81' lang='lat' dir='ltr'><strong>forte</strong></span> <span class='ocrx_word' id='word_1_49' title='bbox 1815 800 1882 854; x_wconf 88' lang='lat' dir='ltr'><strong>ab</strong></span> <span class='ocrx_word' id='word_1_50' title='bbox 1909 800 2052 853; x_wconf 87' lang='lat' dir='ltr'><strong>anti-</strong></span> 
     </span>
    </p>
   </div>
   <div class='ocr_carea' id='block_1_9' title="bbox 482 887 2055 959">
    <p class='ocr_par' dir='ltr' id='par_1_9' title="bbox 482 887 2055 959">
     <span class='ocr_line' id='line_1_9' title="bbox 482 887 2055 959; baseline 0 -18"><span class='ocrx_word' id='word_1_51' title='bbox 482 891 598 959; x_wconf 86' lang='lat' dir='ltr'><strong>quis</strong></span> <span class='ocrx_word' id='word_1_52' title='bbox 630 887 792 943; x_wconf 83' lang='lat' dir='ltr'><strong>fuisse</strong></span> <span class='ocrx_word' id='word_1_53' title='bbox 829 888 1101 943; x_wconf 90' lang='lat' dir='ltr'><strong>decretum</strong></span> <span class='ocrx_word' id='word_1_54' title='bbox 1140 903 1207 943; x_wconf 93' lang='lat' dir='ltr'><strong>ne</strong></span> <span class='ocrx_word' id='word_1_55' title='bbox 1236 890 1324 957; x_wconf 89' lang='lat' dir='ltr'><strong>qui</strong></span> <span class='ocrx_word' id='word_1_56' title='bbox 1366 888 1781 942; x_wconf 89' lang='lat' dir='ltr'><strong>adolescentium</strong></span> <span class='ocrx_word' id='word_1_57' title='bbox 1817 888 2055 957; x_wconf 74' lang='lat' dir='ltr'><strong>legerent</strong></span> 
     </span>
    </p>
   </div>
   <div class='ocr_carea' id='block_1_10' title="bbox 485 979 2052 1048">
    <p class='ocr_par' dir='ltr' id='par_1_10' title="bbox 485 979 2052 1048">
     <span class='ocr_line' id='line_1_10' title="bbox 485 979 2052 1048; baseline 0 -15"><span class='ocrx_word' id='word_1_58' title='bbox 485 980 752 1034; x_wconf 87' lang='lat' dir='ltr'><strong>Geneseos</strong></span> <span class='ocrx_word' id='word_1_59' title='bbox 772 979 984 1043; x_wconf 88' lang='lat' dir='ltr'><strong>librum,</strong></span> <span class='ocrx_word' id='word_1_60' title='bbox 1007 988 1033 1015; x_wconf 65' lang='grc' dir='ltr'>θ</span> <span class='ocrx_word' id='word_1_61' title='bbox 1055 995 1118 1033; x_wconf 89' lang='lat' dir='ltr'><strong>ac</strong></span> <span class='ocrx_word' id='word_1_62' title='bbox 1147 990 1349 1047; x_wconf 89' lang='lat' dir='ltr'><strong>partem</strong></span> <span class='ocrx_word' id='word_1_63' title='bbox 1376 980 1574 1048; x_wconf 89' lang='lat' dir='ltr'><strong>pariter</strong></span> <span class='ocrx_word' id='word_1_64' title='bbox 1602 979 1899 1034; x_wconf 81' lang='lat' dir='ltr'><strong>Ezechielis</strong></span> <span class='ocrx_word' id='word_1_65' title='bbox 1926 996 2052 1047; x_wconf 88' lang='lat' dir='ltr'><strong>pro-</strong></span> 
     </span>
    </p>
   </div>
   <div class='ocr_carea' id='block_1_11' title="bbox 485 1070 2052 1141">
    <p class='ocr_par' dir='ltr' id='par_1_11' title="bbox 485 1070 2052 1141">
     <span class='ocr_line' id='line_1_11' title="bbox 485 1070 2052 1141; baseline 0 -16"><span class='ocrx_word' id='word_1_66' title='bbox 485 1071 677 1141; x_wconf 70' lang='lat' dir='ltr'><strong>pheta),</strong></span> <span class='ocrx_word' id='word_1_67' title='bbox 711 1072 793 1125; x_wconf 90' lang='lat' dir='ltr'><strong>vel</strong></span> <span class='ocrx_word' id='word_1_68' title='bbox 822 1070 1094 1124; x_wconf 83' lang='lat' dir='ltr'><strong>Canticum</strong></span> <span class='ocrx_word' id='word_1_69' title='bbox 1125 1073 1480 1137; x_wconf 77' lang='lat' dir='ltr'><strong>canticorum,</strong></span> <span class='ocrx_word' id='word_1_70' title='bbox 1514 1080 1568 1127; x_wconf 87' lang='lat' dir='ltr'><strong>et</strong></span> <span class='ocrx_word' id='word_1_71' title='bbox 1602 1082 1794 1126; x_wconf 65' lang='lat' dir='ltr'><strong>caetera</strong></span> <span class='ocrx_word' id='word_1_72' title='bbox 1828 1071 1973 1136; x_wconf 91' lang='lat' dir='ltr'><strong>talia,</strong></span> <span class='ocrx_word' id='word_1_73' title='bbox 2001 1073 2052 1125; x_wconf 91' lang='lat' dir='ltr'><strong>in</strong></span> 
     </span>
    </p>
   </div>
   <div class='ocr_carea' id='block_1_12' title="bbox 484 1160 2052 1231">
    <p class='ocr_par' dir='ltr' id='par_1_12' title="bbox 484 1160 2052 1231">
     <span class='ocr_line' id='line_1_12' title="bbox 484 1160 2052 1231; baseline 0 -18"><span class='ocrx_word' id='word_1_74' title='bbox 484 1162 676 1227; x_wconf 79' lang='lat' dir='ltr'><strong>quibus</strong></span> <span class='ocrx_word' id='word_1_75' title='bbox 695 1160 1087 1231; x_wconf 80' lang='lat' dir='ltr'><strong>generationes,</strong></span> <span class='ocrx_word' id='word_1_76' title='bbox 1115 1172 1168 1215; x_wconf 86' lang='lat' dir='ltr'><strong>et</strong></span> <span class='ocrx_word' id='word_1_77' title='bbox 1190 1172 1367 1227; x_wconf 88' lang='lat' dir='ltr'><strong>actus,</strong></span> <span class='ocrx_word' id='word_1_78' title='bbox 1390 1171 1445 1215; x_wconf 90' lang='lat' dir='ltr'><strong>et</strong></span> <span class='ocrx_word' id='word_1_79' title='bbox 1471 1161 1685 1215; x_wconf 92' lang='lat' dir='ltr'><strong>nomina</strong></span> <span class='ocrx_word' id='word_1_80' title='bbox 1706 1162 2052 1229; x_wconf 86' lang='lat' dir='ltr'><strong>quarumdam</strong></span> 
     </span>
    </p>
   </div>
   <div class='ocr_carea' id='block_1_13' title="bbox 484 1252 2054 1320">
    <p class='ocr_par' dir='ltr' id='par_1_13' title="bbox 484 1252 2054 1320">
     <span class='ocr_line' id='line_1_13' title="bbox 484 1252 2054 1320; baseline -0.001 -16"><span class='ocrx_word' id='word_1_81' title='bbox 484 1252 677 1320; x_wconf 85' lang='lat' dir='ltr'><strong>scripta</strong></span> <span class='ocrx_word' id='word_1_82' title='bbox 731 1261 853 1304; x_wconf 92' lang='lat' dir='ltr'><strong>sunt</strong></span> <span class='ocrx_word' id='word_1_83' title='bbox 888 1253 1187 1306; x_wconf 87' lang='lat' dir='ltr'><strong>mulierum.</strong></span> <span class='ocrx_word' id='word_1_84' title='bbox 1221 1253 1366 1319; x_wconf 87' lang='lat' dir='ltr'><strong>Quas</strong></span> <span class='ocrx_word' id='word_1_85' title='bbox 1412 1255 1531 1307; x_wconf 89' lang='lat' dir='ltr'><strong>licet</strong></span> <span class='ocrx_word' id='word_1_86' title='bbox 1560 1253 1851 1307; x_wconf 91' lang='lat' dir='ltr'><strong>secundum</strong></span> <span class='ocrx_word' id='word_1_87' title='bbox 1884 1252 2054 1306; x_wconf 81' lang='lat' dir='ltr'><strong>histo-</strong></span> 
     </span>
    </p>
   </div>
   <div class='ocr_carea' id='block_1_14' title="bbox 485 1340 2055 1406">
    <p class='ocr_par' dir='ltr' id='par_1_14' title="bbox 485 1340 2055 1406">
     <span class='ocr_line' id='line_1_14' title="bbox 485 1340 2055 1406; baseline 0 -13"><span class='ocrx_word' id='word_1_88' title='bbox 485 1341 617 1394; x_wconf 80' lang='lat' dir='ltr'><strong>tiam</strong></span> <span class='ocrx_word' id='word_1_89' title='bbox 664 1341 825 1395; x_wconf 87' lang='lat' dir='ltr'><strong>fuisse</strong></span> <span class='ocrx_word' id='word_1_90' title='bbox 853 1340 1155 1406; x_wconf 88' lang='lat' dir='ltr'><strong>credamus,</strong></span> <span class='ocrx_word' id='word_1_91' title='bbox 1189 1355 1373 1395; x_wconf 83' lang='lat' dir='ltr'><strong>earum</strong></span> <span class='ocrx_word' id='word_1_92' title='bbox 1401 1351 1574 1394; x_wconf 90' lang='lat' dir='ltr'><strong>tamen</strong></span> <span class='ocrx_word' id='word_1_93' title='bbox 1608 1340 1910 1395; x_wconf 89' lang='lat' dir='ltr'><strong>nominibus</strong></span> <span class='ocrx_word' id='word_1_94' title='bbox 1945 1341 2055 1393; x_wconf 84' lang='lat' dir='ltr'><strong>vir-</strong></span> 
     </span>
    </p>
   </div>
   <div class='ocr_carea' id='block_1_15' title="bbox 489 1430 2055 1497">
    <p class='ocr_par' dir='ltr' id='par_1_15' title="bbox 489 1430 2055 1497">
     <span class='ocr_line' id='line_1_15' title="bbox 489 1430 2055 1497; baseline 0 -15"><span class='ocrx_word' id='word_1_95' title='bbox 489 1438 628 1482; x_wconf 85' lang='lat' dir='ltr'><strong>tutes</strong></span> <span class='ocrx_word' id='word_1_96' title='bbox 666 1430 916 1497; x_wconf 85' lang='lat' dir='ltr'><strong>figuratas</strong></span> <span class='ocrx_word' id='word_1_97' title='bbox 962 1430 1276 1497; x_wconf 86' lang='lat' dir='ltr'><strong>accipimus.</strong></span> <span class='ocrx_word' id='word_1_98' title='bbox 1334 1430 1594 1496; x_wconf 87' lang='lat' dir='ltr'><strong>Quoniam</strong></span> <span class='ocrx_word' id='word_1_99' title='bbox 1640 1433 1776 1483; x_wconf 90' lang='lat' dir='ltr'><strong>sicut</strong></span> <span class='ocrx_word' id='word_1_100' title='bbox 1820 1431 1921 1484; x_wconf 70' lang='lat' dir='ltr'><strong>illa:</strong></span> <span class='ocrx_word' id='word_1_101' title='bbox 1952 1445 2055 1483; x_wconf 92' lang='lat' dir='ltr'><strong>non</strong></span> 
     </span>
    </p>
   </div>
   <div class='ocr_carea' id='block_1_16' title="bbox 484 1520 2058 1588">
    <p class='ocr_par' dir='ltr' id='par_1_16' title="bbox 484 1520 2058 1588">
     <span class='ocr_line' id='line_1_16' title="bbox 484 1520 2058 1588; baseline 0 -14"><span class='ocrx_word' id='word_1_102' title='bbox 484 1521 656 1575; x_wconf 90' lang='lat' dir='ltr'><strong>solum</strong></span> <span class='ocrx_word' id='word_1_103' title='bbox 691 1520 816 1573; x_wconf 91' lang='lat' dir='ltr'><strong>viris</strong></span> <span class='ocrx_word' id='word_1_104' title='bbox 845 1521 955 1574; x_wconf 89' lang='lat' dir='ltr'><strong>suis</strong></span> <span class='ocrx_word' id='word_1_105' title='bbox 986 1535 1082 1588; x_wconf 90' lang='lat' dir='ltr'><strong>per</strong></span> <span class='ocrx_word' id='word_1_106' title='bbox 1129 1531 1342 1575; x_wconf 89' lang='lat' dir='ltr'><strong>sanctos</strong></span> <span class='ocrx_word' id='word_1_107' title='bbox 1388 1536 1563 1575; x_wconf 89' lang='lat' dir='ltr'><strong>mores</strong></span> <span class='ocrx_word' id='word_1_108' title='bbox 1587 1560 1602 1586; x_wconf 92' lang='lat'><strong>,</strong></span> <span class='ocrx_word' id='word_1_109' title='bbox 1636 1521 1730 1575; x_wconf 89' lang='lat' dir='ltr'><strong>sed</strong></span> <span class='ocrx_word' id='word_1_110' title='bbox 1773 1522 1932 1576; x_wconf 91' lang='lat' dir='ltr'><strong>etiam</strong></span> <span class='ocrx_word' id='word_1_111' title='bbox 1964 1536 2058 1575; x_wconf 81' lang='lat' dir='ltr'><strong>ex-</strong></span> 
     </span>
    </p>
   </div>
   <div class='ocr_carea' id='block_1_17' title="bbox 486 1611 2057 1682">
    <p class='ocr_par' dir='ltr' id='par_1_17' title="bbox 486 1611 2057 1682">
     <span class='ocr_line' id='line_1_17' title="bbox 486 1611 2057 1682; baseline 0.001 -17"><span class='ocrx_word' id='word_1_112' title='bbox 486 1612 707 1675; x_wconf 89' lang='lat' dir='ltr'><strong>traneis,</strong></span> <span class='ocrx_word' id='word_1_113' title='bbox 738 1612 855 1665; x_wconf 89' lang='lat' dir='ltr'><strong>sine</strong></span> <span class='ocrx_word' id='word_1_114' title='bbox 883 1611 1163 1679; x_wconf 85' lang='lat' dir='ltr'><strong>dispendio</strong></span> <span class='ocrx_word' id='word_1_115' title='bbox 1185 1614 1266 1665; x_wconf 92' lang='lat' dir='ltr'><strong>sui</strong></span> <span class='ocrx_word' id='word_1_116' title='bbox 1300 1612 1546 1681; x_wconf 86' lang='lat' dir='ltr'><strong>pudoris,</strong></span> <span class='ocrx_word' id='word_1_117' title='bbox 1578 1615 1648 1667; x_wconf 93' lang='lat' dir='ltr'><strong>ob</strong></span> <span class='ocrx_word' id='word_1_118' title='bbox 1695 1615 1907 1667; x_wconf 89' lang='lat' dir='ltr'><strong>nimiam</strong></span> <span class='ocrx_word' id='word_1_119' title='bbox 1942 1615 2057 1682; x_wconf 90' lang='lat' dir='ltr'><strong>pul-</strong></span> 
     </span>
    </p>
   </div>
   <div class='ocr_carea' id='block_1_18' title="bbox 484 1704 2055 1772">
    <p class='ocr_par' dir='ltr' id='par_1_18' title="bbox 484 1704 2055 1772">
     <span class='ocr_line' id='line_1_18' title="bbox 484 1704 2055 1772; baseline 0.001 -15"><span class='ocrx_word' id='word_1_120' title='bbox 484 1704 837 1758; x_wconf 88' lang='lat' dir='ltr'><strong>chritudinem</strong></span> <span class='ocrx_word' id='word_1_121' title='bbox 868 1704 1208 1772; x_wconf 78' lang='lat' dir='ltr'><strong>placuerunt;</strong></span> <span class='ocrx_word' id='word_1_122' title='bbox 1252 1706 1323 1758; x_wconf 90' lang='lat' dir='ltr'><strong>ita</strong></span> <span class='ocrx_word' id='word_1_123' title='bbox 1367 1716 1565 1759; x_wconf 78' lang='lat' dir='ltr'><strong>sancta:</strong></span> <span class='ocrx_word' id='word_1_124' title='bbox 1604 1707 1828 1760; x_wconf 84' lang='lat' dir='ltr'><strong>virtutes</strong></span> <span class='ocrx_word' id='word_1_125' title='bbox 1848 1716 1901 1759; x_wconf 91' lang='lat' dir='ltr'><strong>et</strong></span> <span class='ocrx_word' id='word_1_126' title='bbox 1930 1720 2055 1760; x_wconf 91' lang='lat' dir='ltr'><strong>suos</strong></span> 
     </span>
    </p>
   </div>
   <div class='ocr_carea' id='block_1_19' title="bbox 486 1796 3092 1881">
    <p class='ocr_par' dir='ltr' id='par_1_19' title="bbox 486 1796 3092 1881">
     <span class='ocr_line' id='line_1_19' title="bbox 486 1796 3092 1881; baseline 0.001 -32"><span class='ocrx_word' id='word_1_127' title='bbox 486 1796 755 1850; x_wconf 87' lang='lat' dir='ltr'><strong>mirabiles</strong></span> <span class='ocrx_word' id='word_1_128' title='bbox 805 1796 1053 1850; x_wconf 90' lang='lat' dir='ltr'><strong>omnibus</strong></span> <span class='ocrx_word' id='word_1_129' title='bbox 1108 1796 1371 1861; x_wconf 87' lang='lat' dir='ltr'><strong>reddunt,</strong></span> <span class='ocrx_word' id='word_1_130' title='bbox 1411 1807 1465 1851; x_wconf 89' lang='lat' dir='ltr'><strong>et</strong></span> <span class='ocrx_word' id='word_1_131' title='bbox 1511 1807 1797 1877; x_wconf 83' lang='lat' dir='ltr'><strong>extraneos</strong></span> <span class='ocrx_word' id='word_1_132' title='bbox 1831 1798 2057 1866; x_wconf 89' lang='lat' dir='ltr'><strong>quadam</strong></span> <span class='ocrx_word' id='word_1_133' title='bbox 2097 1799 2138 1857; x_wconf 85' lang='grc' dir='ltr'><strong>Β</strong></span> <span class='ocrx_word' id='word_1_134' title='bbox 2171 1812 2349 1881; x_wconf 48' lang='lat' dir='ltr'><strong>pen,“</strong></span> <span class='ocrx_word' id='word_1_135' title='bbox 2374 1813 2740 1881; x_wconf 64' lang='lat' dir='ltr'><strong>deprehendi,</strong></span> <span class='ocrx_word' id='word_1_136' title='bbox 2774 1828 2830 1872; x_wconf 74' lang='grc' dir='ltr'><strong>υι</strong></span> <span class='ocrx_word' id='word_1_137' title='bbox 2875 1821 3013 1873; x_wconf 47' lang='lat' dir='ltr'><strong>sicut</strong></span> <span class='ocrx_word' id='word_1_138' title='bbox 3043 1821 3092 1874; x_wconf 65' lang='lat' dir='ltr'><strong>in</strong></span> 
     </span>
    </p>
   </div>
   <div class='ocr_carea' id='block_1_20' title="bbox 483 1874 2060 1957">
    <p class='ocr_par' dir='ltr' id='par_1_20' title="bbox 483 1874 2060 1957">
     <span class='ocr_line' id='line_1_20' title="bbox 483 1874 2060 1957; baseline 0.002 -18"><span class='ocrx_word' id='word_1_139' title='bbox 483 1886 832 1941; x_wconf 88' lang='lat' dir='ltr'><strong>admiratione</strong></span> <span class='ocrx_word' id='word_1_140' title='bbox 859 1887 943 1940; x_wconf 87' lang='lat' dir='ltr'><strong>sui</strong></span> <span class='ocrx_word' id='word_1_141' title='bbox 984 1890 1359 1957; x_wconf 78' lang='lat' dir='ltr'><strong>perstringunt.</strong></span> <span class='ocrx_word' id='word_1_142' title='bbox 1406 1888 1540 1941; x_wconf 90' lang='lat' dir='ltr'><strong>llinc</strong></span> <span class='ocrx_word' id='word_1_143' title='bbox 1569 1874 1651 1942; x_wconf 86' lang='lat' dir='ltr'><strong>est</strong></span> <span class='ocrx_word' id='word_1_144' title='bbox 1685 1889 1828 1957; x_wconf 92' lang='lat' dir='ltr'><strong>quod</strong></span> <span class='ocrx_word' id='word_1_145' title='bbox 1861 1898 1915 1941; x_wconf 89' lang='lat' dir='ltr'><strong>et</strong></span> <span class='ocrx_word' id='word_1_146' title='bbox 1960 1889 2060 1957; x_wconf 87' lang='lat' dir='ltr'><strong>ipsi</strong></span> 
     </span>
    </p>
   </div>
   <div class='ocr_carea' id='block_1_21' title="bbox 484 1974 2057 2048">
    <p class='ocr_par' dir='ltr' id='par_1_21' title="bbox 484 1974 2057 2048">
     <span class='ocr_line' id='line_1_21' title="bbox 484 1974 2057 2048; baseline 0.003 -21"><span class='ocrx_word' id='word_1_147' title='bbox 484 1976 572 2043; x_wconf 86' lang='lat' dir='ltr'><strong>qui</strong></span> <span class='ocrx_word' id='word_1_148' title='bbox 602 1978 789 2029; x_wconf 82' lang='lat' dir='ltr'><strong>vitiose</strong></span> <span class='ocrx_word' id='word_1_149' title='bbox 840 1974 1048 2036; x_wconf 86' lang='lat' dir='ltr'><strong>vivunt,</strong></span> <span class='ocrx_word' id='word_1_150' title='bbox 1082 1978 1305 2030; x_wconf 85' lang='lat' dir='ltr'><strong>virtutes</strong></span> <span class='ocrx_word' id='word_1_151' title='bbox 1348 1978 1489 2031; x_wconf 87' lang='lat' dir='ltr'><strong>vitiis</strong></span> <span class='ocrx_word' id='word_1_152' title='bbox 1532 1986 1864 2047; x_wconf 90' lang='lat' dir='ltr'><strong>anteponunt</strong></span> <span class='ocrx_word' id='word_1_153' title='bbox 1890 1993 1905 2032; x_wconf 89' lang='lat'><strong>:</strong></span> <span class='ocrx_word' id='word_1_154' title='bbox 1933 1979 2057 2048; x_wconf 90' lang='lat' dir='ltr'><strong>quia</strong></span> 
     </span>
    </p>
   </div>
   <div class='ocr_carea' id='block_1_22' title="bbox 484 2066 2055 2138">
    <p class='ocr_par' dir='ltr' id='par_1_22' title="bbox 484 2066 2055 2138">
     <span class='ocr_line' id='line_1_22' title="bbox 484 2066 2055 2138; baseline 0.001 -19"><span class='ocrx_word' id='word_1_155' title='bbox 484 2066 627 2121; x_wconf 86' lang='lat' dir='ltr'><strong>aliud</strong></span> <span class='ocrx_word' id='word_1_156' title='bbox 658 2076 741 2120; x_wconf 90' lang='lat' dir='ltr'><strong>est</strong></span> <span class='ocrx_word' id='word_1_157' title='bbox 776 2067 917 2135; x_wconf 92' lang='lat' dir='ltr'><strong>quod</strong></span> <span class='ocrx_word' id='word_1_158' title='bbox 951 2067 1147 2121; x_wconf 88' lang='lat' dir='ltr'><strong>faciunt</strong></span> <span class='ocrx_word' id='word_1_159' title='bbox 1196 2069 1401 2134; x_wconf 88' lang='lat' dir='ltr'><strong>morbo,</strong></span> <span class='ocrx_word' id='word_1_160' title='bbox 1434 2068 1574 2122; x_wconf 76' lang='lat' dir='ltr'><strong>aliud</strong></span> <span class='ocrx_word' id='word_1_161' title='bbox 1600 2069 1742 2137; x_wconf 89' lang='lat' dir='ltr'><strong>quod</strong></span> <span class='ocrx_word' id='word_1_162' title='bbox 1769 2077 2055 2138; x_wconf 89' lang='lat' dir='ltr'><strong>coguntur,</strong></span> 
     </span>
    </p>
   </div>
   <div class='ocr_carea' id='block_1_23' title="bbox 486 2158 2063 2229">
    <p class='ocr_par' dir='ltr' id='par_1_23' title="bbox 486 2158 2063 2229">
     <span class='ocr_line' id='line_1_23' title="bbox 486 2158 2063 2229; baseline 0.002 -17"><span class='ocrx_word' id='word_1_163' title='bbox 486 2158 515 2198; x_wconf 72' lang='grc' dir='ltr'><strong>ι)</strong></span> <span class='ocrx_word' id='word_1_164' title='bbox 541 2162 768 2228; x_wconf 87' lang='lat' dir='ltr'><strong>probare</strong></span> <span class='ocrx_word' id='word_1_165' title='bbox 794 2160 1013 2228; x_wconf 90' lang='lat' dir='ltr'><strong>judicio.</strong></span> <span class='ocrx_word' id='word_1_166' title='bbox 1042 2160 1147 2215; x_wconf 89' lang='lat' dir='ltr'><strong>Sed</strong></span> <span class='ocrx_word' id='word_1_167' title='bbox 1174 2175 1240 2215; x_wconf 91' lang='lat' dir='ltr'><strong>ne</strong></span> <span class='ocrx_word' id='word_1_168' title='bbox 1269 2161 1404 2215; x_wconf 86' lang='lat' dir='ltr'><strong>forte</strong></span> <span class='ocrx_word' id='word_1_169' title='bbox 1424 2162 1537 2214; x_wconf 67' lang='lat' dir='ltr'><strong>haec</strong></span> <span class='ocrx_word' id='word_1_170' title='bbox 1556 2161 1850 2229; x_wconf 90' lang='lat' dir='ltr'><strong>spiritualia</strong></span> <span class='ocrx_word' id='word_1_171' title='bbox 1872 2176 2063 2215; x_wconf 86' lang='lat' dir='ltr'><strong>secun-</strong></span> 
     </span>
    </p>
   </div>
   <div class='ocr_carea' id='block_1_24' title="bbox 488 2249 2062 2320">
    <p class='ocr_par' dir='ltr' id='par_1_24' title="bbox 488 2249 2062 2320">
     <span class='ocr_line' id='line_1_24' title="bbox 488 2249 2062 2320; baseline 0.004 -17"><span class='ocrx_word' id='word_1_172' title='bbox 488 2249 616 2303; x_wconf 91' lang='lat' dir='ltr'><strong>dum</strong></span> <span class='ocrx_word' id='word_1_173' title='bbox 644 2264 857 2304; x_wconf 88' lang='lat' dir='ltr'><strong>carnem</strong></span> <span class='ocrx_word' id='word_1_174' title='bbox 889 2249 1062 2303; x_wconf 89' lang='lat' dir='ltr'><strong>adhuc</strong></span> <span class='ocrx_word' id='word_1_175' title='bbox 1084 2251 1326 2305; x_wconf 87' lang='lat' dir='ltr'><strong>carnales</strong></span> <span class='ocrx_word' id='word_1_176' title='bbox 1352 2252 1681 2320; x_wconf 86' lang='lat' dir='ltr'><strong>acciperent;</strong></span> <span class='ocrx_word' id='word_1_177' title='bbox 1715 2268 1811 2307; x_wconf 92' lang='lat' dir='ltr'><strong>uec</strong></span> <span class='ocrx_word' id='word_1_178' title='bbox 1839 2256 2062 2309; x_wconf 79' lang='lat' dir='ltr'><strong>virtutes</strong></span> 
     </span>
    </p>
   </div>
   <div class='ocr_carea' id='block_1_25' title="bbox 489 2342 2060 2413">
    <p class='ocr_par' dir='ltr' id='par_1_25' title="bbox 489 2342 2060 2413">
     <span class='ocr_line' id='line_1_25' title="bbox 489 2342 2060 2413; baseline 0.003 -18"><span class='ocrx_word' id='word_1_179' title='bbox 489 2342 787 2409; x_wconf 87' lang='lat' dir='ltr'><strong>cogitarent</strong></span> <span class='ocrx_word' id='word_1_180' title='bbox 829 2356 960 2410; x_wconf 88' lang='lat' dir='ltr'><strong>quas</strong></span> <span class='ocrx_word' id='word_1_181' title='bbox 999 2343 1247 2396; x_wconf 88' lang='lat' dir='ltr'><strong>mulieres</strong></span> <span class='ocrx_word' id='word_1_182' title='bbox 1286 2342 1389 2396; x_wconf 72' lang='lat' dir='ltr'><strong>illa:</strong></span> <span class='ocrx_word' id='word_1_183' title='bbox 1427 2343 1756 2411; x_wconf 87' lang='lat' dir='ltr'><strong>signillcant,</strong></span> <span class='ocrx_word' id='word_1_184' title='bbox 1788 2344 1878 2398; x_wconf 89' lang='lat' dir='ltr'><strong>sed</strong></span> <span class='ocrx_word' id='word_1_185' title='bbox 1919 2346 2060 2413; x_wconf 87' lang='lat' dir='ltr'><strong>ipsas</strong></span> 
     </span>
    </p>
   </div>
   <div class='ocr_carea' id='block_1_26' title="bbox 496 2433 2062 2503">
    <p class='ocr_par' dir='ltr' id='par_1_26' title="bbox 496 2433 2062 2503">
     <span class='ocr_line' id='line_1_26' title="bbox 496 2433 2062 2503; baseline 0.003 -16"><span class='ocrx_word' id='word_1_186' title='bbox 496 2443 518 2471; x_wconf 74' lang='grc' dir='ltr'><strong>ε</strong></span> <span class='ocrx_word' id='word_1_187' title='bbox 549 2434 831 2503; x_wconf 87' lang='lat' dir='ltr'><strong>cogitando</strong></span> <span class='ocrx_word' id='word_1_188' title='bbox 858 2434 1146 2488; x_wconf 85' lang='lat' dir='ltr'><strong>carnaliter</strong></span> <span class='ocrx_word' id='word_1_189' title='bbox 1180 2433 1518 2503; x_wconf 89' lang='lat' dir='ltr'><strong>deperirent;</strong></span> <span class='ocrx_word' id='word_1_190' title='bbox 1554 2435 1799 2489; x_wconf 90' lang='lat' dir='ltr'><strong>consulto</strong></span> <span class='ocrx_word' id='word_1_191' title='bbox 1821 2435 2062 2502; x_wconf 89' lang='lat' dir='ltr'><strong>juniores</strong></span> 
     </span>
    </p>
   </div>
   <div class='ocr_carea' id='block_1_27' title="bbox 491 2522 2060 2594">
    <p class='ocr_par' dir='ltr' id='par_1_27' title="bbox 491 2522 2060 2594">
     <span class='ocr_line' id='line_1_27' title="bbox 491 2522 2060 2594; baseline 0.002 -18"><span class='ocrx_word' id='word_1_192' title='bbox 491 2523 667 2591; x_wconf 80' lang='lat' dir='ltr'><strong>legere</strong></span> <span class='ocrx_word' id='word_1_193' title='bbox 703 2532 826 2576; x_wconf 88' lang='lat' dir='ltr'><strong>sunt</strong></span> <span class='ocrx_word' id='word_1_194' title='bbox 865 2524 951 2577; x_wconf 91' lang='lat' dir='ltr'><strong>illa</strong></span> <span class='ocrx_word' id='word_1_195' title='bbox 981 2522 1258 2592; x_wconf 87' lang='lat' dir='ltr'><strong>prohibiti,</strong></span> <span class='ocrx_word' id='word_1_196' title='bbox 1287 2538 1405 2590; x_wconf 68' lang='lat' dir='ltr'><strong>qua:</strong></span> <span class='ocrx_word' id='word_1_197' title='bbox 1432 2523 1569 2577; x_wconf 85' lang='lat' dir='ltr'><strong>sicut</strong></span> <span class='ocrx_word' id='word_1_198' title='bbox 1593 2524 1943 2594; x_wconf 88' lang='lat' dir='ltr'><strong>spiritualiter</strong></span> <span class='ocrx_word' id='word_1_199' title='bbox 1970 2539 2060 2580; x_wconf 86' lang='lat' dir='ltr'><strong>ac-</strong></span> 
     </span>
    </p>
   </div>
   <div class='ocr_carea' id='block_1_28' title="bbox 488 2612 2060 2683">
    <p class='ocr_par' dir='ltr' id='par_1_28' title="bbox 488 2612 2060 2683">
     <span class='ocr_line' id='line_1_28' title="bbox 488 2612 2060 2683; baseline 0.001 -15"><span class='ocrx_word' id='word_1_200' title='bbox 488 2623 639 2681; x_wconf 78' lang='lat' dir='ltr'><strong>cepta</strong></span> <span class='ocrx_word' id='word_1_201' title='bbox 681 2612 943 2667; x_wconf 78' lang='lat' dir='ltr'><strong>viviﬁcant</strong></span> <span class='ocrx_word' id='word_1_202' title='bbox 968 2653 984 2680; x_wconf 92' lang='lat'><strong>,</strong></span> <span class='ocrx_word' id='word_1_203' title='bbox 1028 2614 1101 2666; x_wconf 87' lang='lat' dir='ltr'><strong>ita</strong></span> <span class='ocrx_word' id='word_1_204' title='bbox 1127 2613 1412 2667; x_wconf 87' lang='lat' dir='ltr'><strong>carnaliter</strong></span> <span class='ocrx_word' id='word_1_205' title='bbox 1464 2613 1914 2683; x_wconf 80' lang='lat' dir='ltr'><strong>intelligentibus,</strong></span> <span class='ocrx_word' id='word_1_206' title='bbox 1946 2616 2060 2683; x_wconf 89' lang='lat' dir='ltr'><strong>ipsa</strong></span> 
     </span>
    </p>
   </div>
   <div class='ocr_carea' id='block_1_29' title="bbox 487 2703 2059 2774">
    <p class='ocr_par' dir='ltr' id='par_1_29' title="bbox 487 2703 2059 2774">
     <span class='ocr_line' id='line_1_29' title="bbox 487 2703 2059 2774; baseline 0.001 -17"><span class='ocrx_word' id='word_1_207' title='bbox 487 2703 719 2757; x_wconf 82' lang='lat' dir='ltr'><strong>carnalis</strong></span> <span class='ocrx_word' id='word_1_208' title='bbox 766 2704 1112 2772; x_wconf 84' lang='lat' dir='ltr'><strong>intelligentia</strong></span> <span class='ocrx_word' id='word_1_209' title='bbox 1158 2704 1467 2758; x_wconf 76' lang='lat' dir='ltr'><strong>occasiones</strong></span> <span class='ocrx_word' id='word_1_210' title='bbox 1523 2704 1752 2759; x_wconf 78' lang='lat' dir='ltr'><strong>carnalis</strong></span> <span class='ocrx_word' id='word_1_211' title='bbox 1798 2706 2059 2774; x_wconf 83' lang='lat' dir='ltr'><strong>concupi-</strong></span> 
     </span>
    </p>
   </div>
   <div class='ocr_carea' id='block_1_30' title="bbox 488 2794 2061 2865">
    <p class='ocr_par' dir='ltr' id='par_1_30' title="bbox 488 2794 2061 2865">
     <span class='ocr_line' id='line_1_30' title="bbox 488 2794 2061 2865; baseline 0 -15"><span class='ocrx_word' id='word_1_212' title='bbox 488 2794 704 2850; x_wconf 78' lang='lat' dir='ltr'><strong>scentite</strong></span> <span class='ocrx_word' id='word_1_213' title='bbox 750 2795 1135 2848; x_wconf 80' lang='lat' dir='ltr'><strong>subminiStrat.</strong></span> <span class='ocrx_word' id='word_1_214' title='bbox 1183 2795 1379 2848; x_wconf 85' lang='lat' dir='ltr'><strong>Earum</strong></span> <span class='ocrx_word' id='word_1_215' title='bbox 1430 2795 1654 2865; x_wconf 86' lang='lat' dir='ltr'><strong>quisque</strong></span> <span class='ocrx_word' id='word_1_216' title='bbox 1700 2796 1914 2849; x_wconf 90' lang='lat' dir='ltr'><strong>nomina</strong></span> <span class='ocrx_word' id='word_1_217' title='bbox 1965 2795 2061 2850; x_wconf 89' lang='lat' dir='ltr'><strong>fre-</strong></span> 
     </span>
    </p>
   </div>
   <div class='ocr_carea' id='block_1_31' title="bbox 492 2885 2060 2956">
    <p class='ocr_par' dir='ltr' id='par_1_31' title="bbox 492 2885 2060 2956">
     <span class='ocr_line' id='line_1_31' title="bbox 492 2885 2060 2956; baseline 0.002 -19"><span class='ocrx_word' id='word_1_218' title='bbox 492 2894 718 2956; x_wconf 89' lang='lat' dir='ltr'><strong>quenter</strong></span> <span class='ocrx_word' id='word_1_219' title='bbox 762 2885 920 2940; x_wconf 86' lang='lat' dir='ltr'><strong>habet</strong></span> <span class='ocrx_word' id='word_1_220' title='bbox 951 2886 1002 2939; x_wconf 90' lang='lat' dir='ltr'><strong>in</strong></span> <span class='ocrx_word' id='word_1_221' title='bbox 1045 2899 1162 2949; x_wconf 91' lang='lat' dir='ltr'><strong>ore,</strong></span> <span class='ocrx_word' id='word_1_222' title='bbox 1207 2899 1429 2954; x_wconf 90' lang='lat' dir='ltr'><strong>quarum</strong></span> <span class='ocrx_word' id='word_1_223' title='bbox 1477 2886 1739 2941; x_wconf 88' lang='lat' dir='ltr'><strong>desideria</strong></span> <span class='ocrx_word' id='word_1_224' title='bbox 1782 2888 2060 2941; x_wconf 89' lang='lat' dir='ltr'><strong>vulnerato</strong></span> 
     </span>
    </p>
   </div>
   <div class='ocr_carea' id='block_1_32' title="bbox 488 2976 2062 3049">
    <p class='ocr_par' dir='ltr' id='par_1_32' title="bbox 488 2976 2062 3049">
     <span class='ocr_line' id='line_1_32' title="bbox 488 2976 2062 3049; baseline 0 -16"><span class='ocrx_word' id='word_1_225' title='bbox 488 2987 661 3049; x_wconf 83' lang='lat' dir='ltr'><strong>gestat</strong></span> <span class='ocrx_word' id='word_1_226' title='bbox 691 2978 742 3032; x_wconf 94' lang='lat' dir='ltr'><strong>in</strong></span> <span class='ocrx_word' id='word_1_227' title='bbox 766 2977 948 3045; x_wconf 92' lang='lat' dir='ltr'><strong>corde,</strong></span> <span class='ocrx_word' id='word_1_228' title='bbox 976 2976 1003 3013; x_wconf 72' lang='lat'><strong>&lt;1</strong></span> <span class='ocrx_word' id='word_1_229' title='bbox 1026 2993 1087 3032; x_wconf 88' lang='lat' dir='ltr'><strong>ac</strong></span> <span class='ocrx_word' id='word_1_230' title='bbox 1113 2977 1492 3046; x_wconf 86' lang='lat' dir='ltr'><strong>turpitudinem</strong></span> <span class='ocrx_word' id='word_1_231' title='bbox 1514 2993 1671 3048; x_wconf 90' lang='lat' dir='ltr'><strong>quam</strong></span> <span class='ocrx_word' id='word_1_232' title='bbox 1695 2992 1947 3033; x_wconf 79' lang='lat' dir='ltr'><strong>exercere</strong></span> <span class='ocrx_word' id='word_1_233' title='bbox 1969 2994 2062 3033; x_wconf 81' lang='lat' dir='ltr'><strong>ve—</strong></span> 
     </span>
    </p>
   </div>
   <div class='ocr_carea' id='block_1_33' title="bbox 489 3066 2053 3134">
    <p class='ocr_par' dir='ltr' id='par_1_33' title="bbox 489 3066 2053 3134">
     <span class='ocr_line' id='line_1_33' title="bbox 489 3066 2053 3134; baseline 0.001 -11"><span class='ocrx_word' id='word_1_234' title='bbox 489 3066 807 3123; x_wconf 89' lang='lat' dir='ltr'><strong>recundatur</strong></span> <span class='ocrx_word' id='word_1_235' title='bbox 838 3066 889 3120; x_wconf 93' lang='lat' dir='ltr'><strong>in</strong></span> <span class='ocrx_word' id='word_1_236' title='bbox 938 3068 1094 3129; x_wconf 89' lang='lat' dir='ltr'><strong>facto,</strong></span> <span class='ocrx_word' id='word_1_237' title='bbox 1122 3076 1268 3121; x_wconf 86' lang='lat' dir='ltr'><strong>tenet</strong></span> <span class='ocrx_word' id='word_1_238' title='bbox 1308 3066 1593 3134; x_wconf 85' lang='lat' dir='ltr'><strong>inanimo,</strong></span> <span class='ocrx_word' id='word_1_239' title='bbox 1651 3082 1772 3123; x_wconf 90' lang='lat' dir='ltr'><strong>reus</strong></span> <span class='ocrx_word' id='word_1_240' title='bbox 1812 3083 1919 3124; x_wconf 92' lang='lat' dir='ltr'><strong>non</strong></span> <span class='ocrx_word' id='word_1_241' title='bbox 1955 3069 2053 3124; x_wconf 87' lang='lat' dir='ltr'><strong>hu-</strong></span> 
     </span>
    </p>
   </div>
   <div class='ocr_carea' id='block_1_34' title="bbox 493 3158 1258 3229">
    <p class='ocr_par' dir='ltr' id='par_1_34' title="bbox 493 3158 1258 3229">
     <span class='ocr_line' id='line_1_34' title="bbox 493 3158 1258 3229; baseline -0.001 -15"><span class='ocrx_word' id='word_1_242' title='bbox 493 3174 654 3215; x_wconf 91' lang='lat' dir='ltr'><strong>mano</strong></span> <span class='ocrx_word' id='word_1_243' title='bbox 681 3159 900 3229; x_wconf 88' lang='lat' dir='ltr'><strong>judicio,</strong></span> <span class='ocrx_word' id='word_1_244' title='bbox 933 3159 1027 3214; x_wconf 89' lang='lat' dir='ltr'><strong>sed</strong></span> <span class='ocrx_word' id='word_1_245' title='bbox 1059 3158 1258 3213; x_wconf 84' lang='lat' dir='ltr'><strong>divino.</strong></span> 
     </span>
    </p>
   </div>
   <div class='ocr_carea' id='block_1_35' title="bbox 1083 3271 1459 3326">
    <p class='ocr_par' dir='ltr' id='par_1_35' title="bbox 1083 3271 1459 3326">
     <span class='ocr_line' id='line_1_35' title="bbox 1083 3271 1459 3326; baseline 0 -1"><span class='ocrx_word' id='word_1_246' title='bbox 1083 3271 1309 3326; x_wconf 83' lang='lat' dir='ltr'><strong>CAPUT</strong></span> <span class='ocrx_word' id='word_1_247' title='bbox 1349 3271 1459 3325; x_wconf 84' lang='lat' dir='ltr'><strong>\lll.</strong></span> 
     </span>
    </p>
   </div>
   <div class='ocr_carea' id='block_1_36' title="bbox 496 3364 2065 3433">
    <p class='ocr_par' dir='ltr' id='par_1_36' title="bbox 496 3364 2065 3433">
     <span class='ocr_line' id='line_1_36' title="bbox 496 3364 2065 3433; baseline 0.001 -16"><span class='ocrx_word' id='word_1_248' title='bbox 496 3364 643 3429; x_wconf 83' lang='lat' dir='ltr'><strong>Quod</strong></span> <span class='ocrx_word' id='word_1_249' title='bbox 666 3366 816 3417; x_wconf 88' lang='lat' dir='ltr'><strong>etiam</strong></span> <span class='ocrx_word' id='word_1_250' title='bbox 836 3364 890 3416; x_wconf 72' lang='lat' dir='ltr'><strong>lii</strong></span> <span class='ocrx_word' id='word_1_251' title='bbox 910 3380 1033 3432; x_wconf 86' lang='lat' dir='ltr'><strong>quos</strong></span> <span class='ocrx_word' id='word_1_252' title='bbox 1054 3364 1117 3415; x_wconf 79' lang='lat' dir='ltr'><strong>ab</strong></span> <span class='ocrx_word' id='word_1_253' title='bbox 1142 3374 1164 3399; x_wconf 75' lang='grc' dir='ltr'><strong>ε</strong></span> <span class='ocrx_word' id='word_1_254' title='bbox 1192 3364 1513 3432; x_wconf 81' lang='lat' dir='ltr'><strong>impudicitia</strong></span> <span class='ocrx_word' id='word_1_255' title='bbox 1536 3365 1767 3433; x_wconf 75' lang='lat' dir='ltr'><strong>quwlibrt</strong></span> <span class='ocrx_word' id='word_1_256' title='bbox 1794 3365 2065 3418; x_wconf 74' lang='lat' dir='ltr'><strong>necessitas</strong></span> 
     </span>
    </p>
   </div>
   <div class='ocr_carea' id='block_1_37' title="bbox 561 3433 2063 3500">
    <p class='ocr_par' dir='ltr' id='par_1_37' title="bbox 561 3433 2063 3500">
     <span class='ocr_line' id='line_1_37' title="bbox 561 3433 2063 3500; baseline 0 -14"><span class='ocrx_word' id='word_1_257' title='bbox 561 3443 714 3495; x_wconf 80' lang='lat' dir='ltr'><strong>vetat,</strong></span> <span class='ocrx_word' id='word_1_258' title='bbox 747 3436 787 3486; x_wconf 91' lang='lat' dir='ltr'><strong>si</strong></span> <span class='ocrx_word' id='word_1_259' title='bbox 812 3434 971 3485; x_wconf 76' lang='lat' dir='ltr'><strong>vivere</strong></span> <span class='ocrx_word' id='word_1_260' title='bbox 1013 3433 1195 3500; x_wconf 81' lang='lat' dir='ltr'><strong>pudice</strong></span> <span class='ocrx_word' id='word_1_261' title='bbox 1240 3443 1569 3485; x_wconf 70' lang='lat' dir='ltr'><strong>consuescant</strong></span> <span class='ocrx_word' id='word_1_262' title='bbox 1589 3474 1603 3499; x_wconf 97' lang='lat'><strong>,</strong></span> <span class='ocrx_word' id='word_1_263' title='bbox 1630 3436 1695 3486; x_wconf 88' lang='lat' dir='ltr'><strong>ad</strong></span> <span class='ocrx_word' id='word_1_264' title='bbox 1726 3450 1946 3486; x_wconf 85' lang='lat' dir='ltr'><strong>amorem</strong></span> <span class='ocrx_word' id='word_1_265' title='bbox 1974 3452 2063 3487; x_wconf 85' lang='lat' dir='ltr'><strong>ca-</strong></span> 
     </span>
    </p>
   </div>
   <div class='ocr_carea' id='block_1_38' title="bbox 556 3502 1062 3556">
    <p class='ocr_par' dir='ltr' id='par_1_38' title="bbox 556 3502 1062 3556">
     <span class='ocr_line' id='line_1_38' title="bbox 556 3502 1062 3556; baseline -0.004 -1"><span class='ocrx_word' id='word_1_266' title='bbox 556 3503 739 3556; x_wconf 69' lang='lat' dir='ltr'><strong>stitatis</strong></span> <span class='ocrx_word' id='word_1_267' title='bbox 762 3502 1062 3555; x_wconf 81' lang='lat' dir='ltr'><strong>ascendant.</strong></span> 
     </span>
    </p>
   </div>
   <div class='ocr_carea' id='block_1_39' title="bbox 561 3610 2067 3680">
    <p class='ocr_par' dir='ltr' id='par_1_39' title="bbox 561 3610 2067 3680">
     <span class='ocr_line' id='line_1_39' title="bbox 561 3610 2067 3680; baseline 0.001 -14"><span class='ocrx_word' id='word_1_268' title='bbox 561 3611 716 3666; x_wconf 89' lang='lat' dir='ltr'><strong>Tales</strong></span> <span class='ocrx_word' id='word_1_269' title='bbox 752 3610 970 3679; x_wconf 89' lang='lat' dir='ltr'><strong>pudicos</strong></span> <span class='ocrx_word' id='word_1_270' title='bbox 1008 3620 1099 3664; x_wconf 92' lang='lat' dir='ltr'><strong>aut</strong></span> <span class='ocrx_word' id='word_1_271' title='bbox 1146 3614 1463 3678; x_wconf 88' lang='lat' dir='ltr'><strong>temperatio</strong></span> <span class='ocrx_word' id='word_1_272' title='bbox 1490 3627 1770 3680; x_wconf 89' lang='lat' dir='ltr'><strong>corporum</strong></span> <span class='ocrx_word' id='word_1_273' title='bbox 1804 3614 1948 3680; x_wconf 80' lang='lat' dir='ltr'><strong>facit,</strong></span> <span class='ocrx_word' id='word_1_274' title='bbox 1976 3628 2067 3668; x_wconf 91' lang='lat' dir='ltr'><strong>aut</strong></span> 
     </span>
    </p>
   </div>
   <div class='ocr_carea' id='block_1_40' title="bbox 496 3702 2065 3772">
    <p class='ocr_par' dir='ltr' id='par_1_40' title="bbox 496 3702 2065 3772">
     <span class='ocr_line' id='line_1_40' title="bbox 496 3702 2065 3772; baseline -0.001 -14"><span class='ocrx_word' id='word_1_275' title='bbox 496 3705 657 3759; x_wconf 89' lang='lat' dir='ltr'><strong>timor</strong></span> <span class='ocrx_word' id='word_1_276' title='bbox 699 3702 950 3771; x_wconf 88' lang='lat' dir='ltr'><strong>supplicii</strong></span> <span class='ocrx_word' id='word_1_277' title='bbox 992 3702 1298 3771; x_wconf 87' lang='lat' dir='ltr'><strong>temporalis</strong></span> <span class='ocrx_word' id='word_1_278' title='bbox 1344 3704 1409 3757; x_wconf 90' lang='lat' dir='ltr'><strong>ab</strong></span> <span class='ocrx_word' id='word_1_279' title='bbox 1462 3703 1804 3772; x_wconf 75' lang='lat' dir='ltr'><strong>impudicitiae</strong></span> <span class='ocrx_word' id='word_1_280' title='bbox 1856 3707 2065 3759; x_wconf 77' lang='lat' dir='ltr'><strong>actione</strong></span> 
     </span>
    </p>
   </div>
   <div class='ocr_carea' id='block_1_41' title="bbox 507 3774 2065 3862">
    <p class='ocr_par' dir='ltr' id='par_1_41' title="bbox 507 3774 2065 3862">
     <span class='ocr_line' id='line_1_41' title="bbox 507 3774 2065 3862; baseline 0.001 -13"><span class='ocrx_word' id='word_1_281' title='bbox 507 3792 813 3862; x_wconf 88' lang='lat' dir='ltr'><strong>suspendit,</strong></span> <span class='ocrx_word' id='word_1_282' title='bbox 840 3802 930 3846; x_wconf 91' lang='lat' dir='ltr'><strong>aut</strong></span> <span class='ocrx_word' id='word_1_283' title='bbox 948 3792 1156 3847; x_wconf 80' lang='lat' dir='ltr'><strong>occasio</strong></span> <span class='ocrx_word' id='word_1_284' title='bbox 1178 3802 1363 3861; x_wconf 84' lang='lat' dir='ltr'><strong>negata</strong></span> <span class='ocrx_word' id='word_1_285' title='bbox 1395 3774 1653 3847; x_wconf 75' lang='lat' dir='ltr'><strong>destituit.</strong></span> <span class='ocrx_word' id='word_1_286' title='bbox 1685 3795 1787 3849; x_wconf 88' lang='lat' dir='ltr'><strong>Sed</strong></span> <span class='ocrx_word' id='word_1_287' title='bbox 1820 3796 1945 3850; x_wconf 90' lang='lat' dir='ltr'><strong>licet</strong></span> <span class='ocrx_word' id='word_1_288' title='bbox 1972 3812 2065 3851; x_wconf 60' lang='lat' dir='ltr'><strong>vo-</strong></span> 
     </span>
    </p>
   </div>
   <div class='ocr_carea' id='block_1_42' title="bbox 494 3884 2064 3954">
    <p class='ocr_par' dir='ltr' id='par_1_42' title="bbox 494 3884 2064 3954">
     <span class='ocr_line' id='line_1_42' title="bbox 494 3884 2064 3954; baseline -0.001 -14"><span class='ocrx_word' id='word_1_289' title='bbox 494 3886 697 3940; x_wconf 84' lang='lat' dir='ltr'><strong>luntate</strong></span> <span class='ocrx_word' id='word_1_290' title='bbox 718 3885 786 3938; x_wconf 88' lang='lat' dir='ltr'><strong>sit</strong></span> <span class='ocrx_word' id='word_1_291' title='bbox 809 3884 1105 3954; x_wconf 90' lang='lat' dir='ltr'><strong>impudicus</strong></span> <span class='ocrx_word' id='word_1_292' title='bbox 1135 3884 1223 3953; x_wconf 91' lang='lat' dir='ltr'><strong>qui</strong></span> <span class='ocrx_word' id='word_1_293' title='bbox 1246 3886 1563 3939; x_wconf 79' lang='lat' dir='ltr'><strong>necessitate</strong></span> <span class='ocrx_word' id='word_1_294' title='bbox 1587 3887 1807 3953; x_wconf 89' lang='lat' dir='ltr'><strong>pudicus</strong></span> <span class='ocrx_word' id='word_1_295' title='bbox 1837 3892 1956 3953; x_wconf 86' lang='lat' dir='ltr'><strong>est;</strong></span> <span class='ocrx_word' id='word_1_296' title='bbox 1986 3899 2064 3942; x_wconf 89' lang='lat' dir='ltr'><strong>ta-</strong></span> 
     </span>
    </p>
   </div>
   <div class='ocr_carea' id='block_1_43' title="bbox 493 3975 2063 4043">
    <p class='ocr_par' dir='ltr' id='par_1_43' title="bbox 493 3975 2063 4043">
     <span class='ocr_line' id='line_1_43' title="bbox 493 3975 2063 4043; baseline 0.003 -14"><span class='ocrx_word' id='word_1_297' title='bbox 493 3990 613 4031; x_wconf 89' lang='lat' dir='ltr'><strong>men</strong></span> <span class='ocrx_word' id='word_1_298' title='bbox 640 3976 685 4029; x_wconf 91' lang='lat' dir='ltr'><strong>si</strong></span> <span class='ocrx_word' id='word_1_299' title='bbox 711 3983 764 4030; x_wconf 91' lang='lat' dir='ltr'><strong>et</strong></span> <span class='ocrx_word' id='word_1_300' title='bbox 790 3975 878 4030; x_wconf 92' lang='lat' dir='ltr'><strong>ille</strong></span> <span class='ocrx_word' id='word_1_301' title='bbox 906 3976 1183 4043; x_wconf 82' lang='lat' dir='ltr'><strong>temperati</strong></span> <span class='ocrx_word' id='word_1_302' title='bbox 1206 3977 1472 4043; x_wconf 89' lang='lat' dir='ltr'><strong>corporis,</strong></span> <span class='ocrx_word' id='word_1_303' title='bbox 1502 3976 1570 4030; x_wconf 91' lang='lat' dir='ltr'><strong>de</strong></span> <span class='ocrx_word' id='word_1_304' title='bbox 1617 3977 1873 4032; x_wconf 85' lang='lat' dir='ltr'><strong>beneficio</strong></span> <span class='ocrx_word' id='word_1_305' title='bbox 1910 3989 2063 4033; x_wconf 88' lang='lat' dir='ltr'><strong>natu-</strong></span> 
     </span>
    </p>
   </div>
   <div class='ocr_carea' id='block_1_44' title="bbox 494 4066 2059 4138">
    <p class='ocr_par' dir='ltr' id='par_1_44' title="bbox 494 4066 2059 4138">
     <span class='ocr_line' id='line_1_44' title="bbox 494 4066 2059 4138; baseline 0.001 -18"><span class='ocrx_word' id='word_1_306' title='bbox 494 4082 567 4120; x_wconf 64' lang='lat' dir='ltr'><strong>ra:</strong></span> <span class='ocrx_word' id='word_1_307' title='bbox 586 4080 715 4133; x_wconf 72' lang='lat' dir='ltr'><strong>suae,</strong></span> <span class='ocrx_word' id='word_1_308' title='bbox 748 4067 854 4119; x_wconf 90' lang='lat' dir='ltr'><strong>Deo</strong></span> <span class='ocrx_word' id='word_1_309' title='bbox 870 4066 1072 4120; x_wconf 89' lang='lat' dir='ltr'><strong>auctori</strong></span> <span class='ocrx_word' id='word_1_310' title='bbox 1095 4066 1333 4119; x_wconf 92' lang='lat' dir='ltr'><strong>omnium</strong></span> <span class='ocrx_word' id='word_1_311' title='bbox 1362 4079 1667 4121; x_wconf 84' lang='lat' dir='ltr'><strong>naturarum</strong></span> <span class='ocrx_word' id='word_1_312' title='bbox 1690 4070 1889 4137; x_wconf 88' lang='lat' dir='ltr'><strong>gratias</strong></span> <span class='ocrx_word' id='word_1_313' title='bbox 1909 4078 2059 4138; x_wconf 85' lang='lat' dir='ltr'><strong>agat;</strong></span> 
     </span>
    </p>
   </div>
   <div class='ocr_carea' id='block_1_45' title="bbox 494 4158 2063 4231">
    <p class='ocr_par' dir='ltr' id='par_1_45' title="bbox 494 4158 2063 4231">
     <span class='ocr_line' id='line_1_45' title="bbox 494 4158 2063 4231; baseline 0.001 -18"><span class='ocrx_word' id='word_1_314' title='bbox 494 4168 546 4213; x_wconf 91' lang='lat' dir='ltr'><strong>et</strong></span> <span class='ocrx_word' id='word_1_315' title='bbox 575 4158 663 4213; x_wconf 89' lang='lat' dir='ltr'><strong>ille</strong></span> <span class='ocrx_word' id='word_1_316' title='bbox 688 4173 845 4227; x_wconf 90' lang='lat' dir='ltr'><strong>quem</strong></span> <span class='ocrx_word' id='word_1_317' title='bbox 875 4158 1033 4212; x_wconf 87' lang='lat' dir='ltr'><strong>timor</strong></span> <span class='ocrx_word' id='word_1_318' title='bbox 1062 4158 1112 4211; x_wconf 93' lang='lat' dir='ltr'><strong>in</strong></span> <span class='ocrx_word' id='word_1_319' title='bbox 1146 4160 1285 4212; x_wconf 85' lang='lat' dir='ltr'><strong>bono</strong></span> <span class='ocrx_word' id='word_1_320' title='bbox 1325 4159 1591 4228; x_wconf 81' lang='lat' dir='ltr'><strong>pudicitiae</strong></span> <span class='ocrx_word' id='word_1_321' title='bbox 1621 4168 1788 4226; x_wconf 90' lang='lat' dir='ltr'><strong>tenet,</strong></span> <span class='ocrx_word' id='word_1_322' title='bbox 1830 4170 1987 4231; x_wconf 82' lang='lat' dir='ltr'><strong>atque</strong></span> <span class='ocrx_word' id='word_1_323' title='bbox 2019 4163 2063 4215; x_wconf 88' lang='lat' dir='ltr'><strong>is</strong></span> 
     </span>
    </p>
   </div>
   <div class='ocr_carea' id='block_1_46' title="bbox 494 4247 2063 4319">
    <p class='ocr_par' dir='ltr' id='par_1_46' title="bbox 494 4247 2063 4319">
     <span class='ocr_line' id='line_1_46' title="bbox 494 4247 2063 4319; baseline 0.003 -18"><span class='ocrx_word' id='word_1_324' title='bbox 494 4248 577 4301; x_wconf 89' lang='lat' dir='ltr'><strong>cui</strong></span> <span class='ocrx_word' id='word_1_325' title='bbox 605 4247 907 4302; x_wconf 83' lang='lat' dir='ltr'><strong>facultatem</strong></span> <span class='ocrx_word' id='word_1_326' title='bbox 930 4248 1231 4301; x_wconf 77' lang='lat' dir='ltr'><strong>uttechandi</strong></span> <span class='ocrx_word' id='word_1_327' title='bbox 1255 4258 1412 4315; x_wconf 86' lang='lat' dir='ltr'><strong>negat</strong></span> <span class='ocrx_word' id='word_1_328' title='bbox 1433 4250 1665 4313; x_wconf 89' lang='lat' dir='ltr'><strong>occasio,</strong></span> <span class='ocrx_word' id='word_1_329' title='bbox 1680 4252 1858 4304; x_wconf 88' lang='lat' dir='ltr'><strong>vivere</strong></span> <span class='ocrx_word' id='word_1_330' title='bbox 1876 4251 2063 4319; x_wconf 61' lang='lat' dir='ltr'><strong>pudice</strong></span> 
     </span>
    </p>
   </div>
   <div class='ocr_carea' id='block_1_47' title="bbox 494 4335 2061 4407">
    <p class='ocr_par' dir='ltr' id='par_1_47' title="bbox 494 4335 2061 4407">
     <span class='ocr_line' id='line_1_47' title="bbox 494 4335 2061 4407; baseline 0.003 -16"><span class='ocrx_word' id='word_1_331' title='bbox 494 4346 871 4392; x_wconf 85' lang='lat' dir='ltr'><strong>consuescant:</strong></span> <span class='ocrx_word' id='word_1_332' title='bbox 899 4336 950 4391; x_wconf 88' lang='lat' dir='ltr'><strong>in</strong></span> <span class='ocrx_word' id='word_1_333' title='bbox 983 4338 1230 4393; x_wconf 91' lang='lat' dir='ltr'><strong>virtutem</strong></span> <span class='ocrx_word' id='word_1_334' title='bbox 1257 4335 1276 4375; x_wconf 77' lang='grc' dir='ltr'>ί</span> <span class='ocrx_word' id='word_1_335' title='bbox 1310 4338 1620 4407; x_wconf 87' lang='lat' dir='ltr'><strong>plerumque</strong></span> <span class='ocrx_word' id='word_1_336' title='bbox 1649 4339 1716 4393; x_wconf 91' lang='lat' dir='ltr'><strong>de</strong></span> <span class='ocrx_word' id='word_1_337' title='bbox 1746 4342 2061 4395; x_wconf 84' lang='lat' dir='ltr'><strong>necessitate</strong></span> 
     </span>
    </p>
   </div>
   <div class='ocr_carea' id='block_1_48' title="bbox 495 4431 2062 4507">
    <p class='ocr_par' dir='ltr' id='par_1_48' title="bbox 495 4431 2062 4507">
     <span class='ocr_line' id='line_1_48' title="bbox 495 4431 2062 4507; baseline 0.001 -20"><span class='ocrx_word' id='word_1_338' title='bbox 495 4431 806 4507; x_wconf 81' lang='lat' dir='ltr'><strong>proﬁciunt;</strong></span> <span class='ocrx_word' id='word_1_339' title='bbox 832 4439 886 4485; x_wconf 86' lang='lat' dir='ltr'><strong>et</strong></span> <span class='ocrx_word' id='word_1_340' title='bbox 912 4431 1162 4501; x_wconf 86' lang='lat' dir='ltr'><strong>paulatim</strong></span> <span class='ocrx_word' id='word_1_341' title='bbox 1196 4431 1359 4499; x_wconf 89' lang='lat' dir='ltr'><strong>ipsius</strong></span> <span class='ocrx_word' id='word_1_342' title='bbox 1411 4431 1681 4500; x_wconf 63' lang='lat' dir='ltr'><strong>pudicitiae</strong></span> <span class='ocrx_word' id='word_1_343' title='bbox 1711 4432 2062 4488; x_wconf 85' lang='lat' dir='ltr'><strong>delectatione</strong></span> 
     </span>
    </p>
   </div>
   <div class='ocr_carea' id='block_1_49' title="bbox 2150 532 3723 600">
    <p class='ocr_par' dir='ltr' id='par_1_49' title="bbox 2150 532 3723 600">
     <span class='ocr_line' id='line_1_49' title="bbox 2150 532 3723 600; baseline 0.007 -19"><span class='ocrx_word' id='word_1_344' title='bbox 2150 532 2360 583; x_wconf 87' lang='lat' dir='ltr'><strong>animus</strong></span> <span class='ocrx_word' id='word_1_345' title='bbox 2391 546 2620 600; x_wconf 89' lang='lat' dir='ltr'><strong>unquam</strong></span> <span class='ocrx_word' id='word_1_346' title='bbox 2652 532 2862 587; x_wconf 88' lang='lat' dir='ltr'><strong>desinat</strong></span> <span class='ocrx_word' id='word_1_347' title='bbox 2905 535 2956 588; x_wconf 84' lang='lat' dir='ltr'><strong>in</strong></span> <span class='ocrx_word' id='word_1_348' title='bbox 2990 535 3089 589; x_wconf 89' lang='lat' dir='ltr'><strong>hac</strong></span> <span class='ocrx_word' id='word_1_349' title='bbox 3114 550 3275 589; x_wconf 88' lang='lat' dir='ltr'><strong>carne</strong></span> <span class='ocrx_word' id='word_1_350' title='bbox 3296 551 3417 589; x_wconf 87' lang='lat' dir='ltr'><strong>cum</strong></span> <span class='ocrx_word' id='word_1_351' title='bbox 3461 537 3601 591; x_wconf 87' lang='lat' dir='ltr'><strong>vitiis</strong></span> <span class='ocrx_word' id='word_1_352' title='bbox 3628 539 3723 592; x_wconf 87' lang='lat' dir='ltr'><strong>ha-</strong></span> 
     </span>
    </p>
   </div>
   <div class='ocr_carea' id='block_1_50' title="bbox 2151 617 3727 693">
    <p class='ocr_par' dir='ltr' id='par_1_50' title="bbox 2151 617 3727 693">
     <span class='ocr_line' id='line_1_50' title="bbox 2151 617 3727 693; baseline 0.006 -21"><span class='ocrx_word' id='word_1_353' title='bbox 2151 617 2283 672; x_wconf 89' lang='lat' dir='ltr'><strong>bere</strong></span> <span class='ocrx_word' id='word_1_354' title='bbox 2303 617 2639 683; x_wconf 81' lang='lat' dir='ltr'><strong>Conﬂittutn;</strong></span> <span class='ocrx_word' id='word_1_355' title='bbox 2671 620 2764 675; x_wconf 88' lang='lat' dir='ltr'><strong>sed</strong></span> <span class='ocrx_word' id='word_1_356' title='bbox 2794 621 2935 690; x_wconf 90' lang='lat' dir='ltr'><strong>quod</strong></span> <span class='ocrx_word' id='word_1_357' title='bbox 2964 637 3086 677; x_wconf 89' lang='lat' dir='ltr'><strong>eum</strong></span> <span class='ocrx_word' id='word_1_358' title='bbox 3127 623 3237 677; x_wconf 86' lang='lat' dir='ltr'><strong>alat</strong></span> <span class='ocrx_word' id='word_1_359' title='bbox 3262 638 3325 679; x_wconf 89' lang='lat' dir='ltr'><strong>ac</strong></span> <span class='ocrx_word' id='word_1_360' title='bbox 3366 626 3646 693; x_wconf 88' lang='lat' dir='ltr'><strong>provehat,</strong></span> <span class='ocrx_word' id='word_1_361' title='bbox 3675 638 3727 682; x_wconf 90' lang='lat' dir='ltr'><strong>et</strong></span> 
     </span>
    </p>
   </div>
   <div class='ocr_carea' id='block_1_51' title="bbox 2151 707 3727 786">
    <p class='ocr_par' dir='ltr' id='par_1_51' title="bbox 2151 707 3727 786">
     <span class='ocr_line' id='line_1_51' title="bbox 2151 707 3727 786; baseline 0.008 -28"><span class='ocrx_word' id='word_1_362' title='bbox 2151 718 2404 776; x_wconf 87' lang='lat' dir='ltr'><strong>quantum</strong></span> <span class='ocrx_word' id='word_1_363' title='bbox 2438 707 2551 763; x_wconf 81' lang='lat' dir='ltr'><strong>ﬁeri</strong></span> <span class='ocrx_word' id='word_1_364' title='bbox 2584 717 2757 776; x_wconf 85' lang='lat' dir='ltr'><strong>potest</strong></span> <span class='ocrx_word' id='word_1_365' title='bbox 2798 711 2849 764; x_wconf 88' lang='lat' dir='ltr'><strong>in</strong></span> <span class='ocrx_word' id='word_1_366' title='bbox 2901 713 3148 780; x_wconf 68' lang='lat' dir='ltr'><strong>prtesenti</strong></span> <span class='ocrx_word' id='word_1_367' title='bbox 3177 713 3313 777; x_wconf 84' lang='lat' dir='ltr'><strong>vita,</strong></span> <span class='ocrx_word' id='word_1_368' title='bbox 3346 715 3591 783; x_wconf 83' lang='lat' dir='ltr'><strong>perficiat</strong></span> <span class='ocrx_word' id='word_1_369' title='bbox 3620 718 3727 786; x_wconf 85' lang='lat' dir='ltr'><strong>ipsa</strong></span> 
     </span>
    </p>
   </div>
   <div class='ocr_carea' id='block_1_52' title="bbox 2155 800 3732 874">
    <p class='ocr_par' dir='ltr' id='par_1_52' title="bbox 2155 800 3732 874">
     <span class='ocr_line' id='line_1_52' title="bbox 2155 800 3732 874; baseline 0.007 -24"><span class='ocrx_word' id='word_1_370' title='bbox 2155 800 2509 853; x_wconf 69' lang='lat' dir='ltr'><strong>numerositas</strong></span> <span class='ocrx_word' id='word_1_371' title='bbox 2540 800 2927 868; x_wconf 87' lang='lat' dir='ltr'><strong>triumphorum</strong></span> <span class='ocrx_word' id='word_1_372' title='bbox 2951 819 2966 856; x_wconf 93' lang='lat'><strong>:</strong></span> <span class='ocrx_word' id='word_1_373' title='bbox 2989 804 3030 855; x_wconf 92' lang='lat' dir='ltr'><strong>si</strong></span> <span class='ocrx_word' id='word_1_374' title='bbox 3055 803 3214 857; x_wconf 90' lang='lat' dir='ltr'><strong>modo</strong></span> <span class='ocrx_word' id='word_1_375' title='bbox 3244 817 3349 856; x_wconf 93' lang='lat' dir='ltr'><strong>non</strong></span> <span class='ocrx_word' id='word_1_376' title='bbox 3377 820 3435 859; x_wconf 90' lang='lat' dir='ltr'><strong>se</strong></span> <span class='ocrx_word' id='word_1_377' title='bbox 3462 806 3514 858; x_wconf 89' lang='lat' dir='ltr'><strong>in</strong></span> <span class='ocrx_word' id='word_1_378' title='bbox 3537 820 3732 874; x_wconf 88' lang='lat' dir='ltr'><strong>corpus</strong></span> 
     </span>
    </p>
   </div>
   <div class='ocr_carea' id='block_1_53' title="bbox 2154 887 3733 961">
    <p class='ocr_par' dir='ltr' id='par_1_53' title="bbox 2154 887 3733 961">
     <span class='ocr_line' id='line_1_53' title="bbox 2154 887 3733 961; baseline 0.008 -22"><span class='ocrx_word' id='word_1_379' title='bbox 2154 887 2492 941; x_wconf 89' lang='lat' dir='ltr'><strong>sensibilium</strong></span> <span class='ocrx_word' id='word_1_380' title='bbox 2535 898 2723 955; x_wconf 89' lang='lat' dir='ltr'><strong>captus</strong></span> <span class='ocrx_word' id='word_1_381' title='bbox 2748 890 3104 947; x_wconf 89' lang='lat' dir='ltr'><strong>delectatione</strong></span> <span class='ocrx_word' id='word_1_382' title='bbox 3148 894 3401 961; x_wconf 89' lang='lat' dir='ltr'><strong>dejiciat;</strong></span> <span class='ocrx_word' id='word_1_383' title='bbox 3440 895 3538 951; x_wconf 87' lang='lat' dir='ltr'><strong>sed</strong></span> <span class='ocrx_word' id='word_1_384' title='bbox 3580 912 3733 951; x_wconf 80' lang='lat' dir='ltr'><strong>exse-</strong></span> 
     </span>
    </p>
   </div>
   <div class='ocr_carea' id='block_1_54' title="bbox 2152 980 3729 1058">
    <p class='ocr_par' dir='ltr' id='par_1_54' title="bbox 2152 980 3729 1058">
     <span class='ocr_line' id='line_1_54' title="bbox 2152 980 3729 1058; baseline 0.006 -26"><span class='ocrx_word' id='word_1_385' title='bbox 2152 980 2389 1033; x_wconf 77' lang='lat' dir='ltr'><strong>cratione</strong></span> <span class='ocrx_word' id='word_1_386' title='bbox 2418 980 2827 1035; x_wconf 88' lang='lat' dir='ltr'><strong>delectationum</strong></span> <span class='ocrx_word' id='word_1_387' title='bbox 2871 983 3172 1039; x_wconf 87' lang='lat' dir='ltr'><strong>sublimiter</strong></span> <span class='ocrx_word' id='word_1_388' title='bbox 3219 986 3502 1040; x_wconf 89' lang='lat' dir='ltr'><strong>roboratus</strong></span> <span class='ocrx_word' id='word_1_389' title='bbox 3523 1027 3538 1051; x_wconf 86' lang='lat'><strong>,</strong></span> <span class='ocrx_word' id='word_1_390' title='bbox 3571 1004 3729 1058; x_wconf 89' lang='lat' dir='ltr'><strong>supra</strong></span> 
     </span>
    </p>
   </div>
   <div class='ocr_carea' id='block_1_55' title="bbox 2152 1071 3721 1145">
    <p class='ocr_par' dir='ltr' id='par_1_55' title="bbox 2152 1071 3721 1145">
     <span class='ocr_line' id='line_1_55' title="bbox 2152 1071 3721 1145; baseline 0.008 -23"><span class='ocrx_word' id='word_1_391' title='bbox 2152 1082 2344 1137; x_wconf 90' lang='lat' dir='ltr'><strong>corpus</strong></span> <span class='ocrx_word' id='word_1_392' title='bbox 2385 1084 2445 1123; x_wconf 91' lang='lat' dir='ltr'><strong>se</strong></span> <span class='ocrx_word' id='word_1_393' title='bbox 2469 1071 2824 1138; x_wconf 72' lang='lat' dir='ltr'><strong>ctirporalium</strong></span> <span class='ocrx_word' id='word_1_394' title='bbox 2873 1074 3042 1127; x_wconf 83' lang='lat' dir='ltr'><strong>victor</strong></span> <span class='ocrx_word' id='word_1_395' title='bbox 3086 1075 3322 1141; x_wconf 91' lang='lat' dir='ltr'><strong>attollat;</strong></span> <span class='ocrx_word' id='word_1_396' title='bbox 3356 1093 3419 1131; x_wconf 91' lang='lat' dir='ltr'><strong>ac</strong></span> <span class='ocrx_word' id='word_1_397' title='bbox 3449 1078 3562 1133; x_wconf 89' lang='lat' dir='ltr'><strong>Deo</strong></span> <span class='ocrx_word' id='word_1_398' title='bbox 3591 1095 3721 1145; x_wconf 89' lang='lat' dir='ltr'><strong>suo,</strong></span> 
     </span>
    </p>
   </div>
   <div class='ocr_carea' id='block_1_56' title="bbox 2154 1160 3733 1236">
    <p class='ocr_par' dir='ltr' id='par_1_56' title="bbox 2154 1160 3733 1236">
     <span class='ocr_line' id='line_1_56' title="bbox 2154 1160 3733 1236; baseline 0.009 -24"><span class='ocrx_word' id='word_1_399' title='bbox 2154 1160 2254 1213; x_wconf 89' lang='lat' dir='ltr'><strong>sub</strong></span> <span class='ocrx_word' id='word_1_400' title='bbox 2274 1175 2377 1229; x_wconf 90' lang='lat' dir='ltr'><strong>quo</strong></span> <span class='ocrx_word' id='word_1_401' title='bbox 2400 1170 2426 1209; x_wconf 75' lang='grc' dir='ltr'><strong><em>κ</em></strong></span> <span class='ocrx_word' id='word_1_402' title='bbox 2445 1176 2564 1215; x_wconf 89' lang='lat' dir='ltr'><strong>eum</strong></span> <span class='ocrx_word' id='word_1_403' title='bbox 2597 1163 2861 1217; x_wconf 82' lang='lat' dir='ltr'><strong>viventem</strong></span> <span class='ocrx_word' id='word_1_404' title='bbox 2885 1165 3149 1220; x_wconf 82' lang='lat' dir='ltr'><strong>desideria</strong></span> <span class='ocrx_word' id='word_1_405' title='bbox 3178 1168 3453 1236; x_wconf 87' lang='lat' dir='ltr'><strong>repudiata</strong></span> <span class='ocrx_word' id='word_1_406' title='bbox 3486 1186 3596 1227; x_wconf 92' lang='lat' dir='ltr'><strong>non</strong></span> <span class='ocrx_word' id='word_1_407' title='bbox 3624 1173 3733 1226; x_wconf 84' lang='lat' dir='ltr'><strong>vin-</strong></span> 
     </span>
    </p>
   </div>
   <div class='ocr_carea' id='block_1_57' title="bbox 2154 1252 3375 1324">
    <p class='ocr_par' dir='ltr' id='par_1_57' title="bbox 2154 1252 3375 1324">
     <span class='ocr_line' id='line_1_57' title="bbox 2154 1252 3375 1324; baseline 0.007 -20"><span class='ocrx_word' id='word_1_408' title='bbox 2154 1261 2301 1315; x_wconf 92' lang='lat' dir='ltr'><strong>cunt,</strong></span> <span class='ocrx_word' id='word_1_409' title='bbox 2322 1252 2372 1306; x_wconf 82' lang='lat' dir='ltr'><strong>in</strong></span> <span class='ocrx_word' id='word_1_410' title='bbox 2395 1262 2655 1308; x_wconf 62' lang='lat' dir='ltr'><strong>aeternum</strong></span> <span class='ocrx_word' id='word_1_411' title='bbox 2682 1256 3065 1324; x_wconf 85' lang='lat' dir='ltr'><strong>glorificaudus</strong></span> <span class='ocrx_word' id='word_1_412' title='bbox 3089 1260 3375 1315; x_wconf 73' lang='lat' dir='ltr'><strong>adlucreat.</strong></span> 
     </span>
    </p>
   </div>
   <div class='ocr_carea' id='block_1_58' title="bbox 2729 1409 3132 1465">
    <p class='ocr_par' dir='ltr' id='par_1_58' title="bbox 2729 1409 3132 1465">
     <span class='ocr_line' id='line_1_58' title="bbox 2729 1409 3132 1465; baseline 0.005 -2"><span class='ocrx_word' id='word_1_413' title='bbox 2729 1409 2953 1464; x_wconf 87' lang='lat' dir='ltr'><strong>C.\PUT</strong></span> <span class='ocrx_word' id='word_1_414' title='bbox 2996 1410 3132 1465; x_wconf 79' lang='lat' dir='ltr'><strong>Vill.</strong></span> 
     </span>
    </p>
   </div>
   <div class='ocr_carea' id='block_1_59' title="bbox 2157 1515 3733 1596">
    <p class='ocr_par' dir='ltr' id='par_1_59' title="bbox 2157 1515 3733 1596">
     <span class='ocr_line' id='line_1_59' title="bbox 2157 1515 3733 1596; baseline 0.013 -28"><span class='ocrx_word' id='word_1_415' title='bbox 2157 1515 2347 1583; x_wconf 82' lang='lat' dir='ltr'><strong>Quilus</strong></span> <span class='ocrx_word' id='word_1_416' title='bbox 2398 1518 2603 1596; x_wconf 77' lang='lat' dir='ltr'><strong>indiciis</strong></span> <span class='ocrx_word' id='word_1_417' title='bbox 2658 1522 2812 1585; x_wconf 82' lang='lat' dir='ltr'><strong>possit</strong></span> <span class='ocrx_word' id='word_1_418' title='bbox 2860 1525 3059 1596; x_wconf 80' lang='lat' dir='ltr'><strong>ostendi</strong></span> <span class='ocrx_word' id='word_1_419' title='bbox 3104 1526 3377 1593; x_wconf 86' lang='lat' dir='ltr'><strong>superbia,</strong></span> <span class='ocrx_word' id='word_1_420' title='bbox 3422 1545 3542 1596; x_wconf 76' lang='lat' dir='ltr'><strong>qua:</strong></span> <span class='ocrx_word' id='word_1_421' title='bbox 3585 1534 3733 1588; x_wconf 73' lang='lat' dir='ltr'><strong>veliti</strong></span> 
     </span>
    </p>
   </div>
   <div class='ocr_carea' id='block_1_60' title="bbox 2379 1590 3501 1663">
    <p class='ocr_par' dir='ltr' id='par_1_60' title="bbox 2379 1590 3501 1663">
     <span class='ocr_line' id='line_1_60' title="bbox 2379 1590 3501 1663; baseline 0.012 -24"><span class='ocrx_word' id='word_1_422' title='bbox 2379 1590 2592 1657; x_wconf 76' lang='lat' dir='ltr'><strong>perditis</strong></span> <span class='ocrx_word' id='word_1_423' title='bbox 2617 1602 2792 1659; x_wconf 85' lang='lat' dir='ltr'><strong>aperta</strong></span> <span class='ocrx_word' id='word_1_424' title='bbox 2816 1602 2909 1657; x_wconf 81' lang='lat' dir='ltr'><strong>est,</strong></span> <span class='ocrx_word' id='word_1_425' title='bbox 2936 1594 3014 1647; x_wconf 83' lang='lat' dir='ltr'><strong>vel</strong></span> <span class='ocrx_word' id='word_1_426' title='bbox 3041 1595 3092 1647; x_wconf 86' lang='lat' dir='ltr'><strong>in</strong></span> <span class='ocrx_word' id='word_1_427' title='bbox 3123 1596 3255 1663; x_wconf 87' lang='lat' dir='ltr'><strong>ﬁctis</strong></span> <span class='ocrx_word' id='word_1_428' title='bbox 3279 1590 3501 1652; x_wconf 77' lang='lat' dir='ltr'><strong>occulta.</strong></span> 
     </span>
    </p>
   </div>
   <div class='ocr_carea' id='block_1_61' title="bbox 2229 1721 3731 1801">
    <p class='ocr_par' dir='ltr' id='par_1_61' title="bbox 2229 1721 3731 1801">
     <span class='ocr_line' id='line_1_61' title="bbox 2229 1721 3731 1801; baseline 0.009 -26"><span class='ocrx_word' id='word_1_429' title='bbox 2229 1722 2278 1775; x_wconf 82' lang='grc'><strong>1.</strong></span> <span class='ocrx_word' id='word_1_430' title='bbox 2308 1721 2421 1776; x_wconf 87' lang='lat' dir='ltr'><strong>Jam</strong></span> <span class='ocrx_word' id='word_1_431' title='bbox 2454 1738 2592 1777; x_wconf 91' lang='lat' dir='ltr'><strong>nunc</strong></span> <span class='ocrx_word' id='word_1_432' title='bbox 2629 1725 2902 1780; x_wconf 88' lang='lat' dir='ltr'><strong>videamus</strong></span> <span class='ocrx_word' id='word_1_433' title='bbox 2945 1729 3135 1796; x_wconf 80' lang='lat' dir='ltr'><strong>quibus</strong></span> <span class='ocrx_word' id='word_1_434' title='bbox 3179 1731 3388 1786; x_wconf 83' lang='lat' dir='ltr'><strong>indici&#39;s</strong></span> <span class='ocrx_word' id='word_1_435' title='bbox 3429 1736 3606 1801; x_wconf 86' lang='lat' dir='ltr'><strong>possit</strong></span> <span class='ocrx_word' id='word_1_436' title='bbox 3646 1752 3731 1790; x_wconf 85' lang='lat' dir='ltr'><strong>su-</strong></span> 
     </span>
    </p>
   </div>
   <div class='ocr_carea' id='block_1_62' title="bbox 3138 1826 3736 1891">
    <p class='ocr_par' dir='ltr' id='par_1_62' title="bbox 3138 1826 3736 1891">
     <span class='ocr_line' id='line_1_62' title="bbox 3138 1826 3736 1891; baseline 0.015 -17"><span class='ocrx_word' id='word_1_437' title='bbox 3138 1826 3505 1891; x_wconf 84' lang='lat' dir='ltr'><strong>superioribus</strong></span> <span class='ocrx_word' id='word_1_438' title='bbox 3551 1831 3736 1884; x_wconf 87' lang='lat' dir='ltr'><strong>claruit</strong></span> 
     </span>
    </p>
   </div>
   <div class='ocr_carea' id='block_1_63' title="bbox 2165 1904 3737 1987">
    <p class='ocr_par' dir='ltr' id='par_1_63' title="bbox 2165 1904 3737 1987">
     <span class='ocr_line' id='line_1_63' title="bbox 2165 1904 3737 1987; baseline 0.01 -31"><span class='ocrx_word' id='word_1_439' title='bbox 2165 1904 2366 1957; x_wconf 90' lang='lat' dir='ltr'><strong>nullum</strong></span> <span class='ocrx_word' id='word_1_440' title='bbox 2385 1916 2654 1973; x_wconf 83' lang='lat' dir='ltr'><strong>peccatum</strong></span> <span class='ocrx_word' id='word_1_441' title='bbox 2674 1909 2790 1963; x_wconf 90' lang='lat' dir='ltr'><strong>sine</strong></span> <span class='ocrx_word' id='word_1_442' title='bbox 2810 1910 2894 1963; x_wconf 89' lang='lat' dir='ltr'><strong>illa</strong></span> <span class='ocrx_word' id='word_1_443' title='bbox 2917 1926 3070 1977; x_wconf 83' lang='lat' dir='ltr'><strong>pos~e</strong></span> <span class='ocrx_word' id='word_1_444' title='bbox 3087 1916 3369 1978; x_wconf 75' lang='lat' dir='ltr'><strong>committi,</strong></span> <span class='ocrx_word' id='word_1_445' title='bbox 3398 1917 3469 1969; x_wconf 85' lang='lat' dir='ltr'><strong>ita</strong></span> <span class='ocrx_word' id='word_1_446' title='bbox 3490 1917 3576 1970; x_wconf 88' lang='lat' dir='ltr'><strong>hic</strong></span> <span class='ocrx_word' id='word_1_447' title='bbox 3597 1919 3737 1987; x_wconf 86' lang='lat' dir='ltr'><strong>signa</strong></span> 
     </span>
    </p>
   </div>
   <div class='ocr_carea' id='block_1_64' title="bbox 2164 1992 3737 2071">
    <p class='ocr_par' dir='ltr' id='par_1_64' title="bbox 2164 1992 3737 2071">
     <span class='ocr_line' id='line_1_64' title="bbox 2164 1992 3737 2071; baseline 0.01 -24"><span class='ocrx_word' id='word_1_448' title='bbox 2164 1992 2279 2062; x_wconf 86' lang='lat' dir='ltr'><strong>ejus</strong></span> <span class='ocrx_word' id='word_1_449' title='bbox 2308 1996 2569 2061; x_wconf 85' lang='lat' dir='ltr'><strong>eluccant,</strong></span> <span class='ocrx_word' id='word_1_450' title='bbox 2602 1999 2794 2067; x_wconf 92' lang='lat' dir='ltr'><strong>quibus</strong></span> <span class='ocrx_word' id='word_1_451' title='bbox 2822 2002 3056 2054; x_wconf 84' lang='lat' dir='ltr'><strong>cavenda</strong></span> <span class='ocrx_word' id='word_1_452' title='bbox 3086 2005 3250 2071; x_wconf 84' lang='lat' dir='ltr'><strong>possit</strong></span> <span class='ocrx_word' id='word_1_453' title='bbox 3278 2008 3512 2060; x_wconf 86' lang='lat' dir='ltr'><strong>ostendi.</strong></span> <span class='ocrx_word' id='word_1_454' title='bbox 3539 2010 3737 2062; x_wconf 85' lang='lat' dir='ltr'><strong>Omitto</strong></span> 
     </span>
    </p>
   </div>
   <div class='ocr_carea' id='block_1_65' title="bbox 2168 2084 3738 2167">
    <p class='ocr_par' dir='ltr' id='par_1_65' title="bbox 2168 2084 3738 2167">
     <span class='ocr_line' id='line_1_65' title="bbox 2168 2084 3738 2167; baseline 0.009 -30"><span class='ocrx_word' id='word_1_455' title='bbox 2168 2084 2287 2138; x_wconf 91' lang='lat' dir='ltr'><strong>illos</strong></span> <span class='ocrx_word' id='word_1_456' title='bbox 2317 2100 2452 2155; x_wconf 91' lang='lat' dir='ltr'><strong>quos</strong></span> <span class='ocrx_word' id='word_1_457' title='bbox 2500 2088 2659 2142; x_wconf 87' lang='lat' dir='ltr'><strong>etiam</strong></span> <span class='ocrx_word' id='word_1_458' title='bbox 2692 2090 2805 2158; x_wconf 85' lang='lat' dir='ltr'><strong>ipse</strong></span> <span class='ocrx_word' id='word_1_459' title='bbox 2850 2089 3065 2146; x_wconf 89' lang='lat' dir='ltr'><strong>habitus</strong></span> <span class='ocrx_word' id='word_1_460' title='bbox 3109 2102 3161 2147; x_wconf 91' lang='lat' dir='ltr'><strong>et</strong></span> <span class='ocrx_word' id='word_1_461' title='bbox 3200 2095 3440 2150; x_wconf 66' lang='lat' dir='ltr'><strong>incessus</strong></span> <span class='ocrx_word' id='word_1_462' title='bbox 3481 2101 3738 2167; x_wconf 71' lang='lat' dir='ltr'><strong>superbos</strong></span> 
     </span>
    </p>
   </div>
   <div class='ocr_carea' id='block_1_66' title="bbox 2164 2173 3736 2252">
    <p class='ocr_par' dir='ltr' id='par_1_66' title="bbox 2164 2173 3736 2252">
     <span class='ocr_line' id='line_1_66' title="bbox 2164 2173 3736 2252; baseline 0.011 -24"><span class='ocrx_word' id='word_1_463' title='bbox 2164 2173 2532 2244; x_wconf 75' lang='lat' dir='ltr'><strong>llostendunt;</strong></span> <span class='ocrx_word' id='word_1_464' title='bbox 2574 2196 2798 2250; x_wconf 91' lang='lat' dir='ltr'><strong>quorum</strong></span> <span class='ocrx_word' id='word_1_465' title='bbox 2850 2193 3026 2237; x_wconf 90' lang='lat' dir='ltr'><strong>erecta</strong></span> <span class='ocrx_word' id='word_1_466' title='bbox 3076 2187 3274 2250; x_wconf 82' lang='lat' dir='ltr'><strong>cervix,</strong></span> <span class='ocrx_word' id='word_1_467' title='bbox 3328 2188 3491 2243; x_wconf 83' lang='lat' dir='ltr'><strong>facies</strong></span> <span class='ocrx_word' id='word_1_468' title='bbox 3548 2202 3736 2252; x_wconf 67' lang='lat' dir='ltr'><strong>torva.</strong></span> 
     </span>
    </p>
   </div>
   <div class='ocr_carea' id='block_1_67' title="bbox 2170 2269 3737 2349">
    <p class='ocr_par' dir='ltr' id='par_1_67' title="bbox 2170 2269 3737 2349">
     <span class='ocr_line' id='line_1_67' title="bbox 2170 2269 3737 2349; baseline 0.008 -26"><span class='ocrx_word' id='word_1_469' title='bbox 2170 2269 2186 2308; x_wconf 74' lang='grc' dir='ltr'>ι</span> <span class='ocrx_word' id='word_1_470' title='bbox 2227 2280 2407 2326; x_wconf 82' lang='lat' dir='ltr'><strong>truces</strong></span> <span class='ocrx_word' id='word_1_471' title='bbox 2435 2272 2599 2336; x_wconf 89' lang='lat' dir='ltr'><strong>oculi,</strong></span> <span class='ocrx_word' id='word_1_472' title='bbox 2639 2282 2692 2327; x_wconf 90' lang='lat' dir='ltr'><strong>et</strong></span> <span class='ocrx_word' id='word_1_473' title='bbox 2717 2289 2895 2329; x_wconf 86' lang='lat' dir='ltr'><strong>sermo</strong></span> <span class='ocrx_word' id='word_1_474' title='bbox 2925 2276 3177 2331; x_wconf 83' lang='lat' dir='ltr'><strong>terribilis</strong></span> <span class='ocrx_word' id='word_1_475' title='bbox 3209 2279 3400 2333; x_wconf 91' lang='lat' dir='ltr'><strong>nudam</strong></span> <span class='ocrx_word' id='word_1_476' title='bbox 3433 2284 3737 2349; x_wconf 73' lang='lat' dir='ltr'><strong>superbiant</strong></span> 
     </span>
    </p>
   </div>
   <div class='ocr_carea' id='block_1_68' title="bbox 2161 2360 3739 2442">
    <p class='ocr_par' dir='ltr' id='par_1_68' title="bbox 2161 2360 3739 2442">
     <span class='ocr_line' id='line_1_68' title="bbox 2161 2360 3739 2442; baseline 0.009 -28"><span class='ocrx_word' id='word_1_477' title='bbox 2161 2360 2390 2414; x_wconf 71' lang='lat' dir='ltr'><strong>clamant</strong></span> <span class='ocrx_word' id='word_1_478' title='bbox 2418 2379 2430 2414; x_wconf 86' lang='lat'><strong>:</strong></span> <span class='ocrx_word' id='word_1_479' title='bbox 2454 2363 2541 2430; x_wconf 91' lang='lat' dir='ltr'><strong>qui</strong></span> <span class='ocrx_word' id='word_1_480' title='bbox 2561 2363 2778 2418; x_wconf 87' lang='lat' dir='ltr'><strong>libidine</strong></span> <span class='ocrx_word' id='word_1_481' title='bbox 2803 2369 2815 2413; x_wconf 81' lang='grc' dir='ltr'><strong>Ι</strong></span> <span class='ocrx_word' id='word_1_482' title='bbox 2851 2365 3155 2420; x_wconf 90' lang='lat' dir='ltr'><strong>dominandi</strong></span> <span class='ocrx_word' id='word_1_483' title='bbox 3177 2370 3426 2437; x_wconf 89' lang='lat' dir='ltr'><strong>possessi,</strong></span> <span class='ocrx_word' id='word_1_484' title='bbox 3455 2387 3594 2440; x_wconf 88' lang='lat' dir='ltr'><strong>quos</strong></span> <span class='ocrx_word' id='word_1_485' title='bbox 3620 2389 3739 2442; x_wconf 88' lang='lat' dir='ltr'><strong>pos-</strong></span> 
     </span>
    </p>
   </div>
   <div class='ocr_carea' id='block_1_69' title="bbox 2161 2452 3739 2531">
    <p class='ocr_par' dir='ltr' id='par_1_69' title="bbox 2161 2452 3739 2531">
     <span class='ocr_line' id='line_1_69' title="bbox 2161 2452 3739 2531; baseline 0.01 -29"><span class='ocrx_word' id='word_1_486' title='bbox 2161 2460 2285 2504; x_wconf 91' lang='lat' dir='ltr'><strong>sunt</strong></span> <span class='ocrx_word' id='word_1_487' title='bbox 2316 2452 2576 2508; x_wconf 84' lang='lat' dir='ltr'><strong>violenter</strong></span> <span class='ocrx_word' id='word_1_488' title='bbox 2600 2452 2699 2507; x_wconf 91' lang='lat' dir='ltr'><strong>sibi</strong></span> <span class='ocrx_word' id='word_1_489' title='bbox 2723 2454 3032 2524; x_wconf 71' lang='lat' dir='ltr'><strong>subjiciunt,</strong></span> <span class='ocrx_word' id='word_1_490' title='bbox 3060 2456 3287 2512; x_wconf 88' lang='lat' dir='ltr'><strong>humana</strong></span> <span class='ocrx_word' id='word_1_491' title='bbox 3306 2459 3425 2528; x_wconf 86' lang='lat' dir='ltr'><strong>jura</strong></span> <span class='ocrx_word' id='word_1_492' title='bbox 3452 2461 3739 2531; x_wconf 87' lang='lat' dir='ltr'><strong>divinaque</strong></span> 
     </span>
    </p>
   </div>
   <div class='ocr_carea' id='block_1_70' title="bbox 2162 2541 3739 2619">
    <p class='ocr_par' dir='ltr' id='par_1_70' title="bbox 2162 2541 3739 2619">
     <span class='ocr_line' id='line_1_70' title="bbox 2162 2541 3739 2619; baseline 0.008 -25"><span class='ocrx_word' id='word_1_493' title='bbox 2162 2541 2516 2610; x_wconf 89' lang='lat' dir='ltr'><strong>confundunt,</strong></span> <span class='ocrx_word' id='word_1_494' title='bbox 2548 2543 2838 2598; x_wconf 89' lang='lat' dir='ltr'><strong>honoribus</strong></span> <span class='ocrx_word' id='word_1_495' title='bbox 2888 2546 3278 2614; x_wconf 89' lang='lat' dir='ltr'><strong>intumescunt,</strong></span> <span class='ocrx_word' id='word_1_496' title='bbox 3310 2552 3509 2619; x_wconf 89' lang='lat' dir='ltr'><strong>passim</strong></span> <span class='ocrx_word' id='word_1_497' title='bbox 3548 2566 3739 2607; x_wconf 88' lang='lat' dir='ltr'><strong>cuncta</strong></span> 
     </span>
    </p>
   </div>
   <div class='ocr_carea' id='block_1_71' title="bbox 2162 2631 3738 2710">
    <p class='ocr_par' dir='ltr' id='par_1_71' title="bbox 2162 2631 3738 2710">
     <span class='ocr_line' id='line_1_71' title="bbox 2162 2631 3738 2710; baseline 0.008 -25"><span class='ocrx_word' id='word_1_498' title='bbox 2162 2631 2437 2700; x_wconf 83' lang='lat' dir='ltr'><strong>diripiunt,</strong></span> <span class='ocrx_word' id='word_1_499' title='bbox 2470 2635 2581 2687; x_wconf 72' lang='lat' dir='ltr'><strong>suis</strong></span> <span class='ocrx_word' id='word_1_500' title='bbox 2610 2635 2922 2690; x_wconf 90' lang='lat' dir='ltr'><strong>criminibus</strong></span> <span class='ocrx_word' id='word_1_501' title='bbox 2969 2639 3234 2707; x_wconf 89' lang='lat' dir='ltr'><strong>gaudent,</strong></span> <span class='ocrx_word' id='word_1_502' title='bbox 3267 2649 3320 2693; x_wconf 85' lang='lat' dir='ltr'><strong>et</strong></span> <span class='ocrx_word' id='word_1_503' title='bbox 3368 2640 3616 2710; x_wconf 88' lang='lat' dir='ltr'><strong>seipsos,</strong></span> <span class='ocrx_word' id='word_1_504' title='bbox 3653 2659 3738 2696; x_wconf 84' lang='lat' dir='ltr'><strong>su-</strong></span> 
     </span>
    </p>
   </div>
   <div class='ocr_carea' id='block_1_72' title="bbox 2164 2722 3740 2801">
    <p class='ocr_par' dir='ltr' id='par_1_72' title="bbox 2164 2722 3740 2801">
     <span class='ocr_line' id='line_1_72' title="bbox 2164 2722 3740 2801; baseline 0.008 -26"><span class='ocrx_word' id='word_1_505' title='bbox 2164 2722 2361 2789; x_wconf 73' lang='lat' dir='ltr'><strong>perbia:</strong></span> <span class='ocrx_word' id='word_1_506' title='bbox 2392 2724 2578 2777; x_wconf 87' lang='lat' dir='ltr'><strong>morbo</strong></span> <span class='ocrx_word' id='word_1_507' title='bbox 2608 2727 2864 2792; x_wconf 90' lang='lat' dir='ltr'><strong>corrupti,</strong></span> <span class='ocrx_word' id='word_1_508' title='bbox 2898 2742 3001 2779; x_wconf 92' lang='lat' dir='ltr'><strong>non</strong></span> <span class='ocrx_word' id='word_1_509' title='bbox 3029 2729 3263 2797; x_wconf 86' lang='lat' dir='ltr'><strong>capiunt.</strong></span> <span class='ocrx_word' id='word_1_510' title='bbox 3292 2730 3402 2785; x_wconf 88' lang='lat' dir='ltr'><strong>llos</strong></span> <span class='ocrx_word' id='word_1_511' title='bbox 3441 2746 3573 2801; x_wconf 84' lang='lat' dir='ltr'><strong>ergo</strong></span> <span class='ocrx_word' id='word_1_512' title='bbox 3610 2750 3740 2801; x_wconf 75' lang='lat' dir='ltr'><strong>pra:-</strong></span> 
     </span>
    </p>
   </div>
   <div class='ocr_carea' id='block_1_73' title="bbox 2170 2813 3741 2888">
    <p class='ocr_par' dir='ltr' id='par_1_73' title="bbox 2170 2813 3741 2888">
     <span class='ocr_line' id='line_1_73' title="bbox 2170 2813 3741 2888; baseline 0.009 -25"><span class='ocrx_word' id='word_1_513' title='bbox 2170 2821 2316 2865; x_wconf 82' lang='lat' dir='ltr'><strong>tereo</strong></span> <span class='ocrx_word' id='word_1_514' title='bbox 2335 2853 2349 2875; x_wconf 94' lang='lat'><strong>,</strong></span> <span class='ocrx_word' id='word_1_515' title='bbox 2376 2813 2426 2866; x_wconf 93' lang='lat' dir='ltr'><strong>in</strong></span> <span class='ocrx_word' id='word_1_516' title='bbox 2459 2813 2649 2882; x_wconf 86' lang='lat' dir='ltr'><strong>quibus</strong></span> <span class='ocrx_word' id='word_1_517' title='bbox 2678 2816 2925 2884; x_wconf 87' lang='lat' dir='ltr'><strong>superbia</strong></span> <span class='ocrx_word' id='word_1_518' title='bbox 2953 2826 3055 2871; x_wconf 90' lang='lat' dir='ltr'><strong>tam</strong></span> <span class='ocrx_word' id='word_1_519' title='bbox 3083 2828 3268 2888; x_wconf 85' lang='lat' dir='ltr'><strong>aperte</strong></span> <span class='ocrx_word' id='word_1_520' title='bbox 3314 2830 3519 2888; x_wconf 89' lang='lat' dir='ltr'><strong>regnat,</strong></span> <span class='ocrx_word' id='word_1_521' title='bbox 3562 2834 3618 2875; x_wconf 90' lang='lat' dir='ltr'><strong>ut</strong></span> <span class='ocrx_word' id='word_1_522' title='bbox 3648 2838 3741 2878; x_wconf 88' lang='lat' dir='ltr'><strong>nec</strong></span> 
     </span>
    </p>
   </div>
   <div class='ocr_carea' id='block_1_74' title="bbox 2162 2902 3739 2971">
    <p class='ocr_par' dir='ltr' id='par_1_74' title="bbox 2162 2902 3739 2971">
     <span class='ocr_line' id='line_1_74' title="bbox 2162 2902 3739 2971; baseline 0.008 -17"><span class='ocrx_word' id='word_1_523' title='bbox 2162 2902 2410 2971; x_wconf 86' lang='lat' dir='ltr'><strong>dignetur</strong></span> <span class='ocrx_word' id='word_1_524' title='bbox 2430 2919 2488 2957; x_wconf 88' lang='lat' dir='ltr'><strong>se</strong></span> <span class='ocrx_word' id='word_1_525' title='bbox 2513 2905 2801 2969; x_wconf 83' lang='lat' dir='ltr'><strong>occultare,</strong></span> <span class='ocrx_word' id='word_1_526' title='bbox 2827 2921 2925 2961; x_wconf 81' lang='lat' dir='ltr'><strong>nec</strong></span> <span class='ocrx_word' id='word_1_527' title='bbox 2952 2908 3145 2961; x_wconf 87' lang='lat' dir='ltr'><strong>valeat.</strong></span> <span class='ocrx_word' id='word_1_528' title='bbox 3178 2908 3299 2963; x_wconf 89' lang='lat' dir='ltr'><strong>Illos</strong></span> <span class='ocrx_word' id='word_1_529' title='bbox 3323 2920 3527 2965; x_wconf 90' lang='lat' dir='ltr'><strong>tantum</strong></span> <span class='ocrx_word' id='word_1_530' title='bbox 3556 2913 3739 2966; x_wconf 83' lang='lat' dir='ltr'><strong>dolen-</strong></span> 
     </span>
    </p>
   </div>
   <div class='ocr_carea' id='block_1_75' title="bbox 2163 2992 3733 3066">
    <p class='ocr_par' dir='ltr' id='par_1_75' title="bbox 2163 2992 3733 3066">
     <span class='ocr_line' id='line_1_75' title="bbox 2163 2992 3733 3066; baseline 0.008 -21"><span class='ocrx_word' id='word_1_531' title='bbox 2163 2992 2261 3046; x_wconf 89' lang='lat' dir='ltr'><strong>dos</strong></span> <span class='ocrx_word' id='word_1_532' title='bbox 2279 2993 2524 3059; x_wconf 89' lang='lat' dir='ltr'><strong>ostendo,</strong></span> <span class='ocrx_word' id='word_1_533' title='bbox 2549 3001 2708 3062; x_wconf 90' lang='lat' dir='ltr'><strong>atque</strong></span> <span class='ocrx_word' id='word_1_534' title='bbox 2736 3012 2919 3050; x_wconf 88' lang='lat' dir='ltr'><strong>eorum</strong></span> <span class='ocrx_word' id='word_1_535' title='bbox 2938 3000 3175 3066; x_wconf 76' lang='lat' dir='ltr'><strong>exempla</strong></span> <span class='ocrx_word' id='word_1_536' title='bbox 3199 3001 3435 3053; x_wconf 84' lang='lat' dir='ltr'><strong>cavenda</strong></span> <span class='ocrx_word' id='word_1_537' title='bbox 3452 3002 3733 3064; x_wconf 87' lang='lat' dir='ltr'><strong>denuntio,</strong></span> 
     </span>
    </p>
   </div>
   <div class='ocr_carea' id='block_1_76' title="bbox 2164 3084 3739 3159">
    <p class='ocr_par' dir='ltr' id='par_1_76' title="bbox 2164 3084 3739 3159">
     <span class='ocr_line' id='line_1_76' title="bbox 2164 3084 3739 3159; baseline 0.01 -25"><span class='ocrx_word' id='word_1_538' title='bbox 2164 3098 2295 3154; x_wconf 80' lang='lat' dir='ltr'><strong>quos</strong></span> <span class='ocrx_word' id='word_1_539' title='bbox 2322 3084 2433 3151; x_wconf 89' lang='lat' dir='ltr'><strong>jam</strong></span> <span class='ocrx_word' id='word_1_540' title='bbox 2464 3097 2750 3139; x_wconf 73' lang='lat' dir='ltr'><strong>CODVCI‘SHS</strong></span> <span class='ocrx_word' id='word_1_541' title='bbox 2777 3097 2829 3141; x_wconf 90' lang='lat' dir='ltr'><strong>et</strong></span> <span class='ocrx_word' id='word_1_542' title='bbox 2855 3088 3237 3158; x_wconf 86' lang='lat' dir='ltr'><strong>aliquantulum</strong></span> <span class='ocrx_word' id='word_1_543' title='bbox 3284 3093 3632 3159; x_wconf 76' lang='lat' dir='ltr'><strong>proficientes</strong></span> <span class='ocrx_word' id='word_1_544' title='bbox 3656 3111 3739 3149; x_wconf 85' lang='lat' dir='ltr'><strong>su-</strong></span> 
     </span>
    </p>
   </div>
   <div class='ocr_carea' id='block_1_77' title="bbox 2089 3159 3737 3249">
    <p class='ocr_par' dir='ltr' id='par_1_77' title="bbox 2089 3159 3737 3249">
     <span class='ocr_line' id='line_1_77' title="bbox 2089 3159 3737 3249; baseline 0.007 -23"><span class='ocrx_word' id='word_1_545' title='bbox 2089 3159 2135 3222; x_wconf 65' lang='grc' dir='ltr'><strong>(ἶ</strong></span> <span class='ocrx_word' id='word_1_546' title='bbox 2167 3172 2346 3241; x_wconf 85' lang='lat' dir='ltr'><strong>perbia</strong></span> <span class='ocrx_word' id='word_1_547' title='bbox 2381 3170 2407 3209; x_wconf 75' lang='grc' dir='ltr'><strong>¹ί</strong></span> <span class='ocrx_word' id='word_1_548' title='bbox 2436 3175 2644 3228; x_wconf 88' lang='lat' dir='ltr'><strong>occulte</strong></span> <span class='ocrx_word' id='word_1_549' title='bbox 2672 3178 2932 3244; x_wconf 83' lang='lat' dir='ltr'><strong>captivat,</strong></span> <span class='ocrx_word' id='word_1_550' title='bbox 2970 3195 3103 3248; x_wconf 84' lang='lat' dir='ltr'><strong>quos</strong></span> <span class='ocrx_word' id='word_1_551' title='bbox 3134 3182 3184 3233; x_wconf 91' lang='lat' dir='ltr'><strong>in</strong></span> <span class='ocrx_word' id='word_1_552' title='bbox 3218 3180 3539 3249; x_wconf 84' lang='lat' dir='ltr'><strong>profundum</strong></span> <span class='ocrx_word' id='word_1_553' title='bbox 3566 3186 3737 3237; x_wconf 66' lang='lat' dir='ltr'><strong>malu-</strong></span> 
     </span>
    </p>
   </div>
   <div class='ocr_carea' id='block_1_78' title="bbox 2164 3262 3737 3338">
    <p class='ocr_par' dir='ltr' id='par_1_78' title="bbox 2164 3262 3737 3338">
     <span class='ocr_line' id='line_1_78' title="bbox 2164 3262 3737 3338; baseline 0.008 -23"><span class='ocrx_word' id='word_1_554' title='bbox 2164 3277 2283 3316; x_wconf 88' lang='lat' dir='ltr'><strong>rum</strong></span> <span class='ocrx_word' id='word_1_555' title='bbox 2312 3262 2642 3318; x_wconf 85' lang='lat' dir='ltr'><strong>fraudulenta</strong></span> <span class='ocrx_word' id='word_1_556' title='bbox 2673 3262 2691 3300; x_wconf 82' lang='lat'>1</span> <span class='ocrx_word' id='word_1_557' title='bbox 2720 3266 3083 3322; x_wconf 89' lang='lat' dir='ltr'><strong>dominatione</strong></span> <span class='ocrx_word' id='word_1_558' title='bbox 3104 3270 3419 3338; x_wconf 66' lang='lat' dir='ltr'><strong>praecipitat,</strong></span> <span class='ocrx_word' id='word_1_559' title='bbox 3446 3283 3500 3325; x_wconf 84' lang='lat' dir='ltr'><strong>et</strong></span> <span class='ocrx_word' id='word_1_560' title='bbox 3526 3288 3595 3325; x_wconf 79' lang='lat' dir='ltr'><strong>ne</strong></span> <span class='ocrx_word' id='word_1_561' title='bbox 3620 3272 3737 3327; x_wconf 83' lang='lat' dir='ltr'><strong>inde</strong></span> 
     </span>
    </p>
   </div>
   <div class='ocr_carea' id='block_1_79' title="bbox 2166 3359 3736 3433">
    <p class='ocr_par' dir='ltr' id='par_1_79' title="bbox 2166 3359 3736 3433">
     <span class='ocr_line' id='line_1_79' title="bbox 2166 3359 3736 3433; baseline 0.004 -23"><span class='ocrx_word' id='word_1_562' title='bbox 2166 3371 2397 3426; x_wconf 90' lang='lat' dir='ltr'><strong>unquam</strong></span> <span class='ocrx_word' id='word_1_563' title='bbox 2420 3359 2626 3422; x_wconf 80' lang='lat' dir='ltr'><strong>possint</strong></span> <span class='ocrx_word' id='word_1_564' title='bbox 2646 3374 2940 3429; x_wconf 86' lang='lat' dir='ltr'><strong>emergere.</strong></span> <span class='ocrx_word' id='word_1_565' title='bbox 2963 3362 3158 3430; x_wconf 87' lang='lat' dir='ltr'><strong>jugiter</strong></span> <span class='ocrx_word' id='word_1_566' title='bbox 3183 3363 3371 3417; x_wconf 83' lang='lat' dir='ltr'><strong>calcat.</strong></span> <span class='ocrx_word' id='word_1_567' title='bbox 3404 3364 3519 3433; x_wconf 85' lang='lat' dir='ltr'><strong>Ipsa</strong></span> <span class='ocrx_word' id='word_1_568' title='bbox 3543 3366 3593 3418; x_wconf 91' lang='lat' dir='ltr'><strong>in</strong></span> <span class='ocrx_word' id='word_1_569' title='bbox 3624 3382 3736 3419; x_wconf 85' lang='lat' dir='ltr'><strong>cor-</strong></span> 
     </span>
    </p>
   </div>
   <div class='ocr_carea' id='block_1_80' title="bbox 2164 3448 3737 3521">
    <p class='ocr_par' dir='ltr' id='par_1_80' title="bbox 2164 3448 3737 3521">
     <span class='ocr_line' id='line_1_80' title="bbox 2164 3448 3737 3521; baseline 0.004 -19"><span class='ocrx_word' id='word_1_570' title='bbox 2164 3448 2319 3502; x_wconf 88' lang='lat' dir='ltr'><strong>dibus</strong></span> <span class='ocrx_word' id='word_1_571' title='bbox 2347 3449 2527 3502; x_wconf 89' lang='lat' dir='ltr'><strong>talium</strong></span> <span class='ocrx_word' id='word_1_572' title='bbox 2555 3450 2728 3504; x_wconf 89' lang='lat' dir='ltr'><strong>locum</strong></span> <span class='ocrx_word' id='word_1_573' title='bbox 2772 3452 2984 3505; x_wconf 90' lang='lat' dir='ltr'><strong>diabolo</strong></span> <span class='ocrx_word' id='word_1_574' title='bbox 3027 3454 3178 3518; x_wconf 82' lang='lat' dir='ltr'><strong>facit;</strong></span> <span class='ocrx_word' id='word_1_575' title='bbox 3213 3453 3321 3521; x_wconf 72' lang='lat' dir='ltr'><strong>ipsa</strong></span> <span class='ocrx_word' id='word_1_576' title='bbox 3354 3454 3403 3507; x_wconf 91' lang='lat' dir='ltr'><strong>ei</strong></span> <span class='ocrx_word' id='word_1_577' title='bbox 3433 3456 3737 3510; x_wconf 65' lang='lat' dir='ltr'><strong>advenienti</strong></span> 
     </span>
    </p>
   </div>
   <div class='ocr_carea' id='block_1_81' title="bbox 2166 3537 3738 3613">
    <p class='ocr_par' dir='ltr' id='par_1_81' title="bbox 2166 3537 3738 3613">
     <span class='ocr_line' id='line_1_81' title="bbox 2166 3537 3738 3613; baseline 0.007 -23"><span class='ocrx_word' id='word_1_578' title='bbox 2166 3537 2499 3593; x_wconf 88' lang='lat' dir='ltr'><strong>immunitum</strong></span> <span class='ocrx_word' id='word_1_579' title='bbox 2531 3551 2713 3608; x_wconf 91' lang='lat' dir='ltr'><strong>pectus</strong></span> <span class='ocrx_word' id='word_1_580' title='bbox 2738 3542 3061 3597; x_wconf 79' lang='lat' dir='ltr'><strong>familiariter</strong></span> <span class='ocrx_word' id='word_1_581' title='bbox 3085 3544 3296 3611; x_wconf 88' lang='lat' dir='ltr'><strong>pandit;</strong></span> <span class='ocrx_word' id='word_1_582' title='bbox 3326 3546 3438 3613; x_wconf 88' lang='lat' dir='ltr'><strong>ipsa</strong></span> <span class='ocrx_word' id='word_1_583' title='bbox 3463 3547 3738 3602; x_wconf 75' lang='lat' dir='ltr'><strong>introeun—</strong></span> 
     </span>
    </p>
   </div>
   <div class='ocr_carea' id='block_1_82' title="bbox 2167 3631 3740 3702">
    <p class='ocr_par' dir='ltr' id='par_1_82' title="bbox 2167 3631 3740 3702">
     <span class='ocr_line' id='line_1_82' title="bbox 2167 3631 3740 3702; baseline 0.004 -21"><span class='ocrx_word' id='word_1_584' title='bbox 2167 3636 2271 3681; x_wconf 90' lang='lat' dir='ltr'><strong>tem</strong></span> <span class='ocrx_word' id='word_1_585' title='bbox 2303 3631 2519 3696; x_wconf 84' lang='lat' dir='ltr'><strong>suscipit</strong></span> <span class='ocrx_word' id='word_1_586' title='bbox 2546 3646 2560 3695; x_wconf 92' lang='lat'><strong>;</strong></span> <span class='ocrx_word' id='word_1_587' title='bbox 2594 3633 2705 3699; x_wconf 91' lang='lat' dir='ltr'><strong>ipsa</strong></span> <span class='ocrx_word' id='word_1_588' title='bbox 2749 3631 2919 3699; x_wconf 84' lang='lat' dir='ltr'><strong>captis</strong></span> <span class='ocrx_word' id='word_1_589' title='bbox 2942 3632 3029 3700; x_wconf 87' lang='lat' dir='ltr'><strong>jus</strong></span> <span class='ocrx_word' id='word_1_590' title='bbox 3059 3634 3264 3702; x_wconf 86' lang='lat' dir='ltr'><strong>perdite</strong></span> <span class='ocrx_word' id='word_1_591' title='bbox 3298 3635 3509 3688; x_wconf 80' lang='lat' dir='ltr'><strong>vivendi</strong></span> <span class='ocrx_word' id='word_1_592' title='bbox 3539 3636 3740 3689; x_wconf 82' lang='lat' dir='ltr'><strong>consti-</strong></span> 
     </span>
    </p>
   </div>
   <div class='ocr_carea' id='block_1_83' title="bbox 2168 3722 3737 3793">
    <p class='ocr_par' dir='ltr' id='par_1_83' title="bbox 2168 3722 3737 3793">
     <span class='ocr_line' id='line_1_83' title="bbox 2168 3722 3737 3793; baseline 0.005 -22"><span class='ocrx_word' id='word_1_593' title='bbox 2168 3722 2266 3773; x_wconf 90' lang='lat' dir='ltr'><strong>tuit</strong></span> <span class='ocrx_word' id='word_1_594' title='bbox 2297 3736 2311 3783; x_wconf 88' lang='lat'><strong>;</strong></span> <span class='ocrx_word' id='word_1_595' title='bbox 2356 3724 2467 3787; x_wconf 88' lang='lat' dir='ltr'><strong>ipsa</strong></span> <span class='ocrx_word' id='word_1_596' title='bbox 2498 3730 2535 3756; x_wconf 78' lang='grc' dir='ltr'>ω</span> <span class='ocrx_word' id='word_1_597' title='bbox 2567 3735 2755 3776; x_wconf 89' lang='lat' dir='ltr'><strong>omnes</strong></span> <span class='ocrx_word' id='word_1_598' title='bbox 2798 3722 3084 3776; x_wconf 86' lang='lat' dir='ltr'><strong>virtutibus</strong></span> <span class='ocrx_word' id='word_1_599' title='bbox 3128 3733 3368 3777; x_wconf 83' lang='lat' dir='ltr'><strong>exarmat</strong></span> <span class='ocrx_word' id='word_1_600' title='bbox 3403 3741 3540 3793; x_wconf 85' lang='lat' dir='ltr'><strong>quos</strong></span> <span class='ocrx_word' id='word_1_601' title='bbox 3570 3727 3737 3779; x_wconf 85' lang='lat' dir='ltr'><strong>semel</strong></span> 
     </span>
    </p>
   </div>
   <div class='ocr_carea' id='block_1_84' title="bbox 2171 3812 3732 3884">
    <p class='ocr_par' dir='ltr' id='par_1_84' title="bbox 2171 3812 3732 3884">
     <span class='ocr_line' id='line_1_84' title="bbox 2171 3812 3732 3884; baseline 0.003 -19"><span class='ocrx_word' id='word_1_602' title='bbox 2171 3812 2455 3877; x_wconf 88' lang='lat' dir='ltr'><strong>invaserit;</strong></span> <span class='ocrx_word' id='word_1_603' title='bbox 2482 3816 2592 3880; x_wconf 90' lang='lat' dir='ltr'><strong>ipsa</strong></span> <span class='ocrx_word' id='word_1_604' title='bbox 2621 3814 2875 3884; x_wconf 90' lang='lat' dir='ltr'><strong>quidquid</strong></span> <span class='ocrx_word' id='word_1_605' title='bbox 2906 3816 2956 3868; x_wconf 91' lang='lat' dir='ltr'><strong>in</strong></span> <span class='ocrx_word' id='word_1_606' title='bbox 2980 3816 3058 3869; x_wconf 89' lang='lat' dir='ltr'><strong>eis</strong></span> <span class='ocrx_word' id='word_1_607' title='bbox 3081 3817 3396 3870; x_wconf 77' lang='lat' dir='ltr'><strong>remanserit</strong></span> <span class='ocrx_word' id='word_1_608' title='bbox 3420 3817 3559 3884; x_wconf 80' lang='lat' dir='ltr'><strong>quod</strong></span> <span class='ocrx_word' id='word_1_609' title='bbox 3589 3818 3732 3870; x_wconf 79' lang='lat' dir='ltr'><strong>vitiis</strong></span> 
     </span>
    </p>
   </div>
   <div class='ocr_carea' id='block_1_85' title="bbox 2171 3904 3733 3974">
    <p class='ocr_par' dir='ltr' id='par_1_85' title="bbox 2171 3904 3733 3974">
     <span class='ocr_line' id='line_1_85' title="bbox 2171 3904 3733 3974; baseline 0.001 -17"><span class='ocrx_word' id='word_1_610' title='bbox 2171 3910 2199 3938; x_wconf 73' lang='grc' dir='ltr'><strong>υ</strong></span> <span class='ocrx_word' id='word_1_611' title='bbox 2227 3914 2407 3971; x_wconf 89' lang='lat' dir='ltr'><strong>posset</strong></span> <span class='ocrx_word' id='word_1_612' title='bbox 2435 3904 2629 3969; x_wconf 91' lang='lat' dir='ltr'><strong>obniti,</strong></span> <span class='ocrx_word' id='word_1_613' title='bbox 2665 3921 2731 3960; x_wconf 89' lang='lat' dir='ltr'><strong>ne</strong></span> <span class='ocrx_word' id='word_1_614' title='bbox 2759 3916 2944 3960; x_wconf 89' lang='lat' dir='ltr'><strong>contra</strong></span> <span class='ocrx_word' id='word_1_615' title='bbox 2975 3920 3034 3960; x_wconf 92' lang='lat' dir='ltr'><strong>se</strong></span> <span class='ocrx_word' id='word_1_616' title='bbox 3070 3907 3205 3960; x_wconf 89' lang='lat' dir='ltr'><strong>forte</strong></span> <span class='ocrx_word' id='word_1_617' title='bbox 3242 3910 3617 3974; x_wconf 81' lang='lat' dir='ltr'><strong>convalescat,</strong></span> <span class='ocrx_word' id='word_1_618' title='bbox 3656 3909 3733 3959; x_wconf 85' lang='lat' dir='ltr'><strong>in-</strong></span> 
     </span>
    </p>
   </div>
   <div class='ocr_carea' id='block_1_86' title="bbox 2164 3995 2382 4050">
    <p class='ocr_par' dir='ltr' id='par_1_86' title="bbox 2164 3995 2382 4050">
     <span class='ocr_line' id='line_1_86' title="bbox 2164 3995 2382 4050; baseline 0.005 -1"><span class='ocrx_word' id='word_1_619' title='bbox 2164 3995 2382 4050; x_wconf 86' lang='lat' dir='ltr'><strong>teritnit.</strong></span> 
     </span>
    </p>
   </div>
   <div class='ocr_carea' id='block_1_87' title="bbox 2231 4086 3737 4157">
    <p class='ocr_par' dir='ltr' id='par_1_87' title="bbox 2231 4086 3737 4157">
     <span class='ocr_line' id='line_1_87' title="bbox 2231 4086 3737 4157; baseline 0 -18"><span class='ocrx_word' id='word_1_620' title='bbox 2231 4087 2285 4139; x_wconf 72' lang='grc'><strong>2.</strong></span> <span class='ocrx_word' id='word_1_621' title='bbox 2329 4086 2456 4140; x_wconf 90' lang='lat' dir='ltr'><strong>Inde</strong></span> <span class='ocrx_word' id='word_1_622' title='bbox 2482 4094 2565 4140; x_wconf 86' lang='lat' dir='ltr'><strong>est</strong></span> <span class='ocrx_word' id='word_1_623' title='bbox 2599 4086 2738 4156; x_wconf 86' lang='lat' dir='ltr'><strong>quod</strong></span> <span class='ocrx_word' id='word_1_624' title='bbox 2771 4087 2820 4140; x_wconf 94' lang='lat' dir='ltr'><strong>hi</strong></span> <span class='ocrx_word' id='word_1_625' title='bbox 2863 4102 2997 4157; x_wconf 90' lang='lat' dir='ltr'><strong>quos</strong></span> <span class='ocrx_word' id='word_1_626' title='bbox 3021 4096 3045 4124; x_wconf 89' lang='grc' dir='ltr'><strong>ο</strong></span> <span class='ocrx_word' id='word_1_627' title='bbox 3077 4088 3320 4156; x_wconf 71' lang='lat' dir='ltr'><strong>superba:</strong></span> <span class='ocrx_word' id='word_1_628' title='bbox 3361 4087 3555 4140; x_wconf 87' lang='lat' dir='ltr'><strong>mentis</strong></span> <span class='ocrx_word' id='word_1_629' title='bbox 3589 4088 3737 4141; x_wconf 90' lang='lat' dir='ltr'><strong>tabes</strong></span> 
     </span>
    </p>
   </div>
   <div class='ocr_carea' id='block_1_88' title="bbox 2166 4176 3735 4243">
    <p class='ocr_par' dir='ltr' id='par_1_88' title="bbox 2166 4176 3735 4243">
     <span class='ocr_line' id='line_1_88' title="bbox 2166 4176 3735 4243; baseline 0 -16"><span class='ocrx_word' id='word_1_630' title='bbox 2166 4177 2443 4243; x_wconf 87' lang='lat' dir='ltr'><strong>purulenta</strong></span> <span class='ocrx_word' id='word_1_631' title='bbox 2459 4177 2776 4243; x_wconf 88' lang='lat' dir='ltr'><strong>corruperit,</strong></span> <span class='ocrx_word' id='word_1_632' title='bbox 2795 4176 3061 4230; x_wconf 90' lang='lat' dir='ltr'><strong>seniorum</strong></span> <span class='ocrx_word' id='word_1_633' title='bbox 3086 4192 3301 4230; x_wconf 70' lang='lat' dir='ltr'><strong>suorum</strong></span> <span class='ocrx_word' id='word_1_634' title='bbox 3327 4193 3427 4228; x_wconf 90' lang='lat' dir='ltr'><strong>non</strong></span> <span class='ocrx_word' id='word_1_635' title='bbox 3446 4178 3735 4230; x_wconf 82' lang='lat' dir='ltr'><strong>observant</strong></span> 
     </span>
    </p>
   </div>
   <div class='ocr_carea' id='block_1_89' title="bbox 2166 4264 3732 4334">
    <p class='ocr_par' dir='ltr' id='par_1_89' title="bbox 2166 4264 3732 4334">
     <span class='ocr_line' id='line_1_89' title="bbox 2166 4264 3732 4334; baseline -0.001 -17"><span class='ocrx_word' id='word_1_636' title='bbox 2166 4264 2445 4332; x_wconf 88' lang='lat' dir='ltr'><strong>imperata,</strong></span> <span class='ocrx_word' id='word_1_637' title='bbox 2463 4264 2555 4317; x_wconf 91' lang='lat' dir='ltr'><strong>sed</strong></span> <span class='ocrx_word' id='word_1_638' title='bbox 2570 4264 2863 4331; x_wconf 79' lang='lat' dir='ltr'><strong>l&#39;judicant;</strong></span> <span class='ocrx_word' id='word_1_639' title='bbox 2881 4265 2948 4319; x_wconf 90' lang='lat' dir='ltr'><strong>de</strong></span> <span class='ocrx_word' id='word_1_640' title='bbox 2964 4267 3074 4319; x_wconf 88' lang='lat' dir='ltr'><strong>suis</strong></span> <span class='ocrx_word' id='word_1_641' title='bbox 3100 4264 3431 4334; x_wconf 83' lang='lat' dir='ltr'><strong>negligenliis</strong></span> <span class='ocrx_word' id='word_1_642' title='bbox 3450 4264 3732 4333; x_wconf 83' lang='lat' dir='ltr'><strong>objurgati,</strong></span> 
     </span>
    </p>
   </div>
   <div class='ocr_carea' id='block_1_90' title="bbox 2165 4354 3736 4419">
    <p class='ocr_par' dir='ltr' id='par_1_90' title="bbox 2165 4354 3736 4419">
     <span class='ocr_line' id='line_1_90' title="bbox 2165 4354 3736 4419; baseline 0.002 -13"><span class='ocrx_word' id='word_1_643' title='bbox 2165 4363 2256 4407; x_wconf 82' lang='lat' dir='ltr'><strong>aut</strong></span> <span class='ocrx_word' id='word_1_644' title='bbox 2285 4354 2542 4407; x_wconf 89' lang='lat' dir='ltr'><strong>rebellant</strong></span> <span class='ocrx_word' id='word_1_645' title='bbox 2577 4364 2604 4403; x_wconf 68' lang='grc' dir='ltr'><strong>τι</strong></span> <span class='ocrx_word' id='word_1_646' title='bbox 2634 4354 2944 4419; x_wconf 86' lang='lat' dir='ltr'><strong>insolenter,</strong></span> <span class='ocrx_word' id='word_1_647' title='bbox 2978 4364 3070 4408; x_wconf 89' lang='lat' dir='ltr'><strong>aut</strong></span> <span class='ocrx_word' id='word_1_648' title='bbox 3107 4364 3467 4418; x_wconf 89' lang='lat' dir='ltr'><strong>murmurant;</strong></span> <span class='ocrx_word' id='word_1_649' title='bbox 3514 4357 3580 4409; x_wconf 91' lang='lat' dir='ltr'><strong>de</strong></span> <span class='ocrx_word' id='word_1_650' title='bbox 3619 4356 3736 4409; x_wconf 86' lang='lat' dir='ltr'><strong>loco</strong></span> 
     </span>
    </p>
   </div>
   <div class='ocr_carea' id='block_1_91' title="bbox 2165 4444 3733 4514">
    <p class='ocr_par' dir='ltr' id='par_1_91' title="bbox 2165 4444 3733 4514">
     <span class='ocr_line' id='line_1_91' title="bbox 2165 4444 3733 4514; baseline 0.001 -18"><span class='ocrx_word' id='word_1_651' title='bbox 2165 4445 2423 4511; x_wconf 78' lang='lat' dir='ltr'><strong>superiori</strong></span> <span class='ocrx_word' id='word_1_652' title='bbox 2467 4444 2796 4512; x_wconf 87' lang='lat' dir='ltr'><strong>disceptant,</strong></span> <span class='ocrx_word' id='word_1_653' title='bbox 2840 4446 3078 4514; x_wconf 66' lang='lat' dir='ltr'><strong>praeferri</strong></span> <span class='ocrx_word' id='word_1_654' title='bbox 3118 4458 3179 4498; x_wconf 88' lang='lat' dir='ltr'><strong>se</strong></span> <span class='ocrx_word' id='word_1_655' title='bbox 3226 4445 3384 4497; x_wconf 90' lang='lat' dir='ltr'><strong>etiam</strong></span> <span class='ocrx_word' id='word_1_656' title='bbox 3425 4444 3733 4499; x_wconf 89' lang='lat' dir='ltr'><strong>melioribus</strong></span> 
     </span>
    </p>
   </div>
   <div class='ocr_carea' id='block_1_92' title="bbox 494 4521 3733 4602">
    <p class='ocr_par' dir='ltr' id='par_1_92' title="bbox 494 4521 3733 4602">
     <span class='ocr_line' id='line_1_92' title="bbox 494 4521 3733 4602; baseline 0.003 -27"><span class='ocrx_word' id='word_1_657' title='bbox 494 4530 786 4587; x_wconf 75' lang='lat' dir='ltr'><strong>crescente,</strong></span> <span class='ocrx_word' id='word_1_658' title='bbox 817 4522 996 4591; x_wconf 91' lang='lat' dir='ltr'><strong>pudici</strong></span> <span class='ocrx_word' id='word_1_659' title='bbox 1037 4521 1299 4576; x_wconf 83' lang='lat' dir='ltr'><strong>veraciter</strong></span> <span class='ocrx_word' id='word_1_660' title='bbox 1344 4525 1512 4577; x_wconf 82' lang='lat' dir='ltr'><strong>fiunt:</strong></span> <span class='ocrx_word' id='word_1_661' title='bbox 1559 4534 1612 4577; x_wconf 89' lang='lat' dir='ltr'><strong>et</strong></span> <span class='ocrx_word' id='word_1_662' title='bbox 1646 4526 1714 4578; x_wconf 90' lang='lat' dir='ltr'><strong>ita</strong></span> <span class='ocrx_word' id='word_1_663' title='bbox 1757 4527 2056 4593; x_wconf 84' lang='lat' dir='ltr'><strong>proficiunt,</strong></span> <span class='ocrx_word' id='word_1_664' title='bbox 2091 4521 2139 4580; x_wconf 86' lang='lat' dir='ltr'><strong>D</strong></span> <span class='ocrx_word' id='word_1_665' title='bbox 2166 4534 2498 4602; x_wconf 89' lang='lat' dir='ltr'><strong>impudenter</strong></span> <span class='ocrx_word' id='word_1_666' title='bbox 2524 4533 2804 4598; x_wconf 76' lang='lat' dir='ltr'><strong>affectant;</strong></span> <span class='ocrx_word' id='word_1_667' title='bbox 2834 4533 3225 4601; x_wconf 89' lang='lat' dir='ltr'><strong>simplicitatem</strong></span> <span class='ocrx_word' id='word_1_668' title='bbox 3256 4533 3608 4602; x_wconf 88' lang='lat' dir='ltr'><strong>spiritualium</strong></span> <span class='ocrx_word' id='word_1_669' title='bbox 3631 4533 3733 4586; x_wconf 87' lang='lat' dir='ltr'><strong>fra-</strong></span> 
     </span>
    </p>
   </div>
   <div class='ocr_carea' id='block_1_93' title="bbox 494 4612 2059 4684">
    <p class='ocr_par' dir='ltr' id='par_1_93' title="bbox 494 4612 2059 4684">
     <span class='ocr_line' id='line_1_93' title="bbox 494 4612 2059 4684; baseline 0.003 -17"><span class='ocrx_word' id='word_1_670' title='bbox 494 4622 549 4667; x_wconf 90' lang='lat' dir='ltr'><strong>ut</strong></span> <span class='ocrx_word' id='word_1_671' title='bbox 568 4613 676 4681; x_wconf 88' lang='lat' dir='ltr'><strong>jam</strong></span> <span class='ocrx_word' id='word_1_672' title='bbox 710 4628 813 4666; x_wconf 91' lang='lat' dir='ltr'><strong>non</strong></span> <span class='ocrx_word' id='word_1_673' title='bbox 853 4626 1119 4677; x_wconf 91' lang='lat' dir='ltr'><strong>sermone,</strong></span> <span class='ocrx_word' id='word_1_674' title='bbox 1143 4612 1236 4667; x_wconf 88' lang='lat' dir='ltr'><strong>sed</strong></span> <span class='ocrx_word' id='word_1_675' title='bbox 1259 4612 1452 4667; x_wconf 88' lang='lat' dir='ltr'><strong>virtute</strong></span> <span class='ocrx_word' id='word_1_676' title='bbox 1490 4613 1678 4669; x_wconf 89' lang='lat' dir='ltr'><strong>sordes</strong></span> <span class='ocrx_word' id='word_1_677' title='bbox 1714 4615 1990 4684; x_wconf 89' lang='lat' dir='ltr'><strong>impudicit</strong></span> <span class='ocrx_word' id='word_1_678' title='bbox 2014 4636 2059 4671; x_wconf 74' lang='grc' dir='ltr'><strong>ευ</strong></span> 
     </span>
    </p>
   </div>
   <div class='ocr_carea' id='block_1_94' title="bbox 494 4703 2060 4774">
    <p class='ocr_par' dir='ltr' id='par_1_94' title="bbox 494 4703 2060 4774">
     <span class='ocr_line' id='line_1_94' title="bbox 494 4703 2060 4774; baseline 0.004 -16"><span class='ocrx_word' id='word_1_679' title='bbox 494 4705 841 4766; x_wconf 79' lang='lat' dir='ltr'><strong>detestantes.</strong></span> <span class='ocrx_word' id='word_1_680' title='bbox 874 4719 978 4759; x_wconf 92' lang='lat' dir='ltr'><strong>non</strong></span> <span class='ocrx_word' id='word_1_681' title='bbox 1030 4703 1219 4759; x_wconf 88' lang='lat' dir='ltr'><strong>timore</strong></span> <span class='ocrx_word' id='word_1_682' title='bbox 1245 4720 1418 4774; x_wconf 67' lang='lat' dir='ltr'><strong>poena:</strong></span> <span class='ocrx_word' id='word_1_683' title='bbox 1445 4708 1743 4764; x_wconf 89' lang='lat' dir='ltr'><strong>carnalibus</strong></span> <span class='ocrx_word' id='word_1_684' title='bbox 1781 4709 2060 4765; x_wconf 67' lang='lat' dir='ltr'><strong>incentivis</strong></span> 
     </span>
    </p>
   </div>
   <div class='ocr_carea' id='block_1_95' title="bbox 495 4793 2062 4865">
    <p class='ocr_par' dir='ltr' id='par_1_95' title="bbox 495 4793 2062 4865">
     <span class='ocr_line' id='line_1_95' title="bbox 495 4793 2062 4865; baseline 0.004 -17"><span class='ocrx_word' id='word_1_685' title='bbox 495 4794 772 4859; x_wconf 89' lang='lat' dir='ltr'><strong>obsistant,</strong></span> <span class='ocrx_word' id='word_1_686' title='bbox 801 4793 943 4863; x_wconf 89' lang='lat' dir='ltr'><strong>quod</strong></span> <span class='ocrx_word' id='word_1_687' title='bbox 988 4802 1071 4846; x_wconf 89' lang='lat' dir='ltr'><strong>est</strong></span> <span class='ocrx_word' id='word_1_688' title='bbox 1098 4793 1458 4863; x_wconf 90' lang='lat' dir='ltr'><strong>iucipientium</strong></span> <span class='ocrx_word' id='word_1_689' title='bbox 1508 4799 1811 4865; x_wconf 88' lang='lat' dir='ltr'><strong>proprium;</strong></span> <span class='ocrx_word' id='word_1_690' title='bbox 1848 4800 1942 4854; x_wconf 87' lang='lat' dir='ltr'><strong>sed</strong></span> <span class='ocrx_word' id='word_1_691' title='bbox 1970 4816 2062 4855; x_wconf 80' lang='lat' dir='ltr'><strong>ex-</strong></span> 
     </span>
    </p>
   </div>
   <div class='ocr_carea' id='block_1_96' title="bbox 497 4882 2061 4957">
    <p class='ocr_par' dir='ltr' id='par_1_96' title="bbox 497 4882 2061 4957">
     <span class='ocr_line' id='line_1_96' title="bbox 497 4882 2061 4957; baseline 0.001 -18"><span class='ocrx_word' id='word_1_692' title='bbox 497 4883 796 4939; x_wconf 85' lang='lat' dir='ltr'><strong>secratione</strong></span> <span class='ocrx_word' id='word_1_693' title='bbox 816 4883 1018 4953; x_wconf 87' lang='lat' dir='ltr'><strong>peccati</strong></span> <span class='ocrx_word' id='word_1_694' title='bbox 1035 4882 1304 4939; x_wconf 86' lang='lat' dir='ltr'><strong>refrenent</strong></span> <span class='ocrx_word' id='word_1_695' title='bbox 1340 4885 1607 4955; x_wconf 90' lang='lat' dir='ltr'><strong>inquietos</strong></span> <span class='ocrx_word' id='word_1_696' title='bbox 1623 4889 1799 4942; x_wconf 78' lang='lat' dir='ltr'><strong>Carnis</strong></span> <span class='ocrx_word' id='word_1_697' title='bbox 1822 4888 2061 4957; x_wconf 76' lang='lat' dir='ltr'><strong>allectus,</strong></span> 
     </span>
    </p>
   </div>
   <div class='ocr_carea' id='block_1_97' title="bbox 571 5020 1914 5095">
    <p class='ocr_par' dir='ltr' id='par_1_97' title="bbox 571 5020 1914 5095">
     <span class='ocr_line' id='line_1_97' title="bbox 571 5020 1914 5095; baseline 0.003 -22"><span class='ocrx_word' id='word_1_698' title='bbox 571 5031 598 5095; x_wconf 50' lang='grc' dir='ltr'><em>μ</em></span> <span class='ocrx_word' id='word_1_699' title='bbox 626 5020 783 5095; x_wconf 59' lang='grc' dir='ltr'><strong>ξᾲἱιξ,</strong></span> <span class='ocrx_word' id='word_1_700' title='bbox 817 5021 1009 5095; x_wconf 35' lang='lat' dir='ltr'><strong>Lugd”</strong></span> <span class='ocrx_word' id='word_1_701' title='bbox 1032 5038 1098 5095; x_wconf 67' lang='lat' dir='ltr'><strong>ac</strong></span> <span class='ocrx_word' id='word_1_702' title='bbox 1120 5024 1306 5091; x_wconf 84' lang='lat' dir='ltr'><strong>pariter</strong></span> <span class='ocrx_word' id='word_1_703' title='bbox 1332 5021 1609 5078; x_wconf 77' lang='lat' dir='ltr'><strong>Ezechielis</strong></span> <span class='ocrx_word' id='word_1_704' title='bbox 1636 5024 1914 5095; x_wconf 68' lang='lat' dir='ltr'><strong>prophetae.</strong></span> 
     </span>
    </p>
   </div>
   <div class='ocr_carea' id='block_1_98' title="bbox 568 5091 1685 5161">
    <p class='ocr_par' dir='ltr' id='par_1_98' title="bbox 568 5091 1685 5161">
     <span class='ocr_line' id='line_1_98' title="bbox 568 5091 1685 5161; baseline 0.002 -15"><span class='ocrx_word' id='word_1_705' title='bbox 568 5092 597 5133; x_wconf 71' lang='grc' dir='ltr'>δ</span> <span class='ocrx_word' id='word_1_706' title='bbox 628 5092 788 5154; x_wconf 86' lang='lat' dir='ltr'><strong>Editi,</strong></span> <span class='ocrx_word' id='word_1_707' title='bbox 811 5091 1028 5161; x_wconf 84' lang='lat' dir='ltr'><strong>placere.</strong></span> <span class='ocrx_word' id='word_1_708' title='bbox 1057 5091 1180 5145; x_wconf 85' lang='lat' dir='ltr'><strong>Mss.</strong></span> <span class='ocrx_word' id='word_1_709' title='bbox 1217 5107 1426 5159; x_wconf 90' lang='lat' dir='ltr'><strong>omnes,</strong></span> <span class='ocrx_word' id='word_1_710' title='bbox 1452 5091 1685 5160; x_wconf 79' lang='lat' dir='ltr'><strong>probare.</strong></span> 
     </span>
    </p>
   </div>
   <div class='ocr_carea' id='block_1_99' title="bbox 568 5162 1527 5231">
    <p class='ocr_par' dir='ltr' id='par_1_99' title="bbox 568 5162 1527 5231">
     <span class='ocr_line' id='line_1_99' title="bbox 568 5162 1527 5231; baseline -0.001 -15"><span class='ocrx_word' id='word_1_711' title='bbox 568 5174 593 5231; x_wconf 54' lang='grc' dir='ltr'>ἦ</span> <span class='ocrx_word' id='word_1_712' title='bbox 624 5163 723 5217; x_wconf 82' lang='lat' dir='ltr'><strong>Ms.</strong></span> <span class='ocrx_word' id='word_1_713' title='bbox 762 5176 919 5223; x_wconf 89' lang='lat' dir='ltr'><strong>unus,</strong></span> <span class='ocrx_word' id='word_1_714' title='bbox 952 5162 1220 5215; x_wconf 82' lang='lat' dir='ltr'><strong>carnaliter</strong></span> <span class='ocrx_word' id='word_1_715' title='bbox 1240 5162 1527 5231; x_wconf 87' lang='lat' dir='ltr'><strong>cogitando.</strong></span> 
     </span>
    </p>
   </div>
   <div class='ocr_carea' id='block_1_100' title="bbox 569 5229 2090 5302">
    <p class='ocr_par' dir='ltr' id='par_1_100' title="bbox 569 5229 2090 5302">
     <span class='ocr_line' id='line_1_100' title="bbox 569 5229 2090 5302; baseline -0.003 -13"><span class='ocrx_word' id='word_1_716' title='bbox 569 5229 597 5269; x_wconf 70' lang='grc' dir='ltr'><em>ά</em></span> <span class='ocrx_word' id='word_1_717' title='bbox 622 5231 710 5289; x_wconf 90' lang='lat' dir='ltr'><strong>Sic</strong></span> <span class='ocrx_word' id='word_1_718' title='bbox 748 5247 877 5286; x_wconf 84' lang='lat' dir='ltr'><strong>mss.</strong></span> <span class='ocrx_word' id='word_1_719' title='bbox 905 5238 1015 5287; x_wconf 89' lang='lat' dir='ltr'><strong>tres</strong></span> <span class='ocrx_word' id='word_1_720' title='bbox 1035 5231 1185 5287; x_wconf 84' lang='lat' dir='ltr'><strong>Colb.</strong></span> <span class='ocrx_word' id='word_1_721' title='bbox 1219 5229 1323 5287; x_wconf 84' lang='lat' dir='ltr'><strong>Alii</strong></span> <span class='ocrx_word' id='word_1_722' title='bbox 1343 5246 1463 5286; x_wconf 88' lang='lat' dir='ltr'><strong>cum</strong></span> <span class='ocrx_word' id='word_1_723' title='bbox 1495 5231 1675 5297; x_wconf 83' lang='lat' dir='ltr'><strong>editis,</strong></span> <span class='ocrx_word' id='word_1_724' title='bbox 1706 5242 1794 5286; x_wconf 87' lang='lat' dir='ltr'><strong>aut</strong></span> <span class='ocrx_word' id='word_1_725' title='bbox 1828 5233 2054 5301; x_wconf 79' lang='lat' dir='ltr'><strong>tarpitu-</strong></span> <span class='ocrx_word' id='word_1_726' title='bbox 2084 5298 2090 5302; x_wconf 26' lang='grc' dir='ltr'><strong>η</strong></span> 
     </span>
    </p>
   </div>
   <div class='ocr_carea' id='block_1_101' title="bbox 499 5305 685 5359">
    <p class='ocr_par' dir='ltr' id='par_1_101' title="bbox 499 5305 685 5359">
     <span class='ocr_line' id='line_1_101' title="bbox 499 5305 685 5359; baseline -0.011 -4"><span class='ocrx_word' id='word_1_727' title='bbox 499 5305 685 5359; x_wconf 82' lang='lat' dir='ltr'><strong>dinem.</strong></span> 
     </span>
    </p>
   </div>
   <div class='ocr_carea' id='block_1_102' title="bbox 567 5368 1408 5435">
    <p class='ocr_par' dir='ltr' id='par_1_102' title="bbox 567 5368 1408 5435">
     <span class='ocr_line' id='line_1_102' title="bbox 567 5368 1408 5435; baseline -0.001 -10"><span class='ocrx_word' id='word_1_728' title='bbox 567 5382 591 5409; x_wconf 73' lang='grc' dir='ltr'>ε</span> <span class='ocrx_word' id='word_1_729' title='bbox 623 5371 719 5425; x_wconf 84' lang='lat' dir='ltr'><strong>Ms.</strong></span> <span class='ocrx_word' id='word_1_730' title='bbox 750 5368 958 5435; x_wconf 82' lang='lat' dir='ltr'><strong>Camb.,</strong></span> <span class='ocrx_word' id='word_1_731' title='bbox 984 5371 1046 5422; x_wconf 85' lang='lat' dir='ltr'><strong>ab</strong></span> <span class='ocrx_word' id='word_1_732' title='bbox 1072 5370 1408 5435; x_wconf 66' lang='lat' dir='ltr'><strong>impudentia.</strong></span> 
     </span>
    </p>
   </div>
   <div class='ocr_carea' id='block_1_103' title="bbox 568 5440 2056 5511">
    <p class='ocr_par' dir='ltr' id='par_1_103' title="bbox 568 5440 2056 5511">
     <span class='ocr_line' id='line_1_103' title="bbox 568 5440 2056 5511; baseline 0.001 -17"><span class='ocrx_word' id='word_1_733' title='bbox 568 5440 587 5478; x_wconf 72' lang='grc' dir='ltr'>ί</span> <span class='ocrx_word' id='word_1_734' title='bbox 613 5440 988 5511; x_wconf 41' lang='grc' dir='ltr'><strong>Μεεηίιψιιᾳυις</strong></span> <span class='ocrx_word' id='word_1_735' title='bbox 1015 5454 1119 5493; x_wconf 92' lang='lat' dir='ltr'><strong>non</strong></span> <span class='ocrx_word' id='word_1_736' title='bbox 1153 5440 1346 5496; x_wconf 75' lang='lat' dir='ltr'><strong>habent</strong></span> <span class='ocrx_word' id='word_1_737' title='bbox 1382 5441 1669 5511; x_wconf 83' lang='lat' dir='ltr'><strong>plerumque</strong></span> <span class='ocrx_word' id='word_1_738' title='bbox 1695 5455 1713 5495; x_wconf 92' lang='lat'><strong><em>:</em></strong></span> <span class='ocrx_word' id='word_1_739' title='bbox 1739 5441 1890 5505; x_wconf 84' lang='lat' dir='ltr'><strong>cujus</strong></span> <span class='ocrx_word' id='word_1_740' title='bbox 1940 5441 2056 5495; x_wconf 90' lang='lat' dir='ltr'><strong>loco</strong></span> 
     </span>
    </p>
   </div>
   <div class='ocr_carea' id='block_1_104' title="bbox 498 5507 1995 5583">
    <p class='ocr_par' dir='ltr' id='par_1_104' title="bbox 498 5507 1995 5583">
     <span class='ocr_line' id='line_1_104' title="bbox 498 5507 1995 5583; baseline 0 -19"><span class='ocrx_word' id='word_1_741' title='bbox 498 5511 600 5565; x_wconf 86' lang='lat' dir='ltr'><strong>duo</strong></span> <span class='ocrx_word' id='word_1_742' title='bbox 618 5508 881 5583; x_wconf 46' lang='lat' dir='ltr'><strong>ostioli).</strong></span> <span class='ocrx_word' id='word_1_743' title='bbox 900 5507 1115 5583; x_wconf 77' lang='lat' dir='ltr'><strong>habent,</strong></span> <span class='ocrx_word' id='word_1_744' title='bbox 1143 5511 1273 5583; x_wconf 74' lang='lat' dir='ltr'><strong>tales</strong></span> <span class='ocrx_word' id='word_1_745' title='bbox 1300 5513 1360 5565; x_wconf 85' lang='lat' dir='ltr'><strong>de</strong></span> <span class='ocrx_word' id='word_1_746' title='bbox 1382 5507 1674 5583; x_wconf 67' lang='lat' dir='ltr'><strong>necessitate</strong></span> <span class='ocrx_word' id='word_1_747' title='bbox 1702 5513 1995 5583; x_wconf 83' lang='lat' dir='ltr'><strong>proﬁciunt.</strong></span> 
     </span>
    </p>
   </div>
   <div class='ocr_carea' id='block_1_105' title="bbox 567 5576 1629 5643">
    <p class='ocr_par' dir='ltr' id='par_1_105' title="bbox 567 5576 1629 5643">
     <span class='ocr_line' id='line_1_105' title="bbox 567 5576 1629 5643; baseline 0.009 -18"><span class='ocrx_word' id='word_1_748' title='bbox 567 5588 591 5625; x_wconf 86' lang='lat' dir='ltr'><strong>s</strong></span> <span class='ocrx_word' id='word_1_749' title='bbox 618 5576 754 5631; x_wconf 76' lang='lat' dir='ltr'><strong>Editl</strong></span> <span class='ocrx_word' id='word_1_750' title='bbox 777 5576 902 5630; x_wconf 73' lang='grc' dir='ltr'><strong>ιον.</strong></span> <span class='ocrx_word' id='word_1_751' title='bbox 931 5586 983 5631; x_wconf 90' lang='lat' dir='ltr'><strong>et</strong></span> <span class='ocrx_word' id='word_1_752' title='bbox 1014 5578 1203 5643; x_wconf 83' lang='lat' dir='ltr'><strong>Lugd..</strong></span> <span class='ocrx_word' id='word_1_753' title='bbox 1228 5596 1342 5633; x_wconf 82' lang='lat' dir='ltr'><strong>cum</strong></span> <span class='ocrx_word' id='word_1_754' title='bbox 1367 5582 1629 5635; x_wconf 73' lang='lat' dir='ltr'><strong>virentem.</strong></span> 
     </span>
    </p>
   </div>
   <div class='ocr_carea' id='block_1_106' title="bbox 566 5645 1960 5718">
    <p class='ocr_par' dir='ltr' id='par_1_106' title="bbox 566 5645 1960 5718">
     <span class='ocr_line' id='line_1_106' title="bbox 566 5645 1960 5718; baseline 0.004 -18"><span class='ocrx_word' id='word_1_755' title='bbox 566 5645 593 5718; x_wconf 64' lang='lat' dir='ltr'><strong>ll</strong></span> <span class='ocrx_word' id='word_1_756' title='bbox 627 5647 904 5718; x_wconf 72' lang='lat' dir='ltr'><strong>Mss._tres,</strong></span> <span class='ocrx_word' id='word_1_757' title='bbox 930 5645 1220 5706; x_wconf 82' lang='lat' dir='ltr'><strong>ostendunt.</strong></span> <span class='ocrx_word' id='word_1_758' title='bbox 1247 5649 1349 5704; x_wconf 85' lang='lat' dir='ltr'><strong>Alii</strong></span> <span class='ocrx_word' id='word_1_759' title='bbox 1371 5665 1489 5705; x_wconf 90' lang='lat' dir='ltr'><strong>cum</strong></span> <span class='ocrx_word' id='word_1_760' title='bbox 1520 5653 1695 5718; x_wconf 80' lang='lat' dir='ltr'><strong>editis,</strong></span> <span class='ocrx_word' id='word_1_761' title='bbox 1722 5652 1960 5705; x_wconf 81' lang='lat' dir='ltr'><strong>ostendit.</strong></span> 
     </span>
    </p>
   </div>
   <div class='ocr_carea' id='block_1_107' title="bbox 572 5714 1318 5784">
    <p class='ocr_par' dir='ltr' id='par_1_107' title="bbox 572 5714 1318 5784">
     <span class='ocr_line' id='line_1_107' title="bbox 572 5714 1318 5784; baseline 0.001 -14"><span class='ocrx_word' id='word_1_762' title='bbox 572 5714 587 5751; x_wconf 79' lang='grc'>⁸</span> <span class='ocrx_word' id='word_1_763' title='bbox 625 5716 723 5770; x_wconf 75' lang='lat' dir='ltr'><strong>Ms.</strong></span> <span class='ocrx_word' id='word_1_764' title='bbox 749 5716 897 5772; x_wconf 84' lang='lat' dir='ltr'><strong>Colb.</strong></span> <span class='ocrx_word' id='word_1_765' title='bbox 927 5732 1081 5784; x_wconf 56' lang='lat' dir='ltr'><strong>unus,</strong></span> <span class='ocrx_word' id='word_1_766' title='bbox 1106 5727 1318 5772; x_wconf 64' lang='lat' dir='ltr'><strong>atroces.</strong></span> 
     </span>
    </p>
   </div>
   <div class='ocr_carea' id='block_1_108' title="bbox 2166 4622 3733 4692">
    <p class='ocr_par' dir='ltr' id='par_1_108' title="bbox 2166 4622 3733 4692">
     <span class='ocr_line' id='line_1_108' title="bbox 2166 4622 3733 4692; baseline 0 -16"><span class='ocrx_word' id='word_1_767' title='bbox 2166 4633 2301 4676; x_wconf 89' lang='lat' dir='ltr'><strong>trum</strong></span> <span class='ocrx_word' id='word_1_768' title='bbox 2325 4622 2608 4678; x_wconf 88' lang='lat' dir='ltr'><strong>irridenter</strong></span> <span class='ocrx_word' id='word_1_769' title='bbox 2640 4634 2661 4660; x_wconf 86' lang='grc' dir='ltr'><strong>ι·</strong></span> <span class='ocrx_word' id='word_1_770' title='bbox 2709 4624 3001 4690; x_wconf 74' lang='lat' dir='ltr'><strong>exagitant,</strong></span> <span class='ocrx_word' id='word_1_771' title='bbox 3028 4638 3152 4677; x_wconf 82' lang='lat' dir='ltr'><strong>suas</strong></span> <span class='ocrx_word' id='word_1_772' title='bbox 3178 4624 3469 4679; x_wconf 84' lang='lat' dir='ltr'><strong>sententias</strong></span> <span class='ocrx_word' id='word_1_773' title='bbox 3500 4623 3733 4692; x_wconf 85' lang='lat' dir='ltr'><strong>procaci-</strong></span> 
     </span>
    </p>
   </div>
   <div class='ocr_carea' id='block_1_109' title="bbox 2168 4713 3730 4783">
    <p class='ocr_par' dir='ltr' id='par_1_109' title="bbox 2168 4713 3730 4783">
     <span class='ocr_line' id='line_1_109' title="bbox 2168 4713 3730 4783; baseline -0.001 -16"><span class='ocrx_word' id='word_1_774' title='bbox 2168 4721 2247 4768; x_wconf 91' lang='lat' dir='ltr'><strong>ter</strong></span> <span class='ocrx_word' id='word_1_775' title='bbox 2272 4713 2496 4782; x_wconf 89' lang='lat' dir='ltr'><strong>jactant,</strong></span> <span class='ocrx_word' id='word_1_776' title='bbox 2523 4713 2774 4783; x_wconf 89' lang='lat' dir='ltr'><strong>obsequia</strong></span> <span class='ocrx_word' id='word_1_777' title='bbox 2806 4714 2982 4768; x_wconf 87' lang='lat' dir='ltr'><strong>delata</strong></span> <span class='ocrx_word' id='word_1_778' title='bbox 3014 4713 3308 4779; x_wconf 87' lang='lat' dir='ltr'><strong>fastidiunt,</strong></span> <span class='ocrx_word' id='word_1_779' title='bbox 3352 4721 3539 4783; x_wconf 86' lang='lat' dir='ltr'><strong>negata</strong></span> <span class='ocrx_word' id='word_1_780' title='bbox 3569 4715 3730 4783; x_wconf 91' lang='lat' dir='ltr'><strong>perti-</strong></span> 
     </span>
    </p>
   </div>
   <div class='ocr_carea' id='block_1_110' title="bbox 2169 4803 3729 4873">
    <p class='ocr_par' dir='ltr' id='par_1_110' title="bbox 2169 4803 3729 4873">
     <span class='ocr_line' id='line_1_110' title="bbox 2169 4803 3729 4873; baseline 0 -16"><span class='ocrx_word' id='word_1_781' title='bbox 2169 4805 2373 4859; x_wconf 86' lang='lat' dir='ltr'><strong>naciter</strong></span> <span class='ocrx_word' id='word_1_782' title='bbox 2398 4813 2661 4871; x_wconf 74' lang='lat' dir='ltr'><strong>aluerunt,</strong></span> <span class='ocrx_word' id='word_1_783' title='bbox 2694 4805 2896 4859; x_wconf 85' lang='lat' dir='ltr'><strong>natales</strong></span> <span class='ocrx_word' id='word_1_784' title='bbox 2919 4803 3153 4858; x_wconf 89' lang='lat' dir='ltr'><strong>moribus</strong></span> <span class='ocrx_word' id='word_1_785' title='bbox 3181 4813 3527 4873; x_wconf 88' lang='lat' dir='ltr'><strong>anteponunt,</strong></span> <span class='ocrx_word' id='word_1_786' title='bbox 3550 4803 3729 4871; x_wconf 85' lang='lat' dir='ltr'><strong>junio-</strong></span> 
     </span>
    </p>
   </div>
   <div class='ocr_carea' id='block_1_111' title="bbox 2171 4892 3731 4963">
    <p class='ocr_par' dir='ltr' id='par_1_111' title="bbox 2171 4892 3731 4963">
     <span class='ocr_line' id='line_1_111' title="bbox 2171 4892 3731 4963; baseline -0.001 -16"><span class='ocrx_word' id='word_1_787' title='bbox 2171 4908 2259 4948; x_wconf 88' lang='lat' dir='ltr'><strong>res</strong></span> <span class='ocrx_word' id='word_1_788' title='bbox 2287 4906 2411 4947; x_wconf 90' lang='lat' dir='ltr'><strong>suos</strong></span> <span class='ocrx_word' id='word_1_789' title='bbox 2432 4899 2453 4927; x_wconf 78' lang='grc'><strong><em>⁵</em></strong></span> <span class='ocrx_word' id='word_1_790' title='bbox 2474 4894 2598 4948; x_wconf 93' lang='lat' dir='ltr'><strong>elati</strong></span> <span class='ocrx_word' id='word_1_791' title='bbox 2630 4892 2947 4962; x_wconf 89' lang='lat' dir='ltr'><strong>despiciunt,</strong></span> <span class='ocrx_word' id='word_1_792' title='bbox 2970 4892 3202 4948; x_wconf 89' lang='lat' dir='ltr'><strong>conferri</strong></span> <span class='ocrx_word' id='word_1_793' title='bbox 3228 4894 3327 4947; x_wconf 85' lang='lat' dir='ltr'><strong>sibi</strong></span> <span class='ocrx_word' id='word_1_794' title='bbox 3354 4892 3557 4963; x_wconf 85' lang='lat' dir='ltr'><strong>aliquos</strong></span> <span class='ocrx_word' id='word_1_795' title='bbox 3578 4906 3731 4962; x_wconf 85' lang='lat' dir='ltr'><strong>posse</strong></span> 
     </span>
    </p>
   </div>
   <div class='ocr_carea' id='block_1_112' title="bbox 2238 5026 3406 5094">
    <p class='ocr_par' dir='ltr' id='par_1_112' title="bbox 2238 5026 3406 5094">
     <span class='ocr_line' id='line_1_112' title="bbox 2238 5026 3406 5094; baseline 0.002 -16"><span class='ocrx_word' id='word_1_796' title='bbox 2238 5027 2252 5077; x_wconf 84' lang='lat' dir='ltr'><strong>t&#39;</strong></span> <span class='ocrx_word' id='word_1_797' title='bbox 2288 5027 2410 5081; x_wconf 79' lang='lat' dir='ltr'><strong>Mss.</strong></span> <span class='ocrx_word' id='word_1_798' title='bbox 2440 5026 2572 5094; x_wconf 62' lang='lat' dir='ltr'><strong>Reg.</strong></span> <span class='ocrx_word' id='word_1_799' title='bbox 2604 5043 2737 5082; x_wconf 91' lang='lat' dir='ltr'><strong>unus</strong></span> <span class='ocrx_word' id='word_1_800' title='bbox 2767 5036 2819 5082; x_wconf 91' lang='lat' dir='ltr'><strong>et</strong></span> <span class='ocrx_word' id='word_1_801' title='bbox 2848 5027 3062 5093; x_wconf 86' lang='lat' dir='ltr'><strong>Camb.,</strong></span> <span class='ocrx_word' id='word_1_802' title='bbox 3092 5027 3406 5081; x_wconf 84' lang='lat' dir='ltr'><strong>dominante.</strong></span> 
     </span>
    </p>
   </div>
   <div class='ocr_carea' id='block_1_113' title="bbox 2240 5097 2815 5160">
    <p class='ocr_par' dir='ltr' id='par_1_113' title="bbox 2240 5097 2815 5160">
     <span class='ocr_line' id='line_1_113' title="bbox 2240 5097 2815 5160; baseline -0.003 -10"><span class='ocrx_word' id='word_1_803' title='bbox 2240 5097 2262 5134; x_wconf 66' lang='grc' dir='ltr'>ι</span> <span class='ocrx_word' id='word_1_804' title='bbox 2290 5098 2415 5151; x_wconf 89' lang='lat' dir='ltr'><strong>Mss.</strong></span> <span class='ocrx_word' id='word_1_805' title='bbox 2444 5100 2569 5160; x_wconf 90' lang='lat' dir='ltr'><strong>duo,</strong></span> <span class='ocrx_word' id='word_1_806' title='bbox 2597 5099 2815 5150; x_wconf 84' lang='lat' dir='ltr'><strong>occulta.</strong></span> 
     </span>
    </p>
   </div>
   <div class='ocr_carea' id='block_1_114' title="bbox 2240 5165 2948 5229">
    <p class='ocr_par' dir='ltr' id='par_1_114' title="bbox 2240 5165 2948 5229">
     <span class='ocr_line' id='line_1_114' title="bbox 2240 5165 2948 5229; baseline 0.001 -11"><span class='ocrx_word' id='word_1_807' title='bbox 2240 5165 2253 5203; x_wconf 75' lang='grc'>³</span> <span class='ocrx_word' id='word_1_808' title='bbox 2294 5167 2386 5218; x_wconf 78' lang='lat' dir='ltr'><strong>Ms.</strong></span> <span class='ocrx_word' id='word_1_809' title='bbox 2420 5183 2576 5229; x_wconf 87' lang='lat' dir='ltr'><strong>unus,</strong></span> <span class='ocrx_word' id='word_1_810' title='bbox 2605 5168 2948 5220; x_wconf 86' lang='lat' dir='ltr'><strong>damnatione.</strong></span> 
     </span>
    </p>
   </div>
   <div class='ocr_carea' id='block_1_115' title="bbox 2232 5235 3499 5304">
    <p class='ocr_par' dir='ltr' id='par_1_115' title="bbox 2232 5235 3499 5304">
     <span class='ocr_line' id='line_1_115' title="bbox 2232 5235 3499 5304; baseline 0 -15"><span class='ocrx_word' id='word_1_811' title='bbox 2232 5245 2271 5273; x_wconf 78' lang='grc' dir='ltr'>ω</span> <span class='ocrx_word' id='word_1_812' title='bbox 2300 5236 2422 5289; x_wconf 85' lang='lat' dir='ltr'><strong>Mss.</strong></span> <span class='ocrx_word' id='word_1_813' title='bbox 2446 5248 2674 5304; x_wconf 88' lang='lat' dir='ltr'><strong>septem,</strong></span> <span class='ocrx_word' id='word_1_814' title='bbox 2697 5240 2808 5304; x_wconf 87' lang='lat' dir='ltr'><strong>ipsa</strong></span> <span class='ocrx_word' id='word_1_815' title='bbox 2828 5236 3060 5288; x_wconf 86' lang='lat' dir='ltr'><strong>omnibus</strong></span> <span class='ocrx_word' id='word_1_816' title='bbox 3082 5235 3224 5289; x_wconf 87' lang='lat' dir='ltr'><strong>bonis</strong></span> <span class='ocrx_word' id='word_1_817' title='bbox 3248 5247 3499 5290; x_wconf 72' lang='lat' dir='ltr'><strong>exarmat.</strong></span> 
     </span>
    </p>
   </div>
   <div class='ocr_carea' id='block_1_116' title="bbox 2232 5304 3725 5375">
    <p class='ocr_par' dir='ltr' id='par_1_116' title="bbox 2232 5304 3725 5375">
     <span class='ocr_line' id='line_1_116' title="bbox 2232 5304 3725 5375; baseline -0.001 -17"><span class='ocrx_word' id='word_1_818' title='bbox 2232 5313 2259 5340; x_wconf 80' lang='grc' dir='ltr'><strong>η</strong></span> <span class='ocrx_word' id='word_1_819' title='bbox 2300 5306 2420 5358; x_wconf 57' lang='lat' dir='ltr'><strong>Msa.</strong></span> <span class='ocrx_word' id='word_1_820' title='bbox 2452 5310 2704 5374; x_wconf 81' lang='lat' dir='ltr'><strong>quinque,</strong></span> <span class='ocrx_word' id='word_1_821' title='bbox 2736 5308 2893 5375; x_wconf 84' lang='lat' dir='ltr'><strong>possit</strong></span> <span class='ocrx_word' id='word_1_822' title='bbox 2926 5305 3101 5358; x_wconf 89' lang='lat' dir='ltr'><strong>obniti.</strong></span> <span class='ocrx_word' id='word_1_823' title='bbox 3136 5309 3237 5361; x_wconf 82' lang='lat' dir='ltr'><strong>Ms.</strong></span> <span class='ocrx_word' id='word_1_824' title='bbox 3279 5322 3437 5373; x_wconf 90' lang='lat' dir='ltr'><strong>unus,</strong></span> <span class='ocrx_word' id='word_1_825' title='bbox 3465 5306 3598 5375; x_wconf 51' lang='lat' dir='ltr'><strong>quod</strong></span> <span class='ocrx_word' id='word_1_826' title='bbox 3622 5304 3725 5357; x_wconf 69' lang='lat' dir='ltr'><strong>tir-</strong></span> 
     </span>
    </p>
   </div>
   <div class='ocr_carea' id='block_1_117' title="bbox 2163 5376 2593 5443">
    <p class='ocr_par' dir='ltr' id='par_1_117' title="bbox 2163 5376 2593 5443">
     <span class='ocr_line' id='line_1_117' title="bbox 2163 5376 2593 5443; baseline 0 -15"><span class='ocrx_word' id='word_1_827' title='bbox 2163 5376 2258 5429; x_wconf 84' lang='lat' dir='ltr'><strong>tuti</strong></span> <span class='ocrx_word' id='word_1_828' title='bbox 2279 5378 2389 5443; x_wconf 85' lang='lat' dir='ltr'><strong>ejus</strong></span> <span class='ocrx_word' id='word_1_829' title='bbox 2415 5376 2593 5443; x_wconf 84' lang='lat' dir='ltr'><strong>possit.</strong></span> 
     </span>
    </p>
   </div>
   <div class='ocr_carea' id='block_1_118' title="bbox 2234 5442 3723 5517">
    <p class='ocr_par' dir='ltr' id='par_1_118' title="bbox 2234 5442 3723 5517">
     <span class='ocr_line' id='line_1_118' title="bbox 2234 5442 3723 5517; baseline 0 -20"><span class='ocrx_word' id='word_1_830' title='bbox 2234 5454 2257 5480; x_wconf 87' lang='grc' dir='ltr'>ο</span> <span class='ocrx_word' id='word_1_831' title='bbox 2299 5442 2423 5497; x_wconf 77' lang='lat' dir='ltr'><strong>Mss.</strong></span> <span class='ocrx_word' id='word_1_832' title='bbox 2458 5446 2563 5497; x_wconf 88' lang='lat' dir='ltr'><strong>duo</strong></span> <span class='ocrx_word' id='word_1_833' title='bbox 2593 5458 2711 5517; x_wconf 87' lang='lat' dir='ltr'><strong>cum</strong></span> <span class='ocrx_word' id='word_1_834' title='bbox 2740 5443 2905 5517; x_wconf 70' lang='lat' dir='ltr'><strong>Duae.</strong></span> <span class='ocrx_word' id='word_1_835' title='bbox 2932 5453 2987 5498; x_wconf 88' lang='lat' dir='ltr'><strong>et</strong></span> <span class='ocrx_word' id='word_1_836' title='bbox 3014 5442 3223 5512; x_wconf 88' lang='lat' dir='ltr'><strong>Colon.,</strong></span> <span class='ocrx_word' id='word_1_837' title='bbox 3250 5444 3498 5517; x_wconf 59' lang='lat' dir='ltr'><strong>superbire</strong></span> <span class='ocrx_word' id='word_1_838' title='bbox 3528 5445 3723 5500; x_wconf 81' lang='lat' dir='ltr'><strong>mentis.</strong></span> 
     </span>
    </p>
   </div>
   <div class='ocr_carea' id='block_1_119' title="bbox 2232 5515 2925 5578">
    <p class='ocr_par' dir='ltr' id='par_1_119' title="bbox 2232 5515 2925 5578">
     <span class='ocr_line' id='line_1_119' title="bbox 2232 5515 2925 5578; baseline 0.004 -16"><span class='ocrx_word' id='word_1_839' title='bbox 2232 5524 2258 5562; x_wconf 77' lang='grc' dir='ltr'>ρ</span> <span class='ocrx_word' id='word_1_840' title='bbox 2301 5516 2395 5565; x_wconf 83' lang='lat' dir='ltr'><strong>Ms.</strong></span> <span class='ocrx_word' id='word_1_841' title='bbox 2428 5527 2586 5578; x_wconf 87' lang='lat' dir='ltr'><strong>unus,</strong></span> <span class='ocrx_word' id='word_1_842' title='bbox 2619 5515 2925 5575; x_wconf 75' lang='lat' dir='ltr'><strong>dimdicant.</strong></span> 
     </span>
    </p>
   </div>
   <div class='ocr_carea' id='block_1_120' title="bbox 2231 5582 2871 5648">
    <p class='ocr_par' dir='ltr' id='par_1_120' title="bbox 2231 5582 2871 5648">
     <span class='ocr_line' id='line_1_120' title="bbox 2231 5582 2871 5648; baseline 0.003 -16"><span class='ocrx_word' id='word_1_843' title='bbox 2231 5594 2258 5632; x_wconf 83' lang='grc' dir='ltr'><strong>(ι</strong></span> <span class='ocrx_word' id='word_1_844' title='bbox 2299 5583 2396 5636; x_wconf 91' lang='lat' dir='ltr'><strong>Ms.</strong></span> <span class='ocrx_word' id='word_1_845' title='bbox 2429 5597 2585 5648; x_wconf 89' lang='lat' dir='ltr'><strong>uuus,</strong></span> <span class='ocrx_word' id='word_1_846' title='bbox 2610 5582 2871 5635; x_wconf 82' lang='lat' dir='ltr'><strong>violenter.</strong></span> 
     </span>
    </p>
   </div>
   <div class='ocr_carea' id='block_1_121' title="bbox 2235 5651 2928 5718">
    <p class='ocr_par' dir='ltr' id='par_1_121' title="bbox 2235 5651 2928 5718">
     <span class='ocr_line' id='line_1_121' title="bbox 2235 5651 2928 5718; baseline 0.004 -16"><span class='ocrx_word' id='word_1_847' title='bbox 2235 5662 2253 5688; x_wconf 74' lang='grc' dir='ltr'>τ</span> <span class='ocrx_word' id='word_1_848' title='bbox 2301 5651 2394 5703; x_wconf 85' lang='lat' dir='ltr'><strong>Ms.</strong></span> <span class='ocrx_word' id='word_1_849' title='bbox 2420 5667 2578 5716; x_wconf 90' lang='lat' dir='ltr'><strong>unus,</strong></span> <span class='ocrx_word' id='word_1_850' title='bbox 2606 5660 2928 5718; x_wconf 66' lang='lat' dir='ltr'><strong>exaggerant.</strong></span> 
     </span>
    </p>
   </div>
   <div class='ocr_carea' id='block_1_122' title="bbox 2236 5721 2758 5791">
    <p class='ocr_par' dir='ltr' id='par_1_122' title="bbox 2236 5721 2758 5791">
     <span class='ocr_line' id='line_1_122' title="bbox 2236 5721 2758 5791; baseline 0.006 -17"><span class='ocrx_word' id='word_1_851' title='bbox 2236 5729 2256 5755; x_wconf 79' lang='grc'><strong><em>³</em></strong></span> <span class='ocrx_word' id='word_1_852' title='bbox 2299 5721 2392 5776; x_wconf 83' lang='lat' dir='ltr'><strong>Ms.</strong></span> <span class='ocrx_word' id='word_1_853' title='bbox 2427 5736 2582 5791; x_wconf 87' lang='lat' dir='ltr'><strong>unus,</strong></span> <span class='ocrx_word' id='word_1_854' title='bbox 2616 5723 2758 5777; x_wconf 74' lang='lat' dir='ltr'><strong>elate.</strong></span> 
     </span>
    </p>
   </div>
  </div>
