4024 6176
260 335 365 389 £85

251 1187 384 1227 nem
406 1171 437 1210 δ
469 1173 590 1239 feri,
619 1172 684 1226 ad
714 1173 1026 1242 obsequium
1058 1174 1196 1239 duri,
1227 1175 1292 1229 ad
1334 1176 1654 1245 loquendum
1697 1180 1837 1250 quod

248 1264 507 1317 nesciunt
559 1262 809 1331 prompti,
871 1264 936 1317 ad
1002 1265 1446 1333 supplantanlutn
1511 1270 1721 1339 parati,
1774 1272 1838 1324 ad

247 1358 439 1410 omnia
479 1356 674 1425 quibus
704 1355 945 1410 subsisdt
985 1356 1216 1411 fraterna
1257 1358 1485 1413 societas
1529 1360 1837 1426 inhumani;

248 1448 533 1503 temerarii
562 1448 613 1501 in
640 1447 906 1514 audendo,
930 1447 1154 1502 clamosi
1185 1450 1236 1502 in
1266 1449 1551 1519 loquendo,
1580 1452 1837 1507 fastidiosi

244 1537 309 1592 in
335 1547 357 1575 ο
387 1537 679 1602 audiendo,
711 1538 1117 1605 pra-sumptuosi
1156 1538 1207 1591 in
1238 1538 1503 1605 docendo,
1538 1539 1563 1577 ά
1596 1541 1838 1598 effrenati

242 1627 572 1681 deformiter
598 1628 649 1681 in
680 1627 964 1693 cachinno,
993 1629 1203 1682 onerosi
1238 1630 1445 1693 amicis,
1481 1631 1655 1685 infesti
1685 1634 1835 1701 quie-

240 1718 341 1785 tis,
374 1718 570 1786 ingrati
595 1726 619 1754 ε
651 1718 944 1779 beneliciis,
970 1717 1135 1772 inﬂati
1165 1719 1457 1789 obsequiis,
1483 1730 1537 1776 et
1559 1724 1831 1791 imperiosi

240 1806 537 1876 subjectis.

315 1900 376 1953 5.
432 1898 559 1953 “me
601 1906 723 1952 sunt
765 1898 1027 1967 superbia:
1064 1900 1354 1967 grassantis
1400 1902 1613 1968 indicia,
1644 1902 1835 1971 quibus

241 1989 396 2044 Deus
424 1989 733 2052 oll‘enditur,
767 1999 821 2041 et
867 1991 1085 2053 recedit,
1119 2005 1180 2041 ac
1217 1992 1442 2058 superba
1473 1992 1633 2044 corda
1667 1991 1833 2045 desti-

240 2082 373 2134 tuit.
416 2080 509 2134 llis
540 2078 558 2117 τ
589 2080 741 2133 malis
771 2080 1013 2134 diabolus
1040 2090 1222 2148 pastus
1261 2081 1510 2146 exsultat,
1557 2081 1832 2148 i.ivi;atur,

240 2182 302 2226 ut
332 2172 546 2235 veniat,
583 2170 839 2239 superbas
869 2183 1074 2224 mentes
1102 2173 1283 2236 intrat,
1315 2183 1371 2227 ut
1404 2183 1612 2239 teneat;
1657 2174 1830 2244 erigit,

241 2274 301 2316 ut
327 2262 552 2326 allidat;
598 2263 758 2328 fovet,
809 2272 864 2315 ut
896 2263 1082 2331 perdat
1116 2280 1129 2318 :
1164 2264 1253 2333 qui
1287 2274 1311 2311 Β
1347 2264 1740 2334 inexplebiliter
1768 2267 1833 2320 de

240 2354 367 2421 ipsa
419 2353 748 2423 perditorum
798 2354 1109 2421 captivitate
1155 2356 1447 2423 tripudiat;
1493 2366 1551 2409 ut
1594 2358 1834 2426 captivos

237 2458 405 2510 suos,
430 2458 567 2513 quos
591 2443 855 2513 superbire
885 2444 1084 2499 viribus
1109 2447 1208 2501 sibi
1235 2448 1482 2516 subjecit,
1508 2451 1627 2517 jure
1657 2451 1832 2519 possi-

238 2534 399 2599 deat,
431 2542 489 2587 et
518 2535 693 2587 omnia
723 2535 809 2587 illa
842 2535 977 2588 mala
1009 2551 1125 2604 qua:
1151 2537 1398 2604 superius
1425 2539 1830 2606 comprehendi,

241 2638 346 2692 per
378 2624 509 2677 illos
528 2632 800 2678 exerceat.
832 2623 1016 2677 Merito
1046 2624 1203 2694 igitur
1240 2626 1551 2696 perjustum
1580 2628 1668 2682 Dei
1694 2628 1835 2698 judi-

236 2716 393 2768 cium
427 2713 749 2768 deseruntur
788 2713 1088 2782 hujusmodi
1126 2716 1339 2771 occulto
1378 2716 1405 2752 ιι
1434 2717 1668 2773 damnati
1710 2734 1835 2787 sup-

238 2806 449 2875 plicio;
493 2807 742 2875 quoniam
788 2821 890 2860 non
930 2805 1192 2861 violenter
1237 2807 1455 2873 addicti,
1503 2809 1597 2865 scd
1644 2819 1835 2879 sponte

237 2898 454 2953 cedunt
484 2896 746 2965 superbia:
769 2896 1079 2965 decipientis
1107 2898 1361 2968 imperio;
1392 2900 1476 2953 cui
1506 2901 1684 2970 utique
1715 2915 1837 2970 pos-

236 2998 401 3052 sunt,
430 2985 447 3023 ί
478 2986 523 3040 si
554 2985 836 3054 voluerint,
866 2999 1161 3056 repugnare
1182 2986 1360 3040 libera:
1384 2989 1669 3042 voluntatis
1691 2989 1836 3043 arbi-

237 3079 397 3142 trio;
439 3076 648 3131 liberati
686 3091 777 3144 per
806 3076 1003 3131 donum
1042 3077 1272 3147 Spiritus
1312 3080 1502 3143 sancti,
1544 3089 1597 3133 et
1622 3081 1830 3135 muniti.

1286 338 1372 392 DE
1416 338 1567 395 VITA
1607 339 2050 398 CONTEMPLAT
2068 344 2183 399 IVA
2224 346 2329 400 LIB
2392 346 2475 401 Ill.

259 461 368 499 non
397 445 649 509 credunt,
678 446 871 514 :cquari
904 445 1201 499 senioribus
1228 454 1251 481 ἰ
1276 447 1649 516 dedignantur,
1681 464 1841 519 super
1870 457 1916 512 Α

256 550 353 589 eos
381 552 443 591 se
473 538 591 590 solo
612 537 770 589 animi
792 546 998 591 tumore
1027 538 1358 591 constituunt
1383 554 1398 591 :
1424 556 1527 593 non
1552 548 1770 594 servant
1795 541 1845 595 in

256 625 521 694 obsequio
567 628 948 691 reverentiam,
1000 628 1052 680 iu
1102 642 1351 684 sermone
1395 630 1730 695 modestiam,
1791 633 1843 685 in

256 719 503 773 moribus
545 718 908 786 disciplinam;
953 719 1150 775 habent
1194 722 1247 773 in
1285 721 1576 777 intentione
1607 726 1845 793 pertina-

255 810 423 877 ciam,
473 809 531 862 in
558 809 721 863 corde
751 809 1019 875 duritiam,
1065 810 1117 864 in
1158 813 1601 868 sermocinatione
1634 815 1843 883 jactan-

256 900 425 964 tiam;
455 902 506 953 in
538 900 834 954 humilitate
861 900 1096 967 fallaces,
1131 902 1181 955 in
1212 904 1334 956 odio
1368 906 1688 973 pertinaces,
1718 908 1845 961 sub-

247 991 509 1059 jectionis
549 991 920 1059 impatientes,
954 992 1205 1061 potentia:
1245 1003 1558 1063 sectatores,
1590 996 1841 1051 omnibus

250 1080 417 1135 bonis
446 1081 708 1145 odibiles;
744 1081 809 1135 ad
834 1096 968 1150 opus
993 1082 1188 1136 bonum
1218 1082 1375 1152 pigri,
1417 1085 1482 1137 ad
1514 1088 1842 1141 communio-

3426 358 3525 413 686

2584 458 2811 515 CAPUT
2852 460 2941 514 ΙΧ.

2115 546 2309 611 Quibus
2336 548 2495 616 signis
2519 551 2801 603 invidorum
2825 552 3111 608 declaretur
3141 555 3355 611 invidia.

2024 634 2073 689 Ι.
2103 635 2246 688 Ordo
2278 638 2392 703 ipse
2421 638 2635 706 exigere
2661 642 2869 696 videtur
2905 652 2962 697 ut
2989 642 3055 699 de
3090 645 3285 701 invidia
3312 665 3524 718 quoque

1948 738 2111 789 pauca
2154 726 2414 789 dicamus,
2456 744 2574 797 qua:
2622 730 2673 783 in
2724 741 2925 785 tantum
2968 735 3035 787 de
3075 737 3336 803 superbia:
3379 739 3523 793 fonte

1947 816 2200 877 manavit,
2236 826 2292 868 ut
2329 817 2594 880 diabolus,
2628 822 2714 887 qui
2759 836 2855 889 per
2883 824 3182 889 superbiam
3214 827 3392 894 periit,
3427 830 3522 883 ho-

1947 903 2144 957 minem
2176 905 2402 973 primum
2433 910 2633 975 suatim,
2665 926 2952 966 succensus
2983 915 3191 970 invidias
3224 918 3368 986 felle,
3398 935 3520 986 per-

1943 990 2167 1057 dideiit;
2207 989 2223 1029 1
2259 1011 2486 1065 namque
2516 1013 2542 1049 a
2573 998 2786 1054 diabolo
2816 1006 3088 1070 processit.
3119 1006 3367 1075 Proinde,
3391 1010 3512 1079 quia

1944 1080 2082 1135 idem
2119 1082 2360 1138 diabolus
2387 1088 2748 1155 superbiendo
2794 1091 3027 1159 invidus,
3077 1111 3180 1149 non
3229 1097 3516 1154 invidendo

1940 1174 2203 1239 superbus
2227 1178 2491 1245 apparuit,
2516 1194 2619 1233 non
2641 1183 2890 1251 superbia
2926 1184 3130 1242 fructus
3154 1190 3369 1247 invidiae
3391 1191 3510 1259 fuit,

1941 1264 2033 1318 sed
2058 1264 2252 1320 invidia
2284 1284 2347 1323 ex
2376 1271 2623 1339 superbia
2660 1276 2836 1329 radice
2865 1280 3142 1346 processit.
3171 1281 3347 1349 Unde,
3376 1301 3510 1354 quo-

1941 1354 2081 1408 niam
2112 1367 2366 1425 quantnm
2399 1362 2609 1416 invidos
2626 1365 2831 1435 alﬂigat
2854 1368 3074 1436 invidia,
3094 1382 3129 1407 ω
3152 1390 3329 1430 sermo
3354 1392 3512 1448 supe-

1940 1445 2171 1515 riorjam
2197 1449 2449 1517 prodidit,
2480 1467 2583 1506 non
2610 1454 2695 1507 hic
2722 1464 2749 1489 ιι
2777 1456 2843 1511 de
2872 1459 3010 1512 illius
3041 1464 3300 1532 supplicio
3323 1445 3509 1523 dicen-

1938 1536 2321 1615 dum'videtur,
2350 1557 2454 1610 quo
2485 1558 2609 1597 suos
2642 1550 2848 1600 animos
2878 1548 3040 1604 invidi
3071 1552 3317 1609 laniando
3348 1559 3513 1613 confi-

1936 1625 2112 1691 ciunt;
2163 1630 2255 1683 sed
2305 1629 2407 1687 hoc
2450 1640 2675 1700 tantum,
2707 1637 2938 1693 donante
2963 1639 3208 1709 Domino,
3254 1645 3510 1705 debemus

1936 1718 2240 1782 ostendere,
2277 1722 2502 1787 qualiter
2542 1724 2702 1778 invidi
2745 1738 2929 1783 sancte
2966 1732 3253 1787 viventium
3296 1737 3508 1803 merita,

1861 1807 2028 1866 Bsua
2072 1809 2268 1863 faciant
2311 1810 2596 1869 invidendo
2639 1829 2887 1885 peccata;
2931 1830 2985 1875 et
3016 1835 3277 1892 quantum
3330 1828 3381 1882 in
3429 1831 3508 1885 eis

1939 1905 1964 1933 ο
2000 1898 2195 1953 bonum
2225 1914 2532 1971 corrumpat
2576 1906 2769 1962 invidia
2790 1950 2804 1973 ,
2834 1912 2923 1979 qui
2954 1914 3205 1983 quidquid
3237 1917 3361 1972 boni
3392 1921 3508 1975 fieri

1936 1989 2017 2043 vel
2058 1990 2160 2044 dici
2196 2006 2225 2044 a
2262 1995 2460 2047 sanctis
2490 1996 2781 2063 audierint,
2830 2009 2918 2053 aut
2947 2006 3164 2057 omnino
3191 2017 3217 2055 Ρ
3249 2024 3352 2062 ηοη
3383 2024 3504 2065 cre-

1933 2078 2087 2146 dunt,
2117 2091 2207 2135 aut
2242 2098 2325 2137 res
2353 2084 2488 2140 bene
2513 2100 2689 2156 gestas
2734 2091 2784 2143 in
2824 2094 3017 2146 malum
3060 2096 3198 2151 male
3247 2104 3506 2169 interpre-

1935 2170 2096 2224 tando
2140 2183 2474 2228 convertunt.
2510 2178 2677 2231 Omne
2718 2180 2911 2236 malum
2960 2185 3101 2253 quod
3130 2187 3196 2241 de
3225 2188 3327 2243 illis
3357 2205 3507 2245 men-

1930 2260 2034 2315 das
2074 2262 2207 2317 fama
2251 2264 2551 2335 jactaverit,
2585 2271 2788 2336 statim,
2818 2282 3064 2342 tanquam
3098 2288 3125 2326 (ι
3155 2280 3200 2332 si
3234 2281 3329 2348 ipsi
3360 2282 3507 2337 vide-

1934 2351 2062 2418 rint,
2093 2355 2334 2409 credunt.
2359 2356 2617 2414 Feraliter
2651 2364 2729 2415 eis
2761 2366 2848 2431 qui
2880 2366 3008 2419 illud
3043 2383 3224 2423 verum
3254 2388 3356 2427 non
3387 2389 3505 2429 esse

1936 2441 2161 2509 probare
2195 2446 2487 2513 voluerint,
2518 2452 2907 2507 contradicunt.
2937 2456 3122 2510 Omnia
3154 2461 3263 2514 suis
3295 2462 3504 2518 wmulis

1935 2530 2156 2600 fingunt,
2188 2546 2371 2588 eurum
2410 2538 2649 2605 profectu
2695 2541 2969 2607 delicium,
3018 2549 3135 2602 odia
3163 2551 3298 2604 intra
3325 2568 3383 2607 se
3411 2555 3506 2607 ab-

1933 2625 2217 2690 scondunt,
2247 2637 2302 2681 et
2343 2628 2394 2681 in
2424 2645 2549 2684 suos
2579 2636 2846 2690 cruciatus
2884 2632 3174 2706 enutriu'nt,
3214 2645 3503 2712 prolicien-

1935 2719 2075 2775 tibus
2101 2721 2358 2791 invident,
2388 2728 2729 2794 peccantibus
2753 2730 2950 2787 favent.
2976 2734 3048 2789 De
3072 2737 3328 2794 bonorum
3350 2742 3505 2796 malis

1933 2810 2186 2880 gaudent,
2208 2813 2275 2868 de
2300 2816 2620 2883 profectibus
2658 2822 2857 2890 lugent,
2891 2833 2912 2859 τ
2936 2824 3227 2882 inimicitiis
3262 2833 3505 2898 gratuitis

1934 2902 2143 2966 ardent,
2176 2905 2500 2973 deprehendi
2535 2918 2556 2944 ³
2588 2913 2820 2979 pectoris
2867 2915 2949 2969 sui
2988 2918 3241 2974 malitiam
3292 2923 3502 2988 timent,

1934 3005 2147 3062 semper
2175 2998 2361 3064 amari,
2392 3014 2659 3070 nunquam
2690 3006 2818 3058 certi
2843 3008 3031 3070 ;amici
3056 3008 3088 3063 d
3110 3011 3273 3079 aboli,
3303 3012 3502 3069 inimici

1936 3083 2094 3137 etiam
2133 3085 2237 3151 sui,
2277 3088 2520 3143 omnibus
2555 3091 2759 3158 odiosi;
2800 3094 2866 3149 ad
2906 3097 3181 3164 gaudenda
3223 3103 3385 3165 anxii,
3433 3105 3501 3158 ad

240 3168 643 3222 Verumtamen
673 3166 831 3219 etiam
861 3166 1013 3231 tales,
1048 3167 1091 3219 si
1123 3167 1189 3219 ad
1220 3166 1577 3235 recipiendam
1604 3170 1827 3223 salutem
1858 3150 1905 3213 (ἶ
1936 3173 2226 3242 plangentia
2275 3176 2402 3238 lteti,
2444 3180 2723 3251 utrobique
2767 3184 2783 3219 ί
2821 3187 3078 3252 perversi.
3128 3188 3270 3244 later
3301 3192 3503 3247 amicos

240 3258 516 3311 divinitus
555 3255 794 3320 animati,
824 3271 970 3323 spem
1005 3257 1349 3325 rcsipiscendi
1386 3260 1706 3326 concipiant,
1735 3274 1833 3314 nec

239 3361 303 3403 se
337 3348 398 3401 in
429 3347 661 3415 peccatis
690 3348 800 3400 suis
830 3346 1161 3415 desperando
1189 3356 1552 3414 contemnant,
1584 3359 1834 3418 poterunt

241 3436 545 3490 fructuosae
586 3436 961 3489 satisfactionis
995 3436 1381 3492 medicamento
1408 3438 1609 3508 sanari,
1650 3448 1703 3494 et
1740 3454 1831 3495 su-

243 3528 523 3598 perbiam,
554 3542 672 3596 qua:
702 3542 795 3580 eos
833 3542 861 3579 a
890 3527 998 3581 Deo
1022 3542 1120 3582 suo
1151 3528 1465 3583 tumefactos
1502 3541 1830 3599 excusserat,

243 3619 493 3674 fundata:
524 3618 836 3672 humilitatis
863 3619 1226 3687 assumptione
1247 3619 1581 3686 damnantes,
1605 3622 1831 3676 vinculis

242 3721 478 3765 aeterna:
507 3708 863 3764 damnationis
882 3709 1109 3764 absolvi.
1136 3710 1287 3777 Quod
1310 3712 1533 3777 qualiter
1564 3713 1678 3767 lieri
1706 3727 1830 3782 pos-

240 3800 339 3866 sit,
376 3813 539 3869 supra
567 3800 674 3866 jam
709 3800 960 3866 diximus,
992 3815 1110 3855 cum
1148 3800 1214 3856 de
1253 3801 1363 3870 ipsa
1394 3804 1660 3871 superbia,
1693 3804 1832 3860 unde

240 3889 602 3960 processerit,
630 3904 736 3958 quo
764 3890 1069 3959 pervenerit
1111 3901 1164 3946 et
1200 3892 1325 3960 quid
1354 3893 1544 3962 egerit,
1572 3903 1829 3948 tractare-

242 3995 399 4035 mus.
435 3982 452 4028 ι
490 3978 724 4048 Namque
747 3995 774 4032 a
800 3980 1011 4035 diabolo
1037 3982 1315 4051 processit,
1338 3983 1405 4037 ad
1431 3984 1699 4040 hominem
1724 4001 1773 4055 pi
1790 3987 1833 4040 i-

243 4084 406 4126 mum
457 4072 714 4138 pervenit,
757 4081 812 4125 et
858 4073 909 4125 in
960 4073 1075 4142 ipso
1114 4082 1281 4129 totum
1313 4090 1481 4143 genus
1518 4075 1830 4141 humanum,

242 4162 406 4217 velut
445 4161 499 4215 iu
535 4160 710 4217 radice
750 4161 999 4231 fructum,
1037 4173 1239 4221 natura:
1278 4175 1467 4236 sponte
1497 4166 1523 4203 ιι
1566 4168 1833 4236 peccantis

242 4252 538 4310 vitiatione
565 4255 827 4325 corrupit.

317 4464 351 4526 ᾗ·
395 4454 491 4526 Ms.
515 4471 668 4517 unus,
693 4456 973 4526 dedignati.

319 4524 353 4564 δ
399 4524 536 4580 Edit.
568 4526 753 4580 Colon.
786 4524 840 4581 et
873 4541 1002 4581 mss.
1033 4535 1278 4595 quatuor,
1308 4528 1377 4580 ad
1419 4529 1823 4583 communionem

246 4612 384 4746 urg.
397 4663 561 4746 iiditi,
582 4664 635 4717 in
654 4664 897 4746 videndo.-
916 4665 1041 4746 Mss.
1074 4680 1279 4746 omnes,
1312 4666 1374 4746 in_
1390 4668 1668 4746 audiendo.

206 4790 212 4795 .
318 4732 352 4808 ἦ
399 4733 472 4787 Ita
501 4748 630 4808 mss.
661 4736 764 4808 duo
788 4735 964 4808 Colb,_,
992 4742 1046 4787 et
1071 4736 1259 4808 melius
1286 4737 1498 4805 quidem
1521 4754 1677 4808 quam
1707 4738 1826 4806 effe-

243 4806 381 4868 rati,
410 4802 551 4872 quod
577 4804 764 4871 legitur
788 4806 840 4857 in
867 4805 984 4858 aliis
1010 4805 1304 4859 codicibus.

322 4886 352 4948 ς
394 4873 562 4948 bldit._
582 4872 743 4948 Duae.
777 4885 830 4928 et
854 4872 1042 4927 Colon.
1084 4889 1203 4927 cum
1245 4890 1343 4928 ms.
1390 4892 1515 4945 uno,
1566 4878 1821 4948 beneﬁcis,

244 4944 378 5003 alii,
402 4941 678 5009 beneﬁciis.

326 5013 350 5050 τ
398 5011 499 5065 Ms.
529 5012 678 5065 Colb.
712 5026 865 5074 unus,
901 5011 996 5065 His
1022 5013 1198 5077 signis.

321 5092 351 5129 ις
397 5080 495 5134 Ms.
528 5080 680 5134 Colb.
706 5096 861 5143 unus,
895 5082 1332 5150 inexplicabiliter.

320 5150 357 5187 h
399 5150 525 5204 Mss.
548 5163 663 5212 sex,
695 5152 1050 5218 prwdamnati.

333 5220 349 5256 ί
394 5222 546 5294 tunc,
569 5222 615 5273 si
642 5222 909 5286 voluerint,
941 5222 1134 5275 absunt
1159 5236 1189 5275 a
1219 5237 1347 5277 mss.
1384 5224 1513 5294 Reg.
1540 5223 1750 5281 duobus
1776 5234 1831 5283 et

246 5289 447 5344 Camb.

330 5362 348 5433 ᾖ
557 5357 809 5433 quinque,
834 5357 1093 5429 Namque.
1126 5359 1287 5433 Editi,
1308 5361 1452 5433 Nam
1472 5365 1617 5433 quia.

325 5428 354 5465 ¹ι
379 5428 507 5503 _Sic.
542 5443 644 5481 ms.
684 5428 834 5481 Colb.
865 5428 1034 5503 unus,
1067 5445 1197 5503 cum
1230 5432 1369 5485 aliis.
1396 5428 1535 5487 Editi
1565 5449 1683 5488 cum
1711 5435 1832 5503 qui-

250 5498 484 5552 husdam
508 5497 894 5574 mss.,_pet.:caxi.
926 5499 1022 5552 Ms.
1066 5499 1194 5565 Reg.
1237 5516 1393 5574 unus,
1421 5505 1684 5574 peccanti;
1723 5497 1827 5558 alia

250 5583 445 5637 manu,
478 5568 717 5633 peccatis,
753 5567 888 5621 forte
916 5582 1013 5633 pro
1042 5571 1311 5637 peccantis.

335 5636 366 5714 ι.
400 5636 528 5691 Mss.
563 5644 692 5704 tres,
723 5652 840 5693 nam
864 5637 1006 5707 quia.
1050 5638 1186 5694 Edit.
1218 5638 1384 5714 Lugd.
1391 5684 1409 5713 λ
1432 5658 1531 5697 non
1563 5645 1704 5714 quia,
1732 5642 1826 5700 sed

249 5707 421 5761 mals.

1933 3271 1963 3299 ιι
1997 3265 2291 3322 discordias
2329 3269 2614 3337 seminant,
2639 3282 2665 3309 ν
2695 3272 3062 3330 discordantes
3105 3278 3169 3332 ad
3200 3288 3427 3352 tempus,
3454 3285 3501 3339 si

1934 3366 2176 3427 possunt,
2223 3360 2274 3414 in
2321 3359 2655 3418 dissensione
2723 3366 3059 3423 conﬁrmant.
3109 3380 3136 3407 κ
3183 3374 3499 3441 Opinionem

1936 3450 2196 3505 bonorum
2222 3453 2509 3508 mendacis
2539 3454 2887 3511 deeolorant:
2922 3458 2972 3513 in
3004 3461 3362 3530 spiritualibus
3383 3482 3502 3521 e.-.r-

1938 3542 2076 3596 nalia
2108 3543 2343 3608 laudant,
2378 3553 2433 3598 ut
2458 3546 2744 3615 sp‘ritualia
2773 3549 2909 3604 bona
2951 3552 3029 3605 eis
3065 3554 3251 3609 deesse
3287 3570 3503 3624 persua-

1938 3630 2119 3685 deant.
2148 3632 2423 3687 Amicitias
2449 3636 2720 3701 simulant,
2754 3647 2811 3691 ut
2845 3654 2937 3693 eos
2962 3643 3050 3709 qui
3081 3658 3139 3697 se
3169 3644 3377 3701 incaute
3401 3650 3501 3702 sibi

1938 3729 1966 3768 γ
1988 3720 2369 3787 commiserint,
2396 3739 2494 3790 qua
2535 3736 2757 3792 possunt
2784 3736 2897 3783 arte
2924 3729 3211 3800 decipiant.
3245 3736 3497 3792 Odiorutn

1937 3811 2037 3864 sibi
2064 3812 2371 3868 occasiones
2402 3816 2576 3882 pravis
2605 3819 2997 3885 suspicionibus
3025 3838 3368 3892 coacervant;
3393 3830 3503 3883 ἀπο

1940 3918 2143 3970 mones,
2180 3921 2401 3971 quorum
2445 3916 2714 3963 sectantur
2753 3910 2909 3978 facta,
2949 3913 3238 3979 Iretilicant,
3280 3918 3503 3975 Sanclos

1939 3994 2081 4047 viros
2124 3995 2313 4062 quibus
2361 4006 2484 4049 sunt
2531 3999 2641 4052 noti
2678 4002 3026 4068 contristaut,
3068 4006 3216 4059 velut
3248 4009 3401 4063 amici
3446 4010 3499 4064 in

1938 4082 2216 4148 obsequio,
2251 4082 2430 4138 hostes
2463 4087 2515 4137 in
2544 4088 2740 4141 animo.
2792 4098 2813 4123 ι
2851 4090 3196 4148 Contin’entes
3232 4095 3283 4149 in
3316 4100 3499 4165 verbo,

1941 4181 2119 4240 turpes
2148 4172 2383 4228 intacto.
2423 4175 2631 4245 Prodigi
2662 4188 3007 4247 secretorum,
3042 4192 3099 4219 ιιι
3140 4196 3349 4242 tenaces
3390 4204 3503 4242 ma-

1942 4263 2133 4327 lorum,
2158 4264 2387 4333 prompti
2418 4266 2777 4335 suspicionum
2808 4270 3087 4339 malarum,
3123 4273 3304 4330 inanes
3338 4276 3502 4341 bono-

1850 4463 1899 4522 Ι)
1996 4473 2033 4500 ιη
2070 4463 2166 4516 Ms.
2192 4479 2345 4538 unus,
2378 4465 2800 4538 superiussermo
2816 4470 2951 4538 jam.

2001 4541 2027 4609 τ’
2070 4535 2192 4587 Mss.
2225 4534 2379 4609 Coll).
2409 4551 2563 4598 unus,
2594 4537 2654 4587 de
2685 4534 2956 4592 illarum...
2985 4557 3103 4609 quo.
3136 4541 3256 4595 Mss.
3284 4553 3412 4609 tres,
3439 4546 3501 4599 de

1927 4602 2133 4657 illius...
2164 4605 2319 4672 quod.
2997 4602 3007 4609 ”
3398 4602 3409 4609 ’
3532 4632 3535 4635 ·

1958 4698 1959 4701 η
2003 4680 2028 4707 ο
2072 4673 2533 4753 Μεηίρθιιιὺρτοη..
2562 4674 2981 4753 baiiorunt,_Mss_.
3016 4679 3148 4753 Reg.
3180 4682 3306 4746 duo,
3334 4701 3500 4753 quan-

1926 4750 2036 4793 tum
2068 4743 2138 4816 eis
2164 4743 2350 4795 bonum
2374 4754 2663 4816 corrumpat
2694 4746 2901 4798 invidia.
2940 4743 3219 4816 Quidquid,
3249 4743 3355 4809 etc:

2001 4822 2026 4858 ρ
2070 4812 2165 4867 Ms.
2199 4828 2353 4877 unus,
2382 4829 2479 4865 non
2508 4815 2786 4869 credant...
2818 4812 3130 4873 convertant.

2006 4890 2032 4929 σι
2072 4881 2169 4952 Ms.
2198 4898 2356 4946 unus,
2387 4884 2429 4935 si
2455 4894 2502 4936 et
2527 4884 2642 4952 ipsi.

2007 4959 2028 4987 τ
2071 4951 2229 5016 ΕιΙ-ιί,
2260 4954 2324 5004 de
2352 4951 2646 5010 inimicitiis.
2672 4955 2799 5011 Mss.
2834 4974 2937 5011 non
2967 4958 3160 5016 habent
3188 4965 3268 5017 de.

2007 5028 2027 5054 ³
2068 5020 2194 5091 Mss.
2221 5022 2347 5087 duo,
2378 5026 2588 5091 peccati.

2008 5091 2026 5168 ξ
2072 5090 2494 5168 Editi,_disper_si.
2528 5093 2619 5168 Ms.
2658 5110 2811 5162 unu5,
2842 5097 3025 5164 ubique
3052 5104 3289 5168 perversi.

2006 5166 2031 5193 υ
2074 5161 2197 5213 Mss.
2226 5160 2352 5225 duo,
2385 5163 2711 5217 discordiam.

2005 5238 2030 5264 ν
2070 5229 2354 5308 Μεςτ-(Ξοιι)τ
2395 5247 2550 5296 unus,
2583 5234 2949 5308 discordantes,
2980 5237 3024 5290 si
3064 5249 3307 5308 possunt,
3334 5251 3502 5294 atten.

1935 5299 2035 5352 tius
2064 5301 2115 5351 in
2141 5298 2450 5355 dissensione
2473 5304 2799 5369 conﬁrmant.

2010 5377 2035 5404 ι
2077 5369 2209 5439 Mss.
2225 5370 2350 5433 duo,
2378 5370 2669 5439 Opim'unes.

2006 5446 2035 5484 γ
2077 5437 2236 5505 Editi,
2268 5437 2645 5496 commiserunt.

2010 5516 2031 5541 ι
2072 5505 2198 5583 Mss.
2233 5522 2387 5568 unus,
2412 5510 2791 5583 incontinentes.
2821 5511 2988 5583 Alter,
3022 5518 3228 5583 compti.

2006 5582 2063 5610 αα
2104 5575 2229 5627 Mss.
2254 5586 2479 5641 quatuor
2499 5577 2657 5631 Colb.
2690 5586 2857 5634 totum
2887 5582 3026 5637 hunc
3044 5575 3213 5637 locum
3245 5586 3313 5638 ita
3344 5584 3501 5640 exhi-

1935 5643 2082 5722 bent,
2111 5650 2307 5722 tenaces
2336 5645 2585 5699 mutatum
2628 5651 2988 5719 suspicionum,
3032 5655 3203 5708 inanes
3234 5655 3504 5722 bonorum,
3538 5712 3539 5715 η

1937 5714 2070 5781 pleni
2095 5712 2344 5780 sordium,
2376 5724 2481 5771 etc.

3389 5884 3421 5908 κ
