4024 6176
484 370 584 425 487

1814 362 2069 419 JULIANI
2110 361 2385 418 POMERII

3623 368 3725 422 48$

483 498 614 534 nitu.
652 478 794 532 Pleni
834 477 1088 541 sordium,
1139 476 1340 544 prmditi
1393 474 1687 529 fraudibus.
1739 475 2038 528 Adversarii
2071 482 2119 537 Α
2147 474 2358 527 invidia:
2396 471 2613 526 vulnere
2655 483 2843 528 sanato
2890 474 3140 539 correCti,
3190 477 3597 534 amaritudinem
3642 480 3727 534 sui

479 571 642 624 corde
669 570 971 631 virtutibus,
1001 568 1146 637 prati
1180 569 1434 632 muribus,
1475 578 1529 620 et
1558 566 1797 622 insidiosi
1842 566 2050 620 eunetis

481 670 508 699 ι
533 677 711 716 secum
741 662 790 713 in
823 661 1159 726 sunplicitate
1189 659 1510 712 viventibus.

547 753 602 808 2.
647 754 769 807 llrce
800 751 825 789 δ
857 762 909 806 et
942 752 1023 805 his
1061 750 1254 806 similia
1302 758 1429 804 sunt
1466 764 1585 819 qua}
1627 764 1814 805 omnes
1844 748 2052 804 invidos

481 855 507 883 ο
547 846 698 897 bonis
736 856 857 897 voto
891 844 1000 898 sive
1031 844 1207 897 animo
1239 843 1483 897 inimicos
1513 843 1820 896 ostendunt.
1848 842 1905 897 In
1939 843 2052 895 haec

481 937 616 988 mala
666 936 965 994 deveniunt.
1017 935 1103 1003 qui
1160 933 1470 987 insectando
1512 931 1539 968 ἀ
1584 932 1887 998 sectandas,
1929 942 1951 969 ε
2000 941 2053 985 et

481 1026 777 1093 diligendus
802 1025 1174 1091 abominanda,
1202 1025 1436 1079 feraliter
1457 1040 1485 1079 a
1510 1025 1884 1079 communione
1908 1022 1928 1063 τ
1959 1024 2054 1078 bu—

481 1132 668 1170 nnrum
695 1122 929 1169 omnium
960 1117 1166 1183 seipsits
1204 1116 1494 1170 excludunt
1529 1133 1543 1169 :
1589 1127 1645 1169 ut
1684 1115 1810 1169 illud
1852 1116 2051 1168 bonum

478 1209 596 1277 jure
622 1224 725 1261 non
757 1207 823 1259 sit
854 1210 903 1259 in
936 1207 1035 1271 eis,
1060 1207 1197 1275 quod
1222 1216 1613 1276 persequuntur
1640 1207 1690 1260 in
1715 1206 1883 1261 bonis.
1916 1206 2055 1259 Con-

484 1301 735 1362 sidcrate,
762 1298 1006 1361 obsecro,
1034 1297 1260 1365 qualiter
1286 1297 1493 1349 invidos
1516 1298 1759 1364 punitura
1790 1296 1897 1349 sint
1919 1296 2053 1348 mala

482 1406 600 1457 sua,
636 1404 768 1460 quos
802 1390 960 1444 etiam
1001 1390 1136 1443 bona
1169 1389 1391 1459 puniunt
1429 1388 1617 1442 aliena.
1662 1388 1758 1443 Ubi
1805 1387 1893 1442 isti
1941 1385 2053 1440 fieri

484 1492 733 1551 poterunt
772 1482 917 1547 boni,
962 1482 1048 1550 qui
1080 1490 1204 1534 sunt
1242 1481 1292 1533 in
1331 1482 1470 1532 bono
1519 1479 1674 1543 mali,
1714 1488 1807 1531 aut
1843 1478 2054 1545 quando

483 1575 619 1628 bene
647 1574 797 1627 malis
822 1573 965 1625 usuri
989 1581 1129 1635 sunt,
1162 1570 1253 1639 qui
1291 1571 1426 1623 tnale
1462 1569 1614 1622 bonis
1656 1570 1729 1621 uti
1768 1585 1871 1621 non
1913 1569 2057 1622 desi-

486 1667 652 1718 nunt?
678 1664 815 1715 Bene
845 1662 993 1714 malis
1033 1663 1112 1714 usi
1144 1671 1265 1714 sttnt
1294 1668 1553 1729 martyres
1592 1661 1780 1721 sancti,
1818 1658 1867 1711 in
1903 1658 2054 1711 testi-

486 1756 663 1806 monio
699 1753 989 1806 Salvatoris
1033 1751 1194 1803 nostri
1226 1764 1466 1812 veraces,
1496 1758 1550 1803 et
1580 1750 1630 1800 in
1677 1748 1866 1801 castris
1896 1747 2055 1816 spiri-

2154 562 2383 632 pectoris
2404 563 2684 619 dulcedine
2713 564 2961 618 fraterna:
2986 565 3289 622 dilectionis
3306 569 3601 636 expellant,
3633 587 3732 625 cos

2153 668 2191 695 ιη
2230 659 2550 730 simpliciter
2580 657 2810 711 amando
2850 672 2984 726 quos
3027 659 3275 723 oderant,
3314 670 3371 715 ut
3418 661 3483 715 ad
3530 661 3731 716 bonum

2152 749 2399 804 fraterna:
2441 749 2831 805 communionis
2863 762 2924 802 ac
2961 752 3125 815 pacis,
3162 750 3419 804 honorum
3461 752 3727 817 omnium,

2153 856 2377 911 quorum
2407 850 2432 876 η
2459 842 2816 911 gravabantur
2846 841 3071 904 meritis,
3097 839 3414 909 adjuvantur
3435 842 3737 912 exemplis?

2776 929 3000 985 CAPUT
3038 929 3105 984 Χ.

2405 1021 2627 1086 Quantis
2653 1021 2802 1075 malis
2833 1021 3026 1074 vanitas
3052 1034 3211 1074 vanos
3237 1021 3479 1079 involvat.

2228 1113 2279 1166 1.
2331 1111 2426 1166 His
2470 1120 2493 1147 ο
2534 1112 2712 1180 itaque
2757 1126 2919 1179 super
2968 1111 3164 1165 invidia
3217 1112 3521 1181 disputatis,
3572 1132 3737 1185 quam

2155 1202 2303 1270 gnra-vi
2334 1202 2475 1255 malo
2504 1203 2663 1257 etiam
2693 1202 2897 1255 vanitas
2919 1216 3087 1255 vanos
3117 1203 3370 1268 involvat,
3398 1220 3738 1273 consequen-

2157 1302 2239 1347 ter
2265 1292 2567 1358 expediant.
2597 1293 2725 1355 Qua:
2749 1302 2805 1345 ut
2827 1292 3034 1345 facilius
3065 1294 3217 1345 vitari
3250 1296 3573 1365 possit,quid
3600 1300 3649 1351 in
3676 1314 3739 1355 se

2157 1385 2514 1452 Corruptinnis
2546 1384 2735 1439 habeat
2776 1385 3007 1439 breviter
3040 1384 3393 1441 declaremus.
3443 1390 3533 1443 list
3587 1394 3737 1445 enim

2155 1475 2384 1538 vanitts,
2434 1474 2614 1528 innata
2658 1474 2897 1543 quaedam
2942 1476 3084 1529 circa
3133 1476 3512 1534 delet-taliones
3561 1483 3739 1537 varias

2155 1567 2319 1620 animi
2366 1567 2663 1634 languentis
2710 1565 2938 1632 affectio,
2994 1566 3233 1635 potiendi
3285 1567 3505 1623 honoris
3550 1572 3734 1637 avida,

2156 1656 2310 1710 simul
2344 1667 2396 1709 et
2426 1655 2628 1718 nescia,
2666 1654 2853 1708 morbo
2880 1665 2905 1702 Ρ
2935 1655 3266 1709 excellentia:
3291 1657 3461 1711 inanis
3487 1669 3513 1707 τι
3532 1660 3734 1725 afﬂata,

2156 1761 2308 1810 cava,
2326 1746 2586 1809 morbida,
2604 1746 2926 1813 turbulenta,
2943 1747 3241 1800 animorum
3276 1747 3470 1802 levium
3493 1749 3735 1814 domina,

486 1844 711 1897 tualihus
760 1842 959 1896 strenui
1013 1842 1331 1903 bellatores;
1380 1840 1467 1908 qui
1525 1839 1953 1892 tribulationibus
2000 1848 2054 1892 et
2086 1833 2131 1892 B
2160 1835 2296 1889 male
2326 1835 2553 1889 l'undat's
2582 1836 2829 1889 omnibus
2854 1836 3498 1907 blanda,repugnantibus
3532 1840 3734 1904 l'niiiea,

485 1934 713 1995 damnis,
746 1948 808 1986 ac
851 1933 1007 1984 Variis
1036 1930 1357 1985 cruciatibus
1388 1929 1582 1991 all'emi,
1622 1929 1820 1996 pariter
1849 1940 1901 1983 et
1931 1946 2057 1998 pru-

487 2023 616 2088 bati,
652 2024 876 2077 terrenis
904 2022 1139 2075 cmlestia
1170 2028 1538 2082 mutaverunt;
1567 2028 1620 2072 et
1652 2029 1675 2066 ις
1704 2020 1769 2072 de
1797 2020 1934 2073 bono
1962 2037 2056 2074 usu

488 2116 743 2167 malorum
772 2111 991 2180 profecti
1015 2111 1079 2164 ad
1108 2110 1298 2180 gaudia
1322 2111 1581 2164 bonorum
1608 2110 1913 2176 perennium
1940 2124 2055 2177 pcr-

486 2214 762 2260 venerunt.
808 2205 934 2257 ltcm
966 2204 1121 2257 bonis
1151 2204 1312 2256 utitur
1342 2202 1548 2254 invidus
1581 2201 1739 2265 male,
1789 2202 1911 2269 quia
1943 2217 2059 2255 om-

490 2299 643 2351 nibus
673 2298 822 2350 bonis
857 2312 973 2364 qua:
1018 2296 1175 2349 miser
1202 2306 1528 2358 exsecratur,
1560 2293 1859 2363 ahjuuetus,
1896 2294 2057 2348 animi

488 2388 570 2441 sui
615 2386 875 2454 supplicio
928 2383 953 2420 ιι
997 2384 1323 2452 relinquetur
1368 2382 1702 2451 afﬂigendus.
1750 2384 1815 2437 Et
1862 2386 1979 2453 quis
2009 2386 2057 2439 ei

490 2477 679 2543 poterit
708 2474 1012 2535 subvenire,
1039 2477 1124 2543 qui
1158 2488 1216 2527 se
1244 2474 1344 2526 sibi
1373 2473 1593 2527 exhibet
1618 2474 1907 2527 invidendo
1933 2489 2054 2527 car-

490 2568 732 2618 nificem?
760 2565 864 2617 Aut
890 2563 1031 2617 unde
1057 2564 1155 2617 sibi
1206 2564 1220 2599 ί
1270 2563 1475 2631 parabit
1524 2565 1769 2625 salutem,
1806 2564 1819 2613 i
1857 2565 1944 2633 qui
1990 2564 2057 2620 de

488 2655 674 2708 Salutis
699 2655 914 2707 materia
948 2654 1215 2707 contrahit
1240 2654 1428 2721 (bonis
1452 2659 1589 2708 male
1615 2656 1843 2723 utendo)
1881 2657 2057 2726 perni-

486 2744 654 2798 ciem?
682 2744 1052 2798 Verumtatncn
1082 2746 1124 2798 si
1157 2744 1321 2798 invidi
1347 2760 1558 2815 quoque
1588 2746 1725 2799 sicut
1751 2748 1838 2799 alii
1870 2762 2057 2815 pecca-

486 2844 630 2889 tores
657 2834 905 2888 divinitus
928 2833 1190 2904 inspirati,
1223 2834 1276 2889 in
1299 2850 1447 2904 Spem
1472 2837 1850 2906 recuperanda:
1871 2838 2056 2893 salutis

485 2936 785 2997 assurgant,
835 2941 897 2981 ac
925 2927 1025 2982 sibi
1058 2928 1239 2996 quales
1267 2937 1408 2991 sunt,
1446 2929 1553 2983 Deo
1585 2929 1827 2998 placituri
1868 2930 2055 2998 displi-

481 3025 665 3080 ceant,
713 3016 758 3070 si
804 3031 908 3070 non
941 3017 1211 3072 imitentur
1238 3017 1389 3083 Cain,
1422 3018 1512 3087 qui
1559 3030 1836 3088 postquam
1884 3018 2056 3074 dumi-

481 3107 658 3160 n.mtis
701 3106 914 3161 invidia:
961 3108 1140 3162 furore
1177 3117 1424 3165 catcatus.
1460 3124 1715 3177 germano
1749 3124 1845 3163 suo
1890 3112 2049 3163 vitam

483 3214 575 3265 per
605 3198 777 3252 scelus
804 3199 1114 3265 extorsit,et
1134 3200 1364 3254 animam
1388 3214 1540 3253 suam
1570 3200 1786 3254 fraterni
1812 3201 2051 3269 corporis

481 3304 586 3343 ιιιοι
604 3298 653 3344 te
693 3305 996 3359 percussam
1042 3292 1305 3360 supplicio
1347 3302 1559 3345 mtcrne
1601 3293 1785 3345 inertis
1824 3291 2047 3357 addixit,

479 3384 869 3451 consequenda:
900 3386 1069 3438 venia:
1110 3385 1484 3453 desperatione
1523 3385 1807 3452 depressus
1838 3385 1909 3437 ait
1929 3383 1953 3419 ιι
1984 3384 2049 3437 ad

485 3472 761 3525 Dominum
786 3489 800 3526 :
830 3473 1003 3545 Major
1048 3484 1120 3528 est
1155 3475 1396 3541 iniquitas
1435 3491 1542 3527 mea
1580 3491 1728 3543 quam
1766 3484 1817 3525 ut
1858 3476 2051 3527 veniant

480 3575 672 3611 merear
702 3560 851 3629 (Gen.
892 3577 964 3629 tv,
999 3563 1116 3631 15);
1154 3563 1252 3615 hoc
1283 3571 1366 3615 est
1394 3564 1572 3616 dicere
1604 3563 1711 3615 Deo
1738 3582 1748 3614 :
1783 3563 2051 3633 Indulgeri

480 3650 609 3703 mihi
651 3664 753 3702 non
796 3662 939 3719 peto,
971 3653 1091 3721 quia
1134 3662 1470 3721 peccatormn
1513 3668 1751 3706 meorum
1789 3660 2052 3722 magnitu-

480 3741 605 3793 dine
644 3741 983 3809 imlulgentiaa
1029 3752 1131 3796 tute
1181 3744 1407 3797 vincitur
1444 3745 1773 3812 magnitudo.
1813 3743 2050 3812 Denique

482 3847 742 3901 nusqu..m
785 3834 979 3901 legitur
1002 3846 1091 3888 aut
1131 3836 1438 3904 pmniluisse
1476 3838 1541 3889 dc
1581 3852 1676 3890 suo
1707 3838 1930 3900 scelere,
1961 3849 2051 3891 aut

480 3925 687 3977 veniam
716 3926 989 3980 meruisse.
1021 3927 1076 3981 Si
1104 3942 1231 3996 ergo
1263 3925 1279 3963 ι
1317 3928 1471 3996 hujus
1497 3929 1846 3983 abhorrentes
1867 3945 2047 3983 exem-

482 4021 623 4085 ptum
662 4032 720 4070 se
752 4019 849 4072 sibi
881 4019 1143 4081 auferant,
1176 4028 1228 4073 et
1254 4033 1314 4073 se
1346 4019 1453 4075 Deo
1492 4035 1589 4074 suo
1620 4024 1920 4085 restituant,
1950 4036 2049 4076 nec

480 4122 540 4162 se
576 4108 627 4161 in
656 4107 969 4176 profundum
1000 4112 1259 4164 malorum
1296 4111 1520 4165 salutem
1553 4112 1894 4181 desperando
1928 4128 2051 4179 pro-

479 4196 690 4266 jiciant;
724 4200 842 4267 quis
872 4199 1095 4266 dubitet,
1142 4201 1248 4255 into
1283 4204 1403 4271 quis
1431 4218 1536 4256 non
1579 4204 1803 4258 firmiter
1844 4202 2045 4267 credat,

480 4288 559 4341 eis
602 4289 794 4357 prioris
834 4290 1047 4345 malitiae
1083 4292 1294 4345 veniam
1333 4307 1490 4359 posse
1530 4295 1781 4361 conferri,
1814 4293 1859 4348 si
1889 4294 2049 4348 modo

555 4430 581 4492 μ
620 4422 716 4476 Ms.
748 4438 884 4477 unus
910 4440 1013 4480 non
1041 4426 1201 4481 habet
1229 4428 1362 4483 hanc
1385 4442 1589 4492 vocem,
1618 4444 1808 4481 secum.

549 4490 578 4529 δ
618 4493 742 4547 Mss.
784 4503 919 4562 tres,
960 4495 1088 4549 Ila’c
1126 4507 1172 4550 et
1208 4498 1312 4550 alia
1348 4508 1485 4551 sunt.
1528 4490 1628 4551 Alii
1661 4508 1799 4563 tres,
1831 4507 1875 4553 et
1924 4498 2051 4552 talia

484 4571 620 4615 sunt.

558 4633 715 4704 cMs.
760 4633 916 4688 Colb.
965 4635 1309 4703 unus,,bonis
1356 4646 1470 4691 voto
1517 4639 1597 4691 sui
1643 4638 1823 4693 animi.
1877 4638 2051 4704 Alter,

483 4701 625 4754 bonis
651 4712 769 4754 noto
800 4704 893 4756 sibi
921 4705 1109 4756 animo.

554 4768 578 4807 τι
624 4772 721 4825 Ms.
745 4774 957 4837 Camb.,
983 4789 1089 4827 non
1113 4777 1397 4829 sectandas.

558 4848 582 4913 ξ
621 4840 744 4913 Mss.
777 4851 1025 4909 quatuor,
1067 4845 1324 4913 diligendo
1352 4846 1739 4901 abominandos.

560 4906 579 4945 ί
622 4909 718 4961 Ms.
749 4906 906 4975 unus,
936 4906 1182 4964 bonoruni
1208 4915 1483 4968 hominum.

558 4978 715 5050 BMs.
749 4979 958 5044 Camb.,
990 4991 1035 5033 et
1065 4982 1127 5035 de
1153 4983 1284 5034 bono
1309 5000 1423 5050 usu,
1456 5001 1512 5038 eo
1540 4985 1667 5038 bono
1695 4988 1775 5040 mi
1802 4987 2052 5041 malorum

487 5048 734 5119 vrofectu,
760 5049 828 5101 ad
852 5052 1060 5119 gaudia,
1087 5061 1191 5105 etc.
1223 5053 1318 5106 Ms.
1351 5048 1527 5117 Colb.,
1549 5066 1595 5107 et
1624 5056 1685 5109 de
1709 5057 1837 5110 bono
1868 5073 1965 5111 usu
1993 5072 2052 5110 eo

484 5120 605 5194 bene
625 5120 709 5194 nsi
738 5121 996 5194 ntalorunt
1015 5122 1260 5191 profectu,
1291 5124 1359 5175 ad
1388 5125 1596 5194 gaudia,
1628 5137 1732 5180 etc.

556 5185 583 5261 ξι
622 5188 719 5261 Ms.
750 5190 877 5261 duo,
904 5185 1225 5261 relinquitur.

562 5255 576 5332 ξ
622 5258 745 5332 Mss.
778 5259 903 5328 Reg.
929 5270 983 5314 et
1008 5255 1213 5327 (lamin,
1238 5262 1427 5332 probet.

557 5327 571 5375 i
622 5326 1103 5403 lta_ms_s.'septem.
1130 5326 1267 5403 Ed'tt.
1299 5333 1492 5402 Lngd.,
1525 5335 1611 5403 qui
1641 5336 1703 5389 de
1737 5336 1900 5389 salute
1919 5335 2053 5388 male

484 5398 669 5475 tttentlo
701 5393 821 5475 facit
850 5393 1158 5475 perniciem?
1186 5402 1324 5456 Editi
1351 5393 1462 5467 alii,
1479 5393 1576 5475 ἰιιὶὶ
1602 5404 1665 5460 de
1692 5406 1873 5460 salutis
1900 5415 2053 5459 mate-

480 5483 579 5543 ria,
606 5466 747 5543 bonis
774 5466 902 5521 male
931 5470 1118 5543 utendo
1139 5475 1258 5543 facit
1283 5466 1575 5543 perniciem.

553 5535 578 5605 Β
619 5536 747 5590 Mss.
773 5550 1019 5605 quatuor,
1051 5540 1119 5591 ad
1139 5535 1332 5597 'Deunt.

560 5604 577 5642 ι
619 5607 744 5682 Mss.
763 5604 1015 5682 quatuor,
1042 5610 1105 5662 ab
1134 5610 1288 5680 hujus
1327 5615 1651 5671 abhorrentis
1672 5618 1920 5682 exemplo.
1949 5616 2047 5671 Ms.

487 5687 637 5756 uitus.
662 5680 723 5756 at)
752 5677 1435 5756 hujusalt/torrentii._Alter,
1459 5688 1777 5743 abhorrentis
1798 5677 2045 5756 t'xentplo.

484 5743 655 5809 Atius,
688 5743 841 5814 hujus
864 5750 1187 5815 ablwrremli,
1220 5750 1335 5806 sine
1364 5743 1444 5806 ab.

2161 1927 2433 1996 capiendis
2468 1926 2790 1990 seductoria,
2825 1929 2992 1994 captis
3024 1928 3238 1990 invicta,
3283 1930 3553 1984 simulain
3583 1948 3739 1999 qum-

2160 2017 2281 2070 dam
2331 2018 2603 2079 virtutum,
2652 2026 2673 2053 ι
2709 2018 2883 2070 anima
2925 2018 3197 2081 vitiorum,
3232 2023 3400 2074 fomes
3438 2037 3579 2075 earn.
3604 2022 3739 2076 lium

2160 2105 2599 2174 delectationnm,
2647 2106 2794 2159 labes
2834 2121 3065 2170 morum,
3109 2107 3363 2177 appetitio
3396 2109 3740 2176 dignitatum,

2159 2195 2332 2249 dulcis
2377 2197 2607 2258 miseris,
2653 2210 2834 2248 amara
2878 2196 3147 2261 perfectis,
3196 2199 3490 2267 periculosa
3530 2201 3736 2268 dubiis,

2160 2285 2442 2354 imperiosa
2467 2285 2740 2352 subjectis,
2770 2293 2790 2321 ³
2819 2286 3027 2339 inlirma
3056 2286 3320 2351 fundatis;
3352 2290 3366 2323 ί
3396 2290 3552 2343 facile
3574 2292 3739 2357 capti-

2159 2388 2268 2443 vat,
2298 2379 2595 2448 captivatos
2621 2378 2874 2442 oblectat,
2916 2378 3228 2433 ambitiosos
3266 2391 3438 2444 vexat,
3477 2394 3740 2451 angustos

2159 2469 2328 2534 inﬂat,
2360 2472 2567 2523 inflatus
2591 2468 2863 2535 humiliat;
2893 2469 2979 2523 cui
3008 2471 3246 2549 serviunt
3272 2472 3480 2539 tumidi,
3506 2475 3606 2528 sub
3630 2491 3741 2543 qua

2153 2560 2335 2630 jaecnt
2366 2562 2510 2625 elati,
2542 2574 2699 2630 quam
2741 2560 3019 2615 inveniunt
3061 2562 3277 2631 perditi,
3316 2563 3382 2617 ad
3424 2579 3583 2633 quam
3612 2580 3741 2620 cur-

2157 2660 2286 2707 runt
2316 2652 2536 2719 lapsuri,
2572 2654 2620 2703 in
2649 2666 2752 2720 qua
2782 2651 2883 2706 sibi
2922 2652 3168 2706 videntur
3193 2664 3335 2707 stare
3359 2653 3468 2723 jam
3502 2654 3657 2724 lapsi.

2227 2742 2279 2793 ἓ.
2314 2742 2436 2795 llzrc
2471 2750 2554 2794 est
2595 2742 2817 2805 vanitas,
2859 2756 2977 2809 qum
3007 2758 3111 2795 non
3154 2743 3358 2811 aliquas
3399 2745 3639 2812 virtutes,
3678 2757 3740 2801 ut

2158 2843 2389 2901 putatur,
2416 2841 2443 2867 ιι
2474 2834 2730 2895 ettantlat,
2758 2832 2852 2888 sed
2882 2835 3147 2889 licentiam
3174 2835 3444 2902 vitiorum,
3470 2852 3593 2891 cum
3623 2841 3742 2891 fue-

2154 2922 2225 2977 rit
2271 2937 2301 2975 a
2336 2923 2539 2977 vitiosis
2579 2932 2817 2992 recepta,
2852 2924 3166 2978 corroborat
3195 2941 3206 2977 :
3239 2936 3490 2979 canorum
3525 2937 3739 2980 mentes

2157 3018 2409 3069 virtutum
2445 3016 2627 3084 plenas
2670 3016 2891 3069 omnino
2935 3030 3039 3070 non
3072 3026 3331 3085 penetrat.
3370 3017 3574 3071 Vacuus
3604 3036 3738 3088 ergo

2154 3119 2217 3158 ac
2248 3106 2407 3159 nullis
2448 3105 2605 3159 fulto.-
2635 3106 2920 3159 virtutibus
2951 3115 3151 3170 tentat;
3184 3116 3238 3161 et
3275 3109 3418 3175 ipsos
3444 3108 3587 3161 fastu
3618 3112 3736 3163 rui-

2079 3181 2125 3245 C
2160 3210 2301 3250 nosze
2325 3195 2627 3250 ambitionis
2654 3194 2953 3261 inﬂatos,in
2982 3194 3186 3250 occulta
3213 3196 3474 3252 dedecora
3500 3200 3733 3266 quadam

2158 3286 2371 3355 publice
2410 3283 2615 3337 furendi
2655 3284 3016 3339 delectatione
3058 3286 3377 3355 praecipitat,
3408 3299 3433 3325 ν
3462 3290 3603 3343 sicut
3638 3307 3736 3345 va-

2159 3392 2312 3431 cuam
2343 3391 2530 3431 navem
2571 3384 2859 3445 tempesms
2901 3378 2949 3429 in
2986 3377 3203 3431 diversa
3239 3379 3456 3434 tumidis
3487 3381 3735 3439 “rictibus

2156 3471 2341 3540 jattat.
2373 3480 2425 3525 et
2458 3471 2509 3523 in
2536 3484 2681 3533 arca,
2714 3469 2995 3524 frumentis
3040 3485 3135 3524 sua
3173 3473 3432 3540 gravitate
3470 3477 3736 3530 manenti-

2163 3563 2283 3630 bus,
2316 3570 2343 3597 ι
2373 3562 2516 3617 leves
2544 3576 2611 3615 ex
2636 3575 2699 3615 ea
2736 3570 2927 3615 ventus
2957 3561 3134 3628 paleas
3165 3574 3358 3630 raptat.
3396 3564 3547 3629 Quod
3587 3566 3630 3619 si
3663 3569 3734 3620 ita

2159 3665 2259 3717 cst,
2294 3670 2401 3709 non
2437 3653 2658 3707 vitiosos
2690 3652 2813 3708 facit
2846 3653 3050 3708 vanitas
3074 3695 3088 3721 ,
3126 3655 3221 3709 sed
3260 3657 3529 3710 ostendit:
3561 3668 3589 3706 γ
3618 3675 3736 3728 qua:

2157 3747 2275 3801 illos
2329 3746 2410 3799 sui
2452 3745 2664 3799 afﬂatus
2713 3752 2873 3799 vento
2909 3745 3231 3811 circumfert,
3272 3761 3333 3799 ac
3373 3747 3593 3803 lubricis
3633 3752 3736 3804 cir-

2154 3848 2426 3891 cumactos
2456 3832 2729 3889 affectibus
2756 3843 2922 3895 rotat;
2961 3836 3048 3904 qui
3084 3850 3141 3889 se
3168 3837 3233 3890 ad
3258 3852 3444 3891 omnes
3474 3839 3597 3906 ejus
3640 3842 3736 3895 im-

2156 3929 2339 3997 pulsus
2381 3927 2559 3982 studio
2593 3927 2820 3995 propriae
2848 3926 3138 3980 voluncitis
3176 3928 3620 3994 accommodant;
3649 3932 3735 4001 qui

2154 4037 2214 4076 se
2238 4022 2306 4076 de
2334 4021 2587 4090 operibus
2609 4034 2834 4089 quorum
2865 4018 2963 4071 sibi
2995 4018 3194 4072 conscii
3227 4034 3333 4071 non
3355 4029 3479 4072 sunt
3511 4023 3737 4090 turpiter

2152 4114 2389 4183 jactant;
2423 4118 2510 4183 qui
2544 4129 2602 4167 se
2630 4114 2697 4165 ab
2725 4111 2977 4166 omnibus
3008 4112 3284 4180 prmdicari
3314 4127 3407 4179 per
3434 4113 3589 4166 nefas
3610 4114 3739 4167 affe-

2156 4214 2337 4271 CIant;
2379 4205 2470 4274 qui
2509 4212 2725 4258 sanctos
2762 4204 2905 4257 viros
2937 4203 3019 4256 sui
3060 4204 3456 4269 comparatione
3492 4212 3514 4237 ι
3544 4204 3738 4270 depre-

2159 4297 2327 4352 tiant:
2360 4297 2450 4365 qui
2493 4297 2624 4351 vitio
2649 4309 2795 4350 aura:
2828 4295 3098 4364 popularis
3137 4295 3281 4357 elati,
3316 4294 3447 4349 nihil
3485 4296 3586 4349 sibi
3623 4311 3739 4365 per-

2225 4438 2263 4465 m
2294 4429 2461 4484 Abest
2492 4444 2597 4483 vox
2625 4429 2919 4497 simpliciter
2947 4439 2976 4479 a
3007 4439 3135 4480 mss.
3161 4424 3367 4479 duobus
3394 4426 3549 4481 Colb.

2229 4507 2257 4535 ιι
2298 4500 2394 4553 Ms.
2424 4514 2583 4560 unus,
2606 4511 2901 4568 gravantur.
2924 4497 3081 4568 Alter
3107 4497 3265 4563 male,
3290 4498 3698 4565 gratulabantur.

2234 4577 2258 4604 ο
2301 4569 2425 4623 Mss.
2455 4567 2617 4622 Colb.
2636 4579 2763 4629 tres.
2791 4567 2887 4620 llis
2914 4567 3007 4619 ita.

2231 4649 2258 4687 Ρ
2296 4640 2392 4692 Ms.
2420 4655 2576 4704 unus,
2606 4639 2784 4690 scienti
2802 4655 2847 4691 I’.

2228 4719 2256 4757 (ι
2300 4710 2398 4763 Ms.
2432 4712 2557 4776 lteg.
2590 4722 2746 4770 unus,
2777 4708 2977 4775 inﬂata.

2230 4789 2252 4816 ι’
2296 4780 2393 4833 Ms.
2441 4778 2651 4841 Camb.,
2692 4780 2855 4829 anu‘ca
2898 4779 3168 4842 vitiorum;
3222 4792 3324 4831 ms.
3364 4777 3515 4833 Colb.
3573 4793 3732 4840 lillllS.

2156 4864 2302 4903 amor
2329 4848 2584 4902 vitiorum.

2233 4929 2254 4956 ι
2300 4920 2421 4972 Ilaec
2461 4918 2642 4980 verba,
2685 4916 2891 4983 inﬁrma
2917 4918 3166 4984 fundatis,
3209 4918 3400 4972 absunt
3435 4933 3464 4972 a
3494 4932 3601 4973 ms.
3632 4932 3735 4973 uno

2157 4988 2307 5043 Colb.

2235 5063 2252 5098 ι
2297 5059 2421 5112 Mss.
2446 5059 2551 5112 duo
2573 5059 2753 5113 Camb.
2785 5057 3010 5111 etColb.
3040 5072 3198 5118 unus,
3228 5059 3446 5111 reddant
3476 5060 3730 5125 incautos,

2157 5129 2283 5184 Mss.
2308 5131 2397 5182 alii
2422 5141 2529 5182 tres
2557 5128 2730 5194 Colb.,
2758 5127 2935 5196 faciles
2965 5129 3205 5196 captivat.

2230 5209 2256 5236 ιι
2285 5198 2411 5262 Mss,
2440 5199 2543 5253 duo
2577 5199 2708 5268 lteg.
2740 5212 2787 5252 et
2823 5196 3034 5263 Camb.,
3064 5196 3368 5267 strangulat.
3392 5199 3542 5254 Colb.
3574 5213 3729 5263 unus,

2157 5270 2453 5338 strangulat.

2229 5350 2253 5375 ν
2290 5342 2385 5392 Ms.
2414 5339 2621 5405 Camb.,
2646 5340 2736 5393 sic.

2225 5417 2252 5445 π
2290 5409 2419 5463 Mss.
2444 5411 2696 5477 quinque,
2730 5408 2869 5462 levis.

2225 5487 2255 5526 γ
2294 5478 2434 5532 Edit.
2476 5479 2667 5547 Lugd.,
2714 5479 2862 5542 Quod
2901 5478 3036 5532 inos.
3080 5481 3208 5535 Mss.
3248 5478 3357 5533 duo
3393 5478 3568 5540 Colb.,
3609 5478 3730 5542 quia

2153 5549 2305 5610 illos;
2346 5559 2457 5600 tum
2502 5564 2632 5601 mss.
2677 5547 2866 5602 Camb.
2916 5558 2970 5600 et
3015 5549 3169 5605 Co'b.
3221 5565 3380 5614 unus,
3428 5549 3505 5602 sui
3526 5548 3729 5615 afﬂatos

2153 5627 2320 5672 vento.
2342 5617 2495 5673 Colb.
2526 5619 2679 5684 alter,
2699 5618 2781 5670 sui
2811 5619 2999 5687 afﬂatu
3030 5622 3181 5674 venti.
3212 5620 3384 5687 Alius,
3418 5619 3495 5672 sui
3523 5621 3729 5687 amatos

2154 5699 2351 5742 ventus.
2914 5700 2937 5707 ”

2229 5767 2250 5793 ²
2291 5758 2389 5813 Ms.
2417 5756 2628 5823 Camb.,
2661 5758 2957 5824 depretiant.
