4024 6176
249 339 335 394 ι89

1254 330 1343 384 DE
1384 327 1540 383 VITA
1579 323 2153 383 CONTEMPLATIVA
2198 325 2323 381 LIB.
2366 325 2453 381 111.

3373 330 3479 385 42ὶο

246 444 691 519 lectionisdeesse
712 441 1041 497 existimant.
1081 439 1489 495 Occurrentium
1529 437 1805 493 salutatio—
1828 439 1882 499 Α
1909 438 2253 506 perfectionis
2280 436 2305 475 ι
2347 452 2530 493 amore
2573 436 2972 494 transcendere.
3027 438 3276 506 Alioquin
3319 442 3365 494 si
3406 444 3483 496 ia-

244 538 381 591 nibus
406 533 658 605 gaudent,
690 534 800 587 suis
838 530 1200 586 adulatoribus
1233 529 1434 593 favent,
1463 538 1490 566 ⁸
1516 528 1804 595 voluptati-

244 627 330 680 bus
373 633 600 694 parent,
662 622 909 698 omnibus
960 621 1204 689 turpibus
1266 619 1496 688 placent.
1555 618 1805 691 Gestiunt

242 717 421 771 docere
456 712 597 783 quod
638 713 903 776 nesciunt,
940 711 1089 765 credi
1118 710 1185 765 de
1223 725 1281 764 se
1320 708 1565 763 sublimia
1594 708 1800 775 volunt,

241 803 560 860 delectabilia
587 802 837 873 gravibus
858 810 1219 869 anteponunt;
1245 809 1589 853 exsecrantur
1620 799 1800 863 verbo,

241 897 367 966 quod
413 896 593 949 animo
634 891 1065 961 concupiscunt;
1117 891 1500 959 appellationes
1550 890 1803 949 virtutum

241 985 369 1039 vitiis
396 984 508 1037 suis
529 981 557 1020 ι’
580 984 879 1050 imponunt.
923 981 991 1035 Se
1021 982 1166 1049 ipsos
1196 979 1401 1043 fallunt,
1434 979 1673 1051 faventes
1704 978 1804 1058 sibi

243 1088 263 1115 ⁸
287 1076 576 1145 decipiunt.
610 1075 666 1128 ln
700 1072 1052 1142 promissione
1076 1071 1297 1124 honesta
1327 1071 1557 1133 veloces,
1582 1070 1635 1122 in
1659 1068 1808 1122 exhi-

240 1168 428 1221 bitione
452 1164 756 1219 mendaces.
781 1166 820 1215 A
844 1162 987 1215 bono
1013 1160 1317 1223 mutabiles,
1347 1160 1467 1212 mali
1500 1168 1731 1212 tenaces.
1748 1157 1805 1212 In

239 1258 396 1313 verbo
418 1271 628 1327 graves,
659 1256 711 1308 in
738 1256 918 1308 animo
945 1262 1149 1321 turpes,
1183 1252 1378 1320 ubique
1409 1250 1643 1304 fallaces.
1675 1248 1809 1303 Laeti

239 1347 297 1403 ad
318 1360 598 1415 prospera,
631 1343 846 1412 fragiles
872 1343 935 1396 ad
964 1342 1207 1395 adversa.
1240 1341 1408 1394 Inflati
1433 1341 1497 1393 ad
1529 1338 1805 1408 obsequia,

239 1437 373 1491 anxii
401 1436 464 1490 ad
494 1435 519 1472 ἀ
545 1436 851 1505 opprobria.
883 1433 1223 1487 lmmoderati
1256 1434 1321 1486 ad
1363 1432 1553 1500 gaudia
1573 1471 1588 1496 ,
1629 1432 1809 1487 faciles

237 1529 293 1581 ad
324 1529 579 1590 humana,
607 1525 850 1579 difficiles
875 1538 1087 1591 semper
1113 1523 1177 1575 ad
1205 1523 1452 1577 honesta.

297 1620 350 1672 5.
419 1618 507 1671 llis
537 1627 559 1653 θ
601 1631 730 1686 ergo
757 1626 810 1670 et
847 1615 1114 1670 similibus
1145 1614 1394 1668 tlelinitos
1431 1614 1637 1667 vanitas
1682 1629 1808 1681 pre-

237 1710 345 1776 mit,
379 1724 479 1764 nec
502 1726 592 1764 eos
621 1718 712 1763 aut
731 1724 883 1763 suum
917 1708 1161 1762 morbum
1191 1708 1409 1771 sentire,
1437 1716 1529 1761 aut
1551 1706 1615 1760 ad
1638 1707 1807 1760 medi~

1905 530 2036 592 vidi,
2061 530 2105 583 si
2131 529 2367 597 superbi,
2396 530 2439 583 si
2472 528 2617 595 elati,
2649 530 2693 583 si
2717 529 2916 598 cupidi,
2951 529 3064 584 haec
3094 540 3145 585 et
3180 531 3262 586 bis
3288 533 3483 588 similia

1907 620 2042 673 mala
2070 621 2301 688 pectoris
2323 620 2403 673 sui
2432 635 2537 673 non
2570 620 2880 689 reprimant,
2908 632 2959 676 et
2985 632 3157 677 tamen
3189 637 3342 678 suum
3365 639 3485 679 cor-

1908 726 2006 779 pus
2040 710 2279 780 jejuniis,
2312 726 2374 765 ac
2422 711 2607 765 labore
2644 712 2998 777 abstinentiae,
3033 715 3276 782 quamvis
3317 730 3361 770 ct
3384 716 3487 770 nti-

1908 808 2103 867 nuatte,
2135 801 2451 858 conficiant:
2484 816 2582 857 nec
2629 802 2719 856 illa
2747 815 2840 857 eos
2867 817 3028 872 opera
3069 803 3308 873 impensa
3338 807 3487 859 vani-

1907 892 1999 945 tati
2026 891 2340 959 justificmt,
2369 901 2423 947 et
2452 892 2565 946 haec
2581 893 2723 956 vitia,
2751 908 2867 961 quae
2885 895 3152 964 negligunt
3176 896 3486 964 emendare,

1906 981 2286 1036 condemnant.
2319 982 2498 1051 Itaque
2534 984 2657 1037 licet
2687 984 2699 1021 ¹
2737 983 2934 1053 ubique
2970 984 3090 1039 libri
3120 984 3276 1054 bujus
3304 987 3488 1055 singu-

1906 1072 1974 1127 lis
2003 1074 2300 1142 quibusque
2333 1073 2477 1127 vitiis
2523 1076 2803 1143 absolutis,
2849 1076 3083 1131 remedia
3123 1092 3335 1145 quoque
3373 1079 3490 1147 qui-

1909 1166 2007 1217 bus
2039 1172 2076 1198 ω
2108 1166 2317 1233 possint
2352 1166 2526 1219 caveri
2574 1167 2654 1219 vel
2695 1167 2969 1222 emendari
3010 1167 3352 1235 subjecerim,
3401 1167 3487 1222 hic

1909 1262 2091 1310 tamen
2130 1255 2431 1323 compendii
2478 1257 2648 1324 gratia
2696 1258 2962 1326 generalis
2991 1260 3234 1327 quaedam
3280 1259 3486 1328 regula,

1909 1354 1937 1382 ιι
1966 1347 2188 1401 Domino
2224 1347 2574 1412 illuminante,
2607 1349 2952 1403 monstranda
2989 1358 3103 1414 est,
3156 1349 3239 1403 cui
3286 1349 3486 1418 regulae

1912 1443 1938 1471 ο
1967 1437 2227 1491 veraciter
2276 1436 2589 1504 innitentes,
2628 1438 2877 1492 omnibus
2921 1440 3154 1506 peccatis
3196 1439 3485 1495 obsistunt.

1911 1536 1940 1576 ρ
1967 1527 2120 1581 Nulla
2149 1542 2236 1583 res
2260 1528 2339 1582 sic
2370 1542 2468 1582 nos
2504 1528 2571 1583 ab
2600 1528 2745 1582 omni
2779 1537 2998 1597 peccato
3032 1530 3260 1584 servarit
3298 1530 3490 1584 immu-

1912 1631 2030 1683 nes,
2059 1619 2193 1673 sicut
2218 1619 2375 1673 timor
2399 1618 2669 1687 supplicii,
2702 1629 2755 1674 et
2785 1634 2938 1672 amor
2970 1620 3086 1674 Dei.
3113 1618 3219 1674 Sed
3246 1619 3314 1674 de
3350 1620 3489 1673 cari-

1914 1718 2041 1774 tate,
2084 1719 2108 1758 q
2136 1710 2276 1779 quod
2307 1711 2580 1775 Dominus,
2612 1710 2760 1778 cujus
2790 1711 2988 1765 donttm
3018 1710 3212 1765 caritas
3243 1712 3356 1781 ipsa
3386 1719 3490 1780 est,

236 1814 345 1853 cum
382 1800 565 1852 venire
588 1799 867 1867 permittit.
901 1797 966 1851 Et
986 1797 1108 1867 quid
1131 1808 1211 1852 est
1232 1796 1296 1850 ad
1314 1797 1579 1852 medicum
1602 1798 1804 1862 venire,
1839 1794 1885 1854 Β
1912 1801 2141 1866 dederit,
2172 1811 2353 1871 postea
2383 1801 2732 1857 disseremus.

235 1892 325 1947 nisi
365 1892 635 1946 infirmum
681 1905 806 1943 suas
844 1889 1184 1943 infirmitates
1215 1902 1527 1954 agnoscere,
1563 1902 1659 1942 nec
1700 1888 1810 1957 pla-

235 1995 349 2036 cere
381 1980 506 2041 sibi,
529 1979 624 2034 sed
649 1978 717 2033 de
751 1977 904 2032 factis
934 1991 1055 2046 quae
1106 1977 1183 2031 illi
1215 1976 1532 2032 videbantur
1558 1991 1676 2033 esse
1698 1976 1814 2045 glo-

236 2071 394 2136 riosa,
426 2068 714 2124 confundi?
744 2065 896 2133 Quod
921 2076 1069 2121 certe
1099 2065 1175 2119 illi
1216 2080 1321 2120 nun
1354 2066 1553 2120 faciunt
1575 2066 1688 2136 qui,
1713 2064 1811 2121 de-

234 2163 431 2218 siderio
468 2161 842 2229 comparandas
898 2160 1167 2231 Opinionis
1208 2162 1436 2226 incensi,
1490 2161 1568 2217 eis
1611 2171 1812 2216 tantum

235 2254 483 2321 operibus
524 2252 712 2322 quibus
739 2255 935 2307 emitur
989 2250 1140 2308 favor
1185 2254 1447 2309 humanus
1492 2255 1811 2321 inserviunt,

234 2351 284 2397 et
312 2341 333 2380 τ
369 2356 584 2396 morum
630 2341 766 2396 bona
816 2349 1195 2409 contemnunt;
1240 2352 1550 2413 tantumque
1588 2358 1681 2398 eos
1729 2358 1817 2398 ar-

234 2433 327 2488 dor
354 2433 609 2487 humana:
635 2432 808 2489 laudis
835 2430 1147 2498 inflammat,
1178 2441 1235 2488 ut
1270 2433 1537 2488 laboriosa
1564 2447 1812 2503 operosa,

238 2546 355 2601 quae
379 2512 615 2599 populus
635 2526 949 2591 admiretur,
980 2534 1036 2582 et
1062 2526 1252 2595 quibus
1292 2525 1430 2580 fama
1472 2524 1807 2591 diffunditur,

233 2625 344 2679 sine
397 2626 581 2677 labore
619 2618 934 2693 suspiciant,
969 2628 1022 2674 et
1064 2618 1294 2674 libenter
1334 2629 1642 2674 exerceant.
1693 2619 1818 2675 Inde

232 2726 330 2782 est,
372 2716 521 2785 quod
566 2715 832 2786 jejunare,
896 2712 1189 2778 abstinere,
1235 2712 1475 2780 vigilare,
1533 2713 1815 2767 ecclesiam

234 2803 597 2876 frequentare,
625 2808 703 2863 vel
728 2807 976 2875 psallere,
1001 2817 1119 2855 cum
1151 2803 1265 2856 haec
1288 2803 1466 2855 omnia
1500 2803 1615 2857 sine
1636 2803 1820 2857 labore

230 2909 335 2949 non
367 2896 525 2959 fiant,
553 2896 709 2951 etiam
739 2912 857 2950 cum
888 2893 1248 2951 delectatione
1276 2891 1352 2945 illi
1386 2893 1605 2960 fat-iuni,
1638 2894 1726 2962 qui
1753 2909 1819 2948 ex

232 2982 315 3039 bis
342 2985 653 3040 hominibus
692 2986 905 3056 placere
940 2983 1369 3051 concupiscunt:
1406 2997 1508 3035 neu
1540 2984 1679 3052 quod
1721 2984 1819 3039 ista

142 3092 145 3093 '
232 3086 283 3132 et
303 3077 556 3132 homines
581 3077 675 3132 Dei
701 3093 805 3131 non
837 3076 1059 3143 faciant;
1101 3072 1197 3127 sed
1220 3072 1361 3141 quod
1406 3073 1481 3126 illi
1526 3073 1821 3141 probentur

2525 1891 2750 1946 CAPUT
2790 1892 2879 1946 XI.

1914 1978 1990 2033 De
2020 1981 2238 2035 utilitate
2263 1981 2480 2047 timoiis,
2505 1992 2550 2034 et
2568 1983 2704 2046 quod
2725 1982 2986 2050 eﬂicaciter
3015 1983 3236 2049 peccatis
3258 1983 3489 2038 obsistat.

1983 2070 2134 2126 Nunc
2165 2082 2186 2108 τ
2210 2072 2278 2126 de
2300 2074 2489 2127 timore
2514 2072 2756 2141 supplicii
2789 2087 2951 2141 pauca
2978 2072 3240 2126 dicamus.
3272 2072 3351 2126 Ad
3382 2087 3492 2140 pm-

1915 2176 2036 2215 nam
2069 2176 2187 2230 qua:
2217 2169 2239 2197 '
2270 2161 2501 2229 peccatis
2522 2161 2766 2225 debetur,
2795 2175 2946 2215 mens
2970 2170 3255 2231 antequam
3288 2170 3493 2230 peccet,

1915 2252 2165 2321 aSpiciat;
2198 2252 2469 2307 cruciatus
2497 2266 2561 2307 ac
2604 2252 2819 2307 dolores
2857 2252 2947 2321 qui
2993 2254 3166 2307 solent
3193 2253 3343 2323 sequi
3372 2268 3494 2320 pec-

1916 2352 2163 2409 cantem,
2208 2342 2513 2397 carnalibus
2562 2343 2842 2398 incentivis
2886 2345 2904 2379 ι
2949 2351 3215 2412 opponat;
3260 2354 3315 2398 et
3362 2344 3493 2398 nihil

1917 2448 2033 2489 eam
2068 2432 2272 2503 peccati
2291 2441 2321 2470 ιι
2350 2433 2604 2499 oblectat,
2628 2448 2726 2488 nec
2751 2434 2817 2488 ad
2849 2433 3177 2503 peccandum
3210 2433 3314 2488 ulla
3343 2434 3489 2489 dele.

1918 2529 2082 2583 ctatio
2111 2537 2138 2565 ν
2162 2527 2457 2596 corporalis
2496 2526 2734 2581 inclinat.
2766 2525 3008 2596 Denique
3053 2540 3159 2581 non
3197 2526 3319 2582 ideo
3350 2526 3495 2582 cedi-

1919 2633 2041 2674 mus
2068 2617 2332 2673 illecebris
2358 2632 2421 2672 ac
2450 2625 2478 2653 ³
2506 2616 2869 2685 voluptatibus
2918 2618 3139 2684 nostris,
3179 2617 3303 2682 quia
3333 2632 3493 2687 repu-

1919 2724 2083 2781 gnare
2122 2725 2226 2764 non
2273 2723 2593 2779 possumus;
2631 2708 2725 2764 sed
2768 2710 2891 2779 quia
2944 2708 3285 2765 securitatem
3344 2709 3498 2763 nobis

1919 2808 1949 2848 γ
1970 2799 2269 2854 occultandi
2293 2798 2532 2853 criminis
2550 2798 2649 2868 ipsi
2675 2798 3069 2867 promittimus;
3097 2806 3149 2853 et
3176 2797 3299 2852 dum
3326 2797 3499 2852 credi~

1922 2907 2040 2946 mus
2061 2891 2314 2956 colorari,
2351 2891 2435 2945 vel
2476 2890 2667 2945 redimi
2700 2905 2856 2959 posse
2882 2890 3028 2960 quod
3068 2892 3314 2957 facimus,
3354 2900 3374 2925 ’-
3403 2905 3500 2958 spe

1922 2993 2261 3052 prcesuniptaa
2287 2981 2617 3050 impunitatis
2645 2982 2830 3046 illecti,
2862 2981 3281 3037 dominationem
3318 2981 3373 3035 in
3398 2996 3497 3038 nos

1924 3086 2120 3129 nostra?
2145 3083 2200 3110 αα
2224 3074 2478 3143 voluptati
2503 3072 2881 3142 permittimus.
2906 3073 3189 3137 Caeterum,
3212 3071 3344 3127 sieo
3367 3079 3502 3126 temn

232 3184 293 3223 ea
325 3170 442 3225 Deo
474 3169 666 3238 magis,
684 3183 839 3236 quam
875 3140 1182 3222 hominibus
1202 3140 1591 3233 exhibere,qui
1615 3164 1823 3221 ferven-
1847 3140 1893 3201 (ἶ
1929 3180 2057 3235 pore
2087 3180 2192 3234 quo
2223 3140 2595 3233 quisvpeceare
2631 3162 2911 3229 deliberat,
2947 3175 3078 3217 sana
3114 3171 3293 3217 mente
3320 3162 3501 3217 consi-

232 3258 338 3312 tius
364 3258 593 3311 student
621 3257 779 3312 etiam
802 3257 1041 3311 moribus
1062 3254 1266 3311 sanctis
1295 3253 1583 3309 excellere.

300 3350 356 3403 4.
401 3346 671 3401 Craterum
704 3348 747 3401 si
779 3348 1055 3416 quisquam
1091 3346 1246 3412 foris,
1276 3344 1367 3399 ubi
1398 3354 1572 3414 potest
1602 3361 1825 3415 magnus

231 3444 405 3509 credi,
442 3453 467 3491 ι
500 3441 855 3511 resplendeat,
884 3452 936 3497 et
974 3445 1135 3509 intus,
1181 3439 1267 3493 ubi
1308 3440 1445 3495 Deus
1485 3442 1629 3495 solus
1655 3441 1824 3509 videt,

231 3535 508 3602 squalent;
549 3533 667 3601 quis
712 3547 815 3585 non
856 3532 1136 3600 intelligat,
1174 3530 1204 3570 ιι
1231 3530 1371 3598 quod
1411 3531 1485 3583 illi
1517 3546 1701 3585 omnes
1739 3533 1825 3586 ab-

230 3622 529 3684 stinentiae,
559 3636 620 3674 ac
648 3621 995 3691 jejuniorum,
1020 3623 1426 3691 vigiliarumque
1477 3621 1717 3676 continui
1746 3624 1821 3675 la-

233 3714 395 3769 bores
422 3728 562 3784 quos
596 3710 613 3749 ί
641 3715 794 3767 nobis
821 3714 910 3767 Dei
942 3728 1113 3778 amor,
1145 3713 1223 3767 eis
1252 3726 1404 3764 amor
1435 3711 1680 3767 humana:
1709 3712 1818 3768 lau-

231 3804 335 3869 dis,
371 3815 429 3859 et
453 3804 778 3857 inflammata
812 3804 1017 3856 vanitas
1050 3804 1171 3857 facit
1203 3803 1531 3871 tolerabiles,
1564 3818 1668 3856 non
1716 3804 1824 3858 sint

230 3903 559 3947 ornamenta
591 3908 819 3961 morum,
851 3893 942 3947 sed
974 3894 1235 3947 velamina
1267 3892 1556 3947 vitiorum?
1585 3893 1825 3964 Quapro-

228 3996 351 4054 pter
386 3988 401 4036 ἱ
438 3985 795 4054 verajejunia,
821 3985 1173 4046 abstinentire,
1201 3984 1417 4055 vigilia,
1440 3983 1821 4056 eleemosynae,

226 4088 279 4129 et
304 4086 512 4129 caetera
544 4074 865 4142 huiusmodi,
890 4089 1084 4143 augere
1106 4074 1304 4129 debent
1334 4074 1532 4129 bonum
1562 4084 1823 4141 nostrum,

230 4180 338 4219 non
372 4165 557 4218 velare
588 4173 894 4233 peccatum;
923 4178 1020 4218 nec
1047 4178 1141 4230 pro
1161 4164 1387 4233 justitia,
1414 4164 1509 4219 sed
1532 4179 1650 4218 cum
1669 4165 1827 4234 justi-

228 4258 301 4309 tia
334 4257 455 4311 Deo
483 4266 604 4309 sunt
634 4256 930 4310 exhibenda
958 4273 969 4309 :
1004 4258 1251 4324 quoniam
1276 4255 1491 4323 quidem
1542 4256 1709 4310 multo
1741 4267 1826 4310 at-

230 4349 443 4401 tentius
472 4346 670 4401 debent
691 4358 957 4417 prtecepta
990 4347 1267 4417 perficere,
1297 4346 1388 4417 qui
1415 4360 1475 4400 ea
1510 4346 1678 4415 parati
1700 4356 1828 4404 sunt

305 4557 333 4586 ⁸
378 4548 515 4602 Mss.
539 4554 667 4609 tres,
695 4546 1053 4599 voluntatibus.

300 4617 333 4658 δ
374 4618 509 4672 Mss.
525 4615 672 4688 _Reg.
695 4616 819 4678 duo,
849 4625 1143 4681 apponunt;
1166 4616 1467 4671 ms.Catnb.
1488 4628 1821 4688 anteponunt.

304 4700 329 4728 ⁸
375 4688 483 4743 Ms.
512 4685 670 4758 Qolb.
702 4701 858 4753 unus,
891 4688 1112 4758 despiciu
1144 4695 1193 4758 t,
1224 4698 1314 4740 aut
1341 4685 1618 4758 decipiunt.

298 4759 329 4796 ά
368 4758 481 4813 Ms.
508 4754 663 4809 Colb.
693 4771 851 4819 uitus,
883 4757 950 4809 ad
976 4754 1205 4824 propria.

304 4840 329 4867 ε
376 4829 443 4881 1η
474 4840 605 4880 mss.
631 4828 861 4894 quinque
882 4826 1030 4879 deest
1057 4842 1197 4894 ergo.

305 4897 329 4936 ί
376 4897 483 4950 Ms.
514 4895 645 4964 Reg.
670 4911 825 4960 unus,
857 4904 900 4947 et
928 4897 1131 4965 majora
1157 4898 1309 4949 bona.

298 4977 329 5015 ι
376 4967 511 5019 Mss.
542 4966 671 5027 duo,
694 4966 973 5033 splendeat.

295 5036 326 5073 δ
377 5035 549 5100 Editi,
582 5051 753 5087 omnes
782 5035 818 5087 il
833 5039 887 5089 ἰε
914 5035 1251 5088 abstinentitz.

310 5106 321 5143 ί
364 5107 504 5161 Mss.
538 5115 650 5158 tres
667 5103 821 5158 Colb.
845 5115 899 5159 et
924 5105 1095 5171 Lugd.
1125 5107 1276 5167 edit.,
1307 5122 1432 5174 quos
1461 5109 1603 5162 nobis
1627 5111 1817 5164 tolrra-

219 5178 361 5248 biles
381 5177 589 5248 uanitas
609 5177 752 5243 facit,
775 5176 987 5248 omissis
1007 5175 1358 5248 intermediis.
1381 5178 1506 5230 Mss.
1537 5181 1665 5248 lteg.
1689 5182 1816 5247 duo,

220 5260 277 5301 et
306 5244 480 5300 Colb.
505 5258 663 5308 unus,
694 5260 816 5311 quos
846 5246 988 5297 nobis
1018 5244 1300 5298 tolerabiles
1330 5263 1389 5298 eo
1428 5244 1823 5304 ardore—Imma;

218 5335 309 5371 ηαξ
344 5316 527 5385 laudis
548 5315 865 5385 inﬂammata
898 5316 1095 5368 vanitas
1134 5315 1281 5384 facit.
1326 5316 1467 5371 Edit.
1505 5317 1689 5385 Duac.,
1720 5322 1821 5376 Lo-

215 5404 355 5443 van.
391 5395 452 5438 et
476 5382 670 5439 Colon.
696 5393 754 5437 ut
780 5385 831 5438 in
859 5393 1023 5438 textu.

296 5456 317 5508 Ξ
360 5454 434 5509 In
458 5468 585 5507 mss.
617 5453 784 5509 tribus
807 5454 957 5507 Coll».
989 5470 1091 5507 non
1118 5456 1339 5511 habetur
1362 5473 1496 5511 vera.

296 5526 329 5598 ξι
364 5526 446 5598 ita
474 5537 609 5598 mss.
630 5532 857 5598 quatuor
884 5525 1038 5598 Colb.
1071 5527 1299 5594 Reliqui,
1328 5543 1497 5598 opere.

300 5595 323 5636 1
369 5594 524 5657 Ilaec,
554 5592 739 5660 ubique
777 5595 894 5646 libri
918 5596 1090 5663 hujus,
1119 5592 1311 5650 absunt
1344 5592 1370 5648 ὁ
1401 5612 1503 5651 ms.
1530 5613 1637 5653 uno
1660 5599 1814 5655 Colb.

298 5676 345 5703 σι
363 5664 511 5737 _b_lss.
546 5674 673 5737 tres,
702 5675 912 5737 possunt
943 5667 1124 5737 caveri.
1153 5667 1271 5721 Mss.
1298 5668 1402 5722 duo
1428 5668 1813 5737 subjecerintus.

298 5681 345 5703 σι
376 5681 511 5716 mss.
546 5681 673 5724 tres,
740 5681 912 5715 assunt
943 5681 1124 5718 caveri.

296 5743 329 5773 ³
361 5732 501 5787 MSS.
531 5731 657 5795 duo,
691 5681 795 5784 ὂεο
816 5736 1151 5790 illutninante.

531 5820 801 5887 Ρηιιοι..
850 5823 1010 5887 LIX.

1927 3254 2102 3317 deret,
2142 3268 2263 3322 quae
2309 3266 2463 3322 poma
2509 3260 2784 3320 exspectet
2830 3253 2881 3305 in
2927 3251 3039 3305 suis
3084 3250 3405 3306 facinoribus
3442 3266 3502 3306 ac

1930 3344 2141 3415 ﬂagitiis
2166 3344 2552 3413 deprehensos,
2580 3344 2720 3412 quod
2757 3341 3078 3411 supplicium
3106 3343 3379 3397 convictos
3407 3358 3504 3397 ex-

1929 3439 2150 3501 cruciet,
2182 3436 2273 3505 qui
2303 3444 2504 3489 tremor
2533 3432 2772 3488 membra
2799 3432 3023 3501 quatiat,
3057 3433 3227 3501 pallor
3256 3448 3349 3486 ora
3388 3448 3504 3499 per-

1930 3528 2136 3592 fundat,
2188 3535 2444 3595 quantum
2486 3524 2715 3594 denique
2753 3524 2996 3579 humiliet
3038 3533 3093 3577 et
3144 3524 3509 3579 exsecrabiles

1924 3616 2171 3673 omnibus
2199 3616 2421 3679 reddat;
2454 3615 2615 3669 etiam
2650 3617 2822 3683 ipsum
2852 3613 3085 3668 sordida:
3115 3614 3384 3682 opinionis
3405 3629 3507 3683 op-

1926 3708 2199 3777 probrium
2230 3706 2412 3761 nescio
2449 3720 2515 3759 an
2544 3704 2715 3775 possit
2754 3702 3079 3773 quibuslibet
3110 3703 3254 3758 vitiis
3289 3718 3507 3758 accomo

1929 3801 2149 3856 modare
2169 3813 2507 3855 consensum.
2544 3797 2682 3863 Quid
2727 3795 2871 3851 enim
2902 3796 3028 3850 mali
3054 3796 3236 3864 operis
3262 3796 3376 3849 fieri
3407 3810 3507 3864 po-

1930 3900 2033 3947 test
2062 3891 2203 3946 unde
2236 3904 2333 3943 nec
2362 3887 2681 3943 erubescant
2704 3886 2863 3941 etiam
2887 3885 2983 3949 illi,
3012 3899 3147 3955 quos
3174 3885 3284 3954 ip‘sa
3309 3884 3507 3953 flagitia

1930 3998 2024 4038 sua
2057 3980 2369 4035 delectant?
2411 3977 2545 4031 Hinc
2582 3985 2667 4031 est
2704 3975 2844 4044 quod
2878 3976 2929 4028 lii
2970 3975 3059 4041 qui
3090 3975 3226 4028 bona
3254 3988 3346 4026 sua
3375 3988 3507 4028 vane

1927 4091 1991 4130 ac
2021 4073 2331 4128 deformiter
2350 4070 2576 4139 jactaut,
2606 4068 2870 4122 dedecora
2900 4066 3092 4136 quibus
3127 4066 3507 4120 remordentur

1929 4174 1984 4222 et
2010 4164 2355 4218 humiliantur
2397 4160 2687 4214 occultant.
2711 4156 2770 4195 Μ)
2793 4156 2927 4223 Quid
2955 4156 3095 4224 quod
3120 4158 3170 4210 in
3197 4165 3508 4226 peccantem

1928 4258 2089 4313 etiam
2135 4254 2250 4307 sine
2301 4251 2533 4305 humano
2574 4247 2778 4317 judicio
2826 4247 3173 4301 conscientia:
3212 4246 3506 4317 iudicantis

1930 4353 2201 4405 tormenta
2228 4342 2547 4407 desaeviunt,
2585 4348 2639 4393 et
2670 4338 2808 4393 male
2837 4337 2937 4392 sibi
2965 4338 3234 4392 consciam
3270 4345 3506 4392 mentem

1851 4550 1903 4611 D
2002 4558 2027 4585 ο
2056 4549 2223 4610 Alias,
2251 4547 2503 4601 velociter.

2000 4629 2028 4668 ι’
2060 4621 2153 4673 Ms.
2185 4621 2312 4685 Reg.
2345 4632 2504 4680 unus,
2529 4631 2621 4668 nec
2644 4630 2751 4668 u..a
2778 4629 2878 4669 res.
2910 4614 3083 4680 Alius,
3113 4631 3204 4668 nos
3230 4615 3322 4669 sic.

1999 4699 2026 4739 tt
2050 4690 2137 4744 Sic
2172 4684 2300 4742 mss.
2334 4687 2441 4740 duo
2464 4686 2615 4740 Colb.
2660 4685 2801 4739 Editi
2827 4699 2975 4748 vero,
3022 4686 3161 4748 quod
3192 4684 3509 4740 Dominus...

1927 4760 2105 4843 donat.
2135 4758 2232 4813 Ms.
2260 4754 2621 4843 autem-Colb.
2650 4754 2809 4824 alius,
2834 4770 2987 4825 quam
3012 4754 3286 4823 Dominus,
3309 4755 3403 4827 qui
3426 4772 3514 4809 ca-

1925 4832 2055 4884 ritas
2076 4831 2187 4896 ipsa
2208 4839 2280 4883 est
2302 4828 2480 4881 donat.

1971 4899 2152 4983 [με.
2184 4898 2336 4954 Colb.
2369 4912 2527 4967 unus,
2559 4896 2661 4951 Hic
2687 4895 2750 4948 de
2779 4895 2978 4948 timore.
3004 4894 3060 4949 lu
3085 4909 3189 4949 uno
3210 4894 3365 4950 deest
3382 4909 3511 4964 sup-

1927 4972 2185 5111 ὴιιξηέῖεε.
2225 5048 2365 5105 tres,
2412 5037 2646 5103 peccatis.
2695 5035 2864 5100 Unus,
2911 5046 3138 5106 peccato.
3182 5036 3363 5099 Alius,
3414 5049 3509 5101 pro

1930 5111 2165 5179 peccatis.
2197 5109 2357 5174 Editi,
2389 5108 2642 5178 peccanti.

2004 5184 2023 5217 ί
2055 5182 2178 5235 Mss.
2206 5182 2334 5245 duo,
2358 5187 2636 5249 supponat.

1999 5259 2028 5288 ιι
2057 5249 2153 5305 Ms.
2178 5250 2388 5315 Camln,
2422 5251 2657 5303 delectat.

1999 5330 2029 5360 ν
2058 5320 2154 5375 Ms.
2184 5321 2337 5375 Colb.
2364 5335 2519 5386 unus,
2550 5318 2815 5372 delectatro
2836 5316 3080 5370 carnalis.

1999 5399 2026 5427 ι
2058 5392 2153 5445 Ms.
2178 5407 2335 5454 unus,
2362 5389 2725 5442 voluntatibus.

1999 5470 2027 5510 γ
2051 5462 2151 5533 Ms.
2185 5476 2320 5533 unus
2350 5458 2525 5523 Colb.,
2552 5456 2801 5510 occultam
2830 5455 3161 5533 discriminis.
3270 5522 3280 5533 ι

2000 5540 2023 5567 ³
2054 5532 2150 5585 Ms.
2179 5529 2332 5583 Colb.
2364 5518 2522 5591 unus,
2548 5543 2635 5595 spe
2656 5535 2966 5596 prcesumpta
3003 5536 3047 5581 et
3085 5522 3381 5593 impunitate
3399 5518 3499 5570 el».

1979 5601 2011 5653 ἱ.
2042 5600 2176 5653 forte
2204 5613 2299 5653 Dro
2324 5597 2501 5650 illecti.

1923 5612 2011 5669 cli,
2042 5612 2176 5654 forte
2204 5613 2299 5668 pro
2324 5612 2501 5650 tttectt.

2000 5679 2057 5708 αι
2087 5670 2212 5723 Mss.
2247 5677 2375 5731 tres,
2404 5666 2671 5719 voluntati.

1996 5738 2053 5778 Μ’
2084 5738 2225 5794 Edit.
2257 5736 2445 5808 I.ugd.,
2472 5736 2720 5807 quidquid
2744 5747 2816 5792 est
2840 5735 2971 5792 unde
2992 5736 3042 5789 in
3070 5739 3376 5804 peccantem.

3164 5817 3238 5878 16
