4024 6176
542 363 645 416 ιξοι

1896 355 2156 411 JULIANI
2201 352 2471 409 i‘OMERll

3731 350 3832 408 Νη

553 477 679 543 ipsa:
709 472 868 529 etiam
917 470 1266 539 cogitationes
1294 468 1491 524 secreti
1522 475 1725 534 reatus,
1757 476 1780 503 ι
1816 466 2135 521 cruciatoria
2164 469 2212 524 Α
2241 466 2674 520 obmutescentes
2706 464 2953 519 manibus
2983 474 3035 519 et
3064 464 3289 535 pedibus
3321 465 3493 535 ligari,
3528 466 3632 520 nisi
3668 467 3722 520 in
3758 468 3832 520 in-

554 565 925 621 recordatione
950 562 1261 618 conficiunt.

1157 693 1381 750 CAPUT
1421 692 1533 747 XII.

557 816 631 869 De
655 818 827 885 futuro
843 811 1070 882 judicio,
1104 811 1179 863 uel
1204 808 1493 885 teternitate
1512 806 1775 875 supplicii,
1804 822 1864 860 ac
1885 807 1948 859 de
1969 805 2135 875 quali-

1156 888 1256 933 tate
1279 879 1546 951 gehennae.

628 1021 678 1073 1.
714 1020 824 1087 Age
848 1015 959 1086 jam
998 1029 1120 1068 cum
1155 1012 1219 1067 ad
1259 1012 1386 1067 illud
1418 1012 1662 1067 ultimum
1690 1012 1950 1083 judicium
1978 1027 2141 1068 vene-

553 1114 743 1173 rimus,
776 1109 844 1161 ab
869 1122 934 1162 eo
965 1106 1146 1175 judice
1175 1104 1473 1174 iudicandi,
1506 1105 1594 1173 qui
1627 1119 1723 1159 nec
1752 1104 1861 1158 falli
1898 1106 2139 1159 occulta-

552 1204 699 1255 tione
736 1199 1023 1254 criminum
1066 1206 1261 1266 potest,
1294 1210 1394 1250 nec
1423 1194 1451 1233 δ
1482 1196 1548 1250 ad
1598 1197 1967 1263 impunitatem
2015 1210 2138 1263 pro-

555 1290 868 1346 merendam
927 1288 1165 1342 muueris
1223 1287 1450 1356 alicujus
1491 1287 1764 1341 oblatione
1809 1286 2082 1356 corrumpi
2122 1302 2138 1339 :

556 1397 674 1435 cum
706 1381 971 1449 coeperint
1015 1378 1257 1432 omniunt
1300 1386 1505 1432 secreta
1540 1378 1789 1443 revelari,
1816 1387 1870 1433 et
1908 1393 2013 1431 non
2054 1392 2143 1432 so-

557 1476 664 1529 lum
716 1481 867 1525 actus
913 1486 975 1525 ac
1022 1470 1206 1535 verba,
1252 1471 1346 1524 sed
1396 1471 1557 1524 etiam
1611 1472 1743 1541 ipsa:
1790 1472 2143 1539 cogitationes

558 1566 766 1621 ostendi
786 1564 945 1633 :quid
986 1564 1248 1618 faciemus
1272 1573 1295 1601 ε
1314 1564 1414 1618 sub
1444 1564 1575 1617 tanti
1608 1564 1801 1632 judieis
1830 1563 2142 1637 majestate?

559 1656 697 1723 Quid
729 1655 1092 1709 excusationis
1123 1654 1418 1709 obtendere
1442 1653 1769 1723 peterimus?
1788 1655 1901 1719 Qua
1931 1669 2029 1708 nos
2050 1654 2142 1709 de-

561 1748 821 1804 fensiouis
850 1755 965 1801 arte
1013 1744 1391 1815 purgabimus?
1437 1745 1567 1810 Quae
1613 1745 1769 1799 nobis
1815 1744 2142 1799 subventum

560 1850 639 1896 Bel
670 1839 1008 1909 paenitentia,
1028 1835 1054 1874 ιι
1080 1852 1238 1907 quam
1279 1838 1330 1891 in
1361 1837 1461 1891 hac
1489 1852 1653 1891 carne
1676 1836 2141 1905 contempsimus?
2172 1822 2217 1881 Β

560 1934 687 2001 Quae
717 1948 813 1985 nos
844 1931 1127 1985 defensura
1168 1939 1291 1982 sunt
1324 1942 1485 1996 opera
1521 1936 1544 1963 ο
1589 1929 1751 1992 bona,
1783 1943 1904 1996 qua:
1944 1928 1995 1979 in
2047 1927 2146 1980 hac

549 2025 799 2079 vitanon
834 2021 1092 2077 fecimus?
1128 2019 1146 2058 τ
1180 2019 1260 2075 Ad
1286 2034 1421 2088 quos
1459 2020 1754 2087 apostolos,
1791 2029 1881 2074 aut
1909 2020 1975 2073 ad
2012 2034 2147 2089 quos

561 2118 695 2172 alios
716 2127 931 2170 sanctos
960 2114 1281 2183 confugituri
1306 2127 1513 2178 sumus,
1542 2128 1768 2183 quorum
1797 2113 2044 2181 exempla
2070 2114 2143 2167 si-

551 2212 670 2264 nul
723 2227 785 2266 ac
837 2225 901 2265 ve
936 2210 998 2263 ba
1044 2208 1423 2277 despex‘mus?
1469 2206 1549 2261 An
1592 2206 1729 2261 forte
1757 2217 1782 2254 ε
1824 2207 2031 2275 aliquos
2076 2206 2147 2261 ibi

563 2301 820 2370 fragilitas
868 2300 1112 2369 corporis
1161 2297 1475 2353 excusabit?
1527 2295 1634 2352 Sed
1676 2297 2015 2351 excusationi
2056 2310 2150 2351 eo-

549 2406 679 2445 rum
724 2390 1098 2445 reclamabunt
1130 2390 1369 2442 omnium
1414 2388 1657 2458 exempla
1688 2395 2019 2453 sanctorum,
2058 2388 2149 2456 qui

557 2478 588 2517 ‘I
615 2496 737 2537 eum
764 2481 1046 2549 fragilitate
1074 2480 1248 2533 carnis
1277 2479 1329 2533 in
1370 2493 1535 2533 carne
1582 2478 1861 2543 viventes,-
1880 2476 2147 2548 fragilita-

566 2584 670 2627 tem
701 2588 731 2625 c
767 2571 879 2624 ruis
908 2570 961 2625 in
993 2586 1156 2624 carne
1187 2572 1487 2633 vincentes,
1512 2570 1653 2638 quod
1678 2568 1942 2634 fecerunt,
1968 2569 2152 2637 utique

567 2661 681 2715 ficti
724 2675 881 2728 posse
910 2660 1212 2714 docuerunt
1244 2676 1256 2711 :
1294 2659 1545 2722 maxime,
1590 2660 1712 2728 quia
1745 2672 1843 2712 nec
1885 2658 1985 2728 ipsi
2028 2673 2153 2728 pec—

552 2760 687 2805 cato
735 2766 830 2804 sua
874 2749 1090 2816 virtute,
1132 2749 1225 2805 sed
1263 2747 1279 2785 ί
1312 2749 1521 2803 Domini
1572 2749 1878 2803 miserantis
1916 2749 2149 2816 auxilio,

568 2842 882 2898 restiterunt
909 2859 922 2895 :
946 2842 1037 2911 qui
1087 2855 1146 2896 se
1185 2850 1239 2895 et
1278 2855 1381 2896 non
1413 2841 1799 2911 quaerentibus,
1835 2850 1895 2895 ut
1946 2856 2152 2910 quaera-

550 2944 675 3001 ‘tur,
706 2944 866 3001 atque
909 2934 961 2986 iu
1002 2948 1124 2987 eum
1158 2932 1426 2995 credatur,
1475 2933 1743 2995 OSteudit;
1789 2941 1845 2988 et
1871 2932 2153 2988 credentes

555 3022 621 3080 'lo
656 3039 735 3091 se,
771 3039 838 3079 ne
883 3039 911 3078 a
954 3032 1175 3094 peccato
1212 3024 1513 3090 vincantur,
1570 3024 1768 3079 invicta
1820 3025 2154 3095 proxectione

570 3114 831 3169 defendit.

637 3206 695 3259 2.
724 3205 860 3271 Quid
892 3219 1021 3275 ergo
1049 3205 1356 3275 reSponsuri
1398 3213 1543 3272 sunt,
1577 3204 1623 3259 si
1664 3206 1744 3260 eis
1775 3204 2034 3259 Dominus
2073 3204 2152 3259 di-
2179 3179 2227 3241 (ἶ

560 3306 659 3351 ἐει
688 3313 701 3349 :
726 3296 781 3350 Si
815 3295 1084 3365 potuistis,
1113 3311 1279 3365 quare
1300 3309 1407 3349 non
1431 3294 1704 3349 resiitistis
1726 3296 2008 3350 desideriis
2032 3311 2157 3365 pec-

576 3388 860 3441 caturum?
890 3388 932 3441 si
976 3402 1081 3439 non
1126 3385 1393 3454 potuistis,
1422 3400 1589 3453 quare
1619 3402 1794 3440 meum
1822 3398 2007 3441 contra
2033 3401 2157 3455 pec-

577 3489 693 3532 cata
746 3494 852 3531 non
895 3478 1165 3547 quaesistis
1208 3478 1507 3531 auxilium?
1556 3485 1649 3531 aut
1675 3479 1958 3543 vulnerati,
1992 3493 2158 3547 quare

580 3571 594 3621 i
635 3570 946 3639 ptenitendo
990 3585 1094 3623 non
1141 3569 1459 3624 adhibuistis
1504 3570 1711 3625 vulneri
1754 3581 1935 3626 vestro
1980 3587 2157 3627 reme-

578 3660 761 3714 dium?
790 3658 816 3697 ιι
844 3659 1030 3714 Nonne
1062 3658 1124 3712 ad
1164 3658 1279 3714 [nnc
1308 3660 1771 3728 ohmutescentes,
1816 3670 1872 3718 et
1910 3664 2033 3733 qttid
2066 3680 2157 3719 ex-

579 3754 871 3808 cusationis
910 3756 1144 3808 referant
1180 3769 1287 3807 non
1327 3752 1608 3820 habentes,
1640 3754 1781 3810 dicet
1817 3772 1831 3809 :
1864 3755 2043 3826 Ligate
2080 3774 2164 3813 eos

579 3845 812 3898 manibus
845 3854 891 3898 et
932 3845 1166 3915 pedibus,
1209 3854 1256 3896 et
1284 3844 1464 3897 mittite
1486 3844 1539 3896 in
1580 3845 1809 3899 tenebras
1845 3849 2119 3904 exteriores
2144 3866 2163 3904 :

581 3936 649 3988 ibi
686 3936 783 3988 erit
819 3936 971 4005 ﬂetus
1018 3949 1060 3988 et
1100 3934 1291 3988 stridor
1316 3935 1583 4001 dentium;
1617 3936 1699 3988 ubi
1730 3939 1911 3990 vermis
1946 3937 2167 3995 1eorum

581 4043 681 4079 non
705 4028 967 4089 morietur,
993 4035 1037 4077 et
1063 4026 1191 4095 ignis
1229 4042 1404 4080 eorum
1439 4042 1541 4078 non
1570 4029 1921 4099 exstinguetur
1941 4030 2160 4100 (Matth.

583 4133 719 4183 χχιι,
759 4119 855 4181 15;
888 4116 1013 4171 Isai.
1042 4132 1182 4183 L\'Vl,
1226 4118 1323 4173 '15:
1356 4114 1522 4171 Marc.
1565 4132 1643 4185 Ix,
1678 4118 1790 4189 Μ).
1825 4119 1888 4174 Ει
1916 4121 2042 4190 quid
2082 4133 2165 4179 est

657 4316 800 4372 “Ms.
835 4315 965 4385 Reg.
1018 4330 1172 4379 unus,
1219 4324 1264 4368 e‘
1306 4318 1441 4370 ntale
1477 4314 1572 4367 sibi
1600 4315 1803 4368 conscia
1832 4329 2014 4381 mente,
2040 4319 2164 4385 ipsa:

582 4390 736 4442 etiam
760 4388 1084 4457 cogitationes
1110 4386 1286 4457 srjcreti
1296 4394 1499 4457 reatus,
1524 4386 1810 4457 cruciatum
1839 4401 1899 4457 ac
1924 4389 2164 4439 recorda—

586 4463 774 4511 tionem
814 4455 1109 4526 conﬁciuist.
1144 4456 1242 4509 Ms.
1270 4455 1433 4526 Colb.,
1454 4468 1610 4517 unus,
1644 4455 1928 4526 etCamb.,
1959 4466 2007 4508 et
2035 4458 2168 4510 male

2246 558 2418 625 feruo,
2448 567 2487 593 ηι
2519 556 2605 611 ubi
2639 557 2747 611 Deo
2791 571 2949 611 nemo
2981 559 3290 623 contitetur,
3334 559 3548 612 actione
3590 558 3833 626 privari?

2242 649 2381 703 sirut
2428 648 2481 701 in
2526 648 2819 703 esteriores
2850 650 3100 703 tenebras
3149 650 3308 712 mitti,
3355 649 3489 703 nihil
3526 650 3672 703 aliud
3726 651 3832 705 erit

2244 739 2388 792 ni~ia
2412 738 2657 803 Domino,
2686 738 2777 804 qui
2807 746 2889 791 est
2921 737 3177 791 mentium
3213 744 3412 805 tmoen,
3445 739 3671 806 expelli.
3711 738 3834 794 Fle-

2244 839 2325 883 tus
2357 840 2531 883 autem
2558 840 2610 883 et
2636 828 2837 883 Stridor
2866 829 3104 882 dentium
3138 830 3431 883 acerrimos
3456 844 3642 883 eorum
3672 831 3831 885 dolo-

2186 984 2197 991 .
2244 936 2329 975 te;
2372 920 2677 983 ostendunt,
2722 920 2809 987 qui
2851 920 3111 989 supplicio
3142 927 3169 954 ιι
3198 930 3415 974 :eternze
3448 922 3636 974 mortis
3674 921 3831 975 addi-

2243 1011 2334 1075 cti,
2387 1027 2489 1065 non
2519 1019 2542 1046 °
2589 1009 2803 1064 videndi
2848 1024 3063 1063 sensum
3115 1009 3345 1063 habituri
3390 1018 3536 1074 sunt,
3583 1010 3681 1065 sed
3731 1010 3831 1066 do—

2247 1100 2412 1155 lendi.
2456 1101 2694 1166 Quorum
2736 1099 3019 1154 continuus
3048 1100 3300 1169 gemitus,
3352 1100 3628 1155 cruciatus
3666 1109 3830 1156 aeter-

2245 1207 2383 1257 nus,
2434 1192 2590 1245 dolor
2646 1206 2927 1255 summus,
2999 1192 3227 1259 poenalis
3290 1206 3521 1255 sensus,
3575 1202 3829 1261 torquent

2243 1283 2472 1347 animus,
2508 1298 2607 1337 nec
2636 1292 2990 1350 extorquent;
3024 1283 3253 1351 puniunt
3294 1298 3521 1351 corpora
3550 1282 3828 1348 damnata,

2245 1389 2343 1428 nc-c
2378 1374 2586 1427 ﬁniunt.
2618 1376 2763 1440 Quos
2802 1374 2923 1427 ideo
2951 1374 3051 1427 sibi
3082 1374 3364 1441 deputatus
3394 1374 3533 1444 ignis
3563 1376 3829 1429 inexstin-

2244 1467 2454 1537 guibilis
2487 1476 2513 1515 ι)
2543 1482 2647 1520 non
2694 1465 3016 1535 exstinguit;
3069 1473 3126 1519 ut
3176 1476 3522 1534 permanente
3560 1469 3828 1521 sentiendi

2246 1570 2273 1609 ει
2300 1560 2427 1624 vita,
2452 1575 2540 1627 pte
2580 1574 2608 1611 a
2635 1568 2965 1627 permaneat,
2988 1566 3040 1612 et
3069 1558 3133 1612 ad
3160 1558 3449 1611 dolendum
3476 1562 3645 1628 magis
3667 1576 3827 1629 quam

2249 1663 2269 1689 τ
2300 1654 2363 1707 ad
2410 1651 2693 1705 vivendum
2739 1652 2955 1705 :eternis
2993 1652 3306 1719 corporibus
3355 1653 3691 1720 compeditos
3739 1653 3829 1706 ha-

2247 1747 2388 1811 beat,
2420 1758 2555 1812 quos
2602 1744 2653 1797 in
2700 1743 2930 1797 ﬂammis
2955 1752 2977 1780 ³
3009 1742 3283 1799 vivacibus
3322 1744 3704 1798 immortalitas
3746 1759 3829 1799 se-

2248 1838 2436 1892 cunda:
2464 1836 2653 1889 mortis
2687 1834 2915 1889 occidat.
2946 1834 3062 1889 Jam
3099 1838 3117 1872 ί
3148 1852 3273 1887 vero
3314 1836 3455 1904 quod
3502 1835 3669 1890 dicit:
3704 1836 3828 1890 νη.

2247 1928 2343 1981 mis
2363 1943 2537 1981 eorum
2558 1942 2655 1980 non
2685 1926 2953 1990 morietur,
2978 1936 3025 1980 et
3051 1927 3183 1997 ignis
3206 1942 3381 1980 eorum
3411 1945 3511 1981 non
3537 1930 3830 1999 exstingue-

2249 2028 2333 2070 tur
2361 2014 2521 2087 (lsai.
2557 2032 2696 2081 ιιι-ι,
2726 2014 2842 2087 24).
2889 2015 2953 2070 ad
2988 2026 3153 2069 totam
3198 2015 3428 2070 refertur
3464 2018 3707 2073 damnati
3742 2018 3830 2072 ho-

2250 2108 2407 2162 minis
2452 2122 2699 2175 pinnam;
2758 2122 2921 2174 quem
2974 2105 3266 2160 inefficacis
3313 2108 3643 2175 poenitentia
3696 2109 3829 2179 ignis

2249 2198 2443 2261 exurit,
2474 2206 2528 2252 et
2555 2197 2923 2251 consumentis
2960 2196 3308 2251 conscientia:
3329 2198 3526 2252 vermis
3552 2200 3831 2253 immorta-

2251 2288 2373 2343 liter
2400 2287 2556 2341 rodit.
2590 2296 2617 2323 ιι
2653 2288 2883 2341 Proinde
2921 2301 3111 2342 omnes
3141 2288 3231 2356 qui
3273 2288 3327 2341 in
3364 2289 3611 2358 gehenna
3640 2291 3830 2346 dicun-

2253 2392 2338 2436 tur
2360 2380 2553 2442 occidi,
2584 2395 2691 2433 non
2724 2378 2777 2433 id
2822 2393 2943 2434 cum
2974 2378 3080 2433 illis
3119 2381 3311 2450 agitur,
3338 2390 3395 2436 ut
3420 2383 3678 2439 maximis
3707 2398 3831 2440 cor.-

2252 2474 2449 2541 sumpti
2480 2472 2779 2538 doloribus,
2807 2472 3097 2542 aliquando
3124 2471 3408 2540 deﬁciant;
3440 2475 3533 2530 sed
3560 2486 3622 2530 ut
3652 2476 3707 2531 in
3733 2477 3835 2531 illis

2255 2568 2539 2638 pmnaliter
2576 2567 2779 2620 vivant.

2328 2660 2381 2711 5.
2412 2658 2537 2712 llaec
2578 2666 2633 2713 et
2676 2658 2761 2712 his
2804 2658 3001 2713 similia
3035 2660 3266 2716 libenter
3293 2662 3479 2717 audire
3518 2662 3607 2716 vel
3637 2662 3830 2731 legere.

2256 2748 2449 2818 iugiter
2474 2757 2597 2802 ante
2620 2750 2801 2803 oculos
2828 2750 3022 2804 mentis
3050 2749 3339 2816 adducere,
3366 2750 3544 2806 futura
3585 2752 3831 2816 credere,

2256 2841 2372 2895 sine
2397 2840 2501 2894 ulla
2534 2841 2936 2909 perturbatione
2973 2850 3235 2910 metuere,
3268 2844 3509 2914 ct‘gitare
3530 2844 3697 2913 quale
3723 2860 3831 2898 ma-

2258 2933 2367 2987 lum
2409 2934 2477 2988 sit
2506 2932 2575 2987 ab
2624 2932 2716 2985 illo
2760 2934 2956 3003 gaudio
2997 2935 3189 2990 divina:
3234 2936 3711 3005 contemplationis
3750 2950 3833 2990 ex-

2256 3022 2421 3086 cludi,
2464 3023 2766 3077 beatissima
2799 3034 3109 3078 sanctorum
3152 3026 3391 3080 omnium
3438 3026 3705 3081 societate
3735 3027 3833 3095 pri-

2258 3112 2393 3178 vari,
2426 3112 2541 3167 fieri
2582 3113 2767 3183 patria;
2796 3114 3040 3169 caelestis
3075 3125 3369 3182 extorrem,
3403 3117 3540 3171 mori
3563 3119 3689 3171 vitae
3728 3118 3834 3172 bea-

2263 3213 2350 3268 tae,
2382 3204 2539 3256 morti
2559 3203 2738 3258 vivere
2760 3204 3124 3273 sempiternze,
3154 3206 3206 3260 in
3238 3216 3497 3261 aeternum
3524 3207 3702 3276 ignem
3723 3220 3835 3261 cum

2263 3292 2475 3347 diabolo
2500 3302 2552 3347 et
2574 3293 2775 3364 angelis
2802 3294 2921 3364 ejus
2950 3295 3169 3364 expelli,
3212 3296 3305 3349 ubi
3344 3297 3413 3351 sit
3436 3312 3584 3351 mors
3610 3296 3835 3351 secunda

2262 3383 2530 3438 damnatis
2570 3384 2835 3448 exsilium,
2880 3384 2985 3438 vita
3024 3385 3375 3454 supplicium,
3416 3402 3521 3441 non
3552 3388 3756 3443 sentire
3788 3386 3835 3441 in

2265 3474 2357 3529 illo
2393 3474 2513 3544 igne
2535 3474 2674 3543 quod
2711 3475 2995 3542 illuminat,
3021 3477 3220 3531 sentire
3247 3479 3387 3548 quod
3419 3480 3645 3544 cruciat,
3678 3495 3836 3533 exun-

2266 3565 2406 3619 datis
2446 3566 2677 3620 incendii
2721 3566 2991 3621 terribiles
3035 3568 3273 3637 crepitus
3315 3569 3444 3638 pati,
3486 3569 3723 3624 barathri
3765 3569 3836 3623 fu-

2269 3659 2465 3713 mantis
2512 3673 2693 3713 amara
2747 3658 2975 3729 caligine
3012 3662 3199 3716 oculos
3244 3662 3528 3725 obcrccari,
3583 3662 3839 3733 profundo

2269 3756 2529 3824 gehennae
2570 3755 2877 3810 ﬂuctuantis
2917 3756 3183 3827 immergi,
3224 3756 3559 3813 edacissimis
3600 3758 3653 3811 in
3692 3766 3838 3811 aster.

2273 3865 2398 3903 num
2449 3848 2693 3902 dilaniari
2742 3847 3035 3912 vermibus,
3079 3861 3179 3903 nec
3217 3846 3357 3902 finiri
3388 3866 3400 3900 :
3430 3847 3547 3902 hrcc
3588 3857 3644 3903 et
3686 3847 3838 3901 multa

2270 3939 2465 3993 similia
2494 3940 2750 4008 cogitare,
2796 3938 2927 3992 nihil
2956 3949 3037 3993 est
3063 3939 3207 3995 aliud
3244 3955 3401 4009 quam
3428 3941 3574 3994 vitiis
3605 3940 3840 3994 omnibus

2273 4031 2554 4100 repudium
2589 4030 2742 4096 dare,
2788 4039 2845 4084 et
2881 4031 3061 4085 omnia
3091 4030 3455 4086 blandimenta
3496 4031 3725 4086 carnalia
3756 4045 3842 4085 re-

2271 4122 2507 4179 frenare.
2536 4120 2643 4177 Sed
2672 4120 2921 4190 nosjam,
2962 4123 3005 4176 si
3054 4122 3279 4189 \idctur,
3304 4122 3372 4177 ab
3414 4122 3497 4177 bis
3525 4122 3841 4178 terribilibus

2274 4318 2505 4373 manibus
2526 4326 2573 4373 et
2595 4319 2806 4386 pedibus
2827 4320 3007 4373 mittite
3024 4336 3129 4383 eos,
3147 4329 3253 4375 etc.
3286 4321 3407 4375 Mss.
3440 4323 3591 4377 Colb.
3618 4321 3735 4387 duo,
3754 4324 3840 4374 ob-

2274 4390 2745 4465 mutescentibus,_et
2755 4390 2882 4465 quid
2892 4392 3472 4465 excusationisfeferant
3492 4393 3645 4465 [unus
3666 4408 3727 4447 ex
3759 4392 3839 4465 bis

2277 4457 2515 4533 reddant]
2545 4475 2647 4533 non
2680 4460 2975 4533 [tabentibus
3016 4457 3421 4533 dicet,ﬂLigatis
3467 4457 3636 4516 eorum
3679 4462 3837 4533 mani-

584 4530 685 4603 sibi
706 4525 956 4603 consciam
984 4535 1270 4603 mentem...
1297 4525 1527 4603 cruciatu
1544 4540 1611 4603 ac
1631 4525 1980 4603 recordatione
2001 4529 2164 4596 conﬁ-
2193 4532 2245 4592 Β
2271 4530 2381 4603 bus,
2410 4525 2514 4589 etc:
2539 4529 2693 4603 Alius
2707 4528 2914 4603 :ALigate
2936 4547 3039 4603 eos,
3063 4540 3167 4585 etc.
3194 4525 3382 4586 Msfex
3412 4534 3590 4603 Regiis
3608 4547 3735 4588 unus
3749 4531 3837 4583 ha-

570 4602 742 4652 .ciunt.
769 4598 935 4659 Alter,
966 4598 1195 4649 cruciant
1223 4610 1282 4646 ac
1303 4594 1734 4647 recordatibnibus
1764 4596 2063 4663 conﬁciunt.

659 4668 688 4707 δ
717 4668 813 4720 Ms.
841 4681 977 4719 unus
1006 4664 1184 4725 Colb.,
1209 4664 1272 4716 ab
1296 4663 1599 4730 impunitate
1624 4668 1979 4733 promerendo.

642 4749 684 4777 ·⁶
716 4737 814 4790 Ms.
844 4749 983 4789 unus
1012 4734 1164 4802 Reg.,
1196 4734 1290 4787 sub
1313 4742 1475 4787 tanta.

660 4807 687 4847 ά
719 4808 817 4859 Ms.
847 4820 1004 4871 unus,
1032 4820 1183 4873 quam
1209 4813 1408 4874 gestare
1428 4818 1601 4874 carne.

664 4886 687 4911 ε
713 4877 810 4929 Ms.
842 4889 978 4928 unus
1007 4872 1155 4927 caret
1183 4872 1281 4926 hac
1304 4888 1456 4936 voce,
1489 4872 1639 4925 bona.

664 4944 684 4983 ί
713 4946 809 4998 Ms.
842 4960 977 4999 unus
1009 4960 1023 4997 :
1057 4943 1135 4996 Ad
1159 4959 1287 5013 quos
1311 4944 1569 5011 apostolos
1603 4944 1810 5008 ibimus,
1843 4955 1932 4998 aut
1958 4948 2026 4999 ad
2052 4964 2177 5017 quos

592 5019 746 5077 alios,
771 5025 877 5069 etc.

666 5096 691 5134 s
726 5085 824 5158 Ms.
855 5083 1017 5158 C_0tb._
1048 5099 1206 5158 unus,
1232 5083 1405 5152 aliqua
1439 5099 1499 5158 se,
1517 5083 1605 5137 ibi.
1643 5082 1771 5152 Reg.
1806 5100 1961 5147 unus,
2000 5086 2173 5158 aliqua

595 5156 713 5209 sibi.
745 5155 840 5209 Ms.
872 5154 1082 5217 Cotti)"
1114 5154 1290 5222 aliqua
1326 5156 1602 5223 fragilitas.

665 5224 693 5261 ιλ
739 5226 831 5279 Hae
862 5240 1041 5288 voces,
1070 5242 1184 5277 cum
1219 5224 1495 5293 fragilitate
1535 5224 1704 5277 carnis
1736 5225 1789 5278 in
1829 5243 1980 5282 carne
2002 5231 2172 5284 viven-

594 5305 689 5356 tes.
720 5298 912 5348 absunt
935 5311 964 5347 a
993 5310 1120 5347 mss.
1165 5294 1315 5348 Colb.
1361 5305 1609 5365 quatuor,
1642 5304 1693 5347 ct
1725 5295 1905 5365 Regiis
1942 5299 2169 5354 duobus.

512 5374 515 5379 '
600 5366 731 5433 Reg.
761 5380 899 5418 unus
929 5365 1026 5439 :_in
1056 5381 1208 5418 carne
1245 5368 1433 5419 vivente
1460 5364 1627 5439 [forte
1647 5364 1920 5439 uiuentes].
1964 5386 2175 5437 superu-

594 5443 770 5506 oerttnt
798 5435 973 5506 :qttod
998 5439 1244 5506 fecerunt,
1272 5448 1375 5490 etc.
1408 5435 1579 5500 Altus,
1610 5437 1859 5491 vincentes
1879 5435 2100 5493 tantum.

677 5503 693 5544 ί
729 5503 857 5560 Mss.
883 5503 1012 5569 duo,
1042 5505 1157 5559 Dei.

671 5579 686 5627 1
725 5576 823 5631 Ms.
857 5592 1014 5643 unus,
1049 5592 1147 5628 non
1170 5576 1475 5645 paenitendo.

669 5645 694 5683 ¹ι
728 5647 825 5701 Ms.
867 5661 1023 5701 unus.
1067 5647 1305 5700 reddant.
1338 5647 1532 5716 Totum
1566 5648 1739 5701 locum
1769 5650 1846 5702 sic
1879 5649 2173 5716 pra-ferunt

600 5716 688 5769 alii
716 5717 949 5773 codices.
1000 5718 1097 5771 Ms.
1136 5716 1345 5777 Camb.,
1396 5715 1647 5771 Nunquid
1690 5719 1759 5769 ad
1798 5715 1906 5771 Iure
1944 5722 2174 5774 obmute-

594 5787 867 5854 scentibus,
906 5798 951 5842 et
993 5789 1063 5841 nil
1093 5787 1430 5840 excusationis
1472 5786 1768 5840 habentibus
1788 5788 1930 5842 dicit.
1974 5789 2169 5861 Ligatis

2270 4602 2361 4671 bet
2379 4613 2590 4671 quoque
2619 4615 2633 4651 :
2669 4599 2858 4666 Ligatis
2887 4602 3118 4654 manibus
3138 4612 3184 4655 et
3204 4603 3439 4671 pedibus,
3464 4599 3661 4668 niittite,
3688 4612 3783 4657 etc.

2352 4668 2366 4705 ι
2405 4669 2501 4722 M-.
2527 4670 2657 4734 Reg.
2687 4685 2845 4735 unus,
2876 4686 3066 4724 vermes
3088 4668 3259 4724 eorum
3282 4689 3385 4725 non
3416 4676 3708 4727 morientur.

2347 4749 2385 4775 η’
2417 4739 2512 4793 Ms.
2544 4740 2697 4793 Cnlb.
2732 4756 2889 4801 unus,
2932 4743 3015 4795 ubi
3040 4740 3202 4795 Deum
3235 4758 3381 4796 nimo
3414 4746 3695 4809 conﬁtetur,
3723 4742 3834 4795 boni

2278 4810 2448 4882 aperis
2471 4810 2665 4862 actione
2695 4811 2902 4879 privari.
2930 4812 3027 4865 Ms.
3057 4816 3213 4881 alter,
3241 4811 3347 4867 Deo
3378 4814 3711 4882 conﬁtebitur.

2352 4889 2377 4915 η
2409 4880 2501 4933 Ms.
2534 4895 2691 4941 unus,
2728 4882 3068 4943 sempiterntv.

2356 4960 2380 4984 ο
2406 4952 2529 5001 Mss.
2564 4960 2694 5014 tres,
2725 4967 2825 5001 non
2857 4952 3073 5004 vii-endi.

2350 5029 2378 5067 ιι
2406 5018 2697 5091 ΜΫ-εκῑτεε,
2727 5036 2826 5072 non
2844 5025 3151 5091 exstinguet.

2352 5100 2379 5138 τι
2414 5089 2508 5142 Ms.
2542 5089 2672 5158 Reg.
2716 5105 2880 5164 unus,
2903 5089 3152 5147 sentiendi
3189 5109 3359 5164 plena,
3404 5097 3533 5150 vita.
3579 5094 3669 5149 Ms.
3693 5090 3841 5146 Colb.

2280 5175 2439 5281 unu‘s,
2472 5168 2525 5212 ut
2554 5162 2882 5228 permanendi
2921 5162 3268 5235 sentiendigue
3288 5167 3391 5218 vita
3413 5167 3467 5220 in
3498 5181 3639 5237 pana
3658 5178 3843 5233 penna.

2280 5247 2372 5281 nea
2401 5270 2414 5281 .

2279 5247 2393 5284 neat
2401 5270 2414 5283 .

2356 5310 2375 5336 τ
2412 5302 2539 5355 Mss.
2564 5300 2689 5364 duo,
2726 5317 2785 5353 ac
2817 5302 3110 5361 ridendum.

2356 5380 2377 5407 ⁸
2412 5373 2509 5425 Ms.
2544 5387 2699 5436 unus,
2732 5375 3017 5426 voracibus.

2362 5441 2380 5476 ί
2412 5442 2555 5505 ΙΙέΙὈ,
2585 5457 2699 5494 vero
2738 5445 2873 5509 quod
2902 5443 3049 5509 dicit,
3097 5459 3202 5499 non
3245 5456 3374 5501 sunt
3419 5447 3473 5501 in
3520 5459 3642 5499 mss.
3672 5454 3758 5496 nec
3792 5443 3846 5492 il

2287 5510 2476 5581 Lugd.,
2510 5526 2736 5587 quorum
2768 5515 3004 5587 quinque
3030 5531 3041 5565 :
3080 5516 3149 5567 ad
3179 5525 3336 5569 totam
3368 5522 3684 5587 referuntur;
3704 5524 3850 5587 unus

2286 5596 2433 5649 vero,
2458 5588 2569 5649 jam
2594 5586 2712 5650 quia
2745 5584 2999 5638 vermis...
3025 5587 3093 5639 ad
3128 5595 3284 5639 totam
3310 5583 3551 5657 refertur.
3584 5583 3732 5652 Lugd.
3756 5595 3815 5631 re

2282 5661 2569 5705 servantur.

2355 5732 2379 5757 ιι
2404 5724 2497 5776 Ms.
2533 5737 2685 5786 unus,
2726 5723 3001 5789 Quoniam.
