4016 6168
486 313 621 371 495

1834 313 2092 370 JULIANI
2132 314 2409 373 POMERII

3693 332 3787 390 496

496 431 757 491 tendunt,
809 426 1241 499 pervenientihus
1276 426 1573 479 necessaria
1630 440 1751 481 esse
1796 441 1903 482 non
1951 436 2105 496 pote-
2134 434 2184 491 Α
2212 443 2373 499 agere
2396 446 2701 502 perperam,
2734 435 2827 490 sed
2867 436 3189 506 simpliciter
3210 452 3332 493 cum
3363 440 3788 509 omnibuskqui.

514 529 664 585 runt,
691 534 813 575 cum
845 520 949 573 illis
995 516 1490 585 incomparabiliter
1521 517 1742 572 meliora
1774 532 1838 573 ac
1898 519 2100 587 perleco

517 614 651 667 tiora
684 610 1063 665 successerint.
1094 607 1225 674 Qui:
1262 622 1360 662 nec
1388 609 1669 675 prOphetia
1711 607 1783 663 ibi
1807 623 1947 678 opus
1977 609 2102 678 erit,

516 719 636 757 cum
669 702 733 755 ad
777 700 906 755 illud
972 699 1113 768 quod
1160 698 1397 752 futurum
1446 698 1837 766 promittebat,
1886 699 2105 769 impleta

517 791 823 861 perduxerit
848 805 863 855 ;
893 804 990 844 nec
1014 788 1258 852 scientia,
1284 804 1401 855 qua:
1445 788 1586 842 velut
1620 788 1836 842 lucerna
1860 788 2105 857 quaedam

516 885 567 937 in
601 880 757 951 hujus
786 880 966 935 saeculi
1001 890 1160 933 nocte
1192 878 1380 933 ﬁdeles
1412 878 1701 941 illuminat,
1727 894 1848 935 cum
1882 880 1932 934 in
1961 880 2105 934 illius

514 975 636 1027 vitae
667 972 752 1026 die
783 978 1042 1041 perpetuo
1070 968 1158 1024 Sol
1190 967 1517 1036 vivusjttslis
1547 968 1827 1033 effulserit;
1858 983 1956 1024 nec
1987 984 2102 1040 my-

516 1064 803 1120 steriorum
834 1062 1043 1129 notitia,
1062 1069 1153 1116 aut
1180 1061 1293 1130 ipsa
1316 1061 1447 1115 fides
1466 1063 1767 1115 necessaria
1793 1060 2104 1132 erit,quan-

512 1156 581 1210 do
612 1155 677 1209 ad
708 1171 769 1209 ea
800 1169 918 1224 quae
942 1168 1040 1223 per
1069 1153 1384 1224 mysterium
1407 1152 1866 1223 significabantur,
1900 1166 1954 1207 et
1982 1169 2105 1209 cre-

515 1245 779 1301 debantur
804 1260 867 1300 es
895 1245 1018 1311 ﬁde,
1045 1244 1305 1311 perfectio
1324 1244 1628 1298 Christiana
1661 1245 1984 1313 pervenerit.
2008 1246 2108 1299 Ca-

517 1346 649 1397 ritas
676 1359 806 1396 vero
832 1342 917 1396 hic
944 1340 1159 1410 quidem
1191 1341 1489 1394 necessaria
1513 1350 1613 1405 est,
1646 1355 1765 1408 qua:
1806 1354 1903 1396 nos
1951 1355 2110 1410 sepa-

516 1442 601 1487 rat
631 1449 659 1487 a
690 1433 928 1496 diabolo,
964 1430 1211 1500 puriﬁcat
1240 1444 1271 1483 a
1328 1440 1567 1499 peccato.
1620 1431 1936 1485 reconciliat
1965 1430 2104 1498 Deo;

518 1524 612 1577 sed
658 1523 728 1577 ibi
775 1521 1009 1590 perfecta
1038 1521 1162 1585 erit,
1186 1536 1306 1576 cum
1339 1523 1605 1592 perfectos
1643 1522 1774 1589 Deo,
1799 1537 1828 1577 a
1882 1538 1987 1594 quo
2026 1534 2109 1579 est

521 1624 546 1652 ⁸
565 1614 786 1677 donata,
816 1614 1176 1682 conjunxerit.

589 1708 639 1762 ’5.
676 1708 862 1762 Adhuc
892 1708 1181 1776 Apostolus
1203 1707 1410 1762 laudem
1444 1706 1635 1758 ti.\if|:l:
1693 1707 1932 1762 caritatis
1985 1723 2104 1763 am-

2212 520 2441 577 buslibet
2469 527 2750 593 puritatem
2773 528 3238 592 exhiberemullo
3285 532 3423 586 fastu
3482 536 3789 602 perniciosa:

2210 616 2457 670 vanitatis
2509 617 2715 683 inﬂari;
2764 619 2896 673 nihil
2944 634 3130 676 eorum
3170 638 3290 691 qua:
3312 636 3435 677 sunt
3462 626 3657 693 aliena,
3689 629 3791 682 cri-

2212 708 2358 764 mine
2378 709 2685 775 cupiditatis
2710 712 2948 776 ambire;
2978 728 3101 781 quae
3129 729 3224 768 sua
3256 724 3382 769 sunt
3419 732 3528 784 pra:
3553 733 3793 773 commn-

2213 801 2387 852 niunis
2431 802 2571 853 buno
2605 816 2712 855 non
2756 818 3037 871 quaerere;
3067 805 3193 858 nulli
3229 806 3449 869 malum,
3474 808 3796 875 quibuslibet

2216 886 2234 926 ι
2266 891 2500 945 irritatos
2523 892 2751 961 injuriis,
2777 896 3042 963 cogitare;
3069 911 3172 950 non
3198 911 3361 964 super
3382 906 3418 932 ηε
3444 899 3692 967 alicujus,
3711 909 3795 954 aut

2210 982 2293 1036 sui
2342 984 2524 1051 epezis
2592 984 2888 1053 iniquitate,
2943 986 3037 1042 sed
3102 988 3169 1042 de
3233 988 3459 1044 veritate
3524 991 3792 1059 gaudere;

2211 1081 2239 1110 ¹²
2271 1088 2460 1128 omnes
2497 1076 2781 1145 inquietos,
2808 1079 2892 1131 vel
2933 1078 3350 1147 inquietudines,
3386 1081 3603 1135 fundata
3638 1084 3795 1137 animi

2211 1165 2615 1230 tranquillitate,
2646 1168 2896 1234 suticrre,
2932 1180 3047 1237 post
3081 1171 3216 1226 hanc
3242 1172 3401 1225 vitam
3436 1187 3622 1241 poenas
3670 1174 3798 1228 divi-

2212 1259 2354 1313 nitus
2384 1264 2738 1316 connninatas
2765 1262 2990 1317 credere
3019 1271 3044 1299 ο
3082 1265 3389 1327 metuendo.
3425 1268 3647 1335 przcmia
3675 1282 3797 1337 pro-

2214 1352 2375 1405 missa
2401 1367 2618 1420 sperare
2648 1353 2950 1421 gaudendo,
3002 1355 3387 1410 revelatiouem
3438 1357 3672 1411 ﬁliorum
3711 1358 3797 1414 Dei

2212 1445 2523 1500 desiderare
2549 1445 2759 1500 fortiter
2784 1446 3099 1501 susﬁnendo
3129 1462 3145 1500 :
3174 1448 3387 1515 quando
3406 1464 3536 1518 ergo
3553 1450 3796 1505 videmus

2214 1540 2351 1602 haec,
2393 1550 2447 1594 et
2470 1551 2495 1590 ι)
2524 1542 2649 1595 talia
2693 1541 2832 1595 bona
2876 1540 3083 1609 aliquos
3121 1555 3300 1609 posse,
3336 1556 3485 1597 novet
3501 1542 3665 1607 imus,
3697 1557 3797 1597 non

2210 1644 2306 1685 eos
2336 1630 2698 1699 magnitudine
2725 1631 2939 1686 virtutis
2969 1643 3080 1685 sua:
3103 1644 3280 1701 posse,
3309 1632 3451 1701 quod
3493 1633 3682 1688 volunt
3716 1649 3799 1688 ar-

2212 1720 2432 1788 denter,
2462 1732 2517 1778 et
2541 1722 2771 1788 faciunt;
2804 1723 2898 1777 sed
2928 1722 2997 1777 de
3026 1722 3286 1777 beneﬁcio
3342 1723 3486 1779 illius
3527 1725 3796 1788 caritatis.

500 1799 777 1867 -pliﬁcans,
826 1799 1065 1868 adjungit
1096 1809 1150 1853 et
1204 1799 1330 1853 dicit
1357 1817 1367 1851 :
1400 1798 1460 1853 Si
1514 1799 1814 1853 distribuere
1860 1802 1913 1854 in
1968 1802 2103 1857 cibos
2138 1802 2183 1861 Β
2209 1829 2329 1883 qum
2361 1829 2465 1867 non
2494 1822 2579 1869 εει
2605 1829 2673 1869 εχ
2704 1813 2877 1880 nobis,
2903 1813 2999 1869 sed
3029 1812 3221 1868 diﬂusa
3248 1813 3407 1869 estin
3427 1814 3684 1871 cordibus
3711 1831 3802 1870 no.

514 1906 797 1960 pauperum
828 1906 999 1943 omnes
1020 1890 1288 1958 facultates
1313 1906 1467 1956 meas,
1507 1902 1555 1943 et
1598 1892 1642 1944 si
1694 1893 1952 1945 tradidero
1991 1909 2101 1946 cor-

515 1998 611 2049 pus
634 1999 799 2036 meum
827 2026 841 2051 ,
870 1980 896 2019 δ
919 1982 992 2035 ita
1035 1993 1090 2035 ut
1109 1982 1351 2048 ardeam;
1393 1984 1656 2035 caritatem
1684 1996 1852 2039 autent
1879 2001 1979 2051 non
2011 1985 2107 2039 Ita-

514 2075 691 2139 buero,
723 2074 853 2127 nihil
880 2075 1005 2127 mihi
1036 2074 1241 2142 prodest
1267 2072 1322 2144 (I
1350 2073 1466 2127 Cor.
1500 2090 1616 2138 xm,
1645 2076 1719 2143 3).
1752 2075 1859 2131 Nec
1904 2076 2101 2133 imme—

512 2166 638 2221 rito.
659 2166 716 2221 Si
741 2166 880 2221 enim
906 2182 1009 2220 non
1055 2166 1205 2235 quid,
1251 2166 1343 2221 sed
1396 2177 1613 2235 propter
1650 2167 1774 2227 quid
1826 2168 2103 2236 iaciamus,

513 2256 564 2310 in
597 2255 684 2310 illa
715 2256 899 2310 ultima
929 2257 1323 2311 examinatione
1345 2257 1690 2325 quaerendum
1723 2268 1833 2323 est;
1864 2259 2103 2314 eleemu-

500 2360 684 2418 synze,
715 2347 799 2402 vel
831 2359 852 2385 ο
879 2347 1091 2402 traditio
1120 2349 1361 2417 corporis
1389 2348 1441 2401 in
1473 2362 1720 2413 mortem,
1751 2350 1874 2419 quid
1909 2351 2105 2419 prode-

514 2450 636 2493 runt
667 2453 773 2494 non
821 2438 1144 2492 habentibus
1187 2438 1498 2492 caritatem?
1542 2438 1657 2508 Ip<a
1705 2454 1832 2510 ergo
1863 2441 2104 2494 habenda

515 2540 618 2593 est,
648 2530 762 2599 ipsa
791 2529 1064 2596 sectanda,
1132 2528 1249 2583 sine
1287 2544 1391 2599 qua
1430 2544 1529 2584 nec
1578 2531 1950 2602 e'cetttosynm,
2004 2546 2106 2588 nec

515 2620 712 2673 oceisio
741 2633 1000 2687 cOi-ports,
1033 2633 1130 2673 nec
1162 2618 1248 2673 illa
1318 2619 1494 2674 omnia
1544 2620 1793 2688 superius
1823 2621 1984 2687 dicta,
2020 2622 2103 2677 vel

516 2711 618 2763 alia
645 2705 670 2745 ἀ
697 2725 817 2779 qua:
856 2710 899 2762 is
948 2710 1085 2763 bona
1116 2709 1416 2778 perducunt
1445 2720 1468 2747 θ
1492 2711 1699 2777 aliquos
1744 2709 1811 2764 ad
1854 2711 2102 2769 salutem.

515 2801 648 2868 Quia
679 2802 930 2871 qua-libet
973 2800 1113 2854 actio
1154 2801 1292 2855 bima
1337 2800 1418 2855 vel
1464 2801 1664 2869 passio,
1697 2800 1798 2856 nisi
1846 2816 1910 2855 ex
1974 2802 2104 2870 ﬁde,

514 2905 634 2962 qua:
676 2908 768 2961 per
794 2893 1134 2947 dilectionem
1166 2900 1418 2961 operatur
1461 2893 1605 2962 (Gal.
1646 2910 1697 2959 v,
1747 2894 1829 2965 6),
1868 2892 1887 2932 ί
1940 2896 2105 2950 exsti-

516 2985 662 3051 terit,
695 2987 848 3041 nobis
894 2986 1149 3055 prodesse
1179 3000 1283 3040 non
1337 2985 1551 3053 pom-it.
1583 2987 1918 3055 QuaprOpter
1969 2986 2103 3040 nihil

514 3079 593 3134 eis
621 3083 820 3149 peccati
878 3080 1195 3134 damnabilis
1224 3094 1507 3135 remanere
1532 3081 1747 3146 po'erit,
1796 3094 1895 3135 nec
1930 3081 2104 3137 deerit

2210 1905 2336 1960 stris
2381 1921 2478 1976 per
2532 1905 2789 1975 Spiritum
2841 1916 3107 1972 sanctum,
3156 1905 3247 1975 qui
3301 1906 3459 1961 datus
3512 1916 3599 1962 est
3652 1906 3800 1962 nobis

2210 1994 2390 2065 (nom.
2418 2011 2472 2063 v,
2513 1995 2591 2067 5).

2818 2085 3041 2142 CAPUT
3078 2086 3192 2141 XV.

2250 2201 2511 2267 Quantun
2540 2217 2628 2272 per
2642 2202 2860 2256 "ectionis
2884 2204 3073 2255 caritas
3097 2205 3147 2255 in
3173 2220 3226 2257 se
3248 2203 3483 2272 fundatis
3512 2205 3767 2260 exhibeat.

2282 2336 2333 2389 t.
2358 2334 2498 2403 Ergo
2519 2335 2561 2387 si
2590 2335 2866 2388 caritatem
2894 2333 3004 2387 Deo
3034 2333 3382 2389 exbibeamus
3424 2344 3477 2389 et
3528 2338 3800 2405 proximo,

2209 2426 2443 2479 decorde
2472 2441 2621 2496 puro,
2652 2438 2696 2479 et
2717 2425 3027 2478 conscientia
3065 2424 3217 2488 bona,
3269 2434 3317 2478 et
3369 2424 3471 2493 [ide
3524 2443 3629 2479 non
3677 2428 3797 2495 ﬁcta

2211 2515 2265 2589 (I
2299 2516 2437 2570 Tim.
2466 2531 2504 2584 ι,
2539 2517 2618 2586 5),
2655 2516 2807 2572 facile
2836 2527 3054 2585 peccato
3097 2518 3417 2581 resistimus,
3448 2517 3602 2572 bonis
3632 2521 3803 2573 omni-

2212 2608 2311 2661 bus
2352 2607 2711 2672 abundamus,
2744 2606 2925 2662 szecnli
2980 2606 3339 2662 blandimenta
3386 2610 3801 2672 contemnimus,

2209 2705 2264 2752 et
2291 2697 2472 2752 omnia
2495 2712 2614 2766 qua:
2636 2696 2871 2752 difﬁcilia
2902 2706 3029 2752 sunt
3067 2696 3319 2751 humana:
3369 2698 3664 2766 [μεθίημιιῇ
3720 2704 3803 2754 vel

2209 2805 2431 2860 aspera,
2489 2794 2650 2844 etiam
2707 2805 2827 2843 cum
2876 2800 2904 2839 τι
2949 2789 3304 2845 delectatione
3365 2789 3710 2860 perﬁcimus;
3758 2794 3802 2846 si

2210 2890 2386 2936 tamen
2421 2881 2585 2935 Deum
2617 2882 2838 2935 caritate
2890 2880 3148 2950 perfecta,
3199 2895 3319 2951 quae
3370 2882 3663 2940 nobisrab
3712 2885 3802 2940 illo

2207 2982 2311 3040 est,
2345 2988 2409 3027 ex
2443 2980 2553 3026 toto
2583 2971 2770 3037 corde,
2800 2987 2866 3027 ex
2890 2981 2997 3026 tota
3028 2970 3225 3039 anima,
3260 2981 3311 3026 et
3340 2987 3405 3028 ex
3439 2974 3566 3029 totis
3598 2975 3802 3029 viribus

2207 3065 2490 3134 diligamus
2521 3063 2699 3136 (Deut.
2730 3080 2799 3128 vt,
2840 3064 2901 3129 5;
2944 3062 3134 3119 Matth.
3166 3080 3295 3130 uti,
3326 3064 3423 3129 57;
3450 3065 3580 3119 Luc.
3607 3084 3661 3133 ι,
3694 3068 3800 3134 27;

514 3171 710 3241 aliquid
769 3171 912 3236 beni,
966 3172 1159 3238 quibus
1210 3172 1427 3237 caritas,
1472 3173 1649 3227 omnis
1714 3172 2100 3243 inquinamenti

2215 3156 2378 3212 Marc.
2414 3172 2505 3224 xu,
2538 3156 2653 3226 '50).
2690 3156 2767 3210 Es
2799 3172 2858 3211 ea
2908 3157 3051 3211 enim
3105 3166 3259 3225 parte
3324 3159 3446 3227 quis
3493 3169 3702 3228 peccat.
3734 3176 3802 3217 ex

516 3261 810 3327 mundatio,
868 3271 924 3316 et
967 3262 1226 3316 bonorum
1281 3262 1516 3317 omnium
1569 3273 1740 3318 mater
1811 3263 2102 3319 alﬁuxerit.

515 3352 777 3417 Quoniam
808 3351 1021 3417 quidem
1046 3351 1089 3405 si
1114 3353 1302 3405 caritas
1329 3354 1528 3421 patiens
1562 3363 1665 3418 est,
1699 3352 1915 3423 benigna
1945 3364 2038 3419 cst,
2058 3354 2103 3409 si

516 3458 616 3495 non
637 3442 927 3509 aemulatur,
949 3457 1049 3495 non
1076 3442 1181 3512 agit
1212 3457 1499 3510 perperam,
1520 3457 1622 3495 non
1648 3442 1882 3511 inﬂatur,
1901 3459 2001 3497 non
2029 3452 2103 3497 est

516 3534 801 3600 ambitiosa,
820 3549 922 3587 non
943 3533 1123 3602 quierit
1152 3548 1266 3603 quae
1293 3549 1385 3586 sua
1405 3541 1562 3595 sunt;
1591 3548 1692 3585 non
1721 3534 1976 3600 irritatur,
2001 3550 2103 3588 non

516 3627 699 3695 cogitat
740 3626 954 3690 malum,
986 3640 1088 3678 non
1106 3626 1293 3695 gaudet
1322 3640 1473 3695 super
1499 3624 1790 3694 iniquitate,
1817 3627 2102 3695 congaudet

512 3726 688 3770 autem
716 3717 941 3782 veritati;
974 3716 1018 3770 si
1051 3716 1221 3769 omnia
1257 3714 1459 3783 su/fert,
1510 3716 1683 3770 omnia
1722 3715 1904 3781 credit,
1933 3717 2104 3770 omnia

514 3818 705 3873 sperat,
730 3809 901 3862 omnia
923 3809 1137 3863 sustinet
1161 3806 1216 3881 (I
1239 3806 1357 3862 Cor.
1391 3824 1503 3863 xm.
1534 3808 1568 3862 4
1597 3819 1643 3862 et
1665 3807 1860 3880 seqq.);
1886 3819 1911 3858 8
1935 3820 1983 3864 et
2008 3826 2104 3866 eos

512 3900 570 3954 in
599 3898 791 3967 quibus
818 3899 1261 3964 fuerit,omnihus
1285 3900 1367 3953 his
1396 3900 1549 3955 bonis
1576 3914 1695 3970 qua:
1719 3900 1876 3954 habet
1908 3901 2105 3970 imper-

516 3989 757 4060 titzquid
794 3990 830 4043 il
857 3992 900 4044 is
931 4004 1050 4046 esse
1089 4000 1261 4060 potest
1305 3991 1355 4045 in
1397 3991 1496 4046 hac
1523 3992 1632 4046 vita
1672 3992 1978 4061 perfectius,
2012 3992 2103 4062 qui

516 4083 680 4137 tantis
714 4082 1008 4151 abundant,
1041 4087 1265 4139 caritate
1301 4085 1351 4139 in
1386 4099 1444 4141 se
1475 4095 1750 4155 regnante,
1779 4086 2104 4141 virtutibus?

587 4176 643 4229 4.
688 4176 920 4232 Proinde
969 4177 1182 4247 quando
1234 4178 1476 4233 videmus
1543 4179 1751 4247 aliquos
1781 4174 1807 4213 δ
1835 4177 2105 4246 patientia

510 4268 657 4320 mole
686 4264 934 4321 fundatus
959 4268 1334 4323 inconcussum
1368 4276 1550 4337 pectus
1579 4267 1926 4322 saevientibus
1949 4268 2103 4322 malis

512 4372 819 4425 opponere;
851 4359 1173 4412 abundantia
1203 4366 1403 4412 sanctae
1435 4358 1780 4428 benignitatis
1808 4357 1822 4395 ί
1858 4358 2099 4425 affectos,

512 4450 715 4503 bonum
746 4464 899 4503 suum
930 4449 1065 4503 velle
1102 4464 1221 4503 cum
1258 4450 1506 4505 omnibus
1548 4449 1744 4505 habere
1792 4465 2098 4519 commune,

2206 3266 2309 3320 qua
2349 3249 2526 3304 minus
2553 3248 2726 3318 diligit
2778 3248 2945 3303 Deum
2979 3264 3172 3317 :quem
3204 3249 3247 3303 si
3280 3264 3347 3304 ex
3372 3260 3482 3305 toto
3527 3251 3692 3306 corde
3715 3252 3802 3306 di-

2207 3342 2451 3412 ligamus,
2476 3340 2611 3395 nihil
2667 3340 2770 3394 erit
2802 3339 2857 3394 in
2897 3339 3054 3395 nobis
3102 3341 3246 3397 unde
3286 3343 3487 3412 peccati
3514 3343 3805 3399 desideriis

2206 3437 2525 3491 serviamus.
2590 3432 2659 3487 Et
2699 3431 2825 3501 quid
2868 3442 2953 3488 est
2998 3432 3221 3503 diligere
3272 3435 3463 3502 Deum,
3511 3438 3619 3492 nisi
3652 3448 3673 3475 ⁸
3724 3438 3805 3494 illi

2205 3531 2457 3599 occupari
2531 3532 2734 3597 animo,
2786 3534 3072 3604 concipere
3107 3533 3349 3589 fruenda:
3407 3534 3635 3591 visionis
3681 3536 3810 3607 ejus

2204 3621 2477 3689 affectum,
2509 3625 2714 3693 peccati
2740 3625 2945 3690 odium,
2973 3625 3157 3681 mundi
3200 3625 3514 3692 fastidium;
3568 3627 3809 3698 diligere

2205 3715 2364 3768 etiam
2416 3715 2716 3783 proximum
2746 3714 2965 3786 (Matth.
3014 3731 3068 3783 v,
3124 3717 3243 3787 45),
3285 3732 3442 3787 quem
3489 3718 3608 3787 ipse
3650 3719 3706 3772 in
3746 3733 3812 3774 se

2204 3805 2416 3860 censuit
2459 3803 2786 3876 diligendum
2816 3805 2874 3872 ις
2909 3806 2962 3861 in
2992 3806 3108 3876 ipso
3149 3822 3335 3863 amore
3362 3823 3585 3863 servare
3626 3809 3814 3880 legiti-

2205 3914 2349 3953 mum
2382 3899 2620 3966 modum,
2680 3912 2781 3954 nec
2837 3913 3145 3969 pervertere
3194 3901 3496 3956 dilectionis
3549 3902 3812 3958 ordinem

2204 3990 2590 4045 constitutum?
2619 3989 2875 4045 Ordinem
2902 3989 3208 4046 dilectionis
3234 3991 3309 4045 illi
3341 4000 3684 4061 pervertunt,
3703 4007 3816 4048 nec

2207 4079 2419 4136 modum
2448 4080 2703 4151 diligendi
2732 4082 3065 4149 custodiunt,
3126 4082 3215 4152 qui
3259 4091 3353 4137 aut
3388 4083 3653 4138 mundum
3714 4084 3821 4156 qui

2203 4172 2629 4226 contemnendus
2658 4182 2761 4236 est,
2782 4170 3039 4241 diligunt,
3071 4180 3164 4226 aut
3196 4186 3423 4241 corpora
3481 4186 3577 4227 sua
3619 4175 3822 4229 minus

2206 4261 2496 4333 diligenda,
2554 4262 2671 4331 plus
2731 4261 2991 4332 diligunt;
3024 4271 3125 4317 .aut
3174 4264 3448 4333 proximos
3496 4278 3610 4320 non
3661 4268 3824 4324 sient

2204 4354 2433 4425 seipsos,
2459 4361 2547 4407 aut
2581 4353 2749 4408 Deum
2774 4354 2893 4423 plus
2930 4369 3088 4423 quam
3112 4353 3316 4424 seipsos
3347 4354 3418 4410 [οι
3434 4365 3486 4410 te
3533 4369 3649 4413 non
3686 4358 3825 4413 dili-

2205 4457 2335 4518 gunt
2371 4445 2648 4516 (Videntur
2678 4444 2811 4515 Aug.
2844 4461 2960 4513 cap.
2988 4444 3079 4508 27,
3118 4445 3157 4499 ι.
3190 4461 3228 4508 ι,
3260 4446 3323 4499 de
3372 4446 3525 4501 Dect.
3549 4446 3822 4519 Clu-531.).

515 4555 622 4594 non
652 4540 919 4610 aliquibus
944 4540 1181 4594 ardentis
1210 4540 1429 4595 invidiae
1476 4539 1678 4598 facibus
1706 4541 1722 4593 i
1762 4543 1950 4612 coqui;
1992 4558 2099 4600 non
2130 4535 2185 4598 Ι)
2277 4538 2334 4594 2.
2367 4536 2474 4594 Sed
2502 4537 2570 4592 de
2589 4536 2811 4603 mundo,
2842 4537 2982 4606 quod
3013 4538 3161 4607 diligi
3187 4538 3409 4594 omnino
3441 4554 3547 4594 non
3576 4540 3823 4609 debeat,

586 4684 611 4712 ³
644 4676 769 4729 Mss.
795 4674 924 4736 duo,
955 4690 986 4726 a
1012 4688 1111 4739 quo
1137 4684 1209 4725 est
1240 4674 1310 4726 eis
1333 4675 1542 4728 donata.

584 4743 612 4781 δ
643 4744 718 4797 Ita
749 4759 880 4798 mss.
910 4758 1023 4798 ses.
1060 4745 1220 4809 Editi,
1252 4754 1304 4797 ut
1324 4746 1495 4798 ardea!
1516 4761 1535 4811 ;
1557 4754 1611 4800 et
1668 4745 1825 4812 infra,
1872 4761 1971 4799 non
2004 4746 2097 4799 ha-

506 4816 675 4866 beam.

588 4893 610 4921 ε
638 4882 798 4949 Etlili,
827 4883 1142 4936 traditiones.
1174 4883 1322 4950 Mss.,
1355 4884 1580 4937 traditio.

582 4951 609 4989 ά
642 4953 766 5007 Mss.
803 4956 931 5021 duo,
957 4954 1215 5023 qutelibet.

585 5032 608 5058 '
640 5025 737 5080 Ms.
765 5040 923 5089 unus,
948 5026 1222 5077 hominem.
1258 5024 1427 5085 Alter,
1463 5025 1707 5077 homines.

588 5092 606 5129 ί
636 5096 760 5150 Mss.
794 5111 910 5157 sex,
941 5094 1315 5149 exstiterint....
1351 5104 1606 5162 poterunt.

582 5172 607 5209 ι
641 5168 764 5220 Mss.
784 5166 935 5221 Colb.
994 5167 1493 5234 quatuoroniittunt
1545 5164 1858 5233 particulam
1913 5178 1997 5233 et;
2037 5175 2092 5223 et

513 5237 645 5289 inl’ra
678 5247 786 5291 tres
816 5254 879 5290 ex
911 5234 992 5288 his
1022 5251 1140 5288 cum
1176 5236 1303 5304 μσς.
1330 5235 1557 5299 duobus,
1582 5244 1629 5291 et
1658 5235 1780 5301 quid
1797 5236 1920 5290 illis.

581 5304 606 5342 ιι
632 5308 728 5360 Ms.
777 5306 988 5373 Camb.,
1048 5308 1292 5373 patientia
1358 5306 1482 5362 bene
1536 5307 1794 5375 t‘undutos.
1842 5307 1988 5362 Linus
2025 5323 2090 5363 ex

508 5377 660 5430 Coll).
693 5378 937 5446 patientia
956 5382 1216 5442 ,‘untlatos.

589 5446 603 5483 ί
633 5448 731 5501 Ms.
772 5461 929 5510 tinus,
954 5446 1299 5512 aFcctuOsius.
1335 5447 1430 5501 Ms.
1461 5446 1674 5512 Catiib.,
1700 5446 1939 5515 c/fertum
2001 5447 2090 5502 bo-

508 5534 631 5569 num
661 5534 830 5579 suum,
854 5528 959 5571 etc.

582 5590 596 5635 J
638 5588 734 5642 Ms.
766 5588 1272 5655 unus,coinquinuri.
1301 5589 1435 5642 Fului
1465 5598 1514 5643 el
1544 5605 1643 5643 ms.
1680 5604 1836 5651 unus,
1866 5604 1965 5641 non
1995 5586 2092 5640 ali-

508 5658 691 5725 quibus
717 5658 1029 5711 ardentibus.

581 5727 603 5763 ι
640 5728 765 5781 Mss.
798 5730 945 5785 Colb.
978 5739 1083 5783 tres
1110 5736 1165 5784 et
1183 5726 1366 5783 Camb.
1396 5746 1425 5793 q
1446 5730 1571 5781 tibus
1603 5731 1742 5782 tlelict
1772 5728 1968 5796 paritas
1998 5743 2092 5781 (1'-

2199 4674 2377 4729 hibcri.
2402 4671 2498 4726 Ms.
2527 4671 2659 4740 Reg.
2693 4688 2848 4736 unus,
2878 4673 2967 4726 sed
2992 4673 3363 4744 simplicitatem
3424 4691 3541 4729 cum
3562 4680 3832 4735 omnibus

2200 4744 2501 4817 quibuslibet
2523 4744 2759 4817 puritatis
2780 4744 3029 4817 exhibere.

2275 4812 2293 4852 1
2340 4815 2439 4895 Ms.
2485 4829 2642 4880 unus,
2675 4815 2976 4895 instigatos;
2999 4814 3279 4895 ms._altcr,
3309 4816 3574 4895 irrogatis.

2272 4894 2310 4921 ιη
2336 4886 2431 4939 Ms.
2464 4899 2620 4949 unus,
2651 4900 2710 4938 ac
2735 4884 2837 4937 sui.
2870 4884 3035 4949 Alias,
3068 4887 3287 4954 alicujus
3315 4884 3517 4940 adversi
3537 4893 3764 4955 operis.

2265 4964 2293 4992 ιι
2308 4956 2406 5027 Ms.
2428 4968 2582 5027 unus,
2603 4971 2774 5008 omnes
2793 4955 3167 5027 inquietudines
3187 4958 3262 5009 vel
3278 4958 3527 5025 inquietos
3550 4959 3837 5027 furrdata,

2168 5074 2179 5083 .
2196 5036 2303 5083 etc.
2324 5026 2428 5097 Ms.
2458 5024 2614 5088 alter,
2638 5042 2809 5079 omnes
2835 5026 3214 5094 inquietudines
3236 5024 3437 5097 fortiter
3460 5024 3671 5096 animi,
3714 5024 3839 5089 ειςξ

2272 5105 2297 5132 ο
2323 5096 2449 5150 Mss.
2466 5107 2714 5162 quatuor,
2742 5112 2841 5149 non
2859 5098 3144 5149 metuendo.

2269 5176 2297 5215 P
2322 5165 2419 5237 Ms.
2451 5181 2609 5229 unus,
2644 5176 2689 5219 et
2710 5167 2816 5218 alia
2836 5166 2968 5237 bona
2993 5182 3139 5233 posse
3164 5166 3385 5237 aliquos.

2267 5245 2295 5286 (ι
2324 5235 2449 5289 Mss.
2486 5245 2615 5300 tres,
2643 5251 2758 5288 cum
2780 5236 3066 5289 dilectione.

2271 5315 2293 5344 τ
2330 5305 2468 5360 Editi
2494 5320 2615 5359 cum
2648 5306 2963 5375 quibusdam
2992 5320 3142 5363 inss..
3168 5307 3340 5361 exilio
3358 5317 3453 5364 est.

2274 5383 2301 5457 ᾖ
2327 5376 2489 5440 Editi,
2512 5378 2588 5457 illi
2612 5376 3130 5457 occuparenanitnstnt.
3156 5377 3282 5457 Mss.
3314 5389 3455 5457 tres,
3516 5378 3625 5435 illo
3692 5382 3845 5457 [duo

2200 5445 2303 5518 illi]
2331 5448 2567 5518 occupari
2586 5448 2778 5500 animo.
2807 5447 2975 5512 Alias,
2997 5447 3074 5501 illi
3090 5449 3325 5515 copulari
3351 5448 3547 5503 animo.

2274 5519 2291 5553 ⁸
2322 5518 2420 5574 Ms.
2443 5517 2596 5574 Cnlb.
2622 5532 2780 5582 unus,
2803 5517 2857 5569 in
2874 5518 2985 5592 ipso
3026 5534 3052 5571 s
3081 5533 3227 5592 reare
3264 5534 3479 5592 Δαιτιοι-εΔ
3506 5522 3846 5592 legitimum

2197 5603 2408 5653 morem,
2436 5603 2525 5658 nec
2544 5598 2824 5658 pervertere
2851 5585 3079 5641 ordinem
3102 5587 3408 5642 dilectionis.
3437 5585 3846 5653 Constitutth

2196 5659 2427 5711 ordinem
2448 5657 2733 5712 dilectionis
2775 5658 2854 5712 illi
2898 5666 3210 5726 pervertunt,
3263 5666 3371 5713 etc.
