4024 6176
1356 338 1444 393 DE
1489 339 1643 395 νιτΑ
1682 342 1850 398 CONT

1962 346 2251 406 PLATIVA
2295 353 2418 409 LIB.
2464 357 2546 414 Ill.
3477 376 3593 429 493-

290 451 472 515 iPsms
526 447 812 560 οξξηοεξτί
837 464 940 560 De:
981 460 1224 560 ξξιηοῗξξξῖ
1277 451 1536 560 Joanne?!
1590 460 1887 560 ³Ρξδξῑριηηι
1924 467 1970 521 Δ
1995 469 2141 534 juxta
2173 473 2300 529 illud
2333 480 2472 546 quod
2527 480 2655 536 dicit
2698 481 2928 552 Spiritus
2973 499 3214 560 sanctus,
3245 491 3271 529 ιι
3307 493 3576 550 ()rdt'navit

287 553 400 588 vox
433 546 541 601 εει,
574 537 803 593 dicentis
838 555 851 593 :
888 538 1063 594 Nolite
1111 541 1322 612 diligere
1359 546 1601 598 mundum
1650 546 1703 615 (I
1733 547 1890 603 Joan.

286 642 348 691 ll,
395 627 510 695 l5).
542 626 749 698 Corpus
777 637 953 682 autem
992 639 1254 696 nostrum,
1287 634 1409 699 quia
1448 649 1569 702 pars
1594 639 1756 690 nostri
1785 650 1887 703 est,

281 717 353 769 atl
384 717 494 771 hoc
522 717 679 772 nobis
705 727 782 772 est
809 718 1160 787 diligendum,
1204 731 1261 774 ut
1305 725 1463 777 saluti
1519 725 1655 794 ejus,
1690 742 1751 783 ac
1782 728 1889 783 fra-

277 811 489 876 gilitati
521 811 837 864 naturaliter
866 813 1228 879 consulamus,
1253 823 1306 868 et
1360 831 1576 884 agamus
1625 831 1889 888 quatenus

276 899 514 964 spiritui
551 909 575 936 ⁸
607 900 853 954 ordinate
891 902 1209 970 subjectum,
1243 905 1306 958 ad
1339 917 1590 960 :eternam
1634 911 1881 977 salutem,

273 998 516 1058 accepta
551 989 974 1057 immortalitate,
1023 1003 1076 1045 et
1130 995 1528 1063 incorruptione
1575 1004 1878 1069 perveniat;

274 1094 394 1134 non
454 1082 569 1135 suis
625 1083 980 1150 voluptatibus
1043 1085 1356 1154 difﬂuendu,
1404 1092 1604 1145 animm
1651 1093 1880 1162 rigorem

273 1171 386 1224 sibi
422 1172 673 1226 cedentis
721 1174 981 1236 emolliat,
1035 1177 1320 1242 puritatem
1370 1180 1592 1249 polluat,
1631 1193 1686 1237 et
1715 1193 1878 1241 totam

268 1262 613 1329 dignitatem
658 1279 768 1317 sua:
828 1263 854 1301 δ
897 1266 1267 1321 delectationis
1313 1272 1498 1326 morbo
1545 1287 1876 1345 corrumpat.

270 1352 580 1406 Proximos
617 1364 791 1408 autem
841 1363 966 1409 tunc
1012 1356 1280 1426 diligimus
1329 1361 1466 1416 sicut
1517 1379 1635 1430 nos,
1677 1368 1723 1421 si
1770 1386 1876 1424 non

267 1455 513 1510 prapter
546 1445 747 1513 aliquas
779 1447 1032 1502 utilitates
1060 1459 1292 1514 nostras,
1339 1467 1445 1506 non
1504 1467 1718 1524 propter
1755 1474 1874 1529 Spe-

261 1544 391 1586 rata
465 1533 723 1590 beneficia
791 1537 871 1591 vel
931 1549 1168 1607 accepta,
1204 1557 1308 1596 non
1340 1555 1559 1612 propter
1585 1547 1874 1607 affinitates

261 1622 352 1676 vel
381 1626 920 1693 consanguinitates;
945 1627 1040 1681 sed
1078 1642 1295 1698 propter
1345 1633 1446 1687 hoc
1475 1643 1702 1703 tantum,
1727 1645 1867 1709 quod

253 1721 397 1766 sunt
436 1724 644 1768 natura:
672 1725 866 1770 nostrae
888 1719 1191 1788 participes,
1225 1721 1502 1791 diligamus
1553 1743 1565 1779 :
1612 1731 1732 1797 quia
1763 1747 1868 1786 non

251 1824 356 1863 eos
382 1811 544 1865 sicut
570 1828 662 1865 nos
689 1812 831 1880 ipsos
857 1827 1122 1880 amamus,
1153 1818 1367 1885 quando
1398 1835 1618 1891 propter
1659 1825 1748 1878 illa
1773 1842 1858 1880 su-
1902 1824 1947 1884 Β

251 1901 462 1966 perius
512 1903 650 1956 dicta
700 1901 988 1972 diligimus.
1039 1905 1222 1974 Neque
1280 1910 1422 1962 enim
1458 1920 1481 1948 ε
1515 1911 1635 1967 ideo
1694 1918 1872 1983 proxi-

247 2006 417 2044 mum
454 2001 704 2061 tanquam
755 1995 990 2062 seipsum
1041 1995 1214 2066 diligit
1267 2000 1526 2068 quisque,
1582 2004 1704 2072 quia
1762 2007 1860 2060 sibi

247 2079 464 2146 frater,
503 2093 594 2137 aut
629 2099 813 2148 soror,
849 2094 999 2152 pater
1048 2097 1139 2140 aut
1181 2087 1341 2153 filius,
1390 2099 1560 2146 mater
1615 2103 1707 2149 aut
1739 2097 1865 2165 lilia,

244 2185 442 2239 nepos
489 2181 586 2225 aut
633 2175 807 2242 neptis
837 2183 939 2228 est.
991 2175 1289 2232 Carnaliter
1345 2178 1543 2250 quippe
1581 2194 1747 2251 amat,
1777 2189 1864 2255 qui

243 2262 452 2316 taliter
478 2274 624 2318 amat
685 2281 700 2320 :
751 2268 998 2334 quoniam
1045 2283 1152 2321 non
1182 2269 1255 2322 illi
1288 2278 1489 2325 tantum
1518 2277 1746 2340 proximi
1770 2293 1866 2334 no-

240 2352 348 2405 stri
376 2354 645 2408 credendi
670 2364 793 2409 sunt
821 2395 835 2417 ,
867 2371 1003 2425 quos
1032 2359 1184 2412 nobis
1204 2360 1402 2428 gradus
1428 2365 1703 2431 sanguinis
1736 2367 1862 2436 juno

237 2445 354 2512 git;
395 2447 501 2500 sed
538 2447 759 2514 proximi
785 2449 949 2502 nostri
979 2450 1229 2504 credendi
1253 2462 1377 2507 sunt
1405 2469 1592 2510 omnes
1623 2459 1864 2520 homines

239 2547 473 2590 natura:
509 2546 723 2602 nostrai,
756 2537 892 2591 sicut
938 2539 1069 2605 dixi,
1113 2542 1420 2610 participes.
1474 2544 1605 2600 Nam
1653 2549 1696 2601 si
1739 2563 1864 2616 pro-

234 2625 501 2691 pinquos
537 2637 766 2694 nostros,
801 2630 1041 2696 quamvis
1064 2629 1488 2700 imcompositos,
1545 2643 1746 2706 turpes,
1795 2653 1860 2695 ac

231 2717 397 2769 male
432 2725 697 2781 moratos,
724 2718 841 2785 plus
870 2733 1029 2786 quam
1074 2721 1338 2788 quoslibet
1391 2734 1629 2790 sanctos,
1671 2742 1856 2795 quosa

232 2808 412 2860 nobis
445 2808 743 2862 secundum
797 2811 1106 2879 sanguinem
1141 2826 1395 2868 vocamus
1421 2825 1731 2884 extraneos,
1762 2820 1838 2874 di-

229 2901 530 2969 ligamus;
566 2916 668 2956 non
699 2902 870 2956 solum
901 2905 1187 2959 carnaliter
1221 2905 1507 2975 diligimus,
1555 2910 1650 2964 sed
1685 2913 1850 2969 etiam

229 2993 500 3061 graviter
533 2991 583 3045 in
609 2993 696 3046 tali
727 3007 914 3047 eorum
943 2994 1229 3051 dilectione
1258 3011 1560 3065 peccamus.

303 3083 364 3135 5.
406 3082 650 3138 Proinde
681 3085 970 3139 secundum
1004 3102 1098 3140 nos
1145 3090 1416 3156 proximos
1465 3107 1652 3148 omnes
1673 3095 1851 3167 diligi-

223 3190 387 3239 mus,
424 3175 646 3244 quando
674 3176 739 3229 ad
765 3191 941 3232 mores
980 3177 1168 3239 bonos.
1197 3189 1250 3234 et
1297 3181 1360 3234 ad
1391 3191 1646 3239 aeternam
1675 3185 1838 3242 vitam

221 3264 715 3333 cenaequendam,
739 3265 879 3322 sicut
930 3267 1104 3334 nobis,
1160 3269 1322 3324 saluti
1369 3285 1554 3326 eorum
1608 3277 1845 3332 consuli-

223 3372 399 3418 mus;
433 3357 653 3425 quando
675 3371 772 3411 nos
802 3358 853 3411 in
882 3372 1065 3413 eorum
1097 3361 1329 3427 peccatis
1360 3376 1422 3416 ac
1478 3364 1728 3432 periculis
1752 3381 1843 3422 co-

220 3450 524 3512 gitamus;
557 3457 610 3502 et
637 3448 774 3503 sicut
814 3451 966 3503 nobis
1006 3451 1278 3505 subveniri
1304 3449 1330 3489 ά
1365 3462 1632 3522 optamus,
1656 3459 1725 3512 ita
1759 3459 1840 3514 eis

222 3549 250 3578 ⁸
269 3555 387 3610 pro
408 3541 621 3594 viribus
638 3541 1008 3607 subvenimus;
1038 3553 1130 3598 aut
1155 3544 1199 3598 si
1230 3544 1449 3601 facultas
1475 3547 1723 3618 defuerit,
1739 3567 1836 3606 vo-

219 3631 514 3684 luntatem
546 3631 894 3686 subveniendi
919 3641 1183 3690 tenemus.
1222 3635 1558 3705 Quapropter
1599 3640 1714 3696 haec
1755 3652 1838 3699 est

219 3723 480 3788 proximi
538 3733 641 3776 tota
687 3724 925 3789 dilectio,
958 3733 1014 3779 ut
1062 3726 1260 3781 bonum
1300 3729 1439 3797 quod
1473 3731 1564 3786 tibi
1595 3733 1834 3790 conferri

213 3816 330 3880 vis,
369 3813 523 3867 velis
551 3823 604 3868 et
632 3814 914 3882 proximo;
954 3813 972 3852 τ
1005 3825 1060 3870 et
1114 3817 1335 3883 malum,
1369 3821 1510 3888 quod
1551 3821 1647 3876 tibi
1694 3824 1834 3878 nolis

213 3901 518 3963 accidere,
551 3903 687 3956 nolis
716 3913 766 3956 et
793 3904 1058 3972 proximo.
1091 3905 1167 3960 Illi
1214 3921 1345 3961 vero
1389 3908 1509 3977 plus
1561 3925 1719 3980 quam
1771 3928 1832 3969 se

209 3996 472 4063 diligunt
495 3994 684 4056 Deum,
713 3995 802 4064 qui
850 4011 947 4064 pro
985 3998 1100 4066 ejus
1139 4014 1322 4053 amore
1373 4013 1485 4054 suae
1528 4003 1594 4055 ad
1620 4012 1831 4073 tempus

212 4087 404 4141 saluti
439 4100 550 4140 non
582 4096 838 4153 parcunt;
870 4089 1074 4156 seipsos
1099 4089 1529 4147 tribulationibus
1579 4109 1642 4148 ac
1688 4098 1829 4161 peri-

205 4177 364 4231 culis
426 4176 667 4239 tradunt,
705 4177 894 4231 nudari
949 4178 1285 4236 facultatibus
1334 4183 1586 4250 propriis,
1641 4187 1827 4254 patria:

207 4282 333 4321 sua:
407 4273 656 4320 extorres
688 4267 823 4333 fieri,
862 4270 1169 4336 parentibus
1212 4278 1267 4324 et
1319 4273 1575 4326 uxoribus
1608 4288 1670 4328 ac
1703 4276 1825 4331 filiis

204 4358 332 4411 suis
402 4356 712 4410 renuntiare
757 4357 926 4426 parati
982 4370 1134 4424 sunt;
1186 4369 1240 4414 et
1293 4369 1350 4414 ut
1399 4369 1568 4416 tomm
1624 4365 1820 4434 dicam,

206 4447 407 4515 ipsam
434 4444 676 4514 corporis
709 4454 932 4501 mortem
973 4463 1078 4501 non
1135 4449 1308 4502 solum
1357 4464 1464 4504 non
1519 4451 1813 4524 refugiunt,

1997 566 2049 617 in
2105 583 2185 620 me
2214 572 2473 623 caritatem
2506 573 2674 648 (Cant.
2707 591 2763 643 tt,
2797 579 2851 648 4)
2872 595 2885 644 ;
2909 589 2964 633 ut
2993 582 3131 636 sicut
3159 584 3404 639 ordinata
3431 589 3572 642 cari-

1996 669 2075 714 tas
2101 663 2292 730 posrit,
2327 664 2492 719 Deum
2527 667 2888 739 principaliter
2918 672 3235 741 diligamus;
3279 685 3330 730 et
3360 689 3576 747 propter

1993 753 2185 822 ipsum,
2221 755 2271 809 in
2301 755 2416 824 ipso
2437 773 2496 812 ea
2522 775 2639 828 quae
2689 760 2954 832 diligenda
2996 772 3139 831 sunt,
3167 776 3368 821 tantum
3399 785 3572 837 quan-

1991 854 2100 900 tum
2159 848 2272 915 ipse
2301 852 2539 919 prmeipit
2581 851 2862 920 diligamus
2923 853 3106 926 (Levit.
3152 859 3404 926 Xlx,19).
3456 861 3572 928 Ipse

1985 940 2129 994 enim
2176 939 2191 976 ί
2259 943 2498 1011 przrcipit
2557 953 2614 997 ιιι
2667 958 2891 1011 corpora
2950 956 3128 1001 nostra
3182 960 3398 1017 propter
3450 966 3570 1015 nos,

1987 1033 2258 1099 proximos
2293 1031 2306 1081 Ξ
2339 1033 2477 1088 sicut
2500 1050 2616 1099 nos,
2633 1045 2685 1090 ct
2708 1036 2878 1105 ipsum
2904 1037 3020 1103 plus
3045 1053 3201 1107 quam
3226 1055 3323 1094 nos
3348 1041 3572 1109 diligere

1983 1121 2274 1177 debeamus
2305 1125 2522 1192 (.llatth.
2558 1126 2688 1193 xxu)
2720 1142 2733 1181 :
2767 1126 2834 1180 ita
2864 1142 3013 1193 sane,
3040 1138 3097 1182 ut
3126 1130 3205 1182 cis
3249 1145 3384 1196 quos
3410 1131 3566 1184 nobis

1981 1215 2376 1282 coniunctiores
2430 1215 2760 1271 familiaritas
2813 1218 2964 1280 facit,
3022 1220 3066 1272 si
3122 1235 3215 1273 eos
3270 1222 3406 1274 fama
3459 1238 3565 1276 non

1981 1309 2253 1376 reprobat,
2282 1317 2335 1363 et
2364 1309 2469 1362 vita
2500 1311 2861 1374 commendat,
2887 1326 2984 1365 nos
3020 1315 3249 1381 amplius
3291 1316 3563 1383 impenda-

1979 1413 2127 1462 mus,
2153 1400 2390 1453 omnium
2436 1400 2704 1468 profectus
2757 1413 2968 1457 nostros
3007 1417 3127 1459 esse
3177 1406 3476 1471 credamus,
3510 1416 3567 1460 et

1976 1491 2043 1544 de
2073 1491 2297 1545 aliorum
2327 1493 2557 1560 peccatis
2585 1501 2833 1562 tanquam
2863 1495 2930 1548 de
2977 1496 3173 1549 nostris
3204 1498 3563 1552 misvricordi-

1979 1589 2058 1637 ter
2089 1585 2379 1651 lugeamus.
2409 1585 2496 1638 Sic
2525 1600 2652 1654 ergo
2681 1595 2904 1653 possunt
2931 1587 2982 1639 in
3012 1590 3111 1641 hac
3149 1588 3256 1641 vita
3310 1587 3380 1642 illi
3437 1603 3560 1642 esse

1973 1673 2187 1740 perfecti
2215 1714 2229 1738 ,
2261 1675 2349 1740 qui
2379 1674 2614 1742 perfecte
2635 1675 2860 1744 diligunt
2886 1677 3048 1731 Deum
3073 1694 3088 1741 ;
3132 1688 3184 1732 et
3218 1678 3289 1732 illi
3318 1679 3556 1746 perfecte

1977 1764 2138 1816 Deum
2167 1765 2414 1833 diligunt,
2444 1766 2532 1834 qui
2581 1767 2812 1821 volendo
2858 1769 2998 1836 quod
3052 1770 3160 1823 vult
3183 1771 3347 1833 Deus,
3388 1780 3445 1825 et
3476 1788 3565 1824 no-

1975 1853 2133 1908 lendo
2155 1856 2294 1924 quod
2329 1871 2430 1910 non
2453 1857 2588 1923 vult,
2621 1872 2718 1912 nec
2741 1858 2864 1913 ullis
2920 1860 3150 1927 peccatis
3173 1861 3362 1925 quibus
3389 1862 3561 1916 offen-

1974 1942 2136 2008 ditur,
2162 1947 2538 2013 acquiescunt;
2569 1955 2624 2002 et
2675 1963 2890 2018 semper
2942 1965 3000 2002 se
3050 1950 3115 2004 ad
3149 1950 3395 2015 virtutes,
3424 1968 3560 2021 quas

1974 2035 2086 2099 ipse
2103 2037 2350 2105 dignatur
2380 2039 2600 2103 donare,
2635 2041 2934 2111 diligendas
2958 2051 3011 2097 et
3055 2043 3346 2111 habendas,
3373 2053 3559 2098 exten-

1970 2127 2212 2182 dunt.lli
2266 2133 2505 2200 suntqui
2535 2134 2712 2187 omnia
2761 2134 2894 2186 bona
2940 2150 3058 2201 qua:
3088 2133 3312 2202 implere
3363 2146 3554 2204 potue-

1970 2220 2094 2282 rint,
2126 2221 2306 2275 abillo
2330 2237 2386 2275 se
2418 2224 2626 2290 adiutos
2660 2235 2714 2278 ut
2746 2225 2951 2292 possint
2985 2242 3028 2276 Vt
3051 2226 3245 2280 raciter
3291 2227 3551 2292 credunt;

1968 2309 2221 2378 quidquid
2256 2310 2279 2347 ¹ι
2317 2313 2438 2367 mali
2470 2316 2860 2376 commiserint,
2908 2315 3037 2368 vitio
3086 2331 3198 2371 sua:
3255 2318 3548 2373 voluntatis

1966 2402 2276 2469 ascribunt;
2327 2405 2583 2473 quidquid
2636 2406 2762 2461 boni
2809 2423 2912 2461 non
2966 2407 3238 2477 potuerint
3290 2409 3548 2478 implere,

1966 2497 2034 2550 ab
2060 2496 2151 2549 illo
2175 2505 2231 2550 ut
2260 2498 2466 2565 possint
2506 2499 2705 2566 jugiter
2741 2507 2959 2566 petunt;
3000 2513 3120 2552 cum
3150 2502 3442 2567 potuerint,
3471 2502 3547 2556 illi

1963 2589 2160 2658 gratias
2214 2596 2397 2658 agunt.
2452 2590 2593 2643 Bona
2642 2591 2759 2658 ejus
2806 2605 2924 2660 quae
2977 2591 3175 2645 fuerint
3223 2594 3544 2659 consecuti,

1962 2686 2124 2741 etiam
2181 2686 2302 2739 aliis
2358 2682 2370 2720 ¹
2435 2681 2666 2737 conferri
2723 2683 2992 2737 socialiter
3021 2683 3226 2749 volunt,
3276 2694 3332 2738 et
3376 2700 3550 2754 usque

1960 2779 2013 2831 in
2039 2791 2166 2832 suos
2199 2775 2448 2831 inimicos
2474 2773 2778 2829 dilectionis
2817 2788 2929 2828 suae
2987 2775 3321 2829 latitudinem
3371 2777 3542 2842 porri-

1955 2878 2164 2938 gentes,
2215 2866 2318 2920 hoc
2345 2878 2532 2919 omnes
2561 2865 2782 2933 cupiunt
2801 2879 2920 2919 esse
2946 2865 3085 2934 quod
3117 2865 3218 2932 ipsi
3249 2875 3393 2920 sunt.
3443 2865 3539 2921 Sa-

1957 2963 2023 3018 tis
2053 2963 2120 3016 de
2140 2961 2283 3015 vitiis
2303 2974 2596 3028 eorumque
2622 2959 2872 3014 remediis
2893 2968 2976 3014 est
3000 2961 3358 3028 disputatum;
3395 2975 3535 3014 nunc

1949 3056 2058 3122 jam
2090 3052 2317 3122 qualiter
2346 3063 2677 3120 unaquaeque
2696 3049 2863 3103 virtus
2885 3049 3271 3118 possitacquiri
3300 3048 3533 3104 breviter

1868 3183 1913 3246 Ο
1951 3147 2298 3202 disseramus.

2544 3255 2768 3312 CAPUT
2803 3254 2940 3308 XVI.

1946 3353 2023 3407 De
2064 3351 2306 3418 qualitate
2343 3350 2580 3416 virtutis,
2625 3358 2674 3403 et
2727 3347 2945 3418 qualiter
3001 3346 3095 3399 sibi
3161 3348 3526 3402 consentientes

2598 3421 2857 3489 informet.

2017 3539 2067 3591 l.
2100 3535 2283 3589 Omnis
2311 3541 2494 3588 Sancta
2526 3533 2695 3587 virtus
2726 3546 2817 3587 res
2860 3540 2943 3586 est
2973 3529 3174 3594 divina,
3209 3530 3521 3599 incorporea

1941 3642 2157 3696 prorsus
2202 3633 2362 3693 atque
2418 3623 2820 3678 mundissima:
2874 3637 3031 3691 quam
3084 3630 3291 3675 tuentes
3352 3621 3524 3689 inqui-

1939 3730 2078 3773 nata:
2109 3733 2212 3772 non
2271 3716 2570 3786 inquinant,
2614 3714 2705 3768 sed
2738 3714 2849 3782 ipsa
2891 3711 3192 3781 inquinatas
3221 3712 3514 3777 emaculat;

1935 3811 2088 3880 cujus
2124 3808 2528 3879 participatione
2556 3814 2596 3842 ω
2627 3804 2925 3858 formantur
2967 3804 3233 3868 informia,
3256 3805 3517 3858 suscitan-

1935 3915 2020 3960 tur
2047 3913 2278 3966 mortua,
2301 3909 2328 3937 ιι
2357 3907 2616 3953 sanantur
2661 3897 2893 3961 infirma,
2934 3897 3274 3965 corriguntur
3326 3911 3509 3964 prava,

1932 3995 2342 4051 reconciliantur
2370 3998 2395 4025 ο
2421 4004 2626 4043 aversa.
2652 3988 2800 4042 Hanc
2823 4002 2924 4042 non
2963 3987 3124 4041 habet
3149 3985 3248 4039 nisi
3276 3986 3435 4052 Deus,
3458 3998 3513 4039 et

1931 4087 1976 4142 is
2026 4086 2111 4140 cui
2160 4082 2364 4136 dederit
2414 4080 2571 4134 Deus.
2621 4078 2751 4146 Qum
2800 4079 2852 4131 in
2908 4077 3087 4131 animo
3139 4077 3362 4144 habitat,
3414 4077 3506 4132 sed

1928 4187 1957 4227 ιι
1986 4175 2220 4230 animum
2252 4183 2551 4241 corpusque
2575 4167 2899 4232 sanctificat;
2924 4167 2988 4220 ad
3015 4181 3172 4236 quain
3204 4167 3379 4222 nullus
3417 4183 3507 4221 ac-

1926 4269 2070 4326 cedit
2091 4266 2473 4332 invitus,quam
2501 4261 2676 4315 nullus
2701 4260 2916 4327 amittit,
2935 4259 3033 4312 nisi
3069 4259 3280 4328 propria
3310 4260 3502 4314 volun-

1927 4370 2034 4416 tate
2059 4359 2330 4425 deceptus.
2365 4354 2533 4409 Nemo
2571 4366 2688 4408 eam
2718 4351 2818 4406 sibi
2863 4350 3106 4406 conferre
3133 4361 3322 4417 potest,
3378 4367 3500 4407 cum

1924 4451 2092 4522 possit
2119 4450 2364 4511 auferre;
2412 4445 2563 4500 alteri
2594 4453 2772 4498 autem
2827 4452 2852 4493 ιι
2879 4456 2978 4496 nec
2998 4440 3242 4496 conferre
3291 4457 3492 4512 prteva-

205 4537 310 4590 sed
366 4534 538 4589 etiam
566 4534 789 4588 libenter
817 4536 1110 4603 excipiunt,
1160 4537 1458 4593 ambientes
1501 4554 1529 4592 a
1576 4544 1817 4614 corporis
1843 4541 1895 4602 D
1921 4541 2011 4606 let,
2038 4553 2137 4595 nec
2160 4538 2391 4593 auferre.

204 4626 296 4680 sui
329 4623 455 4678 vita
483 4623 655 4694 magis
703 4639 860 4695 quam
903 4641 932 4678 a
973 4625 1104 4692 Deo,
1147 4636 1172 4674 ε
1201 4628 1306 4682 vita
1350 4628 1472 4683 vita:
1519 4644 1650 4698 sure,
1705 4634 1816 4690 dis-

202 4717 449 4772 cedere.

279 4807 342 4860 4.
388 4806 498 4860 Iste
527 4804 686 4876 igitur
707 4808 862 4862 nobis
885 4807 1185 4863 dilectionis
1211 4809 1344 4864 ordo
1383 4812 1679 4868 servandus
1708 4824 1811 4879 est,

279 4980 306 5006 ει
348 4967 458 5020 Ms.
487 4982 643 5031 unus,
669 4969 946 5021 ordinanti.

278 5041 302 5077 ιι
346 5039 486 5092 Mss.
517 5047 645 5097 tres,
677 5054 781 5090 suae
807 5037 1110 5090 dilectionis.

281 5121 305 5148 ε
339 5109 480 5162 Mss.
513 5122 626 5171 sex,
652 5108 766 5160 ideo
787 5123 840 5159 se
868 5108 1034 5179 diligit
1070 5107 1299 5176 quisque,
1343 5107 1462 5175 quia
1508 5109 1604 5162 sibi
1646 5111 1804 5178 frater

194 5191 292 5235 aut
328 5193 511 5240 soror,
536 5185 642 5229 etc.

272 5250 301 5286 ά
339 5246 476 5300 Mss.
502 5256 628 5309 tres,
654 5255 966 5312 aptarentus.

276 5331 303 5356 ε
345 5317 408 5368 In
434 5331 540 5369 uno
569 5330 694 5380 ms.,
719 5333 811 5384 pro
869 5315 1056 5367 tiribus
1112 5316 1316 5371 nostris.
1350 5316 1403 5369 ln
1462 5317 1565 5371 alio
1609 5317 1800 5374 desunt

189 5391 327 5444 ha‘c
365 5386 608 5438 omnino.

287 5458 310 5495 ἴ
352 5455 483 5509 Hmc
510 5454 666 5534 verba
705 5471 721 5534 :_
734 5452 800 5506 Et
821 5455 1008 5534 malum
1022 5455 1158 5534 quod
1175 5455 1264 5507 tibi
1286 5455 1679 5520 nolisaccidere,
1703 5474 1797 5512 no-

183 5531 258 5583 Iis
284 5535 345 5583 et
387 5525 641 5594 proxima,
689 5523 879 5594 desunt
905 5525 956 5576 in
981 5523 1148 5578 tribus
1175 5540 1305 5581 mss.

270 5608 298 5644 ε
333 5595 464 5649 Illss.
487 5595 610 5661 duo,
647 5610 678 5646 a
710 5593 816 5646 Deo
847 5595 958 5648 vita:
978 5609 1103 5647 sine.

265 5666 296 5703 ιι
339 5666 604 5728 illss.sex,
642 5663 890 5717 Ordinate
919 5664 968 5715 in
988 5679 1083 5714 me.

272 5739 294 5774 ι
342 5735 467 5790 Mss.
489 5735 742 5804 quinque,
771 5735 1026 5804 pret-epit.
1059 5734 1147 5788 Sic
1180 5745 1233 5791 et
1264 5748 1377 5808 post
1403 5751 1586 5806 pauca.

1984 4631 2041 4685 9..
2062 4631 2240 4699 Itaque
2266 4643 2385 4683 cum
2415 4626 2534 4680 talis
2563 4639 2627 4680 ac
2653 4633 2796 4679 tanta
2819 4625 2987 4678 virtus
3004 4622 3220 4679 cuilibet
3245 4622 3383 4679 inter
3406 4639 3498 4679 vo-

1915 4723 2144 4791 luptates
2172 4734 2297 4774 suas
2327 4718 2501 4772 adhuc
2521 4718 2870 4772 marcescenti
2897 4717 3182 4782 relulserit,
3213 4727 3233 4753 τ
3262 4727 3421 4788 atque
3441 4721 3492 4774 ei

1917 4815 1984 4870 ad
2015 4829 2074 4870 se
2094 4811 2573 4883 concupiscendam
2593 4810 2914 4865 desiderium
2947 4809 3159 4864 salubre
3182 4826 3489 4867 commove-

1987 4973 1999 5019 ι
2040 4971 2138 5024 Ms.
2169 4983 2325 5033 unus,
2353 4967 2614 5035 proximos
2640 4967 2768 5018 sicut
2794 4976 2838 5018 et
2859 4967 3024 5032 ipsum
3047 4965 3162 5033 plus
3191 4982 3343 5033 quam
3375 4982 3485 5033 nos,

1912 5041 2088 5095 minus
2116 5039 2268 5092 bene.

1983 5108 2009 5146 ιλ
2041 5111 2166 5163 Mss.
2190 5110 2314 5171 duo,
2332 5106 2464 5159 male
2483 5107 2848 5160 conuuiserint.

1994 5176 2007 5215 ¹
2048 5179 2170 5233 Mss.
2202 5179 2458 5245 quinque,
2479 5177 2730 5243 conferre.

1977 5257 2015 5284 π’
2048 5250 2170 5303 Mss.
2195 5258 2323 5311 tri-s,
2348 5248 2615 5315 ﬁrmantur
2633 5246 2860 5307 inﬁrma.

1977 5325 2004 5354 ³³
2033 5319 2129 5374 Ms.
2162 5333 2319 5379 unus,
2351 5327 2595 5370 sanantur
2621 5323 2830 5382 o‘grota.

1978 5399 2002 5423 υ
2035 5389 2160 5443 Mss.
2189 5398 2436 5455 quatuor,
2471 5387 2715 5443 adversa;
2746 5398 2899 5447 unus,
2934 5397 3123 5436 et-ersa.

1975 5468 2002 5506 ρ
2030 5458 2152 5511 Mss.
2186 5465 2432 5524 quatuor,
2476 5457 2720 5506 animam.

1973 5537 1997 5576 (ι
2027 5527 2124 5581 Ms.
2153 5520 2304 5580 Colb.
2339 5537 2508 5586 unus,
2551 5538 2639 5575 nec
2665 5520 2887 5588 conferri
2918 5521 3154 5588 thBt'alcl
3179 5560 3192 5582 ,
3249 5536 3337 5572 nec
3380 5534 3472 5570 au—

1897 5600 2126 5718 ferrnblss
2172 5674 2298 5726 tres,
2323 5672 2468 5727 atque
2495 5676 2607 5714 eum
2630 5661 2695 5714 ad
2716 5677 2768 5715 η
2788 5658 3239 5730 concupiscendam
3276 5657 3470 5710 deside-

1890 5740 1966 5791 rio
1994 5735 2185 5791 salubri
2198 5733 2536 5787 commoverit.
