4000 6176
488 317 593 370 499

1766 314 2027 370 ,ιυιλιΑΜ
2068 314 2346 373 POMEBII

3660 331 3760 387 500

485 436 557 486 rit
590 450 604 486 :
637 429 880 501 protinus
915 432 966 486 in
1010 430 1188 484 animo
1239 430 1354 498 ejus
1386 427 1626 485 duarum'
1656 430 2067 485 delectatiouum
2104 436 2147 495 Α
2179 435 2443 502 promittit
2467 437 2723 491 auxilium
2755 453 2769 491 :
2800 436 3045 494 hortatur
3070 448 3120 494 et
3161 452 3435 511 provocat,
3465 454 3521 498 ut
3575 447 3756 502 deﬁni-

486 524 873 579 coiitrariarum
931 524 1045 579 rixa
1091 527 1399 595 consurgit;
1442 534 1496 580 et
1545 536 1781 581 mentem
1830 526 2077 581 voluntas

486 614 768 669 adversum
802 630 861 669 se
883 616 1102 681 ancipiti
1155 615 1512 672 delectatione
1551 627 1579 657 ι
1624 618 1847 672 divisam
1896 619 1949 673 in
1999 618 2077 671 di-

487 723 642 763 versa
692 710 921 764 ducitac
946 710 1193 776 reducit;
1250 710 1411 765 modo
1446 711 1890 781 reprehendendo
1934 711 2073 780 quod

487 804 743 874 elegerat,
768 804 926 858 modo
982 804 1122 873 quod
1148 803 1562 873 reprehenderat
1603 804 1883 874 eligendo;
1917 812 2075 873 atque

489 898 560 950 ita
602 896 654 949 in
706 898 1022 950 a'tcrutruut
1060 897 1198 950 latus
1256 894 1285 933 ιθ
1313 912 1372 951 se
1398 896 1777 966 cogitationum
1815 898 2075 951 varietate

488 997 792 1041 versantem
821 1032 834 1054 ,
868 988 982 1056 ipsa
1013 987 1156 1041 velut
1194 987 1405 1041 virtutis
1448 1003 1510 1042 ac
1532 987 1646 1041 vitii
1677 998 1699 1027 ο
1750 988 1924 1056 tepida
1960 1001 2071 1040 me-

490 1079 683 1143 dictas,
706 1086 946 1134 vexatae
974 1078 1194 1132 lacerat.
1224 1078 1485 1143 Quoniam
1524 1078 1735 1147 quidem
1783 1078 2075 1146 quemlibet

490 1171 783 1237 hominem,
804 1171 977 1226 donec
1002 1186 1060 1225 se
1092 1171 1231 1226 ineo
1260 1171 1398 1238 quod
1427 1169 1453 1208 ἀ
1481 1171 1701 1239 elegerit
1746 1182 1891 1226 certa
1943 1172 2077 1225 deﬁ-

495 1264 699 1317 uitione
750 1262 1066 1327 conﬁrmet;
1126 1262 1360 1332 quandiu
1412 1261 1569 1315 modo
1612 1276 1717 1316 non
1776 1261 1886 1315 vult
1932 1261 2072 1330 quod

492 1353 907 1408 volcbat.modo
971 1353 1109 1408 velle
1163 1352 1350 1421 incipit
1401 1352 1544 1422 quod
1621 1352 1878 1416 nolebat;
1931 1351 2075 1407 velut

490 1445 543 1498 in
568 1444 795 1513 quodam
817 1443 1217 1497 deliberationis
1250 1456 1272 1479 υ
1297 1443 1515 1497 incerta:
1540 1439 1681 1496 bivio
1703 1442 2070 1509 cons=itutuin,

491 1535 746 1603 aliscerpit
791 1536 903 1604 ipsa
959 1534 1241 1590 diversitas
1284 1533 1303 1572 ί
1365 1534 1717 1589 voluntatum.
1776 1535 1910 1590 llinc
1953 1550 2073 1591 eum

490 1627 658 1680 virtus
689 1625 940 1680 admouet
957 1640 1066 1679 sua:
1097 1625 1304 1689 salutis,
1338 1635 1390 1679 et
1414 1634 1439 1673 8
1470 1634 1661 1690 vocat;
1696 1625 1819 1680 inde
1848 1640 2076 1680 consue-

489 1717 615 1770 tudo
642 1718 829 1769 vitiosa
851 1715 1169 1771 discederea
1203 1731 1262 1771 se
1298 1717 1569 1772 volentem
1602 1715 1629 1755 ιι
1678 1726 2000 1783 remoratur,
2019 1729 2074 1773 et

488 1818 722 1870 revocat,
752 1820 803 1862 et
838 1808 1105 1877 paulisper
1133 1822 1163 1861 a
1216 1822 1276 1863 se
1316 1822 1527 1871 averso,
1560 1824 1658 1863 nec
1704 1810 1771 1864 ad
1824 1810 2071 1865 virtutem
2106 1795 2151 1853 Β

486 1878 646 1967 plene
666 1911 950 1961 converso,
973 1899 1182 1952 usitatze
1202 1898 1490 1967 voluptatis
1518 1898 1885 1953 admonitione
1915 1900 2069 1954 blan-

486 1988 648 2053 ditur,
673 1998 723 2041 et
744 2003 931 2042 omnes
964 1988 1245 2043 illecebras
1276 1989 1472 2058 quibus
1495 1990 1624 2043 olim
1671 1990 1876 2057 perdite
1928 1990 2071 2047 frue-

485 2078 644 2133 batur
700 2078 951 2134 ostendit.
1016 2079 1215 2148 Turpia
1282 2095 1493 2150 quoque
1548 2080 1810 2135 desideria
1874 2081 2070 2150 quibus

494 2167 510 2205 ί
543 2169 802 2223 vinciatur
823 2169 1080 2233 immittit,
1111 2170 1301 2239 acjam
1332 2186 1468 2240 pene
1494 2170 1782 2226 fastidienti
1816 2172 2068 2227 blandum

490 2259 674 2315 nescio
695 2259 821 2329 quid
853 2261 1086 2315 molliter
1107 2261 1435 2326 insusurrat;
1466 2271 1517 2316 et
1535 2263 1796 2332 supplicat
1824 2278 1891 2319 ne
1933 2278 2068 2333 pra:-

486 2359 650 2417 p0nat
698 2350 946 2404 mollibus
1011 2351 1165 2415 dura,
1223 2352 1357 2407 laetis
1408 2353 1605 2420 tristia;
1656 2355 1816 2410 certis
1864 2356 2065 2422 dubia,

488 2444 505 2491 t
544 2444 791 2511 praesenti
831 2442 1090 2512 voluptati
1115 2442 1320 2509 futura;
1354 2443 1550 2513 cogitet
1578 2461 1737 2514 quam
1766 2447 1974 2517 pcenale
2001 2448 2072 2502 sit

486 2544 645 2601 atque
710 2533 924 2588 difﬁcile
969 2534 1212 2589 dulcibus
1264 2551 1448 2590 carere
1500 2535 1527 2573 ¹ί
1596 2537 1835 2605 deliciis,
1890 2540 2068 2596 illece-

485 2625 597 2679 bris
643 2619 949 2681 renuntiare
990 2628 1313 2693 carnalibus,
1364 2629 1699 2685 abstinentize
1754 2631 1897 2701 jugis
1947 2648 2070 2703 gra-

485 2718 596 2771 vari
647 2716 1289 2786 laboribus,jejuniorum
1332 2734 1395 2775 ac
1447 2720 1745 2791 vigiliarum
1792 2724 2071 2778 continua-

485 2810 627 2864 tione
656 2809 911 2878 torqueri,
940 2819 1084 2864 certa
1130 2810 1306 2865 carnis
1328 2812 1621 2867 at‘ﬁictione
1647 2815 1922 2881 pra-mium
1972 2815 2070 2871 du-

485 2902 585 2957 bia:
624 2902 1072 2956 remunerationis
1121 2902 1348 2968 ambire,
1373 2913 1556 2958 eontra
1614 2905 1882 2960 diabolum
1916 2906 2064 2962 deei-

484 2993 662 3062 piendi
703 2994 931 3063 peritum
966 2990 980 3029 1
1017 2993 1315 3049 resistendo
1354 3009 1503 3049 arma
1530 2997 1823 3065 corripere,
1850 2998 2067 3053 insidias

484 3087 599 3155 ejus
651 3101 714 3141 ac
758 3086 973 3141 fraudes
1040 3086 1310 3153 vigilantis
1356 3088 1520 3142 animi
1572 3091 1819 3145 cautione
1867 3090 2065 3155 vitare;

2182 525 2341 579 tionis
2395 527 2739 597 ambiguitate
2786 528 3050 597 deposita,
3101 532 3430 600 propositum
3490 536 3758 604 spirituale

2178 616 2471 683 suscipiat;
2538 627 3001 686 perseveraturum
3058 634 3118 674 se
3175 622 3227 675 in
3279 633 3530 687 suscepto
3583 626 3758 683 labare

2179 708 2435 776 prepositi
2467 709 2571 774 sui,
2599 723 2705 762 non
2736 724 2829 761 sua
2864 710 3245 775 possibilitate,
3269 714 3362 767 sed
3401 714 3610 769 Domini
3660 718 3756 770 mi-

2177 802 2444 853 seratione
2467 800 2724 864 conﬁdat,
2751 815 2848 854 nec
2877 801 2988 856 suis
3039 802 3261 863 viribus,
3287 804 3380 858 sed
3422 806 3608 873 gratim
3647 822 3757 859 om-

2178 892 2466 962 nipotentis
2497 893 2665 947 fretus
2691 894 2909 957 auxilio,
2934 904 3116 949 eontra
3149 894 3439 950 diabolicas
3488 898 3760 969 impugna-

2177 984 2349 1039 tiones
2380 984 2615 1038 victricia
2648 1000 2793 1038 arma
2829 995 2853 1034 P
2890 986 3177 1053 corripiat;
3222 989 3420 1055 cogitet
3478 991 3660 1057 quanti
3708 1004 3760 1046 et

2176 1085 2390 1146 quantae
2416 1086 2705 1144 potuerunt
2752 1087 2804 1132 et
2856 1088 3077 1145 possunt
3127 1078 3269 1147 quod
3303 1095 3360 1133 se
3391 1095 3546 1147 posse
3572 1079 3763 1146 despe-

2177 1179 2299 1224 rat:
2327 1168 2470 1225 unde
2501 1169 2577 1223 illi
2605 1171 2686 1225 vel
2734 1170 2840 1224 illae
2871 1180 3176 1239 potuerunt,
3211 1171 3335 1227 inde
3386 1187 3445 1227 se
3471 1188 3632 1242 posse
3674 1175 3760 1231 ﬁr-

2177 1260 2334 1313 miter
2388 1260 2602 1325 credat;
2648 1269 2795 1314 certa
2855 1275 2951 1329 spe
3007 1259 3265 1328 spiritalia
3322 1262 3657 1329 carnalibus,
3707 1272 3759 1317 et

2177 1349 2405 1405 terrenis
2430 1350 2691 1415 coelestia,
2724 1361 2777 1404 et
2825 1350 2999 1405 futura
3051 1352 3406 1421 praesentibus
3445 1362 3753 1423 anteponat.

2747 1504 2974 1561 CAPUT
3015 1506 3173 1561 XVII.

2179 1619 2370 1682 Quibus
2399 1619 2641 1688 gradibus
2662 1621 2972 1742 conversidin
2997 1621 3197 1675 culmen
3230 1623 3555 1692 perfectionis
3580 1639 3753 1677 ascen-

2924 1700 3034 1742 ant.

2924 1700 3034 1744 aut.

2251 1800 2302 1854 l.
2335 1801 2467 1855 Cum
2493 1812 2519 1851 (ι
2540 1817 2672 1856 vero
2694 1803 2814 1873 quis
2846 1803 3192 1873 persuasione
3221 1814 3244 1843 τ
3271 1819 3334 1860 ac
3365 1806 3756 1875 pulchritudine

2174 1892 2390 1946 virtutis
2422 1893 2654 1958 illectus,
2678 1894 3066 1963 aliquantulum
3095 1910 3126 1949 a
3150 1896 3329 1963 priore
3354 1897 3758 1952 conversatione

2174 1985 2479 2047 recesserit,
2511 1984 2691 2039 statim
2721 1985 2770 2039 ei
2797 1985 2899 2039 alia
2934 1994 2955 2022 ⁸
2989 1988 3235 2051 tentatio,
3280 1997 3467 2043 contra
3493 2004 3653 2058 qnam
3683 1990 3757 2043 ln-

2172 2079 2363 2139 etctur,
2406 2076 2662 2129 occurrit.
2713 2075 2845 2129 Nam
2876 2089 3033 2144 quem
3074 2077 3306 2132 carnalis
3325 2078 3576 2147 voluptas
3606 2094 3755 2147 supe-

2173 2175 2285 2220 rata
2313 2165 2600 2231 dimiserit,
2631 2166 2813 2221 mundi
2845 2167 3055 2221 vanitas
3083 2167 3357 2237 occupabit
3396 2186 3409 2221 :
3438 2170 3577 2224 sicut
3609 2170 3756 2225 nobis

2173 2256 2250 2313 illi
2280 2256 2525 2325 exemplo
2554 2258 2826 2327 suntqui‘
2855 2257 3267 2313 delectationem
3292 2259 3392 2314 sibi
3418 2261 3608 2315 sativze
3636 2262 3754 2315 libi-

2171 2346 2313 2401 dinis
2356 2346 2700 2412 interdicunt,
2750 2355 2807 2403 et
2847 2356 3085 2403 ventosa:
3138 2349 3396 2402 vanitatis
3425 2356 3453 2384 υ
3489 2350 3753 2403 licentiam

2173 2448 2289 2493 sua:
2330 2439 2585 2508 voluptati
2616 2437 2770 2510 [forte
2793 2436 3079 2510 voluntati]
3127 2440 3461 2508 permittunt.
3506 2440 3756 2511 Turpitu-

2178 2530 2290 2584 dini
2316 2540 2344 2567 ν
2370 2530 2685 2585 concubitus
2733 2530 3131 2597 contradicunt,
3180 2540 3235 2585 et
3264 2541 3291 2569 ι
3328 2532 3611 2586 ambitioni
3641 2548 3757 2587 suc-

2172 2621 2457 2687 cumbunt;
2512 2630 2733 2677 utuntur
2778 2621 2984 2677 deliciis
3014 2638 3077 2677 ac
3120 2624 3359 2680 vestibus
3398 2626 3667 2681 accuratis
3693 2628 3755 2681 ad

2172 2712 2459 2778 luxuriam,
2506 2712 2787 2766 comatulis
2816 2722 2845 2761 γ
2888 2714 3092 2782 pueris,
3140 2729 3203 2769 ac
3252 2716 3566 2783 potentibus
3612 2718 3757 2787 equis

2171 2806 2236 2860 ad
2262 2820 2531 2876 pomptm,
2581 2804 2925 2873 accipitribus
2955 2820 3019 2860 ac
3043 2806 3301 2875 saginatis
3326 2808 3553 2863 canibus
3575 2808 3645 2862 ad
3671 2824 3756 2863 ve.

2172 2906 2375 2964 natum,
2428 2895 2804 2952 venationibus
2848 2897 3053 2951 crebris
3074 2897 3140 2951 ad
3168 2898 3376 2967 luxum,
3422 2909 3445 2936 ι
3487 2902 3755 2957 ambitiosi

2171 3002 2459 3059 apparatus
2501 2989 2813 3060 iactantiam
2865 2991 3228 3045 necessarium
3278 2993 3619 3050 mentiuntur
3666 3012 3758 3051 or-

2173 3092 2375 3137 natum.

484 3193 643 3246 quam
674 3187 713 3214 ω
744 3177 974 3248 denique
1007 3180 1259 3234 miserum
1283 3179 1353 3233 sit
1380 3182 1700 3236 enormitate
1728 3189 1795 3234 illi
1822 3192 1886 3238 ta:
1909 3198 2064 3254 aspe-

2235 3176 2291 3229 2.
2332 3176 2448 3231 Jam
2480 3176 2657 3231 ridere
2678 3185 2734 3215 ἰα
2759 3176 2947 3244 effuse,
2981 3190 3168 3233 vocem
3200 3180 3515 3247 procacibus
3542 3182 3756 3237 cachin-

484 3270 655 3323 rizatis
672 3270 921 3332 evictum,
946 3286 1009 3325 ae
1034 3271 1293 3325 diabolica
1323 3271 1510 3328 fraude
1538 3272 1843 3342 deceptum,
1874 3275 1941 3329 ad
1981 3291 2067 3331 re—

484 3361 697 3429 pudiata
746 3360 946 3427 redire,
971 3362 1328 3429 vo'uptat‘tbus
1365 3378 1494 3432 quas
1540 3363 1811 3433 abjecerat
1860 3364 1986 3431 frui,
2016 3378 2069 3420 et

485 3449 733 3503 omnibus
761 3464 876 3516 quze
909 3451 1119 3504 incaute
1150 3451 1471 3507 laboriosum
1496 3455 1836 3523 suscipiendo
1872 3472 2065 3526 propo-

485 3540 644 3593 situm
677 3549 1094 3606 contempserat,
1125 3541 1403 3596 delectari.

554 3629 605 3682 5.
642 3629 732 3682 llis
753 3638 806 3682 et
830 3629 1023 3683 talibus
1053 3630 1245 3685 vitiosa
1273 3633 1864 3699 eonsuetudo.duhium
1895 3646 1921 3673 η
1945 3652 1971 3691 s
1990 3655 2063 3692 tn-

483 3736 581 3788 ctae
633 3720 957 3783 definitionis
1012 3722 1216 3791 afﬂigit.
1260 3723 1438 3778 Virtus
1493 3736 1674 3780 contra
1728 3743 1845 3797 qua:
1891 3730 2063 3784 couti-

482 3820 662 3875 neutia
685 3820 1007 3883 nominatur,
1043 3822 1066 3855 °
1096 3829 1145 3873 ιη
1172 3824 1386 3870 δηιηιθη]
1418 3817 1752 3872 conﬁdenter
1781 3819 2025 3890 obiurgat
2044 3863 2059 3887 ,

483 3913 548 3967 ad
594 3912 975 3968 delectationes
1053 3922 1211 3980 pur-5
1278 3915 1558 3977 castosque
1605 3908 1822 3964 delicias
1872 3912 2064 3980 quibus

482 4004 730 4057 frttuntur
754 4017 941 4056 omnes
971 4003 1049 4056 sui
1106 4011 1398 4070 amatores,
1451 3999 1671 4065 invitat;
1724 4001 1878 4056 oﬁ‘ert
1922 4003 2065 4055 nudo

480 4092 700 4159 iustitiae
731 4092 1146 4157 vestimentum;
1179 4092 1476 4147 illuminato
1523 4090 1603 4146 sui
1646 4101 1932 4159 apparatus
1979 4093 2067 4147 de-

482 4191 743 4237 monstrat
768 4193 1051 4249 ornatum;
1080 4183 1343 4239 difﬁdenti
1367 4184 1433 4238 de
1462 4198 1521 4238 se
1560 4184 1908 4253 protectionis
1952 4199 2065 4239 sua:

557 4365 583 4429 fl
611 4357 735 4411 Mss.
760 4371 875 4429 sex,
899 4358 1079 4423 divisa.
1114 4358 1253 4412 Editi
1286 4360 1445 4427 paulo
1472 4369 1593 4429 post
1618 4376 1721 4414 non
1754 4361 1946 4415 habent
1966 4362 2060 4416 ita.

557 4424 584 4463 δ
610 4430 709 4480 Ms.
739 4428 887 4481 Colb.
912 4444 1068 4490 unus,
1087 4438 1267 4481 mutua
1288 4424 1371 4482 se.

560 4497 700 4550 cMs.
724 4512 859 4550 unus
887 4499 1068 4552 abalia
1101 4512 1258 4551 manu
1308 4499 1530 4565 trepida.
1577 4500 1675 4554 Ms.
1736 4501 1889 4559 alter.
1934 4500 2065 4556 velut

485 4568 617 4621 inter
638 4567 846 4619 virtutes
872 4584 932 4620 ac
947 4568 1067 4621 vitia
1085 4568 1255 4635 tepida
1273 4569 1535 4623 medietas.

415 4636 419 4639 ⁷
558 4636 701 4707 ditis.
724 4650 862 4689 unus
885 4677 900 4702 ,
934 4638 1168 4707 elegerat.

559 4714 584 4743 ο
611 4705 710 4759 Ms.
728 4719 884 4772 unus,
926 4705 1117 4758 incerto
1136 4706 1285 4761 bivio.

562 4774 582 4812 τ
616 4775 741 4828 Mss.
770 4774 894 4841 duo,
920 4777 1255 4844 voluptatum.
1278 4776 1493 4843 Colon.,
1520 4779 1848 4833 voluntatem.

563 4854 587 4892 8
616 4844 729 4897 Ms-
746 4859 923 4910 unus,
939 4855 982 4897 et
1002 4848 1233 4899 advocat.

557 4911 588 4951 δ
606 4913 736 4967 Mss.
754 4914 888 4981 dno,
924 4925 1171 4967 moratur.

565 4982 581 5021 ί
608 4983 705 5038 Ms.
737 4981 888 5038 Colb.
913 5000 1068 5047 unus,
1087 4985 1337 5037 vincatur.
1372 4985 1544 5050 Alter,
1570 4988 1878 5041 vincebatur.

563 5057 578 5104 t
614 5054 742 5127 Mss.
776 5070 890 5127 sex,
925 5056 1251 5127 prtesentium
1273 5055 1540 5125 voluptati,
1576 5062 1769 5127 futura.

560 5129 583 5193 ξι
612 5124 739 5178 Mss.
760 5124 885 5193 duo,
910 5125 1115 5178 divitiis.

564 5191 581 5230 ι
615 5194 740 5267 Mss.
767 5191 897 5267 tres,
921 5193 1073 5248 Colb.
1098 5194 1396 5260 resistendi;
1423 5204 1475 5249 et
1513 5208 1632 5267 post
1684 5214 1871 5267 pauca.
1932 5201 2058 5255 Mss.

483 5264 699 5326 Camb.,
728 5266 971 5333 arripere.

555 5343 595 5371 ω
618 5333 772 5404 Edit.
799 5335 962 5404 Lugd.
993 5350 1113 5389 eum
1138 5348 1266 5388 mss.
1299 5334 1489 5393 tribus.
1518 5338 1718 5392 deinde.

554 5411 584 5440 ιι
613 5403 711 5457 Ms.
742 5403 895 5457 Colb.
933 5421 1088 5469 unus,
1117 5416 1307 5459 sancta:
1330 5410 1744 5463 conversationis.

559 5483 583 5510 υ
627 5474 727 5527 Ms.
761 5490 920 5540 unus,
944 5485 1302 5529 ranorantem.

554 5554 582 5591 ι)
613 5543 735 5615 Mss.
763 5544 889 5610 duo,
922 5562 1066 5596 arma
1086 5547 1318 5615 arripiat.

557 5624 582 5661 τι
615 5613 740 5693 Mss.
768 5629 891 5681 sex,
947 5614 1047 5679 Qui
1092 5616 1136 5669 si
1180 5613 1526 5686 persuasione.
1577 5616 1748 5685 Unus,
1797 5618 1900 5686 Qui
1948 5636 2061 5689 per-

487 5701 544 5737 ιῖΙ
556 5698 738 5735 πςιοπε.

566 5763 584 5788 τ
621 5753 711 5804 lis.
740 5768 896 5819 unus,
930 5771 959 5806 α
986 5756 1384 5822 pulchritudine.

2172 3267 2256 3321 nis
2278 3268 2548 3331 attollere,
2590 3277 2773 3337 turpes
2811 3268 2964 3337 jocos
3012 3267 3239 3323 libenter
3286 3270 3495 3335 audire,
3524 3273 3752 3326 aliorum

2173 3373 2384 3429 ptenam
2436 3373 2586 3414 suam
2635 3359 2811 3413 facere
2867 3358 3138 3429 fatigando
3192 3359 3465 3425 laetitiam,
3524 3364 3756 3416 urbanos

2171 3467 2410 3522 quosque
2448 3451 2688 3520 quamvis
2733 3460 2944 3519 turpes.
2992 3451 3214 3520 explere
3243 3451 3471 3518 deliciis,
3504 3451 3566 3491 δι’
3588 3456 3759 3509 serios

2172 3542 2492 3597 necessariis
2536 3542 2838 3612 indigentes
2886 3542 3137 3610 abjicere,
3159 3543 3348 3597 domos
3396 3545 3758 3613 amplissimas

2175 3643 2231 3690 et
2265 3644 2479 3689 ornatas
2521 3642 2819 3697 exstruere,
2850 3633 3127 3688 facultates
3159 3644 3214 3671 "-
3243 3649 3366 3688 suas
3390 3633 3760 3691 indesinenter

2168 3740 2384 3794 augere,
2415 3724 2605 3778 alienis
2637 3723 3012 3792 pervadendis,
3066 3723 3110 3777 si
3145 3723 3477 3792 possibilitas
3501 3726 3754 3793 patiatur,

2169 3818 2405 3883 inhiare;
2435 3833 2540 3872 non
2570 3832 2683 3872 rem
2718 3817 3049 3886 cupiditatis,
3097 3816 3191 3871 sed
3224 3819 3408 3872 nescio
3434 3819 3591 3889 cujus
3615 3819 3763 3873 utili-

2168 3908 2626 3964 tatis-existimant
2663 3927 2675 3961 :
2711 3917 2769 3961 ut
2798 3908 2891 3962 illa
2926 3924 3046 3978 quae
3079 3908 3211 3975 dixi,
3245 3910 3332 3964 vel
3361 3912 3462 3964 alia
3491 3912 3655 3964 multa
3686 3911 3762 3965 si-

2170 4000 2336 4067 milia,
2371 4014 2476 4053 non
2506 4001 2677 4054 solum
2709 3998 2940 4054 libenter
2968 4012 3285 4065 exerceant,
3318 4000 3411 4055 sed
3439 4004 3597 4056 etiam
3629 4001 3765 4055 hinc

2169 4106 2263 4146 eos
2289 4091 2630 4161 objurgantes
2660 4090 2942 4156 irrideant,
2970 4088 3029 4129 ἀεὶ
3052 4092 3285 4160 ineptire
3323 4094 3602 4148 credentes
3633 4094 3764 4147 illos

2171 4182 2260 4251 qui
2304 4181 2445 4235 licita
2477 4189 2532 4236 et
2556 4181 2747 4236 usitata
2774 4181 3045 4237 nobilibus
3072 4183 3301 4238 crimine
3329 4184 3639 4240 ambitionis
3677 4185 3766 4239 in-

2246 4369 2266 4395 ε
2304 4361 2400 4414 Ms.
2428 4375 2585 4425 unus,
2616 4360 2843 4415 luctatio.

2247 4432 2264 4466 ί
2300 4431 2393 4485 Ms.
2424 4430 2576 4484 Colb.
2606 4447 2765 4498 unus,
2796 4432 3119 4486 delectationi
3146 4433 3241 4487 sibi
3258 4451 3367 4490 sua:
3394 4435 3642 4491 libidinis.

2247 4510 2273 4536 ιι
2300 4502 2404 4573 Ms.
2435 4500 2587 4573 Qolb.
2613 4516 2773 4566 unus,
2807 4502 3163 4557 delectationes
3180 4514 3519 4573 anteponunt.

2243 4578 2269 4608 ν
2296 4571 2394 4625 Ms.
2425 4570 2636 4640 Camb.,
2668 4574 2968 4640 concupitaz.

2244 4650 2269 4677 ι
2291 4642 2397 4714 Ms.
2430 4639 2581 4714 Colb.
2611 4656 2772 4706 unus,
2818 4639 2864 4695 et
2890 4643 3145 4697 desidcrio
3178 4644 3475 4714 cupiditatis
3499 4653 3545 4700 et
3579 4648 3763 4701 ambi-

2174 4712 2324 4765 tionis
2353 4712 2705 4764 succumbunt.

2241 4782 2443 4853 illius,
2470 4781 2598 4844 duo,
2650 4782 2894 4846 puerulis.
2936 4781 3106 4844 Unus,
3154 4784 3363 4852 puellis.
3408 4786 3578 4853 Alter,
3631 4804 3764 4843 cum

2173 4853 2404 4917 matulis,
2429 4852 2589 4915 forte,
2607 4853 2923 4905 commatulis
2950 4854 3248 4918 puerilibus.

2244 4930 2267 4956 π
2295 4922 2368 4975 ita
2399 4936 2529 4996 mss.
2561 4922 3160 4996 qu_atnnr_._Editi_vero,
3192 4934 3240 4977 et
3268 4924 3338 4976 ad
3366 4926 3619 4979 ambitiosi
3660 4944 3764 4996 ap-

2168 4999 2382 5074 paratus
2410 4991 2739 5074 jac‘tant’iam.
2776 4992 2876 5046 Ms.
2907 4991 3061 5047 Colb.
3103 5008 3259 5060 unus,
3294 5002 3342 5048 et
3377 4998 3631 5050 ambitiosi
3661 4991 3766 5066 dp-

2168 5070 2378 5130 paratus
2404 5062 2674 5130 iactantia.

2242 5140 2298 5204 af
2330 5128 2428 5185 Ms.
2451 5128 2943 5204 Colb._unus,__Jam
2966 5132 3153 5199 ridere,
3182 5132 3397 5200 e/fusam
3425 5150 3585 5188 uocem
3626 5153 3766 5204 pro—

2166 5200 2370 5254 cacibus
2390 5200 2651 5253 cachinnis
2678 5200 2929 5255 attollere.

2243 5268 2303 5309 δι’
2336 5268 2408 5341 Ita
2443 5284 2718 5341 mss.rsex.
2746 5270 2909 5336 Editi,
2941 5287 3131 5325 servos.
3157 5271 3261 5327 Sed
3285 5274 3478 5337 melior
3500 5274 3603 5341 iam
3638 5278 3765 5331 visa

2166 5349 2281 5394 erat
2310 5340 2453 5407 prior
2476 5340 2632 5393 lectio
2663 5340 2745 5393 his
2769 5341 2857 5408 qui
2886 5343 3125 5408 apposita
3153 5358 3306 5410 voce,
3331 5346 3488 5397 serios
3518 5347 3565 5396 in
3598 5361 3765 5400 mar-

2165 5411 2286 5484 gine
2313 5410 2719 5484 subjunxerant,
2769 5410 2840 5463 ita
2888 5411 2990 5480 legi
3035 5413 3088 5466 in
3130 5411 3317 5468 Camb.
3354 5430 3455 5469 ms.
3484 5415 3565 5484 qui
3602 5416 3767 5471 forte

2168 5481 2352 5533 unicus
2386 5481 2491 5532 illis
2520 5490 2844 5533 occurrerat.

2239 5560 2294 5588 σο
2324 5551 2422 5604 Ms.
2445 5563 2605 5615 unus,
2629 5550 2883 5617 praprias.

2234 5617 2292 5655 δά
2317 5620 2411 5674 Ms.
2443 5617 2593 5673 Colb.
2624 5633 2780 5679 unus.
2804 5620 3000 5682 ineptos
3025 5630 3336 5676 recensentes
3360 5622 3475 5676 illos
3496 5622 3575 5689 qui
3601 5624 3765 5677 licita

2168 5698 2214 5741 et
2237 5706 2331 5743 usu
2353 5689 2801 5763 consuetudinario
2828 5692 2958 5763 data
2983 5691 3254 5746 nobilibus.
3295 5694 3363 5749 Et
3401 5695 3548 5763 paulo
3593 5706 3763 5763 post,

2165 5776 2293 5815 mss.
2327 5760 2557 5829 quinque
2584 5768 2636 5814 ct
2660 5758 2849 5829 Lugd.,
2876 5760 3139 5827 infament.
