4000 6176
226 358 323 416 SOI

1249 352 1336 407 DE
1377 349 1537 405 \‘ITA
1575 338 2147 402 CONTEMPLATIVA
2190 334 2315 392 LIB.
2357 336 2440 391 III.

3370 338 3481 392 502

226 474 450 528 famam.
504 470 609 525 Sed
632 479 658 508 ι
683 470 773 540 qui
803 470 904 524 hoc
952 482 1163 539 quoque
1191 468 1387 520 malum
1414 462 1675 518 divinitus
1703 454 1799 510 ad-
1831 456 1875 511 A
1906 451 2066 515 dere;
2092 450 2186 506 sed
2207 464 2327 504 cum
2355 446 2733 519 proprietates,
2756 456 2813 503 et
2837 457 2986 503 actus
3008 464 3188 504 earum
3215 452 3478 518 cmperint

223 567 372 633 jutus
395 563 637 627 eviccrit,
660 570 717 617 et
741 561 996 630 spiritalis
1021 558 1363 614 continentia:
1390 554 1592 609 viribus
1614 550 1799 613 fultus,

223 654 407 707 utnttia
446 652 643 720 quibus
682 661 855 719 potest
885 669 912 703 a
944 650 1269 719 perfectione
1300 644 1592 705 retardari.
1633 640 1806 695 calca-

223 745 398 808 n-rit;
454 753 688 798 mentem
735 758 887 796 suam
936 751 1136 796 sanctae
1183 739 1395 803 vinuti,
1451 735 1624 790 studio
1654 733 1806 785 bona:

223 836 522 890 voluntatis
551 834 579 873 δ
610 834 830 888 inclinat
862 850 877 891 :
905 842 1031 888 tunc
1078 831 1466 888 delectabiliter
1509 843 1573 881 ac
1616 826 1806 879 devote

221 934 388 980 nutus
418 940 608 979 omnes
636 925 837 993 regina:
872 924 1082 978 virtutis
1128 923 1182 975 in
1226 935 1285 975 se
1317 917 1589 989 regnantis
1618 915 1806 969 obser-

221 1024 307 1067 vat
338 1030 355 1067 :
382 1029 450 1067 ac
482 1015 562 1068 sic
586 1029 705 1068 eum
732 1013 842 1066 Deu
871 1028 970 1066 suo
1011 1026 1146 1065 unus
1172 1011 1393 1077 spiritus
1437 1008 1629 1067 factus,
1677 1001 1808 1055 nihil

221 1103 371 1158 aliud
408 1104 518 1173 agit
543 1118 758 1172 semper
782 1113 871 1155 aut
894 1106 1110 1171 cogitat,
1164 1102 1262 1155 nisi
1303 1099 1444 1153 unde
1471 1097 1667 1151 clarior
1700 1106 1719 1133 ο
1747 1107 1811 1146 ac

224 1196 468 1250 nobilior
497 1196 609 1263 ﬁat,
627 1203 683 1249 et
697 1193 1082 1263 oblectationes
1105 1192 1353 1246 vitiorum
1381 1186 1641 1250 omnium,
1666 1184 1811 1254 puris

222 1287 686 1344 delectationibus
715 1288 914 1340 vincat.

805 1375 1029 1431 CAPUT
1070 1373 1253 1428 XVIII.

223 1471 355 1538 Quae
370 1471 447 1523 sit
472 1468 786 1539 quaternarii
808 1468 1004 1539 numeri
1030 1466 1282 1519 credenda
1306 1462 1579 1539 perfectio;
1609 1468 1654 1512 et
1676 1456 1811 1539 quod

286 1526 526 1606 quatuor
554 1539 784 1602 virtutes,
805 1553 919 1606 qua:
945 1537 1094 1588 dicta:
1113 1544 1235 1606 sunt
1258 1526 1588 1601 principales,
1626 1544 1686 1581 ex
1712 1526 1815 1593 ﬁde

294 1604 531 1663 uiuentes
554 1624 587 1661 a
616 1607 721 1661 Deo
746 1604 947 1659 collata:
957 1604 1261 1675 justi/icent.

293 1744 349 1796 Ι.
404 1740 697 1795 Videamus
728 1754 870 1794 nunc
898 1753 966 1793 an
992 1750 1118 1792 vera
1145 1735 1215 1790 sit
1244 1731 1679 1804 philosophorum
1723 1728 1811 1781 illa

220 1833 530 1896 sententia,
579 1846 680 1900 qua
708 1838 937 1898 quatuor
962 1829 1209 1892 virtutes,
1244 1800 1395 1879 velut
1422 1800 1680 1891 quosdam
1712 1818 1816 1870 vir-
1850 1800 1895 1858 Β

218 1933 405 1978 tutum
433 1921 677 1977 omnium
708 1920 904 1983 fontes,
956 1916 1085 1971 vitia
1127 1929 1341 1985 quoque
1381 1921 1630 1981 quatuor,
1675 1909 1819 1961 velut

216 2013 498 2082 quasdam
522 2010 756 2079 origines
783 2008 1043 2063 malorum
1084 2007 1323 2061 omnium
1350 2002 1631 2057 definiunt.
1666 1998 1814 2052 Prin-

215 2100 436 2169 cipales
466 2107 718 2168 quatuor,
767 2111 889 2151 esse
917 2097 1144 2149 virtutes
1183 2108 1287 2147 non
1317 2092 1489 2145 solum
1520 2085 1817 2157 philosophi

215 2193 498 2254 sentiunt,
549 2188 644 2243 sed
688 2190 848 2243 etiam
890 2186 1060 2242 nostri
1110 2184 1472 2240 consentiunt.
1514 2179 1617 2234 Sed
1656 2192 1820 2247 quare

214 2289 488 2351 quatuor,
536 2278 619 2331 vel
664 2292 781 2347 qua;
827 2277 935 2331 sint
985 2290 1147 2344 Opera
1179 2273 1533 2342 singularum,
1562 2270 1684 2333 hoc,
1716 2268 1820 2321 Do-

215 2372 376 2424 mino
417 2367 784 2433 illuminante,
834 2365 1094 2421 debemus
1140 2365 1379 2418 breviter
1422 2363 1815 2417 demonstrare.

215 2460 650 2529 Quaternarium
677 2456 703 2495 ἀ
735 2474 1016 2513 numerum
1050 2456 1363 2527 perfectioni
1387 2465 1654 2512 sacratum
1685 2468 1821 2523 pene

214 2553 410 2607 nullus
438 2552 674 2621 ignorat.
700 2549 975 2618 Siquidem
1006 2557 1151 2603 totus
1180 2550 1324 2603 orbis
1352 2548 1569 2602 Oriente
1599 2555 1622 2583 ο
1649 2556 1701 2600 et
1720 2545 1819 2599 Oc-

214 2643 475 2706 cidente,
511 2639 774 2709 Aquilone
802 2648 856 2693 et
881 2638 1121 2704 Meridie,
1154 2647 1383 2708 quatuor
1413 2635 1432 2675 ι
1473 2635 1818 2692 determinari

214 2732 482 2801 μιτιίὺιιε
506 2732 622 2784 sive
651 2729 860 2798 angulis
890 2730 1190 2794 invenitur;
1236 2737 1290 2783 et
1330 2728 1446 2797 ipse
1493 2727 1683 2791 Adam,
1731 2725 1819 2794 qui

214 2835 302 2878 est
331 2821 575 2876 humani
600 2821 811 2890 generis
841 2828 1012 2888 pater,
1044 2820 1131 2873 vel
1158 2819 1410 2889 generale
1437 2831 1654 2881 nomen,
1679 2815 1818 2884 quod

213 2913 434 2968 dcitur
488 2911 689 2978 homo,
736 2922 959 2979 quatuor
1007 2909 1199 2964 litteris
1248 2907 1562 2976 explicatur.
1613 2905 1821 2974 Corpus

214 3018 457 3075 quoque
490 3011 720 3072 quatuor
748 3001 1028 3057 elementis
1062 3010 1086 3048 ε
1114 3008 1466 3065 exstructum,
1498 2996 1819 3067 quaternarii

213 3095 448 3151 numeri
498 3094 557 3147 in
603 3106 661 3147 se
702 3092 939 3147 continet
979 3100 1392 3147 sacramentum.
1446 3090 1617 3159 Ipsius
1657 3089 1816 3143 etiam

1906 541 2125 609 aperiri,
2159 556 2224 596 ex
2256 540 2385 609 ipsis
2413 541 2427 590 t'
2460 538 2832 594 affectionibus
2857 540 3205 609 singularum,
3228 558 3345 612 qua:
3373 544 3476 595 vir-

1908 640 2049 686 tutes
2078 646 2142 685 ex
2170 630 2363 700 quibus
2388 630 2675 693 exsistant,
2707 628 2925 683 forsitan
2958 633 3253 698 apparebit.

1978 721 2030 775 5.
2074 720 2453 775 Verumtamen
2480 720 2582 774 hoc
2610 718 2873 788 imprimis
2903 735 3061 775 nosse
3089 732 3137 774 et
3177 731 3357 776 tenere
3384 722 3478 777 de-

1908 813 2117 878 bemus,
2156 813 2296 881 quod
2323 812 2441 867 ista:
2473 822 2699 881 quatuor
2727 813 2971 879 virtutes,
3014 816 3094 870 vel
3131 832 3317 871 omnes
3359 834 3476 887 qua:

1908 918 1972 957 ex
1996 903 2102 956 illis
2127 904 2382 967 existunt,
2434 901 2574 957 dona
2604 904 2711 957 sint
2744 903 2868 966 Dei;
2917 915 2971 957 et
3003 907 3139 975 quod
3170 908 3346 962 nullus
3385 924 3496 963 eas.

1910 991 2088 1055 habet,
2137 992 2337 1057 habuit,
2385 1000 2477 1046 aut
2517 992 2753 1055 habebit,
2801 995 2900 1047 nisi
2942 995 3025 1047 cui
3064 996 3223 1059 Deus,
3271 996 3363 1065 qui
3396 1006 3481 1051 est

1910 1082 2151 1136 omnium
2199 1083 2453 1136 virtutum
2498 1083 2795 1152 proprietas
2835 1094 2887 1137 et
2935 1085 3117 1153 origo,
3175 1089 3478 1141 contulerit.

1910 1173 2172 1241 Quoniam
2201 1174 2539 1242 quicunque,
2582 1189 2901 1243 quocunque
2951 1185 3209 1244 tempore,
3254 1177 3306 1231 in
3352 1195 3523 1249 qua-_

1911 1278 2121 1334 cunque
2147 1274 2307 1332 gente
2345 1264 2398 1317 in
2432 1263 2602 1317 Deum
2630 1264 2912 1319 credentes
2941 1282 3007 1319 ex
3060 1268 3163 1320 fide
3214 1268 3481 1332 vixerunt,

1913 1357 2056 1411 illius
2082 1356 2226 1410 dono
2255 1364 2615 1423 temperantes
2641 1370 2703 1410 ac
2727 1356 3038 1425 prudentes,
3068 1358 3216 1427 justi,
3248 1356 3272 1395 ἰ
3295 1374 3356 1413 ac
3381 1359 3486 1414 for-

1912 1454 1994 1501 tes
2044 1446 2159 1500 fieri
2214 1446 2398 1514 utique
2446 1454 2754 1513 potuerunt.
2814 1446 2913 1512 Qui
2963 1455 3139 1502 autem
3190 1448 3486 1504 nescientes

1914 1538 2103 1605 Deum,
2139 1537 2220 1592 vel
2247 1537 2408 1593 etiam
2443 1536 2895 1605 blasphemantes,
2941 1540 3057 1595 sine
3091 1540 3194 1594 fide
3222 1542 3486 1607 vixerunt,
3530 1600 3531 1603 η

1914 1629 2048 1684 nihil
2072 1644 2257 1684 earum
2282 1629 2541 1683 virtutum
2571 1642 2603 1682 a
2630 1629 2740 1685 Deo
2768 1630 3033 1700 accipere,
3060 1631 3143 1687 vel
3172 1631 3369 1688 habere
3397 1647 3488 1703 po—

1916 1720 2082 1774 tuisse
2107 1718 2363 1773 credendi
2389 1727 2535 1772 sunt.

2500 1833 2728 1888 CAPUT
2769 1834 2906 1888 XIX.

2188 1942 2263 1998 De
2284 1946 2631 2013 temperantia:
2650 1945 2920 2015 qualitate,
2950 1950 3025 2001 vel
3054 1964 3222 2019 apere.

1995 2097 2044 2149 I.
2086 2095 2190 2151 Sed
2215 2095 2327 2163 jam
2356 2091 2635 2150 vi'deamus
2657 2111 2779 2166 quae
2808 2098 2877 2152 sit
2913 2100 3211 2167 proprietas
3255 2102 3491 2172 singula-

1921 2200 2063 2239 rum.
2092 2185 2467 2255 Temperantia
2495 2196 2879 2254 temperantem
2921 2188 3066 2255 facit,
3113 2191 3490 2258 abstinentem,
3524 2244 3525 2247 η

1922 2292 2161 2341 parcum.
2206 2277 2470 2345 sobrium,
2524 2274 2879 2345 moderafum,
2929 2281 3196 2349 pudicum,
3239 2285 3491 2347 tacitum,

1926 2365 2186 2433 1serium,
2219 2369 2599 2422 verecundum.
2629 2368 2751 2423 Haec
2778 2369 2947 2423 virtus
2976 2380 3013 2405 ιη
3042 2372 3086 2424 si
3109 2371 3160 2425 in
3188 2375 3367 2426 animo
3396 2374 3487 2427 ba-

1922 2460 2074 2527 bitat,
2111 2461 2357 2516 libidines
2385 2460 2576 2527 frenat,
2624 2460 2847 2515 allectus
2896 2471 3180 2532 temperat.
3230 2464 3491 2520 desideria

1922 2560 2105 2604 saneta
2138 2550 2473 2618 multiplicat,
2505 2552 2695 2606 vitiosa
2722 2554 2969 2623 castigat,
3023 2556 3201 2609 omnia
3231 2557 3369 2611 intra
3396 2572 3493 2612 nos

1920 2641 2142 2696 confusa
2172 2641 2407 2708 ordinat,
2447 2651 2475 2679 η
2507 2642 2752 2698 ordinata
2784 2644 3119 2711 corroborat,
3147 2647 3494 2715 cogitationes

1924 2746 2114 2801 pravas
2142 2740 2422 2798 removet,
2468 2733 2657 2788 inserit
2699 2744 2934 2801 sanctas,
2982 2736 3159 2805 ignem
3202 2737 3497 2793 libidinosa

1924 2824 2207 2892 voluptatis
2238 2824 2545 2895 exstinguit,
2584 2826 2748 2880 animi
2778 2836 3017 2895 teporem
3045 2828 3308 2884 desiderio
3352 2829 3495 2884 futu-

1923 2928 1997 2967 ra:
2027 2914 2473 2968 remunerationis
2509 2914 2776 2981 accendit,
2822 2926 3053 2972 mentem
3098 2918 3308 2988 placida
3351 2928 3497 2974 tran-

1922 3004 2180 3075 quillitate
2202 3003 2495 3073 componit,
2542 3014 2596 3058 et
2624 3013 2650 3039 °
2680 3012 2845 3059 totam
2873 3021 3085 3074 semper
3130 3007 3198 3060 ab
3241 3007 3387 3061 omni
3414 3008 3497 3063 vi-

1926 3095 2119 3148 tiorum
2153 3102 2467 3161 tempestate
2515 3092 2775 3148 defendit.
2825 3095 3201 3164 Temperantia
3246 3098 3498 3171 intempe-

214 3186 431 3241 animae
465 3192 701 3253 quatuor
745 3196 863 3239 esse
888 3183 1219 3247 affectiones,
1250 3183 1442 3252 quibus
1477 3181 1559 3236 vel
1589 3180 1654 3235 ad
1682 3181 1822 3235 bona
1849 3156 1895 3218 ο
1929 3186 2154 3239 rantiam
2191 3156 2427 3238 nostram
2472 3184 2536 3238 ad
2564 3194 2590 3233 ιι
2620 3187 2901 3239 honestum
2952 3156 3168 3242 modum
3216 3156 3498 3257 redigit'in

216 3280 472 3345 utimur,
504 3276 591 3330 vel
612 3275 677 3329 ad
703 3278 864 3340 mala,
888 3284 944 3331 et
971 3276 1175 3346 antiqui
1197 3275 1463 3330 subtiliter
1487 3275 1825 3341 invenerunt,

216 3380 281 3427 et
308 3382 522 3425 eorum
549 3367 760 3420 inventa
791 3366 1078 3434 probantes
1106 3366 1305 3436 posteri
1338 3374 1709 3435 susceperunt.

295 3460 359 3515 2.
411 3458 530 3515 Sed
558 3468 611 3511 et
638 3467 863 3525 quatuor
893 3456 1106 3511 ﬂuttiina
1144 3473 1264 3527 quae
1308 3458 1375 3513 de
1415 3458 1643 3528 paradisi
1685 3459 1829 3513 fonte

220 3549 554 3621 procedunt
585 3547 736 3618 (Cen.
766 3562 824 3613 ll,
865 3548 974 3615 10),
1025 3548 1108 3601 vel
1154 3559 1380 3616 quatuor
1410 3547 1715 3618 Evangelia,
1746 3546 1829 3601 di-

219 3643 345 3699 vini
379 3655 585 3697 currus
630 3650 762 3693 rota:
800 3648 1047 3707 quatuor,
1093 3650 1149 3694 et
1170 3639 1449 3707 animalia,
1500 3640 1599 3693 alte
1643 3654 1829 3695 eorum

220 3746 480 3804 qua'uor
528 3743 592 3784 ac
636 3729 797 3783 facies
828 3728 1038 3799 (Ezech.
1076 3744 1114 3797 ι,
1163 3730 1197 3783 5
1225 3737 1272 3782 et
1313 3728 1468 3800 ηιμ),
1519 3730 1830 3799 dignitatem

219 3821 466 3879 numeri
498 3819 659 3887 hujus
686 3817 897 3872 abunde
922 3818 1337 3873 commendant:
1370 3828 1425 3873 et
1454 3818 1574 3873 ideo
1610 3817 1638 3856 ιι
1664 3819 1832 3873 virtu-

220 3926 315 3970 tes
349 3914 486 3968 ista:
520 3925 637 3978 qum
664 3919 865 3963 tantum
896 3908 1175 3963 continent
1198 3909 1540 3978 perfectionis
1569 3909 1621 3963 in
1648 3924 1835 3964 nume-

219 4020 316 4069 ro,
350 4002 605 4058 sollicite
630 4000 971 4055 considerare
1008 3998 1287 4065 debemus,
1338 4009 1590 4069 quantam
1638 4001 1835 4054 sancti-

1929 3276 2050 3331 cibo
2080 3276 2197 3346 ipso
2226 3274 2311 3332 vel
2350 3283 2500 3345 potu,
2541 3285 2597 3330 ut
2634 3276 2870 3331 contenti
2900 3277 3067 3331 simus
3101 3276 3357 3346 appositis
3386 3293 3399 3327 :
3432 3291 3500 3331 ne

1930 3383 2213 3436 poscamus
2261 3367 2600 3437 impudenter
2646 3367 2789 3436 quod
2847 3375 2939 3421 aut
2993 3366 3083 3421 ille
3125 3368 3223 3435 qui
3264 3368 3500 3435 poscitur

1930 3457 2067 3513 forte
2094 3467 2122 3506 (ι
2153 3471 2256 3510 non
2289 3456 2515 3521 habeat;
2560 3466 2649 3509 aut
2692 3456 2827 3510 alios
2854 3455 2994 3523 quod
3020 3454 3287 3510 desiderio
3317 3465 3502 3511 nostro

1934 3552 2108 3620 placet
2136 3549 2393 3615 offendat,
2425 3559 2519 3605 aut
2551 3551 2689 3619 gula:
2720 3561 2918 3605 nostra:
2955 3552 3312 3620 intemperans
3342 3567 3503 3622 appe-

1935 3645 2061 3696 titus
2087 3651 2371 3711 appareat;
2401 3656 2501 3697 nec
2526 3642 2829 3711 iudicemus
2854 3656 2948 3697 eos
2969 3641 3058 3711 qui
3080 3643 3266 3696 volunt
3295 3653 3317 3681 ι’
3347 3644 3501 3711 cibis,

1934 3745 2070 3799 quos
2114 3731 2212 3799 ipsi
2258 3731 2606 3799 percipimus,
2652 3724 2955 3796 abstinere;
2988 3746 3085 3786 nec
3130 3733 3208 3786 eis
3249 3747 3505 3788 verecun-

1935 3821 2077 3875 diam
2108 3819 2365 3875 faciamus
2404 3821 2494 3886 qui
2523 3835 2584 3875 ea
2616 3821 2808 3890 quibus
2844 3821 2942 3888 ipsi
2973 3822 3322 3885 abstinemus,
3370 3822 3506 3876 forte

1939 3910 2261 3977 percipiunt,
2301 3919 2356 3964 et
2399 3910 2507 3965 Deo
2552 3910 2750 3979 gratias
2802 3911 3156 3979 agnntacerti
3186 3910 3326 3979 quod
3376 3912 3507 3965 satis

1939 4000 2195 4054 miserum
2226 3998 2294 4052 sit
2338 3998 2545 4066 aliquos
2572 3999 2639 4053 de
2683 3998 2788 4053 cibi
2831 3999 2913 4052 vel
2961 4009 3116 4066 potus
3164 4001 3506 4069 perceptione

1938 4090 2214 4153 damnare,
2254 4095 2346 4142 aut
2372 4088 2524 4143 nobis
2561 4101 2814 4159 arrogare
2861 4103 2956 4157 per
2985 4088 3360 4144 abstinentiam
3387 4105 3504 4145 san-

1939 4181 2202 4235 etitatem.

2009 4273 2065 4328 2.
2098 4272 2485 4342 Temperantize
2522 4280 2607 4327 est
2633 4271 2773 4341 quod
2818 4272 3176 4326 reverentiam
3210 4272 3509 4327 senioribus

1942 4366 2281 4430 exhibemus,
2313 4365 2547 4433 aequales
2579 4362 2906 4433 germanitus
2948 4362 3291 4429 honoramus,
3331 4364 3507 4432 junio-

1944 4454 2092 4509 ribus
2140 4453 2362 4522 gratiam
2403 4462 2425 4489 ⁸
2473 4459 2708 4519 paternae
2762 4449 3066 4505 dilectionis
3121 4450 3507 4519 impendimus;

1944 4546 2087 4615 quod
2135 4553 2447 4614 praestamus
2492 4542 2730 4612 loquenti
2777 4542 2991 4597 seniori
3024 4542 3325 4609 silentium,
3371 4544 3508 4613 quod

1947 4639 2112 4708 ipsius
2141 4638 2209 4692 ad
2249 4635 2569 4707 loquendum
2614 4633 2984 4703 praestolamur
3028 4633 3331 4701 imperium,
3371 4633 3507 4703 quod

1947 4747 2053 4789 non
2075 4730 2365 4787 attollimus
2404 4727 2811 4783 immoderatum
2843 4725 2896 4782 in
2942 4725 3382 4782 collocutionibus
3422 4740 3511 4781 so-

220 4107 415 4151 tatem
471 4090 754 4147 conferant
802 4092 982 4146 animo
1018 4089 1346 4158 Christiano,
1397 4100 1452 4145 et
1497 4106 1658 4159 quam
1704 4089 1834 4144 nihil

220 4184 611 4260 perfectionis
644 4183 661 4221 ί
697 4199 919 4254 usquam
966 4185 1058 4249 sit,
1098 4183 1240 4254 quod
1289 4183 1342 4238 in
1390 4183 1508 4238 istis
1553 4183 1838 4238 virtutibus

219 4297 346 4337 non
378 4280 481 4333 sit.
516 4276 648 4330 Nam
677 4277 721 4332 si
754 4277 879 4331 facit
910 4277 1256 4345 temperantia
1281 4284 1684 4346 temperantem,
1714 4292 1839 4345 pru-

218 4373 437 4430 dentia
466 4367 809 4439 prudentem,
838 4368 1283 4438 justitiajustum,
1318 4369 1571 4423 fortitudo
1611 4369 1835 4435 fortem;

221 4482 300 4521 eo
336 4464 444 4533 qui
482 4470 864 4530 temperanter,
888 4458 1054 4527 juste,
1077 4467 1133 4514 et
1160 4460 1453 4527 prudenter
1481 4460 1610 4526 agit,
1640 4474 1705 4513 ac
1733 4459 1841 4513 for-

227 4558 403 4622 titer,
437 4551 631 4607 nescio
659 4550 785 4620 quid
815 4549 982 4619 possit
1006 4564 1127 4604 esse
1150 4549 1457 4617 perfectius.
1490 4550 1674 4619 Itaque
1700 4549 1839 4604 diffi-

223 4651 350 4706 cile
376 4645 609 4717 quidem
638 4651 723 4699 est
755 4643 909 4698 nobis
934 4643 1149 4697 nomina
1178 4644 1452 4709 virtutum,
1494 4658 1612 4712 quae
1642 4657 1705 4697 ex
1734 4642 1839 4696 illis

226 4748 517 4812 quatuor,
549 4749 680 4805 quas
706 4734 1030 4805 principales
1063 4734 1315 4796 diximus,
1352 4734 1619 4802 oriuntur,
1659 4743 1839 4789 osten-

1948 4921 2067 4961 cu'n
2091 4904 2301 4965 Camb.,
2334 4901 2611 4968 eﬂectibus.

2018 4973 2045 5012 ι
2078 4976 2204 5030 Mss.
2235 4974 2360 5035 duo,
2394 4974 2468 5026 vel
2494 4976 2670 5039 fortes.

2024 5042 2040 5081 1
2077 5046 2128 5097 In
2160 5058 2289 5098 mss.
2321 5038 2527 5096 duobus
2556 5040 2706 5094 Colb.
2738 5038 2889 5092 deest
2914 5053 3016 5091 vox
3046 5039 3253 5091 serium.

2019 5124 2058 5150 ω
2084 5115 2179 5168 Ms.
2207 5113 2357 5167 Colb.
2394 5127 2549 5174 unus,
2577 5112 2628 5161 in
2658 5111 2828 5161 animo
2856 5108 2940 5159 ubi
2978 5108 3192 5172 habitat,
3223 5109 3422 5177 absque
3449 5110 3512 5163 si.

2018 5192 2043 5219 ⁸³
2080 5185 2173 5237 Ms.
2210 5198 2344 5236 unus
2370 5180 2546 5245 Colb.,
2570 5180 2775 5247 inﬁrma
2804 5176 3114 5230 corroborat.

2022 5263 2047 5289 θ
2075 5255 2174 5308 Ms.
2203 5253 2356 5306 Colb.
2402 5266 2559 5309 unus.
2603 5245 2647 5301 et
2686 5257 2845 5300 tutam
2884 5261 3079 5315 semper
3104 5246 3167 5298 ab
3206 5245 3341 5296 onmi
3370 5245 3515 5297 uitio-

1950 5340 2063 5377 rum
2088 5331 2331 5390 potestate
2360 5320 2605 5387 defendit.

2021 5410 2051 5445 ιι
2078 5386 2174 5446 Ms.
2205 5386 2433 5453 unus,ad
2460 5402 2654 5442 omnem
2681 5386 2962 5437 honestum.

2022 5472 2051 5512 «ι
2079 5463 2174 5515 Ms.
2211 5451 2368 5522 unus,
2401 5474 2501 5510 non
2528 5453 2758 5506 habebat.
2806 5453 2909 5522 Ms.
2945 5466 3098 5519 unus,
3142 5461 3230 5505 aut
3270 5468 3329 5504 ne
3367 5451 3514 5515 alios,

1952 5542 2055 5589 etc.
2090 5531 2290 5585 Desunt
2322 5528 2434 5579 haec
2460 5527 2513 5577 in
2539 5539 2641 5576 ms.
2670 5537 2777 5574 uno
2801 5521 2930 5590 lieg.

2026 5612 2047 5640 τ
2082 5601 2206 5653 Mss.
2237 5597 2365 5660 duo,
2397 5611 2430 5646 a
2457 5593 2599 5645 cibis.

2027 5680 2048 5709 ³
2082 5670 2177 5725 Ms.
2208 5680 2365 5733 unus,
2390 5678 2535 5734 pura:
2551 5659 2855 5733 dilectionis.

313 4926 347 4953 ι
390 4913 569 4971 Alias,
603 4911 645 4963 si
673 4912 806 4980 quis.

311 4986 345 5024 δ
387 4982 473 5037 Ita
504 4994 636 5035 mss.
668 4977 917 5049 quatuor.
956 4977 1054 5033 Ms.
1085 4978 1239 5044 alter,
1291 4978 1520 5033 inclinet.
1571 4978 1731 5043 Editi,
1764 4980 1844 5030 in-

227 5052 551 5112 clinaverit.

319 5136 348 5163 ε
385 5122 529 5176 Mss.
560 5128 685 5182 tres,
717 5129 805 5171 aut
833 5117 1068 5170 nobilior.

312 5193 349 5232 ει
390 5191 500 5246 Ms.
537 5204 694 5251 unus,
736 5189 1059 5256 perfectione.
1106 5188 1273 5248 Alter.
1321 5186 1716 5254 Quaternarium
1749 5203 1842 5240 nu-

224 5278 403 5320 mero
437 5258 760 5328 perfectionis
788 5267 1063 5310 sacratum.

320 5343 352 5372 ο
390 5325 539 5384 Mss.
560 5328 666 5381 duo
696 5328 779 5381 hic
804 5330 1057 5381 omittunt
1083 5338 1151 5396 et,
1198 5325 1341 5399 quod
1386 5326 1578 5398 legitur
1622 5326 1676 5382 in
1725 5325 1844 5380 aliis

222 5404 349 5461 cud
358 5399 566 5455 icilius.

324 5473 349 5511 ί
387 5470 523 5521 Mss.
552 5468 680 5530 duo,
710 5467 990 5518 terminari.

322 5551 359 5590 ε
392 5539 499 5591 Ms.
532 5552 687 5599 tInu-,
719 5538 1018 5588 instructum

318 5610 355 5648 ιι
400 5607 506 5660 Ms.
535 5621 694 5669 unus,
728 5606 930 5658 virtutes
957 5610 1097 5660 istas.

324 5681 346 5718 ξ
399 5679 529 5729 Mss.
559 5686 805 5742 quatuor,
838 5692 1115 5739 nunquam.

323 5750 344 5801 i
402 5746 507 5801 Ms.
541 5746 670 5814 Reg.
705 5760 859 5811 unus,
898 5746 1179 5813 aﬂ'rcttbus.
1227 5745 1376 5802 Alter
1418 5757 1470 5802 et
1507 5744 1660 5803 COIb.
1710 5758 1847 5799 unus
