4000 6176
524 316 626 371 505

1796 315 2058 373 JULIANI
2099 316 2379 375 POMERII
3687 332 3774 388 504

522 448 669 497 nunt,
696 436 836 501 quod
866 440 889 469 ι
932 429 1063 485 risui
1109 442 1461 499 prorumpere
1500 443 1606 485 non
1652 433 2015 501 permittimus
2054 434 2106 488 in
2136 433 2189 493 Δ
2214 439 2477 507 augentia,
2508 441 2602 497 sed
2635 442 2686 496 in
2719 442 2799 498 eis
2829 451 3033 500 tantum
3062 458 3197 515 quos
3223 444 3430 500 fortiter
3477 445 3601 499 facit
3632 447 3775 500 susti-

518 522 863 587 cachiunum,
886 520 1026 592 quod
1061 520 1185 574 nulli
1208 520 1563 585 detrahimus,
1617 538 1715 578 nec
1747 522 1775 562 ι)
1813 522 2101 579 detrahen-

520 624 601 669 tes
632 615 1004 683 mquanimiler
1031 614 1392 669 sustinemus:
1422 617 1675 681 scientes,
1706 615 1848 683 quod
1889 626 1994 670 tam
2030 615 2104 669 illi

519 707 609 771 qui
652 704 937 759 detrahunt
978 720 1135 775 quam
1182 705 1256 758 illi
1310 705 1398 773 qui
1438 705 1844 761 detrahentibus
1889 708 2103 775 acquie-

517 807 696 865 scmtt,
724 796 972 850 vanitatis
1015 795 1201 849 morbo
1243 796 1478 864 corrupti
1521 803 1671 859 sunt;
1707 806 1729 834 ο
1762 796 1849 865 qui
1894 796 1959 850 ad
2004 796 2104 850 hoc

514 890 648 942 alios
671 889 807 943 viles
846 888 1012 942 videri
1060 888 1269 953 volunt,
1322 897 1378 940 ut
1422 900 1481 941 se
1509 888 1888 943 commendent
1915 903 2100 943 eorum

514 981 921 1049 comparatione
949 994 1080 1050 quos
1103 988 1349 1048 carpunt,
1374 988 1429 1035 et
1451 980 1736 1035 videantur
1754 996 1815 1035 ea
1837 983 1965 1035 vitia
1995 997 2100 1036 non

518 1072 736 1137 habere,
774 1086 892 1140 qua:
927 1071 1197 1125 malitiose
1235 1070 1287 1124 in
1330 1070 1450 1125 aliis
1495 1071 1915 1139 reprehendunt,
1958 1073 2100 1141 quod

513 1161 711 1215 malum
744 1161 1097 1229 temperantia
1132 1160 1302 1226 tollit;
1351 1161 1434 1214 cui
1482 1160 1573 1230 qui
1609 1162 1812 1215 servire
1849 1161 2098 1229 voluerit,

513 1266 619 1304 non
642 1250 781 1317 quod
813 1248 1172 1317 reprehendat
1210 1247 1261 1302 in
1310 1248 1586 1313 fratribus,
1620 1246 1715 1302 sed
1746 1246 1889 1303 unde
1933 1248 2098 1304 Deum

512 1339 690 1394 laudet
717 1338 961 1392 attendit.
1010 1340 1089 1393 Ac
1120 1352 1216 1407 per
1258 1336 1359 1392 hoc
1389 1338 1557 1407 ipsius
1589 1339 1958 1407 temperantiae
1988 1349 2094 1407 est,

511 1431 649 1498 quod
683 1444 787 1482 non
816 1429 987 1482 solum
1020 1438 1380 1494 temperantes
1402 1428 1453 1482 in
1478 1430 1715 1483 omnium
1735 1430 2097 1486 membrorum

512 1520 704 1573 oftlciis
746 1532 952 1583 sumus,
984 1517 1077 1572 sed
1104 1518 1265 1571 etiam
1296 1516 1439 1585 quod
1468 1516 1646 1572 omnia
1681 1517 1934 1584 libenter,
1976 1534 2098 1589 qua:

512 1624 612 1667 nos
639 1611 945 1666 moderatos
976 1625 1041 1665 ac
1078 1609 1289 1664 sobrios
1316 1610 1535 1677 faciunt,
1568 1609 1938 1667 observamus.
1989 1612 2096 1667 Sed

513 1707 578 1762 de
604 1705 952 1774 temperantia
979 1703 1096 1759 haec
1130 1704 1266 1759 dicta
1299 1703 1584 1769 sufficiant,
1616 1702 1642 1742 ά
1677 1714 1735 1759 ut
1762 1705 1909 1761 etde
1937 1706 2094 1761 forti-

512 1797 697 1853 tudine
722 1797 1072 1851 disseramus.

1111 1886 1335 1943 CAPUT
1375 1885 1495 1942 XX.

581 1978 775 2042 Quales
797 1996 904 2034 esse
922 1979 1134 2033 debeant
1159 1995 1286 2048 quos
1310 1979 1467 2033 animi
1491 1978 1742 2047 fortitudo
1763 1981 2016 2036 nobilitat.

587 2072 634 2128 Ι.
667 2072 843 2126 Animi
873 2070 1130 2125 fortitudo
1162 2085 1224 2124 ea
1264 2069 1423 2124 debet
1462 2070 1685 2140 intelligi
1723 2087 1842 2139 quas
1866 2086 1971 2126 non
1998 2087 2093 2129 so-

510 2167 620 2223 lum
649 2165 875 2220 diversis
906 2164 1113 2233 pulsata
1140 2162 1739 2218 molestiisinconcussa
1760 2176 2090 2233 permaneat,

510 2260 604 2314 sed
628 2258 789 2312 etiam
823 2257 985 2311 nullis
1015 2257 1351 2323 voluptatum
1401 2255 1670 2311 illecebris
1707 2258 1940 2313 resoluta
1974 2273 2093 2313 sue-

509 2349 745 2404 cumbat.
789 2347 1039 2416 Alioquin
1080 2346 1125 2400 si
1167 2345 1397 2412 impetus
1425 2345 1639 2414 quidem
1689 2348 1951 2402 malorum
1993 2364 2093 2403 sa:-

510 2442 765 2495 vientium
808 2443 1049 2508 frangat,
1098 2438 1141 2492 si
1183 2436 1580 2493 calamitatibus
1625 2437 1951 2508 quibuslibet
1992 2439 2093 2496 im-

509 2533 682 2604 pactis
723 2543 747 2570 ο
789 2532 1037 2597 obsistat,
1085 2531 1131 2586 si
1183 2531 1322 2585 inter
1373 2530 1688 2600 iniuriarum
1728 2544 1904 2597 saeva,
1951 2533 2092 2589 inter

508 2622 778 2692 procellas
818 2620 1126 2691 augentium
1171 2633 1566 2689 pressurarum,
1606 2621 1745 2676 inter
1784 2622 2091 2681 inimicitias

508 2731 571 2771 ac
596 2715 789 2769 damna
816 2713 1122 2784 praesentia,
1150 2722 1308 2781 atque
1323 2712 1664 2767 multimodas
1690 2715 2090 2782 persecutiones

506 2805 783 2876 infatigata
808 2804 1079 2873 persistat,
1118 2813 1172 2859 et
1218 2812 1397 2857 tamen
1425 2802 1493 2857 de
1517 2802 1629 2872 ipsa
1669 2819 1727 2857 se
1754 2805 2090 2862 adversario-

504 2914 621 2954 rum
652 2898 970 2954 sustinentia
993 2897 1179 2967 jactet,
1218 2911 1321 2951 nec
1350 2896 1418 2950 de
1454 2896 1598 2951 dono
1630 2897 1748 2963 Dei,
1785 2899 1805 2936 τ
1837 2914 1943 2969 quo
1972 2898 2090 2955 illu-

505 2999 727 3053 stratur,
767 2989 1018 3052 ersultet,
1059 2988 1152 3043 sed
1191 2988 1483 3042 carnaliter
1519 3003 1581 3043 se
1614 2988 1684 3044 de
1715 2990 1853 3060 vulgi
1887 2991 2086 3058 favore,

504 3096 609 3150 quo
633 3080 967 3149 prmdicatur,
987 3078 1243 3142 obleCtet;
1270 3077 1497 3147 plusque
1516 3079 1744 3146 gaudeat
1768 3094 1833 3134 ex
1856 3096 1921 3136 eo
1944 3083 2085 3151 quod

504 3173 767 3239 laudatur,
798 3187 954 3242 quam
977 3186 1045 3227 ex
1078 3187 1141 3225 eo
1168 3170 1308 3240 quod
1339 3169 1503 3224 habet
1537 3169 1679 3225 unde
1705 3171 1984 3239 laudetur;
2032 3183 2086 3229 et

503 3279 600 3334 per
628 3264 731 3319 hoc
755 3263 1038 3318 humanam
1068 3262 1281 3317 laudem
1306 3244 1503 3315 divinis
1535 3270 1561 3308 ι
1594 3263 1908 3318 muneribus
1928 3275 2085 3320 ante-

503 3363 706 3424 ponat:
739 3355 857 3423 quis
885 3353 1088 3409 dubitet
1112 3352 1250 3407 hanc
1265 3352 1429 3407 animi
1458 3352 1810 3409 intentionem
1833 3356 2085 3411 virtutem

503 3442 605 3499 dici
632 3461 739 3499 non
770 3446 964 3513 posse?
1008 3445 1137 3509 Quae
1169 3444 1213 3496 si
1257 3442 1427 3496 virtus
1469 3450 1635 3508 eswt,
1678 3442 1887 3498 fortiter
1924 3446 2085 3500 etiam

502 3535 883 3590 blandimentis
919 3534 1115 3588 talibus
1150 3540 1507 3601 repugnaret;
1560 3546 1659 3586 nec
1713 3532 2085 3602 acquiesceret

501 3625 755 3681 mollibus
781 3639 919 3693 qua),
957 3622 1241 3693 adjuvante
1276 3621 1520 3685 Domino,
1564 3622 1695 3676 dura
1727 3638 1950 3691 quaeque
1992 3627 2080 3681 vel

502 3731 693 3789 aspera
738 3724 1069 3783 superasset.
1114 3712 1385 3779 Quosdam
1426 3726 1657 3781 namque
1694 3712 2081 3782 insuperabiles

500 3809 707 3880 asperis
738 3807 1074 3877 passionibus
1099 3806 1225 3860 facit
1250 3804 1434 3860 mundi
1462 3806 1765 3874 cupiditas:
1807 3806 1859 3860 in
1888 3807 2079 3875 quibus

501 3916 605 3957 non
636 3897 886 3969 patientia
914 3896 1178 3952 laudanda
1212 3904 1313 3958 est,
1339 3896 1434 3952 sed
1462 3893 1487 3932 ι’
1521 3895 1761 3951 miranda
1791 3896 2005 3953 duritia.

568 3993 624 4047 2.
651 3993 759 4048 Eos
780 4006 909 4047 vero
932 4004 1066 4059 quos
1094 3989 1159 4044 ad
1194 3989 1531 4043 tolerantiam
1560 3989 1870 4058 passionum
1908 3989 2080 4047 fortes

499 4086 596 4141 Dei
635 4085 829 4141 caritas
869 4082 1065 4149 reddit,
1116 4080 1260 4135 nulla
1308 4080 1592 4135 delectatio
1634 4079 1884 4144 carnis,i
1932 4083 2077 4137 nulla

498 4178 742 4242 volumas
786 4175 929 4230 male
956 4173 1149 4229 blanda
1177 4172 1540 4236 corrumpit.i
1591 4171 1852 4240 Quoniam
1890 4173 1932 4227 si
1970 4189 2075 4230 non

498 4266 648 4337 quid,
685 4267 779 4322 sed
800 4276 1020 4337 propter
1047 4264 1172 4335 quid
1208 4263 1493 4333 patiamur,
1536 4263 1823 4332 plurimum
1869 4265 2032 4319 refert
2061 4282 2074 4318 :

501 4374 607 4415 non
639 4361 691 4414 in
729 4360 807 4415 eis
845 4367 929 4414 est
958 4356 1212 4427 patientia
1254 4355 1345 4425 qui
1388 4354 1758 4424 aequanimiter
1804 4355 2080 4425 patiuntur

2209 546 2339 586 nere
2362 532 2590 600 justitia.
2632 535 2874 605 Denique
2905 537 3165 592 Dominus
3206 553 3311 592 non
3341 538 3436 605 ait,
3467 535 3495 576 κ
3526 538 3675 593 Beati
3701 541 3776 608 qui

2206 626 2608 693 persecutionem
2636 629 2902 698 patiuntur
2931 628 3149 701 (Matth.
3168 628 3351 699 v,10),
3385 637 3443 686 et
3465 631 3665 695 tacuit;
3693 630 3777 686 sed

2203 715 2419 785 adjecit,
2468 729 2675 790 propter
2710 723 2972 791 justitiam
3009 736 3030 776 :
3062 730 3122 776 ut
3165 722 3444 778 evidenter
3481 723 3779 779 ostenderet

2202 809 2343 875 quod
2376 812 2687 878 patientiam
2720 829 2898 868 veram
2932 831 3039 869 non
3068 814 3197 870 facit
3244 830 3423 883 pmna,
3467 817 3560 870 sed
3592 831 3773 882 causa;

2203 905 2258 951 et
2286 898 2405 954 ideo
2431 900 2814 958 beatitudinem
2844 920 2947 959 non
2978 908 3407 975 persecutionem
3438 909 3773 975 patientibus,

2203 988 2295 1042 sed
2326 1000 2545 1059 propter
2567 993 2825 1060 justitiam
2883 995 3210 1065 patientibus
3256 999 3585 1067 repromisit.
3633 999 3773 1065 Qqu

2201 1081 2245 1135 si
2296 1082 2365 1138 ita
2423 1099 2524 1152 εει,
2584 1087 3011 1155 superandorum
3055 1088 3074 1127 ι
3119 1091 3379 1146 malorum
3437 1094 3773 1159 sustinentia,

2201 1181 2329 1229 tunc
2358 1186 2442 1230 est
2469 1192 2593 1231 vera
2625 1178 2900 1246 patientia,
2949 1181 2994 1234 si
3023 1180 3179 1236 fuerit
3202 1182 3345 1249 justa
3373 1198 3387 1235 :
3417 1190 3472 1237 et
3501 1184 3555 1237 in
3586 1185 3666 1239 eis
3694 1185 3773 1253 ju-

2201 1276 2281 1321 sta
2309 1276 2391 1323 est
2421 1269 2672 1337 patientia
2698 1285 2924 1339 quorum
2959 1286 3057 1327 nec
3087 1272 3383 1338 doloribus,
3414 1289 3513 1329 nec
3540 1275 3773 1343 volupta~

2201 1358 2344 1412 tibus
2379 1368 2419 1395 ω
2450 1360 2593 1414 cedit
2639 1362 2834 1415 mentis
2879 1361 3093 1417 invicta:
3142 1366 3463 1418 constantia.
3511 1366 3617 1420 Sed
3670 1366 3772 1421 bac

2199 1448 2361 1503 animi
2389 1449 2643 1505 fortitudo
2686 1451 2753 1506 ab
2792 1453 2886 1507 illo
2923 1462 3007 1508 est
3037 1454 3191 1508 nobis
3234 1457 3320 1510 cui
3350 1470 3469 1509 cum
3514 1463 3767 1525 propheta

2197 1546 2225 1575 ³³
2250 1549 2558 1593 cantamus:
2582 1539 2854 1595 Fortitudo
2882 1560 3010 1606 mea,
3031 1555 3076 1597 et
3103 1554 3127 1579 ο
3156 1544 3271 1598 laus
3293 1561 3405 1598 mea
3438 1544 3766 1611 Dominus,et

2199 1629 2364 1697 factus
2392 1640 2464 1683 est
2493 1631 2617 1682 mihi
2637 1632 2690 1683 in
2717 1631 2936 1685 salutem
2965 1632 3136 1703 (Psal.
3168 1649 3331 1697 cxvu,
3357 1635 3472 1703 Η).
3501 1636 3769 1692 Fortitudo

2199 1728 2377 1773 nostra
2410 1730 2493 1773 est
2515 1730 2563 1785 ρ,
2605 1721 2728 1790 quia
2769 1723 2840 1775 ita
2866 1736 2964 1776 nos
2993 1730 3176 1777 contra
3205 1724 3383 1778 omnia
3412 1724 3539 1778 vitia
3584 1726 3767 1780 invicta

2128 1786 2177 1846 Β
2204 1810 2530 1872 protectione
2576 1809 2917 1877 corroborat,
2966 1819 3027 1866 ut
3066 1812 3303 1867 animum
3351 1822 3596 1868 uestrum
3623 1825 3652 1864 ει
3682 1830 3768 1870 nec

2196 1896 2386 1952 blanda
2428 1898 2751 1964 dissolvant,
2804 1915 2903 1955 nec
2946 1900 3175 1956 adversa
3219 1902 3502 1971 dejiciant;
3553 1911 3611 1959 et
3654 1912 3768 1959 tunc

2193 1987 2311 2043 laus
2340 1999 2521 2045 nostra
2555 1991 2808 2046 Dominus
2837 1993 2913 2057 fit,
2959 1993 3006 2047 si
3052 2009 3159 2049 non
3208 2009 3305 2049 nos
3356 1994 3425 2050 de
3467 1996 3770 2050 muneribus

2196 2078 2318 2144 Dei,
2347 2080 2439 2134 sed
2463 2080 2638 2135 divina
2664 2081 2716 2136 in
2746 2083 2899 2137 nobis
2923 2084 3203 2152 cupiamus
3226 2099 3446 2139 munera
3472 2085 3767 2154 praedicari.

2193 2169 2302 2225 Nec
2333 2171 2407 2225 illi
2434 2186 2585 2227 suam
2609 2182 2833 2242 possunt
2853 2174 3059 2241 jactare
3079 2174 3358 2241 virtutem,
3381 2175 3575 2244 quibus
3597 2174 3768 2229 Domi-

2194 2276 2295 2315 nus
2326 2260 2495 2316 factus
2517 2270 2601 2317 est
2633 2263 2684 2315 in
2715 2264 2962 2318 salutem.

2265 2349 2317 2404 5.
2358 2350 2407 2405 ls
2437 2366 2566 2420 ergo
2592 2360 2614 2388 ι’
2646 2352 2732 2406 cui
2760 2352 3016 2406 Dominus
3046 2362 3128 2407 est
3155 2352 3316 2407 animi
3341 2352 3621 2418 fortitudo,
3656 2353 3767 2407 nul-

2193 2439 2257 2494 lis
2298 2440 2601 2495 carnalibus
2648 2441 2930 2496 desideriis
2976 2442 3155 2509 cedat,
3202 2442 3364 2497 nullis
3412 2442 3769 2512 voluptatibus

2191 2536 2520 2605 acquiescat,
2569 2536 2912 2591 ambitionem
2961 2550 3024 2591 ae
3067 2537 3376 2606 popularem
3406 2536 3637 2606 gloriam
3663 2537 3769 2590 vin-

2190 2633 2296 2680 cat.
2350 2625 2463 2680 Non
2492 2640 2615 2679 eum
2640 2626 2880 2695 pecunia
2921 2640 3072 2680 amor
3110 2625 3322 2681 addicat
3352 2637 3397 2689 ι,
3431 2641 3538 2680 non
3570 2626 3767 2681 acerbi-

2193 2726 2274 2772 tas
2302 2718 2319 2753 ι
2353 2718 2659 2786 passionum
2688 2717 3115 2785 damnorumque
3139 2717 3406 2784 subjiciat.
3435 2717 3518 2773 Sit
3536 2717 3613 2771 illi
3641 2717 3769 2771 Deus

2191 2809 2306 2863 laus
2348 2818 2478 2873 tota,
2532 2807 2763 2877 perfecta
2812 2807 2978 2878 gloria
3009 2816 3059 2869 ιι,
3112 2807 3398 2863 delectatio
3449 2821 3608 2876 pura,
3655 2820 3768 2877 spes

2189 2910 2357 2968 centa,
2391 2901 2651 2955 securitas
2681 2898 2855 2961 firma,
2905 2899 3232 2968 possibilitas
3259 2912 3410 2962 sana,
3462 2898 3670 2954 sanitas
3696 2898 3766 2951 in-

2188 3000 2478 3059 corrupta:
2507 2999 2563 3046 ut
2591 2991 2639 3047 ei
2684 2989 2940 3060 quidquid
2972 2989 3279 3045 carnalibus
3325 2989 3523 3057 placet,
3573 2990 3629 3043 in
3676 2988 3767 3043 hoc

2190 3082 2387 3137 mundo
2417 3081 2731 3151 displiceat;
2762 3080 3018 3151 quidquid
3052 3081 3343 3148 pretiosum
3374 3080 3592 3134 videtur
3630 3093 3764 3142 esse,

2114 3140 2159 3203 Ο
2191 3175 2442 3240 vilescat;
2484 3140 2739 3243 quidquid
2768 3140 3017 3239 nitidum',
3054 3140 3356 3227 futurorum
3380 3182 3409 3210 ν
3440 3140 3766 3241 contempla;

2191 3267 2333 3321 tione
2359 3264 2663 3330 sordescat;
2708 3278 2809 3318 nec
2834 3262 2901 3317 ab
2930 3263 3014 3317 his
3040 3276 3159 3331 qua:
3184 3262 3290 3331 jam
3323 3270 3350 3298 ι
3393 3276 3496 3330 per
3541 3262 3760 3327 gratiam

2190 3356 2283 3411 Dei
2316 3354 2477 3420 elisit,
2509 3368 2569 3409 se
2614 3353 2844 3423 patiatur
2880 3351 3003 3408 elidi
3038 3369 3051 3404 :
3090 3352 3212 3421 quia
3238 3359 3294 3407 et
3321 3351 3531 3421 turpius
3560 3351 3767 3407 videtur

2187 3455 2219 3495 γ
2243 3447 2479 3500 animum
2505 3444 2574 3498 ab
2605 3443 2687 3497 his
2717 3442 2860 3497 vitiis
2886 3443 3025 3497 vinci
3058 3457 3177 3511 qua:
3205 3442 3406 3497 vicerat
3435 3460 3449 3495 :
3480 3451 3536 3497 et
3566 3443 3697 3497 nihil
3720 3443 3766 3497 ei

2192 3544 2215 3571 ἰ
2250 3536 2466 3605 prodest
2502 3534 2678 3603 aliqua
2704 3546 3006 3602 superasse,
3034 3535 3075 3586 si
3108 3532 3270 3587 alicui
3300 3532 3443 3601 quod
3475 3531 3767 3602 neglexerit

2186 3639 2441 3694 superare
2467 3631 2525 3661 ιι
2553 3622 2826 3690 subjaceat
2847 3638 2862 3675 :
2886 3621 3099 3691 quando
3122 3635 3227 3676 non
3266 3621 3358 3676 ille
3387 3620 3543 3675 fortis
3584 3620 3767 3674 haberi

2184 3716 2354 3772 soleat
2383 3716 2473 3788 qui
2501 3716 2552 3771 in
2580 3714 2842 3770 adeundis
2874 3714 3141 3769 laboribus
3170 3712 3529 3783 periculisque
3559 3714 3768 3767 clarue-

2185 3809 2274 3873 rit,
2298 3816 2389 3861 aut
2418 3806 2476 3845 ιι)
2500 3804 2771 3861 frenandis
2802 3805 3161 3874 voluptatibus
3205 3817 3268 3857 ac
3295 3802 3582 3857 domandis
3610 3800 3770 3857 insﬁ-

2185 3900 2340 3964 terit;
2368 3897 2461 3953 sed
2490 3897 2580 3951 ille
2608 3911 2831 3965 magnus
2859 3904 2915 3951 et
2954 3894 3221 3963 sublimis,
3255 3894 3347 3948 ille
3387 3903 3581 3962 potens
3608 3903 3768 3963 atque

2183 3988 2376 4057 dignus
2422 3985 2751 4041 fortitudinis
2790 3984 3148 4055 appellatione
3176 3983 3479 4039 censendus
3518 3992 3621 4043 est.
3674 3984 3769 4050 qui

2184 4080 2313 4135 nihil
2342 4080 2441 4136 sibi
2490 4079 2604 4134 vitii
2653 4079 2935 4146 rebellare,
2968 4087 3062 4133 aut
3107 4077 3371 4133 dominari
3418 4077 3765 4147 permiserit:

2188 4183 2241 4213 τε
2266 4172 2425 4227 modo
2446 4172 2585 4227 absit
2614 4169 2672 4208 δά
2699 4170 2928 4239 ignavia,
2945 4185 3014 4224 ne
3041 4184 3138 4225 nos
3160 4169 3211 4224 id
3233 4168 3579 4237 desperemus
3604 4182 3774 4237 posse

2183 4264 2323 4334 quod
2356 4276 2670 4332 possumus;
2713 4260 2853 4315 absit
2879 4260 3224 4329 praesumptio
3264 4259 3479 4325 vitiosa,
3518 4273 3583 4313 ne
3608 4258 3769 4313 nobis

2186 4356 2288 4411 hoc
2333 4353 2476 4425 quod
2528 4369 2624 4422 per
2665 4352 2764 4409 Dei
2808 4351 3034 4423 gratiam
3076 4365 3360 4421 possumus
3409 4351 3765 4407 ascribamus.

570 4509 597 4537 ⁸
629 4498 753 4554 Mss.
784 4508 893 4551 tres
920 4495 1099 4559 Colb.,
1117 4494 1252 4565 quod
1277 4496 1435 4549 risum
1472 4507 1933 4565 prorumperenon
1961 4510 2076 4565 per—
2105 4496 2157 4555 D
2254 4502 2283 4530 υ
2309 4493 2407 4565 Ms.
2434 4490 2644 4553 Camb.,
2678 4488 2929 4565 canimus.

498 4570 767 4623 mittimus.
797 4568 960 4631 Alter,
983 4567 1108 4619 risui
1130 4562 1461 4635 prorumpere
1476 4580 1579 4616 non
1596 4562 1950 4635 permittimus.
1976 4562 2073 4618 Ms.

498 4640 655 4694 Colb.
690 4652 826 4691 unus
848 4646 902 4690 et
921 4631 1144 4703 Camb.,'
1178 4636 1287 4689 risu
1322 4631 1779 4705 prorumperenon
1805 4631 2074 4705 audemus.

570 4709 598 4747 ι)
632 4709 727 4763 Ms.
761 4706 893 4776 Reg.
931 4721 1093 4767 unus,
1115 4699 1210 4776 nec
1240 4699 1603 4776 detrahentem.
1623 4701 1719 4776 Ms.
1742 4699 1891 4776 Coll).
1918 4716 2077 4776 unus,

499 4788 547 4829 et
577 4771 915 4830 detrahentés.
950 4776 1049 4830 Ms.
1077 4775 1214 4829 alter
1242 4789 1311 4828 ex
1342 4774 1539 4841 Regiis.
1567 4786 1657 4824 nec
1685 4771 1966 4824 detrahenti
1991 4788 2077 4835 ac-

499 4847 823 4913 quiescimus,
854 4861 943 4898 nec
970 4846 1319 4913 aequanimiter
1348 4844 1649 4896 sustinemus

572 4925 595 4954 ε
630 4918 757 4971 Mss.
792 4924 922 4976 tres,
971 4916 1089 4982 quia
1114 4915 1181 4966 ad
1210 4913 1326 4966 hoc.

568 4982 595 5022 ἀ
628 4987 726 5041 Ms.
762 4999 916 5047 unus,
945 5001 1081 5038 nunc
1107 4987 1171 5037 de
1195 4982 1514 5051 fortitudine.

572 5066 596 5092 ⁸
624 5056 720 5110 Ms.
753 5071 908 5123 unus,
959 5054 1223 5108 subsistat.

572 5123 593 5162 ¹
622 5128 717 5180 Ms.
748 5141 903 5190 unus,
935 5126 1022 5193 qui
1041 5123 1350 5189 illustratur,

570 5202 597 5266 β
622 5197 750 5251 Mss.
783 5196 915 5266 lleg.
944 5190 1050 5265 duo
1075 5201 1131 5247 et
1158 5193 1369 5266 Camb,
1392 5190 1649 5261 operibus.

568 5262 593 5300 δ
622 5267 720 5321 Ms.
751 5262 911 5333 unus,
941 5262 1251 5319 irriseranda.

572 5335 589 5372 ί
619 5338 744 5391 Mss.
782 5328 1122 5391 tres'adduut
1150 5334 1308 5387 mala.
1344 5331 1511 5397 Unus,
1544 5348 1644 5384 non
1670 5328 1924 5398 voluptas.

569 5415 583 5457 ι
744 5422 903 5471 unus,
938 5406 1197 5482 Quoniam
1222 5402 1657 5482 enim_non_q_uid.
1777 5470 1788 5482 .
1857 5471 1867 5481 '

570 5491 592 5515 ι
624 5478 750 5532 11ωο
791 5492 899 5530 vox
931 5476 1077 5530 Beati
1104 5477 1290 5531 aberat
1331 5476 1399 5530 ab
1424 5476 1620 5530 editis:
1663 5476 1961 5528 restituitur
2003 5485 2070 5526 ex

500 5564 631 5604 mss.
664 5550 918 5617 quinque.

573 5612 751 5672 lllss.
797 5612 987 5673 omnes
1034 5616 1122 5671 hic
1150 5618 1350 5673 addunt
1394 5615 1470 5672 vel
1514 5623 1883 5688 superatorum.
1932 5612 2070 5670 ιι]άὶιί

497 5696 766 5743 omtlluut.

567 5768 606 5794 ιη
639 5756 734 5812 Ms.
769 5758 977 5821 Camb,
1011 5758 1166 5813 redit.

2253 4574 2279 4601 ο
2304 4564 2429 4618 Mss.
2459 4571 2705 4628 quatuor,
2737 4568 2782 4611 et
2812 4556 3036 4612 laudatio
3069 4575 3199 4611 mea.

2251 4646 2278 4685 ρ
2305 4635 2431 4688 Mss.
2463 4627 2591 4692 tres,
2617 4645 2731 4697 qua:
2751 4630 2842 4681 ita.
2869 4628 2995 4681 Mss.
3027 4627 3153 4690 duo,
3181 4628 3270 4698 qui
3289 4628 3382 4684 ita.

2251 4715 2278 4755 «ι
2308 4705 2432 4758 Mss.
2455 4703 2584 4765 duo,
2616 4715 2705 4754 nec
2732 4698 3098 4753 blandimenta.

2253 4784 2275 4812 τ
2305 4775 2428 4827 Mss.
2460 4771 2567 4826 duo
2594 4769 2768 4831 Colb.,
2796 4772 2877 4820 cui
2901 4770 3063 4838 factus
3091 4776 3166 4822 est
3186 4767 3432 4821 Dominus
3455 4766 3742 4837 fortitudo.

2253 4856 2274 4881 ⁸
2308 4845 2404 4898 Ms.
2438 4856 2574 4895 unus
2595 4839 2741 4892 addit
2770 4838 2972 4891 olienw.
3236 4856 3253 4872 ο

2255 4916 2271 4950 ⁸
2303 4916 2397 4967 Ms.
2425 4926 2582 4973 unus,
2606 4910 2854 4979 passionis
2868 4909 3271 4979 damnorumque
3293 4906 3517 4974 obiiciat.

2249 4992 2277 5020 υ
2304 4983 2429 5036 Mss.
2459 4977 2709 5048 quinque.
2743 4977 2944 5031 dilectio
2968 4994 3120 5047 pura.

2251 5064 2277 5090 ν
2307 5052 2406 5106 Ms.
2436 5063 2593 5115 unus,
2620 5050 3017 5115 comparatione.

2258 5133 2286 5159 ι
2310 5124 2409 5178 Ms.
2441 5136 2601 5184 unus,
2631 5119 2797 5187 gratia
2823 5116 2936 5171 Dei.

2251 5204 2278 5243 γ
2307 5194 2435 5247 Mss.
2459 5198 2704 5257 quatuor,
2739 5187 2960 5240 animus.

2255 5274 2277 5301 ι
2311 5266 2407 5317 Ms.
2433 5255 2586 5315 Cblb.
2616 5272 2769 5321 unus,
2792 5258 3026 5325 prodest;
3050 5255 3254 5323 caeteri,
3282 5265 3456 5325 prosit.

2250 5342 2308 5372 ιι
2333 5333 2431 5387 Ms.
2463 5344 2622 5392 unus,
2648 5327 2967 5397 subjiciatur.

2246 5403 2306 5443 δι’
2334 5404 2432 5456 Ms.
2454 5415 2613 5464 unus,
2637 5398 2978 5467 refrenandis.

2250 5484 2305 5514 ει
2333 5473 2458 5527 Haec
2482 5461 2610 5532 vox,
2652 5461 2826 5531 modo,
2868 5466 3080 5521 inducta
3110 5473 3194 5518 est
3240 5465 3292 5518 in
3326 5480 3422 5519 ms.
3449 5461 3675 5529 Camb.,
3707 5464 3763 5516 in

2174 5543 2386 5616 quo_sit_:
2415 5559 2429 5595 :
2458 5540 2597 5616 Absit
2626 5539 2801 5616 igitur.

2245 5614 2304 5652 «ιά
2331 5614 2426 5669 Ms.
2457 5626 2523 5666 ex
2549 5597 2698 5666 Coll).
2722 5622 2879 5663 unus.
2904 5606 3119 5681 pigritia
3141 5604 3346 5675 misera,
3374 5603 3567 5670 inertia,
3602 5603 3763 5675 igua.

2177 5704 2275 5753 tua,
2304 5702 2365 5739 ne
2391 5700 2501 5736 nos.
