4016 6168
243 349 360 405 505

238 463 384 528 Quia
415 460 530 516 sive
555 458 620 513 de
651 471 871 511 munere
903 454 1023 519 Dei,
1067 469 1171 523 quo
1213 452 1380 508 fortes
1423 453 1710 518 eftlcimur,
1743 453 1835 508 de-
1863 454 1914 513 Α

238 567 564 623 speremus;
596 551 707 604 sive
739 562 835 602 nos
863 547 931 602 de
961 555 1138 600 nostra
1167 545 1522 613 possibilitate
1549 546 1836 613 jactemus,

239 643 430 696 idonei
476 642 542 694 ad
569 637 926 694 resistendum
975 637 1118 690 vitiis
1147 650 1268 690 esse
1297 650 1404 688 non
1436 650 1737 703 possumus.
1773 637 1839 690 Et

240 735 437 802 utique
465 732 627 784 animi
649 729 902 783 fortitudo
926 735 1031 781 tam
1051 726 1372 795 desperandi
1394 726 1656 795 ignaviam
1682 725 1841 780 debet

234 832 509 877 excutere
530 835 687 891 quam
716 819 987 888 iactantiae
1014 817 1303 871 contraire.

847 909 1070 964 CAPUT
1105 908 1248 962 XXI.

427 1005 513 1058 De
532 1003 756 1075 justitia,
780 999 856 1053 vel
882 1000 1001 1066 ﬁde,
1034 1014 1148 1068 qua:
1182 1015 1244 1051 ea:
1270 999 1384 1068 ipsa
1412 999 1656 1068 procedit.

313 1099 597 1152 Hactenus
625 1095 692 1149 de
712 1095 908 1146 virtute
933 1094 1019 1146 cui
1049 1107 1242 1146 nomen
1274 1101 1361 1145 est
1389 1092 1642 1145 fortitudo
1666 1101 1692 1128 ι
1725 1091 1838 1145 dis-

234 1191 584 1260 putavimus.
623 1186 905 1240 Videamus
937 1183 1044 1252 iam
1074 1183 1201 1252 quid
1221 1182 1246 1220 ιι
1277 1184 1436 1236 etiam
1457 1183 1660 1251 justitia
1690 1182 1842 1237 nobis

232 1281 439 1335 aﬂ‘erat
472 1282 538 1342 in,
561 1279 658 1332 hac
699 1278 804 1330 vita
853 1275 1088 1344 praesidii
1111 1314 1124 1338 ,
1155 1283 1207 1327 et
1230 1274 1461 1338 qualiter
1491 1274 1602 1342 ipsa
1629 1288 1839 1342 quoque

233 1375 289 1426 in
321 1387 526 1428 eorum
555 1369 861 1438 pectoribus
895 1367 985 1434 qui
1015 1380 1075 1420 se
1113 1366 1185 1418 illi
1234 1376 1256 1404 ο
1311 1366 1646 1431 tradiderint,
1683 1367 1844 1420 nullis

234 1464 511 1516 vitiorum
582 1463 756 1515 valeat
811 1457 1297 1527 impugnationibus
1351 1459 1615 1526 superari.
1686 1458 1843 1512 Fides

231 1561 413 1618 enim,
447 1571 572 1623 qum.
606 1565 688 1608 est
733 1553 954 1621 justitia:
1009 1549 1436 1613 fundamentum,
1486 1564 1647 1618 quam
1702 1549 1846 1603 nulla

234 1651 383 1702 booa
417 1663 589 1715 opera
623 1644 930 1714 przecedunt
957 1640 1005 1706 ά,
1040 1651 1093 1696 et
1117 1657 1182 1696 ex
1213 1657 1317 1709 qua
1353 1642 1532 1693 omnia
1563 1641 1696 1694 bona
1725 1654 1847 1708 pro-

233 1739 478 1800 cedunt,
514 1739 626 1804 ipsa
655 1749 754 1789 nos
781 1750 811 1788 a
845 1733 1078 1802 peccatis
1111 1732 1364 1784 omnibus
1389 1738 1599 1799 purgat,
1639 1739 1846 1784 mentes

1292 341 1380 396 DE
1422 341 1581 398 VITA
1621 338 2194 397 CONTEMPLATIVA
2234 341 2360 396 LIB.
2406 342 2494 397 Ill.

3420 342 3524 398 505

1942 454 2309 523 opprimendis
2348 463 2376 491 ι
2402 470 2466 510 ac
2493 455 2826 526 decipiendis
2880 455 3187 510 hominibus
3223 463 3249 491 ο
3282 453 3524 507 homines

1943 548 2050 601 nati
2081 549 2395 616 persistunt,
2430 549 2480 601 in
2513 562 2688 601 mores
2720 548 2988 614 ferinos,r
3018 563 3121 602 non
3161 557 3399 608 natura},
3430 544 3524 597 sed

1941 638 2063 692 vita:
2085 638 2380 692 mutatione
2413 639 2757 708 degenerem.

2507 729 2735 784 CAPUT
2767 731 2952 784 XXIII.

2286 819 2435 883 Quod
2457 821 2561 872 duo
2581 821 2682 873 sint
2707 821 2975 891 injustitite
3002 836 3206 890 genera.

2021 913 2069 966 I.
2101 913 2217 966 Duo
2248 923 2373 966 sunt
2422 912 2694 980 injustitize
2735 927 2932 980 genera
2961 929 2972 963 :
2999 927 3160 965 unum
3191 922 3218 959 ιι
3243 925 3348 979 quo
3391 909 3529 977 inju-

1945 1006 2054 1060 rias
2078 1007 2395 1074 irrogamus,
2417 1003 2641 1058 alterum
2670 1019 2776 1072 quo
2808 1015 2828 1041 τ
2856 1006 2922 1060 ab
2951 1005 3069 1058 aliis
3093 1006 3374 1071 irrogatas,
3405 1017 3527 1057 cum

1946 1107 2251 1162 possumus,
2311 1092 2627 1161 propulsare
2682 1094 3015 1162 negligimus.
3071 1093 3314 1160 Quodam
3369 1092 3528 1146 modo

1947 1184 2088 1237 enim
2114 1197 2215 1236 nos
2246 1183 2598 1251 opprimimus
2628 1183 2842 1250 quando
2871 1198 3160 1252 oppressos
3181 1198 3299 1236 cum
3330 1182 3522 1236 defen-

1947 1273 2076 1328 dere
2103 1283 2124 1310 ³
2144 1287 2445 1341 possumus,
2469 1274 2535 1326 ab
2578 1276 2928 1342 oppressione
2966 1275 3378 1328 contemnimus.
3420 1273 3530 1327 Nec

1948 1365 2080 1420 mihi
2108 1364 2305 1433 aliquid
2328 1365 2564 1432 prodest,
2595 1366 2736 1433 quod
2761 1381 2866 1418 non
2885 1366 3248 1419 circumvenio
3272 1366 3528 1431 aliquem,

1953 1471 2126 1525 neque
2145 1456 2437 1524 decipio,si
2473 1461 2487 1494 ι
2519 1457 2718 1523 decipi,
2751 1466 2842 1510 aut
2863 1459 3234 1511 circumveniri
3254 1457 3525 1526 permitto.

1949 1547 2061 1602 Hoc
2083 1547 2222 1600 idem
2247 1547 2314 1600 de
2341 1547 2578 1615 peccatis
2602 1557 2629 1582 υ
2647 1547 2769 1602 licet
2791 1549 3014 1616 intelligi
3039 1567 3050 1598 :
3078 1548 3200 1616 quia
3230 1547 3274 1600 si
3304 1561 3532 1615 peccan-

1947 1648 2058 1694 tem
2083 1639 2261 1707 video,
2311 1648 2364 1692 et
2409 1656 2513 1692 non
2559 1639 2729 1692 solum
2761 1654 2864 1692 non
2910 1653 3096 1708 arguo,
3122 1638 3213 1691 sed
3237 1639 3398 1691 etiam
3429 1647 3454 1672 ν
3483 1637 3533 1689 ei

1953 1735 2199 1804 peccanti
2226 1736 2524 1799 consentio,
2555 1735 2866 1803 participem
2917 1749 3001 1787 ne
3033 1731 3394 1785 damnationis
3418 1730 3537 1797 ejus

235 1837 478 1882 nostras
512 1827 798 1889 illuminat,
832 1825 939 1876 Deo
973 1833 996 1860 ε
1023 1821 1298 1885 conciliat,
1340 1829 1396 1874 et
1434 1821 1641 1874 cunctis
1685 1820 1844 1888 parti-
1878 1819 1923 1878 Β
1951 1826 2130 1880 efficio
2161 1842 2174 1889 ;
2205 1835 2255 1879 et
2300 1825 2353 1878 in
2408 1825 2657 1877 omnibus
2700 1824 3047 1892 peccantibus
3083 1837 3267 1892 pecco,
3322 1822 3537 1890 quando

235 1919 468 1988 cipibus
504 1926 710 1971 naturae
741 1925 936 1968 nostra:
959 1913 1260 1974 consociat;
1291 1925 1442 1980 spem
1475 1910 1629 1964 nobis
1656 1912 1846 1964 futurae

234 2008 712 2064 remunerationis
736 2007 980 2073 inspirat,
1005 2013 1163 2072 anget
1193 2002 1246 2055 in
1279 2002 1434 2056 nobis
1469 2001 1694 2055 virtutes
1722 2015 1848 2054 san-

231 2111 382 2167 ctas,
413 2115 482 2154 ac
515 2115 612 2154 nos
645 2099 695 2152 in
729 2113 912 2153 earum
944 2096 1285 2164 possessione
1327 2093 1632 2148 confirmat.

828 2208 1055 2264 CAPUT
1110 2206 1278 2262 XXII.

314 2305 400 2356 De
430 2303 715 2373 rrquitate;
737 2301 872 2369 quod
892 2300 957 2351 ad
1000 2300 1232 2373 eamdem
1254 2298 1502 2366 pertineat
1541 2296 1780 2348 humana:

794 2371 1045 2422 societatis
1091 2369 1310 2420 utilitas.

315 2466 406 2518 Ex
439 2463 654 2531 justitia
699 2470 878 2514 manat
921 2467 975 2512 et
1021 2458 1266 2526 mquitas,
1315 2471 1433 2525 quae
1477 2471 1575 2510 nos
1625 2455 1745 2509 facit
1794 2463 1851 2509 ut

231 2557 500 2609 omnium
530 2552 876 2605 necessitates
903 2549 1178 2601 hominum
1203 2559 1418 2601 nosuas
1439 2560 1558 2600 esse
1585 2546 1848 2607 dicamus,

231 2661 343 2701 nec
374 2645 549 2698 nobis
579 2653 802 2706 tantum,
826 2641 917 2694 sed
935 2642 1095 2694 etiam
1128 2639 1311 2709 generi
1336 2640 1568 2692 humano
1598 2637 1730 2692 rnos
1755 2655 1854 2691 na-

232 2751 321 2791 tos
355 2749 490 2790 esse
523 2733 844 2796 credamus;
877 2739 930 2783 et
966 2729 1222 2800 quidquid
1263 2728 1481 2782 cuilibet
1520 2727 1720 2781 homini
1762 2744 1852 2781 no-

231 2845 367 2885 ccre
401 2835 610 2894 potest,
645 2835 670 2872 8
708 2835 956 2892 tanquam
1005 2823 1049 2876 si
1099 2821 1252 2876 nobis
1305 2828 1513 2884 noceat,
1547 2824 1848 2874 evitemus:

231 2923 364 2989 quia
404 2918 433 2956 δ
467 2919 566 2989 qui
621 2916 867 2970 homines
914 2929 1130 2978 sumus,
1177 2912 1307 2965 nihil
1350 2912 1566 2964 humani
1615 2927 1641 2961 a
1695 2910 1850 2964 nobis

231 3015 494 3067 ahenum
555 3016 744 3077 putare
797 3005 1077 3060 debemus.
1132 3003 1405 3070 Siquidem
1465 3003 1722 3056 bellarum
1765 3011 1847 3056 cst

237 3108 254 3144 ί
279 3106 392 3160 sibi
415 3105 632 3165 vivere,
650 3115 745 3154 nec
768 3113 892 3152 suas
919 3097 1175 3150 utilitates
1193 3095 1242 3148 in
1260 3109 1544 3148 commune
1572 3094 1843 3148 conferre.

1951 1934 2047 1973 eos
2073 1933 2206 1987 quos
2227 1919 2338 1972 scio
2366 1933 2615 1985 peccasse
2641 1918 2752 1970 sive
2782 1931 3024 1984 peccare,
3047 1916 3274 1984 quadam
3302 1914 3538 1969 crudelis

1949 2011 2114 2064 animi
2142 2010 2468 2078 malignitate
2491 2023 2594 2061 nco
2618 2008 2837 2076 increpo

2020 2100 2076 2152 2.
2104 2099 2210 2153 Nec
2240 2112 2369 2152 vero
2401 2097 2650 2151 audiendi
2680 2106 2806 2150 sunt
2844 2097 2918 2149 illi
2950 2097 3038 2163 qui
3085 2111 3143 2148 se
3183 2094 3366 2148 dicunt
3415 2109 3537 2162 pro-

1952 2198 2134 2258 pterea
2179 2189 2551 2256 delinquentes
2583 2197 2608 2223 ι
2637 2188 2920 2256 objurgare
2977 2201 3081 2239 non
3124 2200 3302 2254 posse,
3335 2200 3401 2238 ne
3436 2199 3531 2238 eos

1951 2281 2042 2350 qui
2073 2290 2100 2328 γ
2130 2295 2188 2333 se
2228 2279 2518 2333 emendare
2570 2279 2857 2340 noluerint,
2877 2278 2974 2330 sibi
3024 2276 3220 2330 faciant
3269 2275 3537 2329 inimicos.

1952 2369 2050 2435 Qui
2079 2369 2204 2422 dum
2237 2375 2461 2436 parcunt
2506 2382 2692 2421 eorum
2737 2366 3021 2428 voluntati,
3071 2365 3230 2418 Saluti
3273 2378 3376 2416 non
3413 2378 3536 2430 par-

1951 2470 2101 2514 cunt.
2137 2469 2158 2494 κ
2187 2464 2252 2512 At
2283 2459 2324 2511 si
2357 2475 2460 2512 non
2493 2475 2557 2511 ex
2584 2458 2861 2525 jactantia,
2900 2456 2994 2510 sed
3045 2473 3110 2510 ex
3147 2455 3538 2517 misericordia,

1953 2559 2151 2604 etcum
2183 2548 2410 2618 quadam
2447 2548 2642 2616 pietate
2694 2547 3071 2616 compatientis
3121 2546 3282 2599 animi
3313 2547 3540 2614 castige-

1953 2659 2093 2707 mus,
2127 2651 2184 2678 αα
2214 2651 2267 2695 et
2290 2640 2363 2694 illi
2403 2656 2502 2694 nos
2534 2640 2772 2694 sentiant
2800 2656 2905 2693 non
2939 2639 3114 2692 minus
3159 2639 3390 2707 peccatis
3431 2639 3541 2692 suis

1954 2734 2157 2788 moveri
2190 2749 2345 2800 quam
2378 2733 2608 2792 nostris;
2650 2742 2740 2785 aut
2775 2733 2825 2786 in
2877 2732 3074 2785 bonum
3120 2741 3320 2784 statum
3364 2729 3538 2784 refor-

1953 2826 2099 2888 mati,
2129 2824 2408 2878 nobiscum
2440 2823 2549 2877 Deo
2572 2822 2631 2860 δι’
2661 2824 2858 2892 gratias
2903 2833 3096 2891 agunt;
3146 2831 3238 2875 aut
3269 2823 3310 2874 si
3351 2837 3446 2876 eos
3489 2822 3541 2875 in

1953 2929 2174 2983 peccato
2199 2924 2342 2968 tenet
2361 2914 2536 2968 adhuc
2564 2915 2815 2982 peccandi
2855 2915 3103 2976 dulcedo,
3141 2922 3199 2967 et
3225 2924 3280 2953 cc
3313 2915 3539 2966 salutem

1953 3020 2102 3058 suam
2145 3005 2296 3059 nobis
2317 3020 2458 3058 curte
2481 3019 2600 3058 esse
2628 3014 2935 3069 cernentes,
2961 3006 3157 3058 malum
3188 3004 3416 3057 reddere
3445 3019 3542 3072 pro

1954 3098 2096 3152 bono
2129 3097 2426 3162 voluerint;
2451 3093 2509 3132 δά
2538 3097 2697 3150 malle
2719 3096 2978 3150 debemus
2999 3111 3182 3148 eorum
3212 3095 3540 3159 inimicitias,

233 3201 278 3250 Α
314 3195 534 3264 quibus
565 3206 670 3245 non
716 3190 889 3242 solum
921 3188 1114 3241 utentis
1155 3187 1528 3254 praerogativa,
1566 3187 1658 3239 sed
1691 3185 1849 3240 etiam
1881 3183 1927 3246 C
1959 3189 2046 3258 qui
2073 3189 2336 3242 noluerint
2363 3187 2658 3251 emendari,
2689 3186 3030 3254 contrahere,
3065 3200 3222 3255 quam
3250 3185 3344 3239 Dei
3375 3185 3542 3239 otl'en-

229 3295 466 3343 servata
481 3283 626 3350 juris
648 3283 658 3329 i
684 3281 986 3347 aequalitate
1003 3277 1285 3342 distamus,
1313 3277 1472 3329 sinos
1494 3275 1545 3329 in
1561 3274 1584 3311 ιι
1609 3277 1847 3329 omnium

232 3375 568 3431 commodis
598 3371 681 3425 vel
709 3367 1066 3424 incommodis
1095 3368 1421 3436 cogitantes,
1471 3366 1610 3420 sicut
1651 3366 1850 3420 nostris

235 3464 607 3524 utilitatibus,
650 3461 720 3514 ita
759 3459 998 3513 omnium
1046 3459 1313 3511 sociorum
1353 3455 1371 3494 ι
1404 3465 1609 3510 natura:
1651 3466 1848 3511 nostra:

234 3559 534 3609 vivamus.
567 3560 606 3586 ω
641 3549 840 3603 Deinde
864 3548 908 3602 si
933 3547 1158 3601 invicem
1188 3547 1459 3615 persequi,
1486 3547 1740 3609 lacerare,
1766 3548 1848 3600 vel

235 3649 511 3717 perdere,
556 3645 784 3699 ferarum
817 3651 898 3696 est
943 3643 1238 3710 proprium,
1270 3641 1389 3709 quis
1413 3641 1622 3715 dubitet
1667 3643 1846 3695 cxcel-

233 3738 438 3794 lentiae
465 3736 722 3789 humanae
749 3743 1081 3800 competere,
1112 3743 1168 3784 ιιι
1196 3747 1256 3785 se
1282 3731 1597 3786 alterutrum
1637 3734 1844 3801 juvent,

233 3833 558 3890 instruant,
590 3824 873 3889 :edificent,
921 3833 975 3878 et
1015 3824 1296 3877 utilitatem
1346 3837 1686 3878 communem
1733 3834 1848 3879 tan-

234 3938 405 3992 quam
444 3917 724 3988 propriam
750 3916 970 3970 curent?
997 3915 1147 3970 Unde
1171 3915 1327 3968 datur
1348 3914 1570 3986 intelligi
1595 3918 1734 3986 quod
1759 3919 1845 3988 qui

305 4116 334 4143 ει
363 4106 509 4160 Haec
549 4118 675 4175 vox,
721 4105 1111 4175 disputavimus,
1140 4105 1291 4161 abest
1339 4121 1367 4158 a
1416 4121 1545 4160 mss.
1587 4114 1842 4175 quatuor;

229 4178 286 4238 in
317 4177 512 4234 altero
541 4174 766 4231 habetur
795 4174 1137 4230 tractavimus.

310 4252 339 4289 δ
379 4250 522 4304 Mss.
573 4247 778 4301 duobus
800 4247 946 4300 deest
976 4249 1150 4298 etiam.
1177 4246 1274 4299 Ms.
1300 4244 1488 4298 Camb.
1513 4254 1635 4312 post
1655 4260 1843 4312 pauca.

232 4330 462 4374 atterat.

267 4322 563 4453 anliltditi,
596 4385 934 4438 tradiderunt.
971 4384 1097 4438 Mss.
1126 4385 1379 4454 quinque.
1414 4383 1734 4437 tradiderint.

310 4461 340 4547 ς
373 4460 481 4512 Sic
515 4472 647 4510 mss.
682 4455 941 4547 Iteg.Ltltto
985 4465 1038 4508 et
1082 4455 1236 4547 Colh.
1284 4470 1442 4547 uultis.
1473 4455 1659 4534 Qamb.
1693 4471 1840 4520 vero,
1877 4488 1925 4547 Β

233 4531 328 4583 sed
360 4545 433 4581 ea:
473 4542 578 4594 qua
617 4527 785 4577 omnia
826 4527 952 4576 bona
997 4527 1295 4590 procedunt.
1350 4526 1511 4586 Editi,
1564 4536 1609 4575 et
1659 4543 1716 4578 ea
1748 4543 1846 4593 quo

230 4601 424 4652 omnia
464 4595 770 4666 procedunt.
797 4594 925 4659 Qua:
949 4595 1124 4647 omnia
1153 4595 1345 4649 absunt
1387 4611 1415 4647 a
1466 4594 1671 4648 duobus
1711 4611 1844 4650 mss.

229 4671 330 4724 Col
341 4673 397 4723 b.

314 4749 340 4777 ε
372 4738 519 4794 Mss.
556 4735 734 4794 Colb.,
768 4746 898 4799 tres,
930 4734 1240 4787 reconciliet.

317 4809 338 4847 ί
391 4812 502 4863 Ms.
533 4820 672 4857 unus
688 4805 861 4864 Colb.,
890 4816 1030 4857 natos
1057 4805 1203 4857 utiles
1225 4821 1349 4859 esse.

312 4891 340 4927 ι
378 4881 488 4933 Ms.
522 4891 686 4936 unus,
717 4877 768 4925 id
793 4877 956 4934 quasi.

309 4950 340 4985 ιι
377 4951 492 5003 Ms.
523 4960 667 4999 unus
695 4960 759 4998 ex
787 4943 962 5002 Colb..
995 4945 1114 5012 quia
1137 4943 1363 4996 homines
1393 4958 1589 5005 sumus,
1631 4943 1768 4997 unde
1797 4952 1846 4998 et

234 5021 559 5073 humanitas
587 5017 744 5078 dicta,
769 5031 868 5083 qua
892 5031 980 5067 nos
1008 5015 1218 5066 invicem
1246 5023 1464 5078 tuemur,
1493 5014 1624 5066 sicut
1650 5023 1848 5068 morta-

238 5093 314 5143 les
343 5107 362 5153 ;
399 5088 540 5139 nihil
574 5089 782 5136 humani
804 5102 834 5135 a
860 5084 1022 5149 nobis,
1049 5093 1153 5136 etc.

316 5165 332 5197 ι
377 5160 555 5212 Deest
578 5171 679 5208 vox
708 5156 801 5207 sibi
832 5155 882 5207 in
915 5169 1015 5206 ms.
1048 5168 1172 5205 uno.

312 5235 327 5278 t
373 5229 490 5281 Ms.
514 5223 674 5278 Colb.
700 5237 855 5287 unus,
889 5239 922 5274 a
949 5223 1129 5294 quibus
1161 5238 1260 5294 non
1289 5223 1452 5275 solum
1483 5223 1701 5288 meritis,
1729 5240 1849 5294 gra—

233 5302 310 5352 tia
342 5297 650 5368 praemissa,
678 5296 1004 5368 acinproprtaa
1045 5293 1322 5368 dignitatis
1364 5293 1847 5368 pra'rogativa,’s_ed

229 5362 514 5443 etia'nt....
544 5364 882 5443 cuquabilitate
935 5362 1253 5416 distabiutus.
1280 5363 1403 5416 Mss.
1442 5362 1548 5418 tres
1579 5373 1630 5417 et
1652 5364 1845 5434 Lugd.,

571 5449 798 5484 tstamus.

230 5440 503 5508 a’quitale
531 5435 798 5485 distamus.

313 5510 341 5544 κ
385 5507 499 5559 Ms.
526 5517 686 5561 unus,
713 5504 768 5553 in
798 5502 1022 5553 omnium
1054 5503 1228 5565 lucris,
1263 5503 1557 5567 commodis,
1591 5512 1695 5557 etc.

317 5577 337 5614 ι
385 5576 450 5628 In
485 5572 640 5625 editis
679 5572 1014 5625 interseritur
1041 5589 1143 5627 vox
1188 5573 1426 5631 utilitate.
1457 5588 1575 5642 qua:
1616 5575 1768 5628 abest
1816 5590 1845 5626 a

232 5663 383 5700 mss.
424 5642 713 5706 omnibus;
745 5657 862 5709 qua:
884 5644 1105 5697 omissio
1146 5650 1293 5698 recto
1333 5645 1515 5698 sensui
1559 5644 1655 5698 loci
1687 5644 1847 5699 huius

234 5715 502 5789 proiicit.

317 5798 362 5824 ω
405 5785 515 5840 Ms.
547 5797 703 5848 unus,
741 5780 987 5852 Denique.

1959 3294 2097 3346 sam,
2130 3280 2253 3333 dum
2303 3289 2584 3346 peccantes
2627 3279 2942 3347 palpamus,
2997 3279 3292 3332 incurrere.
3337 3277 3442 3330 Sed
3476 3277 3542 3331 de

1961 3371 2042 3424 his
2082 3372 2329 3440 quoniam
2361 3373 2411 3424 in
2441 3371 2579 3424 libro
2610 3371 2845 3425 secundo
2870 3369 3024 3441 (Cap.
3052 3373 3143 3424 tet
3172 3371 3229 3437 2)
3253 3371 3399 3438 plura
3426 3370 3536 3440 jam

1958 3462 2214 3527 diximus,
2246 3463 2477 3532 reliquas
2502 3462 2726 3532 justitite
2758 3474 2960 3529 partes,
2990 3472 3046 3516 ut
3069 3462 3352 3530 cmpimus,
3387 3475 3541 3516 exse-

1958 3568 2058 3624 qua
2067 3569 2201 3607 mur.

2523 3643 2750 3701 CAPUT
2796 3645 2986 3699 XXIV.

2001 3740 2078 3792 De
2109 3738 2445 3804 liberalitate;
2475 3747 2521 3792 et
2549 3739 2770 3804 qualiter
2797 3738 3143 3819 beneﬁcentia:
3165 3755 3296 3809 opus
3332 3739 3506 3793 debeat

2622 3825 2872 3862 exerceri.

2029 3920 2080 3972 1.
2117 3919 2190 3973 De
2209 3919 2428 3987 justitize
2453 3929 2508 3956 θε
2531 3920 2705 3973 adhuc
2731 3920 2877 3974 fonte
2900 3921 3193 3990 procedunt
3226 3921 3536 3989 liberalitas,

2027 4114 2053 4141 υ
2090 4106 2216 4160 Mss.
2261 4114 2389 4168 tres,
2419 4115 2529 4157 aut.

2027 4185 2052 4211 ο
2085 4176 2138 4248 In
2200 4177 2364 4244 Lugd.
2404 4176 2556 4230 deest
2600 4190 2703 4228 vox
2756 4175 3003 4230 homines.
3050 4178 3269 4248 Legitur
3317 4177 3367 4230 in
3415 4176 3536 4232 aliis

1954 4247 2222 4299 omnibus.

2026 4326 2051 4363 ρ
2086 4317 2179 4368 Ms.
2214 4330 2369 4378 unus,
2403 4332 2503 4368 non
2548 4324 2764 4382 naturae,
2809 4318 2896 4369 sed
2925 4318 3051 4372 vitii.
3085 4319 3182 4371 Ms.
3224 4319 3378 4385 alter,
3432 4335 3533 4371 non

1952 4397 2155 4450 natura,
2181 4387 2268 4437 sed
2294 4387 2426 4438 vitw.

2024 4466 2050 4505 (ι
2076 4457 2201 4527 Mss.
2233 4457 2358 4521 duo,
2389 4471 2546 4507 unum
2570 4456 2776 4522 quod...
2807 4458 3024 4510 alterum
3052 4459 3210 4527 quod.

2029 4535 2051 4562 τ
2085 4526 2181 4578 Ms.
2213 4541 2369 4590 unus,
2396 4527 2514 4577 aliis
2544 4527 2817 4594 irrogatas.

2027 4604 2048 4630 ⁸
2081 4596 2179 4648 Ms.
2213 4611 2364 4658 tmtts,
2401 4599 2665 4660 pessimus.

2027 4665 2046 4700 ί
2075 4665 2199 4718 Mss.
2229 4673 2355 4736 tres,
2387 4667 2428 4716 si
2451 4666 2722 4731 decipienli
2744 4667 3103 4720 circumvenire
3139 4668 3392 4736 permitto.
3431 4666 3530 4721 Ms.

1952 4734 2117 4807 alter,
2166 4735 2304 4802 quod
2353 4751 2453 4788 non
2489 4739 2826 4790 circumrenio
2873 4755 3031 4804 neque
3080 4734 3298 4807 decipio,
3326 4739 3412 4791 sed
3449 4739 3531 4792 (ιε.

1954 4806 2074 4873 cipi,
2101 4815 2206 4858 etc.

2025 4885 2046 4908 υ
2077 4879 2202 4928 Mss.
2237 4884 2485 4942 quatuor,
2520 4875 2681 4929 debet.

2022 4955 2049 4981 ν
2074 4945 2168 5016 Ms.
2205 4961 2360 5016 unus,
2393 4949 2502 5016 ejus
2533 4948 2767 5012 peccatis.

2025 5024 2051 5050 ι
2079 5015 2175 5089 Ms.
2206 5014 2358 5089 Coll).
2394 5014 2552 5080 tinus,
2587 5017 2852 5089 increpare
2887 5017 2962 5069 vel
2993 5017 3282 5089 objurgare.

2027 5094 2055 5132 Υ
2093 5085 2219 5138 Mss.
2247 5087 2371 5148 duo,
2405 5089 2662 5139 emendari
2684 5088 2898 5139 uolneri:
2921 5098 2958 5141 t.

2027 5163 2048 5188 ³
2084 5154 2182 5209 Ms.
2211 5155 2360 5208 Colit.
2378 5172 2531 5216 unus,
2554 5159 2621 5208 dc
2641 5159 2702 5210 si.
2727 5158 2896 5219 Alter,
2926 5158 2984 5212 Si
3007 5175 3129 5211 non.
3151 5159 3322 5222 Alius,
3355 5158 3528 5210 Autsi.

2024 5232 2081 5259 ⁸⁸
2111 5225 2233 5279 Mss.
2269 5228 2395 5290 duo,
2426 5237 2480 5277 ut
2507 5227 2603 5279 illi.

2022 5292 2080 5331 Μ)
2119 5296 2242 5348 Mss.
2278 5297 2631 5366 duo,'gratias
2656 5307 2830 5363 agant.
2860 5297 2954 5348 Ms.
2989 5297 3144 5348 Colit.
3179 5313 3337 5360 unus,
3362 5305 3457 5366 aut
3477 5296 3528 5346 in

1953 5365 2080 5417 bono
2105 5367 2366 5419 uobiscum
2393 5363 2587 5418 statim.
2615 5369 2783 5430 Alter,
2816 5375 2900 5418 aut
2930 5367 2982 5418 in
3013 5367 3198 5419 bonum
3220 5371 3392 5421 statim
3420 5363 3528 5416 Deo

1949 5437 2140 5502 gratias
2163 5446 2338 5504 agunt.

2025 5515 2078 5542 τε
2111 5503 2206 5558 Ms.
2244 5519 2400 5565 unus,
2426 5503 2606 5555 salutis
2627 5519 2734 5555 sua:
2759 5504 2899 5555 nobis
2923 5521 3094 5556 curam
3119 5522 3240 5559 esse.

2025 5573 2083 5609 δέ
2113 5576 2200 5627 Sic
2215 5574 2380 5626 editio
2405 5573 2572 5638 Lugd.
2593 5575 2922 5642 Ali:r,magis
2938 5576 3112 5627 malle.
3135 5577 3205 5628 Ex
3224 5573 3376 5627 Colb.
3393 5587 3522 5626 mss.

1950 5656 2106 5704 unus,
2135 5643 2298 5712 magis
2323 5643 2558 5695 debemus
2600 5658 2772 5695 eorum
2799 5644 3114 5708 inimicitias,
3143 5645 3230 5713 qui
3271 5643 3523 5697 uolut-rint

1949 5713 2203 5765 etnendari
2226 5713 2538 5764 contrahere.

2029 5791 2082 5817 τ’
2117 5782 2212 5837 llis.
2237 5799 2391 5850 unus,
2433 5783 2504 5835 De
2527 5784 2742 5854 justititc
2770 5794 2938 5836 autem
2962 5782 3130 5836 adhuc
