4016 6168
546 316 648 369 507

1882 305 2145 361 JULIANI
2188 302 2462 358 POMERII
3683 301 3769 358 508

548 426 919 491 beneficentia,
950 425 1145 480 caritas
1166 433 1221 478 et.
1248 432 1442 478 cmtera
1473 421 1807 494 ejusmodi,q
1833 422 1967 475 nibus
1988 421 2125 474 mul-
2155 421 2203 478 Α
2232 416 2634 485 incomparabili
2689 414 3001 471 diversitate
3050 414 3388 483 praestantior
3415 456 3429 478 ,
3481 431 3582 482 quo
3629 419 3765 474 Deum

551 518 996 589 tipliciterjuvari
1027 514 1275 569 homines
1322 522 1567 584 possunt.
1618 513 1935 569 Liberalitas
1984 520 2010 549 ι
2056 515 2138 567 est

550 626 672 678 qua:
695 611 854 665 etiam
886 610 937 662 in
986 624 1081 663 eos
1105 609 1194 677 qui
1227 609 1358 662 nihil
1402 609 1639 678 indigere
1688 608 1960 671 videnlur,
1996 619 2137 658 exu-

553 702 738 761 berat:
774 703 826 756 in
855 715 959 769 qua
985 700 1310 753 liberalitate
1340 698 1419 752 rei
1442 699 1719 751 familiaris
1771 698 1983 766 ponitur
2021 712 2140 749 am-

554 794 778 865 plitudo.
813 791 1186 846 Beneficentize
1233 790 1396 846 multa
1426 798 1553 845 sunt
1598 804 1785 858 opera,
1817 788 2010 856 quibus
2042 800 2137 841 ne-

497 902 501 944 !
553 884 791 940 cessitati
836 884 1191 938 laborantium
1251 883 1671 937 misericorditer
1714 880 2053 944 subvenitur,
2083 886 2140 933 et

555 974 624 1029 de
653 985 868 1028 terreno
896 988 1058 1028 rensu
1084 974 1231 1044 regni
1260 973 1495 1029 cmlestis
1528 972 1818 1027 hmreditas
1859 983 2140 1038 compara-

558 1073 663 1127 tur,
687 1064 731 1118 si
762 1063 923 1118 modo
946 1064 1150 1134 absque
1199 1064 1305 1119 ulla
1349 1064 1708 1119 ostentatione
1750 1078 1885 1131 opus
1935 1062 2137 1116 benefi-

556 1156 747 1210 centize
779 1156 889 1222 fiat,
950 1170 1071 1210 nec.
1107 1170 1205 1212 nos
1250 1156 1315 1208 ad
1360 1155 1787 1210 misericordiam
1841 1153 2137 1207 faciendam

559 1247 729 1317 turpis
757 1262 910 1300 amor
936 1246 1120 1315 gloria:
1147 1247 1419 1315 popularis
1459 1247 1718 1314 impellat.
1772 1244 1977 1299 Inventi
2014 1251 2141 1299 sunt

558 1337 776 1405 quidam
804 1337 894 1407 qui
935 1336 1160 1391 diversis
1186 1336 1400 1406 quidem
1432 1337 1767 1391 diversorum
1801 1336 2141 1391 necessitati-

566 1428 667 1480 bus
691 1426 1040 1480 subvenirent
1063 1443 1076 1491 ;
1099 1426 1193 1479 sed
1219 1436 1309 1478 aut
1329 1427 1570 1495 appetitu
1616 1426 1993 1496 comparanda:
2023 1426 2140 1495 opi-

561 1516 738 1569 niouis
804 1516 1037 1583 impulsi,
1092 1525 1183 1569 aut
1227 1517 1431 1570 carnali
1482 1517 1678 1585 pietate
1728 1515 2003 1579 commoti,
2046 1522 2138 1570 aut

567 1623 662 1675 spe
687 1606 979 1675 reeipiendi
1010 1606 1150 1673 quod
1183 1606 1393 1673 darent,
1417 1617 1508 1663 aut
1529 1606 1787 1663 reddendi
1817 1606 1958 1677 quod
1985 1620 2141 1661 acce-

563 1700 765 1767 pissent
794 1699 1113 1753 necessitate
1147 1698 1174 1737 ιι
1206 1701 1503 1755 constricti.

2239 507 2407 577 gratis
2428 507 2721 576 diligimus,
2774 514 2831 561 et
2874 504 3127 559 amicum.
3158 503 3418 558 Caeterum
3461 506 3543 573 qui
3568 507 3765 562 amicum

2241 609 2458 667 propter
2501 596 2848 651 commodum
2899 594 3177 664 quodlibet
3227 603 3389 662 amat,
3444 610 3543 647 non
3571 598 3768 651 amicum

2238 688 2576 742 convincitur
2611 701 2812 752 amare,
2837 686 2933 740 sed
2984 684 3347 740 commodum.
3398 684 3465 739 Et
3502 686 3665 755 utique
3697 691 3770 756 qui

2238 777 2468 846 aliquem
2502 785 2721 845 propter
2750 790 2861 829 rem
2893 775 3245 843 temporalem
3288 775 3572 842 quamlibet
3594 792 3774 834 amave-

2244 872 2334 932 rit,
2368 885 2487 922 cum
2519 883 2606 922 res
2632 868 2746 937 ipsa
2788 867 2801 915 i
2860 875 3045 934 utpote
3077 866 3385 933 temporalis
3423 866 3629 920 desierit
3655 883 3773 935 esse,

2240 975 2422 1015 amare
2448 960 2702 1015 cessabit.
2734 960 2834 1027 Qui
2865 970 3042 1013 autem
3073 958 3245 1028 diligit
3271 968 3486 1027 propter
3524 959 3692 1023 Deum,
3716 962 3772 1013 si-

2243 1060 2334 1106 cut
2361 1051 2501 1106 Deus
2530 1058 2764 1104 aeternus
2796 1049 2822 1087 ι
2866 1058 2973 1116 est,
3027 1050 3096 1102 ita
3134 1050 3184 1102 in
3235 1057 3491 1103 mternum
3515 1049 3618 1117 ipsa
3641 1050 3772 1104 amici

2239 1144 2455 1200 dilectio
2503 1143 2856 1213 permanebit.
2907 1143 2972 1197 Et
3010 1142 3130 1197 ideo
3173 1143 3332 1206 Deus,
3370 1141 3387 1179 ι
3421 1158 3524 1212 quo
3563 1144 3679 1197 nihil
3704 1153 3772 1198 est

2241 1237 2413 1303 majus
2463 1247 2555 1289 aut
2610 1234 2798 1290 melius
2849 1243 3069 1303 propter
3104 1234 3246 1303 quod
3290 1234 3558 1304 diligatur,
3587 1245 3770 1303 propter

2241 1326 2476 1394 seipsnm
2510 1327 2745 1394 perfecte
2795 1327 3051 1395 diligitur.
3109 1326 3164 1382 Si
3218 1341 3348 1382 vero
3386 1327 3568 1382 saltem
3597 1336 3777 1396 propter

2242 1426 2282 1453 ω
2306 1417 2393 1471 illa
2422 1432 2541 1487 quae
2564 1425 2781 1486 prastat
2800 1426 3031 1483 amatur,
3056 1432 3161 1472 non
3184 1418 3364 1486 utique
3392 1418 3551 1487 gratis
3572 1429 3774 1472 amatur:

2241 1509 2363 1578 quia
2383 1507 2494 1577 jam
2527 1508 2652 1563 illud
2680 1519 2896 1578 propter
2926 1508 3068 1577 quod
3102 1508 3367 1577 diligitur,
3406 1510 3477 1575 ei,
3508 1509 3636 1578 quod
3660 1509 3776 1563 dictu

2242 1614 2453 1669 que-jue
2482 1597 2634 1654 nefas
2658 1608 2763 1663 est,
2790 1598 3108 1654 antefertur.
3141 1599 3260 1667 Ipse
3305 1599 3503 1669 quippe
3539 1608 3615 1653 est
3637 1599 3778 1653 omni-

2242 1691 2341 1745 bus
2368 1691 2697 1745 amatoribus
2725 1692 2838 1745 suis
2867 1691 2972 1744 vita
2995 1690 3172 1756 beata,
3217 1704 3280 1744 ac
3317 1691 3465 1745 salus
3509 1702 3703 1755 aeterna,
3734 1698 3779 1744 et

630 1793 684 1845 2.
715 1792 849 1846 Sunt
879 1792 970 1845 alii
995 1808 1128 1861 quos
1154 1792 1221 1846 ad
1247 1793 1581 1862 largiendum
1609 1794 1804 1863 aliquid
1847 1797 1899 1849 iu
1942 1808 2139 1863 paupe-
2168 1784 2216 1845 B
2245 1796 2487 1850 regnum.
2516 1781 2877 1850 gaudiumque
2900 1792 3244 1849 perpetuum-
3276 1780 3407 1836 Haec
3445 1780 3685 1849 accipient
3706 1779 3778 1848 qui

561 1904 648 1942 res
678 1889 790 1943 sola
819 1896 998 1942 movet
1024 1896 1236 1943 versuta
1264 1889 1557 1956 cupiditas;
1590 1890 1681 1958 qui
1700 1899 1721 1927 ο
1747 1889 1812 1943 ad
1841 1889 1942 1943 hoc
1962 1890 2140 1959 aliqua

559 1987 803 2049 erogant,
832 1988 891 2032 ut
920 1978 1005 2033 hic
1028 1979 1227 2048 majora
1260 1980 1550 2049 recipiant;
1578 1989 1632 2035 et
1656 1979 1913 2049 quidquid
1944 1982 2022 2034 eis
2049 1995 2142 2035 ve-

560 2079 639 2132 lut
670 2093 958 2146 pauperum
996 2075 1023 2113 ά
1070 2077 1372 2147 pastoribus
1427 2076 1611 2130 datum
1654 2076 1814 2131 fuerit
1843 2086 1866 2113 ⁶
1907 2091 2139 2145 erogan-

560 2167 711 2234 dum,
744 2168 1106 2224 esurientibus
1146 2168 1249 2221 illis
1282 2182 1376 2235 pro
1407 2168 1599 2236 quibus
1649 2167 2015 2222 sustentaudis
2052 2180 2140 2220 ac-

561 2260 785 2326 cipiunt,
829 2269 1019 2323 totum,
1052 2268 1142 2311 aut
1169 2273 1336 2326 prope
1368 2267 1534 2312 totum
1559 2258 1702 2327 quod
1724 2258 2053 2327 acceperint,
2087 2256 2141 2311 in

560 2363 684 2403 Suas
716 2348 1014 2415 voluptates
1056 2348 1397 2417 expendunt:
1446 2358 1535 2414 et,
1567 2349 1708 2418 quod
1754 2357 1839 2404 est
1880 2348 2139 2412 deterius,

564 2441 701 2494 inter
731 2439 1012 2495 munificos
1056 2453 1118 2492 ac
1166 2440 1547 2495 misericordes
1593 2441 1799 2505 haberi,
1851 2440 1939 2494 vel
1981 2440 2140 2494 etiam

565 2548 676 2600 prie
712 2532 816 2585 illis
863 2530 1139 2600 praedicari
1185 2533 1411 2598 turpiter
1461 2533 1862 2600 concupiscunt.
1918 2532 1999 2585 Ab
2059 2531 2144 2585 his

564 2625 833 2689 omnibus,
863 2634 917 2678 et
939 2624 1131 2677 horum
1154 2624 1439 2690 similibus,
1465 2624 1620 2693 longe
1647 2624 1842 2679 diversi
1864 2632 1989 2677 sunt
2015 2621 2035 2660 ί
2069 2623 2141 2677 illi

566 2714 653 2783 qui
682 2728 786 2767 non
815 2728 874 2767 se
902 2714 954 2767 in
982 2712 1238 2781 operibus
1270 2714 1405 2779 suis,
1435 2714 1528 2768 sed
1560 2715 1723 2768 Deum
1761 2714 1983 2778 cupiunt
2008 2726 2145 2780 pra:-

565 2805 763 2869 dicari;
793 2820 931 2872 quos
957 2804 1024 2859 ad
1052 2818 1183 2873 opus
1217 2804 1419 2859 bonum
1449 2820 1573 2874 spes
1616 2805 1808 2859 futurae
1836 2817 2144 2858 remunera-

567 2894 729 2949 tionis
770 2894 1024 2960 addueit;
1073 2902 1129 2950 et
1172 2895 1345 2964 ipsum
1399 2896 1571 2949 solum
1603 2896 1788 2950 volunt
1833 2896 2033 2952 habere
2058 2898 2142 2951 sui

566 2988 744 3056 operis
772 2996 983 3053 testem,
1012 3002 1043 3041 a
1075 3000 1183 3056 quo
1213 3001 1273 3042 se
1292 2996 1607 3057 recepturos
1625 2987 1853 3043 credunt
1881 2996 1989 3044 tota
2018 2988 2142 3043 fidei

568 3082 819 3136 firmitate
851 3080 1179 3135 mercedem.

1150 3191 1376 3247 CAPUT
1410 3192 1573 3247 XXV.

607 3305 683 3360 De
710 3305 1001 3373 cli/Terentia
1041 3322 1297 3368 amorum,
1344 3316 1392 3358 et
1424 3317 1671 3373 quantum
1708 3307 1770 3360 ab
1798 3306 1868 3360 eis
1904 3305 2109 3371 differat

1107 3377 1334 3445 perfecta
1381 3377 1607 3430 dilectio.

642 3511 823 3577 Itaque
843 3511 955 3578 jam
981 3510 1049 3565 de
1076 3510 1321 3575 caritate,
1354 3510 1492 3563 unde
1514 3510 1660 3577 plura
1686 3509 1739 3563 ia
1771 3509 1871 3564 hoc
1898 3510 2031 3565 libro
2058 3524 2149 3563 su-

572 3617 667 3673 pra
718 3601 969 3670 disserui,
1003 3603 1124 3670 quia
1170 3603 1318 3655 loeus
1367 3603 1551 3670 exigit,
1605 3602 1693 3656 hic
1739 3616 1951 3672 quoque
1982 3618 2145 3669 pauca

573 3694 951 3764 perstringam.
985 3694 1163 3748 Taceo
1190 3694 1258 3747 de
1286 3695 1484 3749 carnali
1514 3709 1696 3750 amore
1720 3696 1808 3765 qui
1836 3695 2096 3765 incipiem
2117 3711 2147 3749 a

573 3786 822 3854 conjugio
869 3794 1050 3839 manat
1099 3786 1153 3838 in
1185 3785 1343 3851 filios,
1372 3787 1493 3854 quia
1535 3786 1691 3841 talem
1741 3802 1981 3842 amorem
2028 3801 2146 3840 cum

573 3876 857 3947 pecoribus
881 3876 1161 3946 habemus,
1189 3877 1480 3947 bestiisque
1516 3892 1879 3933 communem.
1924 3876 2149 3944 PrOpin-

573 3984 799 4037 quorum
834 3978 858 4015 8
887 3969 1048 4022 etiam
1104 3981 1402 4035 prmtereo,
1454 3970 1575 4037 quia
1616 3978 1672 4023 et
1720 3968 1834 4037 ipse
1876 3968 2050 4022 adhuc
2083 3966 2148 4021 ad

574 4075 784 4116 carnem
812 4062 1079 4129 pertinere
1110 4060 1325 4115 videtur
1350 4069 1405 4114 et
1441 4063 1776 4131 sanguinem.
1825 4060 1935 4117 Nec
1964 4061 2029 4115 de
2059 4061 2150 4114 illo

574 4150 772 4220 aliquid
801 4151 943 4216 dico,
968 4166 1075 4221 quo
1101 4150 1203 4206 etsi
1251 4152 1457 4206 amicos
1485 4167 1748 4218 amamus,
1784 4162 1960 4207 tamen
1988 4152 2150 4206 etiam

575 4243 605 4283 ιι
643 4247 757 4315 ipse
804 4246 1035 4300 refertur
1087 4245 1152 4298 ad
1210 4245 1426 4314 aliquod
1458 4245 1799 4301 commodum
1836 4247 2148 4315 temporale.

575 4335 691 4391 Non
745 4336 883 4407 quod
934 4335 989 4390 bi
1039 4351 1250 4390 amores
1307 4337 1519 4391 honesti
1576 4351 1679 4390 non
1716 4336 1852 4401 sint,
1882 4352 2003 4391 cum
2046 4337 2153 4391 sint

579 4426 826 4482 omnibus
855 4427 1152 4491 naturales;
1182 4426 1274 4481 sed
1305 4426 1449 4497 quod
1489 4427 1573 4481 his
1611 4426 1862 4481 omnibus
1894 4425 1910 4463 ί
1958 4429 2028 4483 sit
2062 4430 2153 4485 ille

655 4633 683 4662 ι
713 4623 964 4689 Additur,
992 4634 1086 4691 est,
1118 4639 1184 4679 ex
1218 4637 1349 4678 mss.
1382 4634 1638 4693 quatuor;
1670 4628 1853 4681 aberat
1882 4629 1949 4682 ah
1977 4628 2155 4682 editis.
2191 4632 2240 4692 ι)

653 4692 682 4731 ιι
716 4695 839 4749 Mss.
869 4694 997 4760 duo,
1054 4696 1314 4748 constricti
1361 4692 1496 4748 sunt.
1555 4697 1785 4764 Aliquos,
1844 4709 1950 4752 etc.
1996 4699 2070 4753 Ita
2101 4710 2156 4753 et

585 4764 757 4831 Lugd.
805 4764 977 4835 Alter,
1029 4766 1287 4817 rons'ricti
1334 4774 1471 4817 sunt.
1520 4760 1623 4818 Alii
1652 4760 1807 4835 quos.
1857 4769 1957 4823 Ms.
1998 4768 2153 4834 alius,

585 4834 842 4886 constricti
863 4844 1000 4886 sunt.
1032 4835 1134 4887 Alii
1158 4844 1273 4887 sunt
1304 4850 1451 4901 quos.

659 4914 681 4976 ξε
717 4903 814 4957 Ms.
845 4903 980 4976 Reg.
1009 4919 1167 4968 unus,
1221 4916 1424 4976 propter
1453 4905 1664 4957 Itoc.....
1696 4913 1748 4956 ut
1791 4906 1909 4957 hinc
1938 4911 2157 4976 majora.

589 4972 757 5035 Alius,
791 4982 844 5026 ct
868 4973 1021 5027 (iolb.
1053 4988 1209 5036 unus,
1240 4976 1307 5025 ad
1333 4974 1494 5028 hoc...
1526 4984 1579 5026 ut
1610 4977 1828 5042 majora.
1859 4978 1972 5030 Duo
2004 4972 2156 5033 Colb.

588 5047 654 5096 al
684 5044 845 5096 hoc...
878 5054 930 5096 ut
960 5044 1078 5095 hinc
1105 5045 1321 5112 majora.

662 5112 688 5149 ά
720 5115 812 5167 Ms.
846 5112 1055 5179 Camb.,
1079 5115 1325 5183 patribus.

668 5193 691 5253 τ
726 5184 823 5236 Ms.
852 5198 1010 5251 unus,
1043 5188 1114 5236 ad
1137 5183 1468 5253 erogandum.

666 5251 687 5291 ί
717 5254 814 5307 Ms.
849 5270 1004 5319 unus,
1026 5254 1117 5306 alii
1136 5251 1241 5320 qui.

667 5331 692 5393 β
726 5324 852 5393 Mss.
882 5336 1107 5389 septem,
1134 5340 1349 5393 quoque.

668 5391 693 5464 1³
720 5392 817 5446 Ms.
844 5410 998 5464 unus,
1026 5391 1176 5446 etiarn
1202 5391 1298 5464 ipsi
1324 5395 1635 5464 referuntur.

672 5463 689 5501 ί
723 5466 848 5517 Mss.
873 5462 1025 5517 Coll).
1077 5462 1633 5535 dtto,‘incoutparabili
1676 5467 1987 5522 necessitate.
2020 5467 2161 5535 Quo-

595 5550 712 5591 rum
730 5550 900 5605 tutus,
934 5534 1052 5585 dum
1076 5536 1233 5603 gratis
1262 5535 1519 5605 diligimus
1542 5547 1587 5589 et
1618 5539 1832 5603 amicos,
1861 5548 1906 5591 et
1930 5547 2155 5591 crateras.

722 5604 844 5679 Mss.
871 5619 984 5666 sex,
1019 5612 1188 5669 utpote
1214 5604 1526 5673 temporalis.
1558 5606 1702 5663 Unus
1722 5623 1786 5663 ex
1815 5609 1916 5677 his,
1942 5620 1993 5663 ut
2022 5617 2163 5679 puta.

599 5675 737 5730 Editi
763 5674 846 5729 hie
876 5682 1059 5728 carent
1088 5684 1279 5735 utpote.

671 5741 697 5781 ³
724 5743 824 5799 Ms.
858 5761 989 5800 unus
1016 5759 1160 5801 caret
1181 5745 1512 5802 substantive
1542 5758 1615 5800 est

2246 1870 2412 1925 Deum
2445 1871 2697 1940 diligunt,
2728 1873 2850 1939 quia
2882 1871 3032 1925 solus
3070 1872 3172 1926 erit
3212 1873 3321 1928 illis
3364 1872 3563 1938 omnia,
3603 1871 3778 1941 quando

2242 1964 2358 2035 ipse
2389 1964 2545 2018 fuerit
2569 1964 2621 2017 iu
2647 1964 2895 2017 omnibus
2921 1963 3125 2017 omnia.

2813 2097 3040 2154 CAPUT
3069 2098 3255 2152 XXVI.

2619 2212 2757 2277 Quid
2786 2212 2852 2265 sit
2873 2228 2969 2265 sua
2995 2212 3175 2276 cuique
3203 2210 3448 2265 tribuere.

2313 2324 2646 2394 Quapropter
2671 2323 2716 2377 si
2747 2324 2799 2376 in
2844 2323 2945 2376 bac
2982 2322 3090 2374 vita
3130 2321 3395 2388 justitiam
3433 2333 3670 2374 conamur
3705 2317 3783 2370 im-

2244 2416 2417 2486 plere,
2447 2414 2601 2483 cujus
2634 2413 2854 2483 justitire
2896 2428 3029 2481 opus
3068 2424 3149 2466 ρει
3191 2414 3467 2481 proprium
3503 2426 3588 2464 sua
3629 2408 3786 2477 cuique

2244 2506 2500 2570 tribuere,
2526 2505 2637 2559 Deo
2659 2519 2777 2570 nos,
2809 2519 2839 2557 a
2869 2518 2976 2572 quo
3001 2518 3186 2557 sumus
3210 2500 3360 2565 facti,
3386 2500 3653 2555 reddamus
3675 2516 3686 2550 :
3707 2510 3786 2551 nec

2243 2597 2506 2652 dominari
2535 2596 2688 2651 nobis
2720 2610 2780 2649 ea
2811 2594 3002 2664 quibus
3048 2609 3234 2649 sumus
3264 2592 3574 2646 naturaliter
3618 2603 3789 2659 prmpo-

2243 2690 2329 2744 siti
2365 2688 2754 2757 permittamus.
2798 2686 3110 2739 Dominetur
3149 2682 3291 2738 vitiis
3325 2684 3486 2745 ratio,
3519 2679 3789 2749 subjiciatur

2242 2795 2437 2850 corpus
2488 2780 2686 2847 animo,
2745 2779 2955 2832 animus
3012 2776 3143 2841 Deo,
3184 2786 3238 2831 et
3273 2774 3491 2844 impleta
3530 2784 3604 2827 est
3642 2780 3665 2806 ιι
3709 2770 3789 2823 ho-

2244 2872 2404 2928 minis
2469 2879 2577 2926 tota
2619 2870 2892 2940 perfectio.
2961 2870 3038 2923 Ac
3099 2882 3196 2937 per
3236 2868 3359 2929 hoc,
3395 2874 3451 2920 et
3486 2879 3579 2919 nos
3608 2863 3790 2932 justitia

2244 2963 2368 3019 facti
2400 2962 2714 3031 participes,
2762 2975 2856 3015 sua
2904 2958 3097 3029 cuique
3140 2956 3444 3028 tribuimus,
3495 2956 3539 3009 si
3579 2952 3790 3008 inferiora

2244 3056 2575 3124 melioribus,
2606 3066 2658 3110 et
2691 3052 2981 3108 virtutibus
3016 3051 3249 3106 carnalia
3278 3049 3660 3105 oblectamenta
3686 3044 3789 3098 sub-

2172 3140 2221 3207 C
2249 3151 2470 3215 damus;
2495 3155 2519 3184 ο
2542 3158 2596 3203 et
2624 3148 2762 3202 sicut
2793 3146 3026 3201 viventia
3067 3144 3174 3199 vita
3203 3144 3532 3208 carentibus,
3562 3134 3791 3195 sensibilis

2248 3244 2595 3307 viventibus,
2649 3238 3025 3294 intellectualia
3071 3236 3422 3291 sensibilibus
3452 3275 3468 3301 ,
3518 3226 3792 3287 immortalia

2249 3334 2581 3396 mortalibus,
2610 3328 2976 3384 ratiocinando
3026 3325 3388 3395 praeponimus
3415 3364 3430 3389 ,
3482 3324 3552 3377 ita
3596 3321 3713 3375 bene
3735 3315 3794 3369 ti-

2246 3424 2421 3478 vendo
2451 3420 2781 3489 voluptuosis
2812 3419 2982 3482 utilia,
3023 3416 3243 3469 utilibus
3284 3414 3543 3477 honesta,
3594 3406 3792 3464 honestis

2248 3525 2452 3582 saneta,
2477 3524 2505 3563 ι’
2534 3514 2733 3567 sanctis
2761 3509 2991 3578 perfecta
3014 3508 3192 3561 omnia
3216 3506 3579 3575 prmferamus.
3601 3501 3792 3557 V’crnm-

2251 3614 2425 3659 tamen
2456 3617 2555 3656 nec
2583 3616 2777 3669 corpus
2815 3598 3047 3668 spiritui,
3096 3610 3193 3651 nec
3240 3596 3510 3664 appetitus
3552 3592 3791 3657 obtempeo

2248 3712 2369 3751 rare
2412 3674 2607 3765 poterit
2646 3692 2861 3754 rationi,
2906 3689 3005 3743 nisi
3053 3689 3213 3752 Deus,
3256 3688 3347 3757 qui
3391 3688 3557 3756 ipsum
3585 3682 3791 3753 spiritum

2249 3789 2449 3845 ereavit
2477 3795 2531 3841 et
2553 3798 2769 3852 corpus,
2809 3782 3106 3837 delectatus
3155 3778 3565 3849 cogitationibus
3612 3770 3795 3833 nostris,

2252 3879 2613 3946 requiescatin
2642 3873 2815 3938 nobis,
2843 3882 3172 3939 actanquam
3196 3885 3352 3925 verus
3379 3868 3606 3939 agricola
3628 3868 3671 3918 in
3692 3873 3795 3931 agro

2250 3984 2369 4035 suo,
2397 3979 2425 4017 (ι
2454 3967 2615 4022 corde
2657 3973 2841 4019 nostro
2890 3963 3135 4031 proliciat
3164 3977 3179 4015 :
3216 3971 3237 3998 ι
3287 3971 3347 4015 ut
3398 3956 3643 4030 quidquid
3678 3954 3721 4008 in
3749 3964 3800 4005 eo

2255 4061 2386 4115 fides
2430 4059 2656 4128 plantat,
2709 4056 2926 4109 devotio
2972 4053 3131 4122 rigat,
3176 4051 3290 4120 ipse
3331 4052 3398 4103 ad
3455 4052 3798 4103 incrementum

2252 4159 2635 4206 consummatae
2677 4144 3003 4199 maturitatis
3050 4141 3314 4203 adducat;
3353 4150 3517 4209 atque
3573 4137 3639 4191 ita
3675 4130 3800 4187 nobis

2255 4241 2549 4298 voluntarie
2578 4239 2679 4293 sibi
2711 4238 2969 4307 subjectis
2998 4233 3271 4290 desideria
3303 4233 3445 4286 mala
3481 4229 3728 4299 subjiciat,
3755 4230 3799 4274 ut

2254 4354 2323 4393 ex
2354 4336 2481 4406 ipsis
2501 4332 2708 4388 actibus
2735 4329 2956 4395 nostris,
3003 4327 3096 4396 qui
3132 4326 3204 4381 sit
3243 4324 3520 4378 habitator
3556 4330 3737 4381 noster,
3760 4320 3802 4368 el

2255 4431 2409 4499 cujus
2440 4427 2493 4481 in
2525 4424 2685 4480 nobis
2719 4431 2740 4458 ⁸
2785 4421 2879 4475 ﬁat
2902 4419 3170 4485 voluntas,
3196 4423 3482 4485 appareat.

2341 4624 2359 4664 ι
2396 4626 2493 4680 Ms.
2512 4624 2665 4679 Colb.
2694 4637 2852 4685 unus,
2882 4622 3004 4692 quia
3021 4619 3151 4692 ῃὶΙιξι
3167 4627 3307 4692 est,"
3338 4618 3511 4688 majus
3528 4624 3615 4692 aut
3637 4610 3801 4692 melius,

2264 4707 2469 4768 prapter
2523 4694 2647 4762 quid
2699 4682 2967 4768 diligatur.
3018 4688 3168 4768 Colb.
3218 4688 3375 4749 alter.
3407 4682 3491 4768 et”
3526 4682 3803 4768 Lugdac—t‘tt‘l-l

2265 4756 2491 4831 'Lovan.,
2536 4756 2647 4831 'qlo
2696 4756 2825 4816 nihil
2854 4771 3009 4833 est...
3031 4760 3198 4829 majus
3238 4767 3328 4811 aut
3368 4758 3571 4833 melius,
3607 4756 3797 4833 pro???

2264 4839 2400 4908 quod
2423 4826 2688 4903 diligatur.
2716 4835 2809 4886 Ms.
2833 4832 2939 4908 duo
2981 4826 3137 4908 “$5.,
3170 4826 3538 4908 prop-torquati
3584 4826 3801 4908 diligitur1

2268 4884 3240 4977 pierfecte‘diligitur.
3265 4884 3445 4977 'Editi',
3483 4884 3691 4977 propter:
3706 4884 3805 4977 quid

2563 4956 2674 5037 ita,
2699 4956 2989 5042 diligatur?
3019 4956 3242 5037 Propter
3267 4956 3492 5037 seipsuni
3512 4956 3721 5033 perfecte
3737 4956 3806 5008 di-

2268 5047 2464 5100 liaitur.

2308 5066 2512 5169 θίιξαίίς,
2545 5129 2704 5175 unus,
2734 5121 2939 5181 propter
2960 5111 3112 5181 ipsa.
3373 5175 3384 5181 _
3482 5172 3494 5181 ,
3517 5173 3529 5181 _
3692 5176 3701 5181 _
3732 5165 3743 5176 .

2338 5196 2367 5222 ιι
2396 5186 2493 5239 Ms.
2519 5172 2755 5237 Colbert'.
2792 5172 2949 5242 unus,
2979 5172 3141 5234 omnis
3176 5175 3437 5248 perfectio.
3468 5172 3635 5238 Alter,
3660 5176 3701 5222 et
3727 5172 3808 5217 im-

2271 5256 2531 5328 pleta_erit
2560 5255 2612 5305 in
2644 5252 2787 5306 nobis
2805 5261 2915 5328 tota
2939 5251 3204 5328 perfectio.

2341 5336 2367 5363 ο
2389 5325 2513 5380 Mss.
2548 5332 2772 5393 quatuor
2798 5320 2973 5381 Cnlb.,
3008 5321 3236 5393 utsicut.
3362 5385 3380 5393 _
3461 5384 3472 5393 _
3636 5380 3655 5393 .

2338 5408 2365 5446 Ρ
2397 5396 2495 5450 Ms.
2535 5380 2685 5446 Colb.
2736 5407 2892 5457 unus,
2936 5380 3125 5444 sanctis
3169 5396 3217 5442 et
3263 5384 3499 5455 perfectis
3542 5380 3809 5452 perfectiora

2267 5469 2483 5536 prrcfera
2492 5480 2618 5516 mus.

2337 5530 2519 5588 «Mss.
2552 5540 2781 5597 septem,
2814 5530 2833 5582 i

2271 5605 2323 5658 iu
2362 5606 2515 5659 corde
2550 5612 2742 5654 nostro.

2348 5686 2366 5713 τ
2404 5676 2527 5728 M~s.
2553 5685 2666 5734 sex,
2695 5680 2740 5723 et
2769 5670 3028 5737 quidquid.

2348 5753 2367 5781 ³
2400 5746 2505 5799 Mss
2556 5752 2683 5806 tres,
2717 5741 2781 5793 sit
2805 5739 3056 5793 voluntas.

2838 5548 2867 5583 η
2895 5544 3018 5599 agro
3044 5544 3134 5582 suo
3162 5526 3315 5582 corde
3337 5532 3530 5580 nostra.
3565 5516 3715 5580 Edili.
3750 5510 3808 5563 ⁸ί⁶
