4000 6176
216 320 321 377 50‘.)

767 434 989 492 CAPUT
1024 436 1235 492 XXVII.

213 545 366 610 Quod
389 545 650 623 naualem
682 548 836 623 uitam
880 556 980 603 tres
1009 553 1231 617 virtutes,
1258 554 1311 607 id
1336 564 1411 608 est
1442 556 1799 623 temperantia,

282 617 547 684 fortitudo,
565 618 873 693 justitiaque
896 634 1237 693 consumment
1258 640 1278 688 ,°
1304 634 1351 678 et
1370 617 1662 689 prudentia,
1686 617 1801 693 qua:

281 695 355 738 est
382 698 570 754 quarta
590 690 763 755 virtus,
794 692 946 744 menti
970 693 1311 762 cognitionem
1338 711 1510 749 rerum
1537 690 1797 749 latentium

277 766 508 825 praestet.

278 886 381 942 Hic
411 897 498 942 est
526 888 659 943 ordo
682 898 885 945 natura:
915 901 1074 962 atque
1094 893 1335 963 iustitiae,
1368 912 1526 967 quem
1556 907 1580 935 ³
1607 898 1693 967 qui
1723 907 1797 953 te-

204 997 335 1037 nere
356 983 594 1038 voluerit
622 993 675 1039 et
703 988 1010 1053 observare,
1039 990 1422 1058 perfectionem
1456 996 1581 1048 vita:
1616 1004 1797 1048 actua-

204 1076 268 1129 lis
317 1076 583 1145 implebit.
634 1077 730 1133 Cui
769 1082 961 1135 actuali
988 1084 1110 1138 vitm
1143 1094 1250 1140 tres
1298 1088 1399 1141 illae
1428 1088 1656 1142 virtutes
1698 1089 1791 1159 (de

200 1166 399 1235 quibus
422 1183 543 1236 qua:
572 1168 794 1225 dicenda
828 1171 854 1210 ιι
874 1172 1022 1241 iussa
1053 1186 1198 1242 sunt,
1234 1178 1342 1232 Deo
1370 1182 1627 1245 donante,
1652 1180 1786 1252 dixi)

198 1258 508 1328 proficiunt.
535 1261 806 1331 Siquidem
832 1272 1205 1337 temperantia,
1234 1280 1289 1327 et
1308 1274 1472 1327 animi
1506 1274 1784 1340 fortitudo,

197 1360 363 1417 atque
390 1352 598 1419 justitia
625 1354 878 1423 spiritalis
907 1368 989 1413 est
1009 1363 1172 1427 actio,
1198 1364 1314 1419 sine
1341 1381 1444 1435 qua
1470 1367 1599 1420 nihil
1623 1370 1795 1421 omni-

197 1454 267 1493 no
291 1441 437 1495 valet
466 1443 551 1495 illa
599 1436 722 1514 qua:
768 1447 834 1501 ad
874 1449 1210 1517 prudentiam
1260 1456 1473 1510 videtur
1513 1459 1783 1526 pertinere

194 1533 460 1599 cognitio.
482 1533 615 1600 Quia
646 1536 778 1590 nihil
811 1540 962 1593 nobis
994 1542 1229 1608 proderit
1257 1546 1523 1614 implenda
1561 1548 1780 1603 didicis-

195 1636 273 1686 se,
302 1624 410 1677 nisi
442 1640 505 1678 ea
535 1640 654 1694 quie
680 1626 989 1691 didicimus,
1018 1632 1328 1690 Studeamus
1358 1639 1605 1705 imp'ere.
1638 1640 1775 1710 Ergo

194 1712 275 1765 vis
309 1714 545 1778 canimi,
570 1731 689 1784 qua:
712 1716 763 1770 in
796 1720 1091 1788 appetitum
1127 1726 1497 1795 rationemque
1513 1727 1787 1796 dividitur,

1260 326 1349 382 ne
1392 327 1552 383 vnn
1591 297 2163 385 CONTEMPLAT’IVA
2203 332 2331 387 LIB.
2374 332 2461 388 Ill.

1522 410 1525 415 h
1827 445 1878 501 Α
1906 445 2138 511 operati,
2168 444 2385 500 socialis
2414 447 2660 515 quaedam
2692 450 2860 507 virtus
2905 455 3189 523 accipitur,
3230 471 3297 511 eo
3343 461 3483 528 quod

3385 350 3486 405 Sltl

1905 534 2020 603 ipsa
2050 536 2320 591 beneﬁciis
2344 546 2369 571 τ’
2396 554 2517 607 quae
2544 540 2663 595 aliis
2688 553 2904 611 praestat
2927 554 3170 615 augetur.
3188 547 3320 615 Quis
3339 549 3483 604 enim

1904 642 2009 680 non
2034 642 2099 681 eo
2130 628 2243 695 ipso
2274 629 2503 697 proﬁcit,
2528 647 2633 698 quo
2664 634 2920 700 proﬁcere
2941 638 3103 692 alium
3131 641 3311 705 cupit?
3338 640 3473 707 Quis

1903 734 2008 771 non
2053 721 2453 775 misericordem
2483 724 2583 778 sibi
2629 725 2791 780 Deum
2844 728 2989 794 facit,
3039 730 3127 799 qui
3178 732 3483 788 misericors

1900 824 2021 879 erga
2052 810 2354 865 laborantes
2380 813 2460 867 vel
2483 826 2727 868 errantes
2754 819 3055 873 exstiterit?
3080 824 3185 875 Aut
3214 823 3483 891 quomodo

1900 916 2003 954 non
2032 902 2246 970 augebit
2268 903 2317 955 in
2346 919 2405 958 se
2429 907 2607 960 omnia
2637 907 2771 962 bona
2793 893 2952 975 sua,P
2972 912 3063 980 qui
3086 927 3146 966 ea
3176 928 3278 967 non
3307 914 3478 969 solum

1899 1006 2005 1044 non
2033 993 2230 1046 invidet
2262 992 2602 1064 habentibus,
2648 998 2741 1052 sed
2774 1000 2935 1054 etiam
2986 1017 3090 1056 non
3138 1004 3478 1067 habentibus.

1898 1084 1950 1138 in
1983 1097 2236 1153 quantum
2284 1096 2457 1155 p0test
2484 1089 2740 1145 divinitus
2770 1092 3060 1161 inspiratus
3090 1096 3358 1164 impertit?
3400 1098 3479 1152 Ex

1896 1184 2003 1244 qui:
2028 1177 2312 1230 videndum
2343 1191 2423 1231 est
2455 1182 2792 1250 utrumjuste
2814 1185 3010 1238 faciant
3031 1194 3057 1233 ει
3087 1186 3164 1239 illi
3194 1188 3281 1255 qui
3305 1202 3365 1242 se
3390 1202 3478 1243 re-

1898 1275 2175 1321 moventes
2205 1268 2273 1321 ab
2296 1269 2734 1337 occupationibus
2765 1274 2991 1341 cunctis,
3016 1290 3077 1329 ac
3102 1276 3292 1330 studiis
3314 1278 3478 1346 spiri-

1898 1358 2127 1413 lualibus
2174 1359 2484 1425 offerentes,
2533 1362 2664 1415 nihil
2724 1364 2969 1418 humanm
3021 1367 3265 1421 societati
3314 1369 3473 1435 proli-

1894 1451 2070 1515 ciunt;
2103 1459 2157 1505 et
2196 1451 2461 1506 desideria
2496 1468 2592 1507 sua
2622 1455 2917 1510 commodis
2954 1466 2976 1492 τ
3009 1455 3246 1511 omnium
3289 1460 3476 1527 praefe-

1895 1551 2094 1605 rentes.
2128 1544 2407 1598 utilitatem
2459 1559 2795 1599 communem
2838 1546 3153 1601 desiderata:
3181 1552 3478 1606 vacationis

1893 1633 2160 1687 electione
2216 1642 2587 1688 contemnunt.
2636 1634 2768 1689 Cum
2819 1639 3055 1703 profecm
3115 1638 3477 1696 laborantibus

1893 1739 2048 1791 opem
2096 1724 2234 1778 ferre
2273 1726 2438 1792 nolle,
2485 1740 2606 1778 cum
2646 1734 2667 1760 ⁸
2696 1728 2888 1794 possis,
2921 1737 2975 1782 et
3019 1731 3288 1784 communi
3337 1731 3478 1786 bono

192 1802 257 1855 ad
286 1805 679 1871 perfecﬁonem
714 1808 867 1864 bonae
888 1811 1115 1867 actionis
1148 1815 1491 1886 implendam,
1522 1822 1783 1888 cognitio-
1819 1809 1865 1868 B
1894 1816 2213 1885 posthabito,
2265 1820 2439 1871 otiosa
2486 1819 2667 1886 quiete
2715 1819 2819 1873 frui
2857 1822 2873 1855 ι
2906 1821 3064 1889 velle,
3100 1822 3231 1876 nihil
3279 1824 3475 1879 habeat

192 1906 437 1962 nemque
484 1910 665 1950 rerum
719 1897 998 1953 latentium
1048 1907 1511 1975 consequendam,
1546 1910 1629 1964 his
1659 1928 1784 1979 qua-

192 1992 317 2036 tuor
347 1984 660 2050 virtutibus,
695 1989 836 2043 unde
874 1987 900 2025 ά
941 1992 1102 2046 etiam
1136 1995 1245 2062 jam
1292 1996 1379 2050 diu
1411 1998 1783 2070 disseruimus,

187 2072 503 2139 adiuvatur.
539 2085 563 2113 ο
586 2078 820 2143 Quarum
853 2082 1045 2148 tribus,
1077 2089 1449 2156 ‘temperantia
1473 2091 1698 2156 scilicet,
1732 2102 1788 2148 et

186 2164 359 2218 animi
410 2165 741 2234 fortitudine,
769 2179 928 2241 atque
960 2173 1163 2242 justitia
1203 2177 1525 2234 informatur
1556 2182 1670 2252 ipse
1692 2198 1778 2253 apo

190 2257 401 2323 petitus
441 2264 500 2310 ut
526 2260 670 2313 actio
701 2261 827 2326 ﬁat;
861 2265 1142 2331 prudentia
1173 2283 1305 2323 vero
1345 2270 1630 2339 rationem,
1662 2290 1782 2344 qua:

184 2354 267 2399 est
314 2347 470 2402 acies
514 2350 732 2415 mentis,
764 2351 1029 2409 illuminat
1068 2366 1169 2412 :ut
1200 2370 1255 2413 et
1302 2362 1437 2416 ratio
1492 2366 1783 2433 appetitum

188 2432 209 2472 ί
230 2438 528 2509 gubernet,
547 2449 602 2495 et
631 2443 823 2497 rationi
845 2447 1111 2513 appetitus
1136 2450 1492 2521 obtemperet.
1520 2432 1650 2509 Nam
1673 2458 1780 2511 vir-

182 2535 269 2581 tus
303 2530 490 2583 omnis
540 2530 701 2601 (sicut
746 2538 1018 2593 veteribus
1065 2542 1257 2613 placet)
1290 2543 1459 2598 tribus
1510 2548 1561 2600 in
1622 2549 1782 2603 rebus

184 2633 210 2670 s
236 2622 355 2679 fere
382 2633 897 2698 versatur:quarum
921 2648 1025 2687 una
1052 2637 1207 2689 estin
1245 2639 1633 2707 perspiciendo,
1653 2643 1780 2712 quid

183 2715 235 2767 in
266 2713 295 2751 ιι
327 2731 546 2784 quaque
577 2732 635 2773 re
668 2735 873 2787 verum,
907 2723 1283 2795 sincerumque
1327 2729 1417 2794 sit,
1472 2731 1611 2799 quod
1654 2748 1780 2800 pru-

181 2809 391 2862 dentia:
418 2824 611 2864 munus
641 2822 724 2867 est
754 2815 1050 2883 proprium,
1086 2816 1103 2854 ί
1131 2818 1199 2873 de
1227 2835 1334 2887 quo
1365 2822 1481 2875 loco
1510 2838 1609 2876 suo
1633 2824 1780 2879 vide-

181 2899 396 2964 bimus;
431 2900 621 2967 altera,
647 2916 765 2971 quae
798 2904 963 2959 animi
993 2908 1332 2975 perturbatos
1359 2911 1601 2980 aﬁ‘ectus,
1642 2928 1778 2983 quos

180 2987 357 3045 δι’ωεί
391 2990 580 3047 dicunt
600 2997 738 3055 πάθη
772 2994 788 3045 i
829 3010 1043 3053 coercet
1094 3015 1157 3055 ac
1188 3011 1472 3072 temperat,
1498 3014 1557 3059 ut
1589 3022 1776 3064 omnes

180 3082 573 3150 appetitiones,
608 3100 743 3153 quas
780 3086 857 3141 illi
897 3087 925 3125 ι
956 3090 1118 3166 ὁρμὰς
1163 3104 1377 3161 vocant,
1412 3099 1605 3153 rationi
1647 3100 1775 3155 obe-

1890 1908 2172 1976 tenuitatis.
2204 1909 2299 1962 Cui
2327 1910 2564 1974 aequitati
2591 1912 2681 1979 qui
2721 1912 2986 1977 serviunt,
3011 1927 3201 1968 omnes
3231 1915 3470 1970 omnium

1890 2001 2031 2055 bono
2053 2002 2262 2067 vivunt,
2280 2010 2309 2038 ι
2329 2017 2391 2057 ac
2415 2004 2561 2057 velut
2585 2004 2687 2059 sibi
2711 2005 2934 2058 invicem
2956 2006 3087 2072 nati,
3111 2006 3334 2060 salutem
3359 2024 3477 2062 mu-

1891 2103 2031 2147 tuam
2057 2102 2274 2148 tuentur
2292 2110 2354 2149 ac
2376 2094 2625 2162 diligunt.
2650 2096 2726 2151 Ac
2743 2112 2837 2165 per
2861 2099 2982 2163 hoc,
3007 2109 3189 2152 contra
3210 2100 3470 2167 justitiam

1889 2184 2086 2238 iaciunt
2125 2185 2175 2238 bi
2204 2187 2290 2254 qui
2326 2188 2518 2241 merito
2548 2202 2660 2240 sua:
2701 2190 3126 2243 conversationis
3170 2191 3253 2244 vel
3286 2191 3468 2245 erudi-

1890 2275 2048 2329 tionis
2077 2276 2254 2337 electi,
2286 2277 2516 2331 otiosum
2547 2277 2779 2331 studium
2814 2279 3098 2334 fructuosa:
3139 2281 3349 2335 utilitati
3381 2298 3467 2336 re-

1886 2366 2073 2435 genda:
2119 2366 2476 2421 multitudinis
2520 2377 2884 2437 anleponunt;
2932 2377 2987 2423 et
3027 2385 3146 2423 cum
3180 2380 3209 2410 ν
3258 2373 3467 2440 possint

1888 2460 2152 2515 laboranti
2200 2460 2453 2516 Ecclesiae
2489 2462 2799 2528 subvenire,
2830 2479 3071 2531 operosae
3116 2464 3469 2519 administra-

1886 2553 2043 2607 tionis
2072 2552 2329 2619 laborem,
2355 2553 2591 2610 fruendze
2612 2555 2804 2624 quietis
2832 2556 3293 2625 contemplatione
3319 2555 3465 2610 refu-

1882 2645 2054 2715 giunt.

1951 2735 2005 2789 2.
2053 2734 2158 2791 Sed
2188 2736 2440 2805 quoniam
2472 2746 2598 2792 sunt
2626 2738 2777 2793 multi
2823 2742 2911 2809 qui
2943 2755 3003 2795 se
3040 2740 3270 2809 impares
3303 2749 3467 2795 tantze

1880 2826 2105 2879 sarcinae
2154 2836 2369 2891 norunt,
2419 2829 2548 2883 tales
2590 2828 2734 2897 juste
2763 2844 2841 2897 se,
2876 2830 3037 2885 etiam
3082 2832 3323 2899 quaesiti.
3358 2849 3462 2887 non

1880 2914 2112 2971 offerunt
2154 2934 2165 2968 :
2208 2932 2275 2971 ne
2322 2916 2604 2971 videantur
2643 2933 2748 2972 non
2813 2920 3213 2975 ecclesiasticos
3254 2922 3463 2979 labores

1879 3006 2016 3061 velle
2046 3006 2339 3074 suscipere,
2372 3007 2465 3062 sed
2499 3007 2731 3062 honores
2766 3018 2792 3044 ι
2817 3010 3044 3077 ambire,
3077 3026 3197 3065 cum
3229 3012 3458 3081 dignitas

1878 3095 2236 3150 ecclesiastica
2270 3112 2366 3150 nec
2392 3098 2674 3153 ambientla
2700 3098 2771 3151 sit
2807 3113 2904 3153 nec
2932 3100 3166 3157 vitanda.
3199 3102 3299 3169 Qui
3333 3120 3460 3159 vero

179 3170 396 3225 dientes
422 3171 648 3239 efﬁciat;
682 3177 832 3230 tertia
873 3186 932 3232 ut
966 3179 1052 3234 his
1079 3183 1271 3251 quibus
1303 3183 1321 3221 1
1354 3201 1765 3258 congregantur,
1801 3173 1849 3238 C
1881 3198 2110 3254 prwesse
2138 3194 2191 3239 ct
2223 3186 2475 3254 prodesse
2501 3188 2710 3256 populis
2738 3198 2987 3259 possunt.
3033 3192 3077 3245 si
3107 3194 3319 3261 quaesiti
3350 3210 3457 3248 non

180 3260 255 3314 uti
290 3260 532 3316 velimus
562 3272 600 3298 ω
632 3264 697 3318 ad
732 3280 917 3321 eorum
948 3270 1135 3325 salutis
1174 3283 1226 3327 et
1257 3284 1453 3330 nostra:
1478 3278 1757 3347 plenitudi-

178 3367 298 3405 nem
351 3354 696 3422 eapiendam.
732 3357 860 3424 Qua:
892 3364 1067 3417 omnia
1125 3365 1189 3419 ad
1235 3367 1561 3437 reliquarum
1600 3374 1758 3428 trium

179 3446 441 3499 virtutum
472 3446 743 3515 pertinere
770 3451 1017 3507 videntur
1036 3455 1308 3512 ofﬁcium:
1339 3462 1532 3529 quibus
1561 3473 1761 3533 tempe-

180 3537 351 3589 rantia
402 3544 461 3591 et
508 3536 768 3594 fortitudo
818 3542 1101 3610 plurimum
1144 3551 1326 3606 valent
1368 3554 1421 3607 in
1455 3557 1770 3613 coercendis

178 3626 340 3678 siiimi
370 3630 867 3693 perturbationibus
894 3649 957 3689 ac
994 3636 1288 3707 frenandis,
1325 3650 1351 3677 ιι
1384 3658 1515 3711 quas
1562 3656 1770 3714 pertor-

181 3718 429 3773 hationes
462 3723 705 3775 nonnulli
748 3725 1043 3792 passiones,
1073 3729 1160 3782 alii
1185 3733 1529 3800 aegritudines
1550 3748 1765 3793 vocant.

177 3809 386 3871 Quibus
417 3811 756 3880 modiﬁcatis,
789 3826 843 3869 et
881 3818 1107 3885 quadam
1137 3826 1503 3891 temperantia:
1532 3842 1596 3883 ac
1626 3828 1771 3883 forti-

179 3899 384 3952 tudinis
418 3901 537 3970 lege
584 3906 916 3974 compositis,
961 3924 1149 3965 omnes
1198 3914 1421 3969 virtutes
1452 3916 1506 3970 in
1554 3920 1769 3976 homine

176 4003 278 4041 suo
299 3991 541 4043 creatori
560 3992 802 4062 subjecto
822 3997 940 4051 sine
966 3999 1091 4055 ullis
1115 4002 1365 4058 vitiorum
1392 4008 1767 4066 contradictio-

177 4080 335 4135 nibus
368 4090 618 4151 regnant.

718 4174 943 4232 CAPUT
1000 4178 1236 4236 XXVIII.

177 4260 255 4315 De
290 4263 735 4349 socialiUvirtut'ej
762 4274 815 4349 let
839 4269 976 4333 quod
1002 4286 1105 4323 non
1119 4282 1265 4349 recte
1287 4274 1479 4349 faciant
1499 4281 1607 4349 qui,
1650 4297 1767 4336 cum

356 4335 575 4402 possint,
603 4334 731 4388 nihil
754 4337 990 4392 humanm
1023 4344 1251 4395 societati
1287 4334 1584 4415 proﬁciunt.

248 4445 548 4500 LJustit'a
594 4462 722 4503 vero
761 4465 860 4519 qua
897 4450 1029 4506 ﬁunt
1066 4453 1219 4522 justi,
1267 4457 1356 4526 qui
1406 4474 1524 4514 eam
1569 4462 1766 4522 fuerint

246 4632 272 4693 ξ·
302 4623 404 4677 Ms.
437 4639 599 4691 unus,
626 4626 671 4678 si
694 4628 826 4693 quis.

242 4691 273 4729 δ
308 4694 436 4747 Mss.
472 4710 682 4758 omnes,
707 4691 821 4749 uisa
864 4707 1002 4750 sunt.
1053 4698 1201 4753 Unus
1229 4715 1293 4753 ex
1326 4701 1406 4754 his
1462 4712 1631 4759 totum
1681 4706 1759 4762 sic

176 4764 417 4842 cuilibet.
449 4764 578 4816 Cum
607 4766 859 4820 aciualem
882 4769 1034 4821 vitum
1056 4779 1157 4823 tres
1181 4770 1287 4823 illa:
1304 4773 1581 4829 virtutes...
1604 4779 1756 4846 perﬁ-

177 4843 339 4884 εωηι.

250 4912 273 4937 σε
304 4902 432 4955 Mss.
460 4903 589 4963 duo,
620 4902 691 4956 vis
720 4906 923 4958 anima’.

246 4971 274 5008 ά
309 4974 441 5045 Mss.
483 4987 692 5045 omnis.
722 4979 856 5027 unde
878 4991 992 5029 ecce
1012 4978 1127 5045 jam
1154 4978 1263 5032 diu.

250 5051 275 5078 ο
305 5043 431 5095 Mss.
463 5052 590 5095 tres.
628 5042 818 5106 Quibus
851 5042 1028 5099 tribus.

252 5110 271 5147 ί
308 5112 405 5192 Ms.
431 5127 592 5177 unus,
613 5114 777 5181 juvet.
806 5114 928 5169 Iimc
956 5119 1139 5185 verba,
1166 5127 1220 5171 ut
1247 5135 1294 5173 et
1317 5122 1471 5187 ratio,
1503 5131 1633 5192 elc.,
1664 5125 1756 5180 de—

178 5189 304 5233 Sunt
332 5181 387 5234 in
413 5198 516 5234 ms.
550 5197 677 5235 uno.

251 5260 278 5325 ξς
310 5250 474 5325 Editi,
506 5266 642 5325 vere.
660 5251 783 5305 Mss.
816 5267 930 5317 sex,
961 5257 1084 5325 fere.

249 5318 278 5403 ξξ
310 5320 439 5402 Mss.
467 5332 595 5383 tres,
625 5322 676 5373 in
697 5338 893 5391 quoque
919 5318 990 5378 re.
1037 5326 1202 5396 Unus,
1234 5330 1284 5381 in
1329 5347 1633 5403 unaquaque
1677 5350 1752 5388 re.

179 5389 348 5452 Editi,
376 5392 429 5443 in
452 5407 552 5457 qua
584 5406 657 5445 re.

254 5458 271 5537 ξ
308 5460 408 5538 Ms.
442 5475 579 5514 unus
598 5469 651 5515 et
678 5461 843 5530 Lugd.
875 5479 994 5538 cum
1025 5465 1249 5533 Lovan.,
1279 5470 1341 5522 de
1355 5486 1472 5538 qua.

251 5527 270 5610 ξ
430 5545 588 5592 unus,
635 5527 811 5584 vocant
836 5536 971 5610 πάθη
1034 5538 1201 5603 Alter,
1235 5527 1412 5594 dicunt
1443 5537 1643 5610 pathos.

250 5597 277 5667 ξ
310 5598 405 5652 Ms.
441 5614 791 5667 unus,ormas
815 5605 1007 5658 dicunt.

253 5666 270 5705 ι
306 5670 400 5741 Ms.
430 5685 590 5738 unus,
619 5675 990 5741 congredimur.

250 5747 289 5773 ³³
315 5738 410 5795 Ms.
443 5754 599 5809 unus,
632 5740 698 5793 ad
716 5738 907 5797 'eorunt
949 5746 1165 5800 salutem
1203 5757 1376 5805 nostra
1410 5750 1746 5821 plenitudine.

1875 3275 2093 3341 iuerint,
2121 3277 2263 3344 juste
2308 3278 2514 3346 seipsos
2548 3280 2907 3349 percipienda:
2944 3283 3220 3352 sapientiae
3266 3286 3457 3339 studiis

1875 3370 2110 3424 tradunt.
2141 3371 2516 3426 Verumtamen
2544 3372 2589 3425 si
2616 3382 2671 3426 et
2706 3374 2779 3428 illi
2805 3374 2895 3443 qui
2924 3375 3086 3429 lucris
3118 3391 3211 3443 per
3239 3391 3299 3431 sc
3329 3392 3455 3446 pro-

1874 3460 2161 3516 ﬁcientium
2186 3470 2466 3526 crescunt,
2501 3472 2554 3517 et
2599 3464 2685 3518 isti
2731 3466 2817 3534 qui
2863 3465 2915 3518 in
2943 3481 3000 3519 se
3032 3467 3160 3534 ipsis
3202 3468 3299 3521 sub
3344 3469 3454 3523 Deo

1872 3564 1971 3606 suo
2020 3550 2296 3619 sapientiae
2345 3551 2601 3617 Sg-iritalis
2649 3555 2993 3623 perceptione
3041 3558 3352 3627 proﬁciunt,
3404 3558 3455 3618 in

1874 3642 2150 3711 proposito
2174 3656 2272 3695 suo
2304 3653 2678 3709 permaneant;
2713 3645 2992 3700 itineribus
3034 3650 3246 3717 quidem
3278 3650 3451 3705 diver-

1872 3734 1946 3787 sis
1972 3732 2243 3799 incedunt,
2272 3733 2364 3786 sed
2414 3734 2478 3786 ad
2515 3749 2670 3787 unam
2721 3739 2946 3804 patriam
3000 3740 3243 3803 tendunt,
3287 3750 3340 3795 et
3387 3741 3454 3795 ad

1874 3839 2037 3877 unum
2066 3838 2285 3891 regnum
2312 3822 2613 3889 disparibus
2640 3834 2669 3872 γ
2698 3827 2986 3881 militantes
3012 3829 3220 3897 ofﬁciis,
3244 3830 3456 3885 Christo

1872 3913 2016 3980 Rege
2045 3914 2281 3966 omnium
2309 3923 2553 3981 vocante,
2584 3916 2920 3981 perveniunt.
2952 3916 3079 3983 Quis
3106 3921 3248 3973 enim
3281 3922 3455 3974 nescit

1872 4004 2009 4073 quod
2040 4004 2177 4056 sicut
2207 4012 2229 4038 ³
2256 4002 2424 4056 otium
2456 4003 2752 4057 studiosum
2783 4006 3105 4060 ineffabilem
3138 4010 3452 4063 suavitatem

1871 4097 2147 4167 sapientia:
2176 4095 2414 4150 caelestis
2469 4095 2697 4149 infundit
2735 4112 2763 4151 a
2795 4098 3096 4152 carnalibus
3139 4101 3346 4165 Otioso;
3377 4103 3449 4156 ita

1869 4190 2125 4261 spiritalis
2165 4188 2443 4257 occupatio
2480 4184 2730 4241 laborum
2782 4200 3086 4244 sanctorum
3132 4192 3450 4261 multiplices

1871 4295 1927 4323 ιε
1950 4283 2138 4338 alierat
2161 4283 2360 4336 fructus
2386 4280 2633 4334 humanae
2655 4282 2925 4336 societatis
2952 4283 3269 4337 utilitatibus
3295 4298 3449 4339 occu-

1868 4374 2029 4445 pato?
2061 4372 2116 4426 In
2157 4371 2287 4440 ipsis
2330 4386 2540 4439 quoque
2596 4372 2785 4425 studiis
2830 4372 3156 4441 spiritalibus
3190 4386 3445 4443 quantum

1870 4467 2078 4536 possint
2122 4462 2470 4518 ecclesiastici
2501 4460 2599 4516 viri
2646 4463 2927 4532 proﬁcere,
2975 4465 3092 4534 quis
3126 4466 3449 4522 sufﬁcienter

1787 4640 1836 4698 D
1863 4637 2032 4697 Alius.
2059 4632 2129 4688 ad
2151 4650 2321 4688 eorum
2344 4634 2553 4697 salutes,
2577 4641 2625 4686 et
2655 4645 2883 4688 nostram
2914 4634 3299 4699 plenitudinem.

1935 4716 1963 4743 ιι
1998 4706 2095 4760 Ms.
2127 4704 2280 4759 Collt.
2311 4718 2467 4765 unus,
2495 4720 2620 4771 quas
2651 4705 2890 4757 nonnulli
2919 4706 3202 4770 passiones,
3246 4705 3442 4761 Omissa

1864 4791 1997 4833 voce
2029 4778 2146 4839 hac,
2177 4777 2598 4843 perturbationes,
2626 4790 2745 4842 qua:
2773 4774 2965 4843 legitur
2990 4774 3041 4828 in
3066 4775 3206 4829 aliis.

1935 4857 1959 4883 ο
2004 4848 2101 4900 Ms.
2139 4852 2598 4916 unus,_augeatur.
2647 4845 2773 4898 Mss.
2813 4847 2942 4913 duo,
2985 4861 3098 4916 qua:
3143 4847 3293 4901 modo
3329 4846 3446 4901 aliis

1869 4924 2077 4982 prwstat
2101 4914 2428 4986 adjungitur.

1935 4996 1962 5035 ρ
2002 4986 2101 5038 Ms.
2131 4985 2288 5047 unus,
2310 4999 2424 5050 qua:
2449 5000 2550 5037 non
2576 4985 2764 5041 solum.

1936 5069 1963 5107 (ι
2003 5055 2128 5109 Mss.
2159 5057 2284 5121 duo,
2316 5055 2478 5124 aliqui
2505 5072 2560 5108 se
2586 5065 2915 5113 removentes.

1938 5136 1961 5164 ι’
1993 5125 2090 5180 Ms.
2124 5140 2283 5189 unus,
2316 5126 2591 5178 commodis
2620 5128 2870 5179 omnibus.

1934 5203 1956 5230 ⁸
1986 5194 2081 5248 Ms.
2109 5210 2266 5258 unus,
2299 5196 2475 5260 possit.
2508 5197 2670 5259 Alias,
2705 5198 2917 5264 possint.

1935 5266 1953 5301 ί
1985 5264 2145 5319 Deest
2166 5280 2261 5318 vox
2290 5265 2459 5317 vellea
2493 5264 2660 5329 Lugd.
2810 5282 2815 5289 ‘

1934 5344 1961 5371 α
1993 5335 2097 5390 Ms.
2124 5349 2277 5398 unus,
2311 5336 2363 5385 in
2392 5336 2487 5386 hac
2517 5335 2666 5387 velut.

1931 5416 1960 5443 ν
1990 5405 2087 5459 Ms.
2120 5419 2273 5460 unus.
2304 5419 2416 5454 cum
2438 5414 2658 5473 possent.

1935 5484 1961 5511 ι
1994 5475 2087 5526 Ms.
2123 5486 2278 5533 unus,
2308 5473 2397 5525 sed
2421 5474 2485 5523 nd
2508 5473 2743 5525 honores.

1930 5554 1959 5591 γ
1990 5544 2089 5596 Ms.
2120 5556 2275 5601 unus,
2309 5541 2654 5593 militantium.

1933 5622 1955 5649 ι
1998 5612 2071 5664 Ita
2092 5625 2220 5663 mss.
2245 5625 2462 5671 omnes;
2493 5619 2548 5663 at
2577 5610 2726 5673 editi,
2759 5612 2975 5664 otiosum
3001 5614 3245 5667 studium.

1931 5690 1989 5721 ⁸⁸
2019 5682 2142 5736 Mss.
2172 5679 2296 5746 duo,
2328 5678 2511 5746 affert;
2540 5688 2783 5751 quatuor,
2811 5682 3006 5749 afferet.
