4016 6168
499 328 595 386 5H

1841 305 2107 368 JULIANI
2145 303 2427 361 POMERII
2480 328 2487 335 ·

3689 305 3795 363 51⁸3

500 446 777 498 enumeret
808 455 821 491 :
850 451 977 493 cum
1005 442 1061 491 et
1090 431 1371 489 inferiores
1408 426 1673 493 docendo,
1698 424 1907 494 seipsos
1932 437 2086 479 exer-
2116 420 2170 478 Δ
2196 420 2393 489 ignaris
2418 434 2629 483 earum,
2676 417 2955 475 modestiae
2984 418 3211 490 aliquid,
3251 432 3344 474 aut
3387 421 3795 491 tranquillitatis

502 541 681 597 ceam,
728 538 783 586 et
820 525 1150 583 conferendo
1194 537 1317 579 cum
1357 521 1636 591 aequaliter
1673 504 1922 580 eruditis,
1962 529 2091 570 cau-

505 627 670 680 tiores
700 625 750 676 in
776 622 1016 691 pluribus
1043 619 1203 682 fiant;
1226 624 1282 671 et
1302 615 1371 670 ab
1386 614 1773 669 eruditioribus
1792 609 2085 673 audiendo,

507 715 649 770 male
679 714 780 768 sibi
811 725 1064 781 persuasa
1096 709 1389 776 deponant,
1420 712 1566 760 recta
1613 704 1820 758 firmius
1851 711 2088 765 teneam,

506 807 715 862 occulta
762 811 1107 873 cognoscant,
1161 811 1216 857 et
1248 798 1639 855 confirmentur
1669 796 1722 849 in
1755 795 1834 849 eis
1863 809 2091 862 quorum

506 907 533 935 α
559 896 738 951 dubiis
761 893 1119 949 ﬂuctuabant?
1142 892 1247 948 Sed
1279 890 1532 960 quoniam
1557 886 1937 955 disputationis
1960 884 2095 941 ordo

508 988 750 1058 deposcit
777 996 835 1041 ut
863 988 1021 1042 etiam
1045 985 1113 1040 de
1135 982 1439 1053 prudentia,
1458 995 1577 1050 quae
1597 978 1907 1048 principalis
1929 977 2096 1031 virtus

510 1092 695 1149 quarta
727 1081 968 1148 ponitur,
1005 1091 1169 1146 pauca
1196 1076 1459 1139 dicamus,
1501 1072 1570 1127 de
1597 1071 1802 1142 justitia
1832 1069 2098 1125 sufficiant

513 1172 613 1226 ista
643 1185 763 1239 qua:
793 1169 1041 1224 diximus.

1078 1254 1308 1311 CAPUT
1346 1252 1536 1308 XXIX.

516 1372 667 1438 Quod
718 1372 781 1423 de
829 1369 1113 1435 prudentia:
1159 1384 1221 1419 ac
1267 1367 1720 1438 sapientiwjonte
1761 1365 2099 1438 cognitionem

587 1443 811 1496 omnium
842 1455 1011 1492 rerum
1034 1437 1224 1503 bibant,
1255 1441 1341 1507 qui
1370 1435 1710 1506 percipienda:
1736 1435 1962 1489 scientia:
1995 1437 2103 1502 fer-

588 1520 762 1566 venter
788 1508 1079 1580 invigilant.

589 1623 643 1686 1.
685 1620 1029 1675 Prudentiam
1076 1628 1130 1673 et
1176 1617 1492 1687 sapientiam
1522 1617 1763 1687 plerique
1788 1616 1843 1670 in
1882 1614 2101 1685 indaga-

527 1716 669 1768 tione
699 1712 833 1776 veri,
856 1721 914 1766 et
938 1710 1243 1765 inventione
1267 1707 1617 1763 constituunt.
1650 1704 1826 1760 Credo
1848 1713 2101 1774 propter-

521 1819 583 1859 ea
634 1802 776 1872 quod
812 1816 914 1857 nec
939 1800 1152 1870 sapiens
1177 1798 1205 1837 ι’
1237 1799 1339 1853 rite
1366 1798 1469 1852 dici
1499 1798 1686 1867 possit,
1718 1796 1803 1851 cui
1832 1806 1855 1833 ο
1880 1796 2110 1865 pruden-
2138 1776 2189 1838 Β

522 1897 625 1959 tia;
659 1901 756 1949 nec
783 1892 1035 1963 prudens,
1069 1891 1152 1946 cui
1192 1889 1458 1959 sapientia
1499 1889 1657 1943 desit.
1690 1888 2032 1956 Quapropter
2061 1887 2108 1942 si

524 1984 655 2039 nihil
683 1981 822 2037 aliud
856 1981 1150 2051 prudentia:
1178 1994 1239 2034 ac
1285 1977 1563 2047 sapientis:
1595 1992 1786 2032 munus
1828 1978 2106 2047 accipitur,

525 2074 628 2129 nisi
658 2073 927 2143 inquisitio
969 2079 1026 2128 et
1050 2069 1462 2139 comprehensio
1488 2067 1757 2134 veritatis;
1803 2069 1893 2137 qui
1919 2069 2113 2123 verita-

525 2172 631 2218 tem
664 2163 954 2231 prudenter
979 2176 1244 2230 quaerere,
1275 2168 1330 2213 et
1379 2159 1652 2228 sapienter
1697 2158 1935 2213 invenire
1964 2156 1992 2196 ά
2019 2176 2113 2229 pu-

528 2256 707 2318 tuerit,
756 2255 801 2309 is
840 2254 1095 2323 prudens,
1148 2253 1192 2305 is
1233 2251 1451 2319 sapiens
1491 2249 1613 2317 jure
1656 2250 1953 2305 vocabitur.
2001 2251 2114 2307 lIoc

529 2345 728 2399 idcirco
754 2343 1125 2413 praemiserim,
1159 2350 1217 2395 ut
1247 2339 1503 2410 quidquid
1544 2339 1611 2393 de
1641 2340 1921 2406 prudentia
1957 2339 2116 2396 fuerit

530 2437 874 2506 disputatum,
898 2435 951 2489 id
975 2443 1141 2489 totum
1172 2432 1332 2486 etiam
1354 2431 1422 2485 de
1445 2430 1704 2499 sapientia
1725 2430 1924 2484 dictum
1948 2431 2117 2500 possit

533 2530 775 2598 intelligi.
806 2530 940 2597 Quia
962 2528 1031 2581 ita
1058 2527 1159 2581 sibi
1188 2527 1269 2580 hae
1291 2525 1410 2579 dua:
1438 2525 1666 2579 virtutes
1688 2524 1970 2594 implicatas
1991 2533 2117 2580 sunt

533 2630 585 2673 ct
611 2620 789 2684 unite,
818 2628 840 2655 θ
869 2628 924 2671 et
951 2620 1018 2671 ita
1045 2616 1297 2687 quaelibet
1327 2631 1510 2669 earum
1539 2616 1659 2670 sine
1689 2616 1859 2671 altera
1894 2631 2003 2670 non
2024 2631 2117 2686 po-

534 2720 639 2766 test
667 2726 814 2775 esse;
838 2719 1015 2765 utnec
1037 2709 1347 2777 imprudens
1373 2706 1391 2745 τ
1419 2708 1702 2776 sapientia,
1732 2724 1832 2763 nec
1858 2710 2117 2778 insipiens

538 2802 704 2869 possit
731 2802 836 2855 dici
865 2801 1166 2871 prudentia.
1189 2799 1244 2855 Si
1272 2814 1401 2868 ergo
1432 2808 1538 2852 tota
1572 2798 1816 2853 humana:
1846 2801 1971 2853 vita:
1998 2814 2119 2868 per-

536 2895 694 2949 fectio
725 2893 777 2948 in
806 2893 1017 2947 actione
1046 2900 1100 2945 et
1143 2890 1445 2961 cognitione
1471 2890 1719 2944 consistit
1751 2907 1765 2943 :
1796 2890 1933 2944 sicut
1957 2900 1981 2937 ις
2012 2891 2118 2944 im-

537 2986 668 3054 pleri
697 2985 959 3039 actionem
1007 2984 1394 3051 temperantia},
1421 2996 1484 3035 ac
1514 2979 1861 3047 fortitudinis,
1898 2982 2122 3051 justitim

538 3076 992 3133 consummatione
1022 3075 1394 3145 probavimus;
1427 3074 1499 3127 ita
1546 3075 1903 3143 cognitionem
1939 3090 2113 3129 rerum

538 3175 817 3243 provenire
844 3173 1227 3227 consecutionc
1259 3170 1551 3240 prudentiae
1573 3172 2007 3239 comprobemus.

608 3264 664 3318 2.
703 3264 950 3334 Cognitio
980 3278 1160 3317 rerum
1190 3277 1308 3331 qua:
1339 3261 1407 3316 de
1436 3262 1736 3331 prudentiae
1759 3258 1787 3297 ιι
1816 3277 1880 3316 ac
1905 3264 2120 3330 sapien-

540 3354 627 3407 tiae
659 3354 896 3423 procedit
940 3352 1106 3421 fonte,
1147 3349 1161 3387 ί
1194 3349 1465 3420 spiritales
1506 3365 1696 3406 omnes
1728 3367 1768 3403 .a
1814 3352 2121 3407 carnalibus

542 3443 683 3496 vitiis
708 3442 978 3496 tlefecatos
1008 3441 1267 3505 illustrat;
1299 3448 1354 3494 et
1378 3440 1446 3493 ab
1472 3441 1618 3494 omni
1643 3441 2002 3498 delectatione
2023 3460 2122 3500 no-

543 3533 644 3587 xia:
694 3532 1019 3586 curiositatis
1063 3544 1320 3596 aversos,
1377 3529 1642 3584 desiderio
1695 3535 2123 3603 contemp'andte

546 3625 561 3674 i
600 3623 809 3677 virtutis
833 3622 1170 3676 inﬂammat:
1204 3628 1261 3674 ut.
1306 3621 1653 3675 humanarum
1703 3638 1880 3679 rerum
1921 3626 2126 3682 divina-

546 3728 772 3782 rumque
794 3713 1069 3767 scientiam
1099 3711 1399 3776 conset-uti,
1438 3711 1727 3777 prudentes
1766 3729 1830 3770 ac
1856 3717 2126 3785 sapientes

548 3802 807 3859 veraciter
838 3803 986 3869 flant,
1017 3803 1338 3873 prospicient
1359 3801 1690 3858 imminentia
1717 3805 1854 3859 mala
1886 3808 2041 3862 simul
2072 3817 2127 3865 et

549 3904 791 3962 caveant,
825 3908 923 3948 nec
953 3902 1139 3961 putent
1173 3892 1281 3947 ulla
1307 3907 1428 3948 esse
1457 3894 1613 3958 mala,
1648 3894 1753 3950 nisi
1780 3910 1842 3950 ea
1868 3914 1985 3966 quae
2016 3914 2128 3953 ma-

548 3984 679 4041 los"
711 3984 974 4050 efﬁciant;
1020 3996 1118 4039 nec
1165 3985 1243 4039 eis
1311 3983 1434 4038 ulla:
1483 3985 1936 4054 perturbationes,
1984 3989 2132 4050 velut

622 4275 649 4303 ι
676 4267 805 4321 Mss.
834 4275 1084 4336 quatuor,
1120 4267 1280 4322 dubii.

623 4335 649 4374 ι’
679 4338 803 4391 Mss.
838 4335 962 4402 tres,
993 4347 1149 4393 recte.

554 4480 588 4533 ά
629 4418 651 4443 ε
678 4407 813 4510 Ι11188.
854 4416 1101 4478 quatuor,
1152 4408 1321 4475 deest,
1373 4423 1465 4461 nec
1508 4406 1729 4479 prudens
1774 4407 1855 4460 cui
1882 4408 2132 4479 sapientia

591 4493 713 4532 ees..

591 4493 713 4532 εεεε.

624 4545 809 4630 sts.
837 4558 1083 4617 quatuor,
1112 4547 1356 4617 potuerit.
1390 4545 1533 4602 Editi
1571 4560 1692 4602 cum
1730 4546 1849 4600 aliis
1881 4562 2011 4602 mss.
2042 4563 2132 4617 po-

556 4628 692 4673 terit.

630 4698 654 4724 ε
685 4689 809 4742 Mss.
840 4676 980 4750 tres',
1008 4695 1064 4740 ut
1091 4687 1163 4739 ita
1189 4685 1491 4755 quaelibet...
1522 4702 1625 4739 non
1667 4687 1843 4752 possit.
1882 4686 2046 4755 Editi,
2079 4696 2131 4739 ut
2164 4671 2214 4732 D

559 4773 661 4809 una
690 4757 921 4817 qutelibet
941 4771 1117 4809 earum
1144 4757 1253 4809 sine
1273 4756 1437 4809 altera
1468 4772 1566 4808 non
1592 4759 1746 4819 possit
1771 4772 1897 4810 esse.

564 4896 599 4946 ﬂ
635 4824 655 4863 ί
692 4827 821 4881 Mss.
851 4835 979 4890 tres,
1018 4826 1240 4894 sapiens,
1280 4842 1371 4879 nec
1402 4826 1647 4893 insipiens
1681 4826 1836 4893 possit
1874 4826 1975 4879 dici
2014 4842 2137 4895 pru-

604 4912 709 4946 ens.

604 4912 709 4948 8118.

635 4974 659 5010 6
704 4965 775 5017 Ita
803 4979 933 5019 mss.
957 4962 1143 5017 Camb.
1181 4965 1311 5032 Reg.
1335 4964 1461 5027 duo,
1493 4972 1547 5017 et
1582 4963 1736 5017 Colb.
1784 4979 1939 5019 unus.
1979 4962 2135 5018 Colb.

563 5035 714 5097 alter,
748 5035 878 5088 sicut
915 5035 1115 5100 impleri
1143 5036 1389 5087 actionem
1420 5034 1785 5103 temperantiae,
1822 5036 2138 5103 [ortitudinis

564 5114 712 5176 atque
724 5105 941 5176 justitia:
966 5104 1412 5176 consummatione.
1437 5102 1534 5156 Ms.
1562 5103 1695 5158 alter
1721 5119 1785 5176 ex
1811 5102 1986 5171 Colb.,
2009 5106 2137 5159 sicut

562 5174 617 5225 in
641 5174 891 5244 plerisque
909 5174 1155 5231 actionem
1184 5176 1526 5243 temperantiw
1552 5189 1613 5226 ac
1638 5175 2136 5244 fortitudinis,atque

560 5245 776 5313 justitia:
801 5246 1281 5298 consummationem
1314 5244 1656 5313 probavimus.
1702 5244 1871 5311 Editi,
1912 5249 2040 5299 sicut
2086 5247 2139 5298 in

562 5312 816 5386 plerisque
842 5315 1090 5368 actionem
1138 5312 1486 5386 temperantia:
1514 5330 1573 5366 ac
1604 5315 1944 5386 fortitudinis,
1990 5326 2141 5384 atque

563 5384 774 5457 iustitiae
799 5386 1228 5437 consummatione
1252 5385 1590 5457 probavimus.

634 5450 660 5490 ¹³
689 5453 778 5510 Sic
826 5468 955 5509 mss.
1006 5464 1235 5525 septem,
1280 5454 1332 5507 in
1368 5470 1591 5523 quorum
1619 5456 1775 5510 unici
1806 5455 1996 5525 legitur
2020 5454 2135 5510 haec

565 5538 692 5659 voxf,
725 5526 982 5647 procedit;
1013 5524 1065 5577 in
1092 5526 1209 5579 aliis
1234 5536 1433 5587 autem,
1464 5542 1579 5594 qua:
1605 5528 1666 5579 de
1689 5524 1974 5596 prudentia:
2000 5526 2135 5596 fonte

566 5609 660 5647 C0”
689 5611 741 5645 ετ
766 5611 845 5647 ur.

566 5609 845 5647 contertur.

642 5672 658 5699 ι
690 5663 786 5717 Ms.
818 5664 968 5718 Colb.
1005 5678 1163 5727 unus,
1203 5663 1494 5729 spirituales
1525 5680 1557 5714 a
1603 5665 1909 5719 carnalibus.
1964 5664 2138 5727 Alius,

559 5731 819 5801 spiritales
844 5736 1074 5789 omnibus
1101 5735 1391 5789 carnalibus
1420 5734 1575 5798 vitiis,
1602 5742 1707 5789 etc.
1737 5734 1891 5790 Colb.
1923 5734 2054 5789 alter
2088 5743 2143 5789 et

2193 516 2498 579 excutiant;
2530 514 2668 568 inter
2700 513 2935 569 fallentia
2976 521 3029 569 et
3058 513 3227 569 solida
3274 514 3410 569 bona
3442 515 3795 583 discernant;

2195 606 2327 661 nihil
2372 608 2424 659 in
2450 606 2552 662 hoc
2580 606 2782 660 mundo
2810 620 2940 661 casu
2970 612 3061 660 aut
3080 606 3296 675 injuste,
3319 607 3414 661 sed
3444 609 3648 677 omnia,
3686 607 3799 663 Deo

2194 700 2406 753 volente
2432 698 2451 736 ι
2482 714 2545 754 ac
2570 701 2935 769 permittente,
2988 699 3102 754 fieri
3151 699 3445 769 prudenter
3486 700 3794 771 accipiant;

2195 791 2350 845 aliter
2372 791 2730 861 intelligentes
2751 800 2843 845 aut
2863 791 3084 846 doceant
3110 791 3401 861 sapienter,
3416 802 3506 845 aut
3527 802 3796 861 arguant;

2197 880 2410 936 dolores
2433 882 2612 938 varios
2636 897 2696 936 ac
2718 882 2961 937 diversas
2984 881 3325 936 infirmitates
3345 896 3463 949 qua:
3486 882 3800 936 mortaliter

2197 971 2438 1027 viventes
2484 971 2747 1041 afﬂigunt,
2781 988 2886 1027 non
2925 985 3141 1040 semper
3174 970 3404 1040 peccatis
3435 971 3802 1039 praecedenti-

2199 1064 2297 1119 bus
2327 1065 2513 1133 sequi;
2545 1065 2639 1120 sed
2673 1066 2985 1135 plerumque
3014 1080 3081 1119 ex
3114 1064 3227 1133 ipsa
3255 1063 3566 1119 conditione
3593 1073 3801 1118 morta-

2201 1157 2367 1213 litatis
2408 1167 2448 1194 πι
2499 1158 2743 1213 accidere
2785 1157 3209 1227 corruptibiliter
3254 1157 3397 1211 natis
3450 1156 3799 1225 intelligant;

2199 1259 2255 1306 et
2281 1258 2310 1287 ³
2339 1252 2570 1306 scientes
2595 1266 2655 1306 se
2684 1267 2787 1306 non
2820 1250 3061 1305 damnari
3090 1250 3332 1306 adversis
3353 1258 3379 1285 ο
3413 1249 3802 1319 pra-sentibus,

2200 1343 2294 1396 sed
2327 1343 2563 1412 probari,
2586 1357 2653 1397 ex
2684 1343 2797 1410 ipsa
2820 1343 3100 1397 tolerantia
3123 1341 3429 1410 passionum
3454 1341 3802 1396 occasionem

2200 1433 2575 1501 comparandae
2596 1433 2695 1488 sibi
2727 1433 2996 1503 patientia:
3016 1432 3239 1486 viriliter
3263 1440 3483 1501 agentes
3505 1430 3803 1499 arripiant;

2202 1538 2302 1579 nec
2330 1527 2428 1592 ipsi
2458 1524 2578 1580 aliis
2625 1531 2872 1589 noceant,
2907 1538 3005 1579 nec
3031 1524 3131 1579 sibi
3167 1534 3194 1573 ιι
3223 1538 3421 1578 nocere
3462 1523 3803 1592 permittant.

2276 1616 2331 1670 ὃ.
2372 1615 2532 1669 Tales
2578 1616 2831 1670 Dominus
2878 1614 2934 1669 in
2984 1613 3277 1683 Evangelio
3319 1613 3434 1668 lieri
3461 1624 3488 1663 (ι
3522 1616 3803 1683 praecepit,

2208 1705 2396 1761 dicens
2427 1724 2440 1757 :
2479 1706 2656 1760 Estote
2687 1706 2958 1772 prudentes
2998 1706 3131 1759 sicut
3157 1713 3438 1774 serpentes,
3468 1711 3517 1757 et
3545 1705 3805 1773 simplices

2214 1797 2345 1850 sicut
2371 1797 2619 1851 columine
2648 1796 2863 1867 (Matth.
2890 1812 2947 1861 ι,
2978 1796 3103 1865 16);
3132 1797 3255 1865 quia
3286 1810 3384 1849 nec
3402 1794 3678 1863 simplices
3700 1795 3805 1850 cir-

2210 1888 2520 1942 cumvenire
2550 1887 2756 1955 aliquos
2781 1896 3023 1956 possunt,
3051 1901 3151 1941 nec
3177 1885 3468 1956 prudentes
3490 1899 3551 1939 se
3571 1886 3806 1939 circum-

2213 1979 2387 2033 veniri
2418 1980 2755 2048 permittunt.
2784 1978 3048 2034 Caeterum
3081 1980 3125 2032 si
3155 1976 3209 2030 in
3235 1986 3513 2031 contractu
3539 1977 3805 2045 quolibet,

2212 2078 2326 2134 sive
2354 2075 2410 2131 in
2438 2071 2735 2141 colloquio,
2780 2069 2867 2125 vel
2916 2070 2970 2124 in
3000 2069 3103 2123 alia
3148 2081 3360 2138 quaque
3407 2082 3485 2132 re,
3518 2082 3582 2122 se
3627 2066 3808 2134 decipi

2213 2169 2438 2241 quisque
2467 2180 2575 2221 non
2604 2163 2764 2228 sinat,
2792 2170 2847 2215 et
2870 2160 3030 2215 alium
3065 2170 3242 2214 tamen
3269 2159 3384 2229 ipse
3410 2157 3676 2227 decipiat;
3707 2158 3810 2211 ista

2216 2276 2320 2315 non
2352 2259 2515 2313 liabet
2547 2251 2907 2325 prudentiam,
2938 2264 3056 2319 quae
3082 2249 3271 2304 salutis
3300 2248 3470 2317 magis
3496 2262 3656 2317 quam
3683 2262 3810 2314 per-

2214 2349 2433 2407 ditionis
2476 2355 2558 2400 cst
2600 2358 2781 2408 causa,
2841 2340 2936 2398 sed
2986 2339 3224 2395 simulat.
3272 2338 3532 2404 Quoniam
3585 2334 3810 2406 quidem

2221 2452 2242 2481 τ
2266 2443 2369 2496 hoc
2397 2441 2568 2493 virtus
2596 2452 2625 2490 a
2648 2435 2776 2489 vitio
2797 2432 2981 2495 distat,
3002 2430 3143 2500 quod
3175 2428 3304 2483 illud
3330 2428 3627 2498 corrumpit
3648 2442 3808 2492 sana,

2218 2533 2335 2588 11000
2362 2537 2516 2585 sanat
2546 2525 2659 2587 vitii
2689 2524 3002 2579 accessione
3030 2531 3279 2590 corrupta
3311 2536 3325 2573 :
3356 2532 3420 2573 ac
3447 2520 3544 2582 sic,
3567 2528 3661 2572 aut
3692 2533 3813 2572 om-

2220 2627 2376 2682 nibus
2400 2634 2421 2661 ⁸
2450 2623 2644 2692 quibus
2663 2626 2862 2689 potest,
2885 2616 3140 2687 prodesse
3164 2614 3379 2670 festinat
3398 2615 3661 2669 veraciter
3683 2629 3811 2681 pru-

2219 2722 2372 2783 dens,
2397 2726 2454 2770 nt
2478 2714 2595 2783 ejus
2616 2712 2822 2767 meritis
2848 2710 3083 2763 omnium
3108 2707 3198 2777 qui
3225 2721 3320 2776 per
3345 2720 3466 2761 eum
3490 2704 3599 2758 Deo
3622 2705 3813 2773 acqui-

2221 2820 2429 2869 runtur,
2456 2808 2658 2860 fructus
2678 2811 2983 2866 accrescat;
3011 2811 3099 2856 aut
3123 2800 3167 2854 si
3194 2799 3393 2868 cogitat
3414 2796 3483 2853 de
3509 2796 3813 2866 perditione

2222 2902 2543 2972 cujuspiam,
2578 2897 2661 2951 vel
2691 2895 2759 2951 de
2803 2909 2931 2950 casu
2979 2893 3252 2963 pereuntis
3280 2891 3534 2955 exsultat,
3582 2903 3812 2945 necesse

2222 3002 2306 3049 est
2352 3000 2410 3045 ut
2455 2991 2601 3058 prius
2632 2996 2816 3057 pereat
2862 2986 2978 3055 ipse
3023 2997 3181 3053 quam
3212 2982 3377 3036 alium
3420 2980 3630 3051 perdat,
3660 2979 3813 3035 etab

2225 3085 2342 3154 ipso
2369 3096 2430 3136 ca
2455 3078 2705 3149 perditio,
2736 3091 2837 3145 qua
2872 3074 3046 3143 perire
3074 3073 3235 3127 alium
3262 3073 3432 3141 cupit,
3462 3071 3702 3140 incipiat.

2806 3206 3029 3263 CAPUT
3068 3205 3240 3261 XXX.

2229 3304 2379 3373 Quod
2411 3302 2684 3372 prudentes
2715 3316 2805 3373 nec
2823 3299 2959 3373 aliis
2976 3306 3209 3373 noceant,
3242 3310 3334 3373 nec
3363 3296 3457 3373 sibi
3497 3297 3669 3373 noceri
3694 3314 3809 3373 pg.

2298 3366 2534 3439 mittant;
2561 3380 2608 3427 et
2632 3370 2765 3440 quod
2790 3371 2860 3423 eis
2888 3368 2959 3421 ibi
2987 3369 3051 3420 sit
3099 3369 3209 3421 sine
3234 3366 3553 3440 admia'tione
3590 3366 3811 3440 alicujus

2297 3446 2485 3498 erroris
2516 3436 2869 3496 consummata
2889 3439 3181 3510 prudentia,
3204 3437 3289 3490 ubi
3314 3436 3410 3489 erit
3430 3437 3540 3491 sine
3562 3438 3671 3490 ullo
3697 3452 3811 3504 pec-

2302 3526 2415 3570 cato
2436 3514 2539 3568 vita
2568 3516 2810 3582 perfecta.

2298 3627 2349 3680 1.
2393 3626 2454 3681 111
2488 3626 2506 3661 ι
2541 3637 2669 3693 ergo
2712 3620 2802 3690 qui
2848 3618 3192 3690 prudentiae“
3234 3617 3649 3687 participatione
3691 3631 3811 3685 pru-

2228 3718 2418 3774 dentes
2448 3716 2648 3779 eii'ecti,
2681 3714 2789 3769 Deo
2818 3725 2916 3765 suo
2946 3725 3052 3766 non
3080 3708 3325 3779 pedibus,
3354 3708 3450 3765 sed
3475 3709 3680 3765 sanctis
3702 3723 3812 3764 mo-

2231 3810 2380 3865 ribus
2407 3807 2863 3877 apprOpinquant,
2895 3817 2957 3857 ex
2986 3816 3049 3857 ea
3081 3810 3233 3872 parte
3259 3815 3362 3871 qua
3394 3811 3524 3856 sunt
3550 3802 3646 3857 Dei
3676 3802 3812 3856 dono

2235 3900 2542 3971 prudentes,
2571 3906 2598 3934 τ
2629 3910 2727 3950 000
2757 3908 2855 3948 suo
2878 3891 3054 3962 perire
3083 3901 3325 3962 possunt,
3358 3907 3456 3947 nec
3485 3892 3668 3946 alieno
3698 3905 3813 3960 pec-

2232 3999 2387 4055 cato;
2417 4003 2485 4045 es
2522 4001 2589 4044 eo
2615 3994 2794 4042 autem
2824 3983 2966 4054 quod
2998 3972 3225 4038 necdum
3248 3982 3318 4036 ita
3345 3990 3430 4037 est
3456 3997 3646 4038 eorum
3692 3997 3809 4052 per-

2235 4265 2447 4331 Camb.,
2493 4265 2737 4320 Carnutes
2774 4279 2947 4317 omnes
2979 4279 3011 4316 a
3057 4260 3348 4315 carnalibus
3393 4260 3529 4331 vitiis
3564 4261 3810 4331 defeeturos

2237 4329 2482 4401 illustrat,
2509 4346 2556 4390 et
2581 4334 2842 4402 spiritales
2883 4349 3058 4387 omnes
3081 4332 3144 4385 ab
3173 4332 3311 4385 omni
3354 4329 3641 4402 dilectione
3659 4329 3811 4402 norit:

2237 4399 2567 4460 curiositatis.
2588 4399 2735 4459 Unus
2760 4419 2824 4459 es
2848 4402 3107 4466 Colbert.,
3129 4418 3272 4456 vanae
3291 4401 3629 4457 curiositates.
3652 4399 3810 4463 Alius,

2238 4475 2530 4541 dilectione,
2554 4482 2615 4528 ut
2644 4489 2767 4528 mox
2797 4474 2964 4527 citati.

2312 4547 2327 4595 l
2370 4546 2496 4601 Mss.
2531 4554 2659 4608 tres,
2686 4544 2933 4597 veritatis.

2314 4613 2337 4682 Β
2368 4615 2507 4669 Edtti
2538 4615 2701 4668 Duae.
2730 4622 2783 4667 et
2811 4612 3022 4680 Cnlon.,
3048 4612 3289 4682 eﬁiciunt.

2315 4681 2334 4722 ι
2369 4686 2496 4740 Mss.
2520 4685 2648 4748 duo,
2673 4684 2748 4738 vel
2780 4681 3113 4752 permittente.

2310 4764 2349 4792 ιε
2384 4755 2512 4810 Mss.
2546 4755 2675 4819 duo,
2703 4754 2958 4807 accedere.

2310 4832 2339 4860 ι’
2370 4825 2467 4878 Μ8.
2498 4824 2708 4888 Camb.,
2738 4825 2923 4878 sciant.

2316 4902 2341 4929 ο
2364 4894 2527 4949 Deest
2552 4910 2650 4949 vox
2682 4894 3014 4962 prasentibus
3039 4894 3093 4949 in
3114 4907 3219 4948 ms.
3251 4906 3360 4947 uno
3386 4890 3540 4948 Colb.

2313 4973 2342 5013 Ρ
2372 4965 2505 5022 Mss.
2535 4964 2663 5027 duo,
2688 4965 2878 5019 noceri.

2315 5044 2343 5083 ιι
2384 5034 2479 5087 Ms.
2510 5049 2666 5103 unus,
2691 5035 2942 5102 pracipit.

2317 5113 2339 5141 ι’
2372 5104 2472 5158 Ms.
2496 5103 2630 5171 Reg.
2662 5118 2823 5168 unus,
2856 5105 2963 5157 Inec
2983 5104 3164 5157 virtus.

2317 5178 2340 5206 '
2371 5175 2472 5227 Ms.
2502 5173 2656 5228 Colb.
2692 5189 2849 5239 unus,
2876 5174 3059 5242 quibus
3088 5181 3249 5243 potest
3274 5174 3533 5239 prodesse,
3565 5172 3740 5243 festiue
3764 5185 3816 5225 at:

2244 5244 2487 5314 veraciter
2508 5245 2731 5314 prodest,
2758 5253 2813 5296 ut
2835 5245 2881 5297 ei
2901 5259 2964 5296 ea:
2988 5242 3175 5295 meritis
3197 5243 3445 5309 omnium,
3472 5259 3588 5313 qute
3606 5260 3693 5314 per
3714 5256 3816 5314 eum

2247 5313 2355 5368 Deo
2392 5312 2742 5381 acquiruntur,
2796 5316 2990 5383 fructus
3028 5324 3303 5367 accrescat.
3343 5314 3442 5368 Ms.
3479 5314 3618 5367 alter
3650 5312 3816 5372 Colb..

2247 5384 2451 5454 festinat
2484 5395 2534 5436 ut
2556 5386 2795 5438 veraciter
2824 5384 3067 5451 prudens.

2324 5459 2345 5488 δ
2372 5454 2470 5510 Ms.
2501 5455 2631 5523 Reg.
2665 5470 2824 5518 unus,
2853 5455 2899 5506 si
2924 5468 3043 5521 ergo
3061 5454 3171 5523 qui.

2328 5540 2349 5559 ι
2383 5525 2543 5586 Etliti.
2573 5525 2755 5589 partiri
2762 5540 2867 5589 pes.

2320 5601 2349 5630 ν
2380 5593 2479 5649 Ms.
2509 5610 2647 5648 unus
2673 5594 2827 5649 Colb.
2852 5594 2940 5650 hic
2965 5592 3134 5661 addit,
3160 5607 3247 5646 nec
3268 5607 3361 5646 sua
3384 5592 3581 5662 perpeti
3596 5601 3814 5663 possunt,

2249 5678 2339 5717 nec
2364 5663 2531 5719 aliena
2556 5673 2781 5732 peccata.
