4016 6168
217 294 327 349 515

1258 298 1345 355 DE
1386 299 1545 357 VITA
1584 298 2167 361 CONTEMPLATNA
2209 306 2334 361 LIB.
2380 308 2467 362 lll.

3395 322 3501 372 5M

215 411 356 465 {ccta
388 411 693 481 prudentia,
742 413 880 468 sicut
916 414 967 469 in
1000 414 1084 467 illa
1140 414 1245 469 vita
1275 415 1397 480 erit,
1425 417 1515 471 ubi
1572 416 1808 485 perfecte
1836 422 1885 477 Α
1914 428 1998 474 tur
2022 424 2161 491 quod
2189 440 2253 477 ea:
2280 433 2422 493 parte
2447 434 2518 479 est
2545 423 2596 495 (l
2627 422 2746 479 Cor.
2783 441 2893 489 xm,
2916 426 2948 480 9
2977 435 3025 481 et
3056 427 3160 496 10).
3196 437 3224 477 ς
3252 428 3348 482 llic
3374 445 3497 482 eva-

213 502 525 557 viventibus
556 504 695 558 ullus
725 520 879 559 error
919 504 1181 572 obrepere
1207 515 1231 542 ⁸
1263 506 1483 561 omnino
1512 522 1617 562 non
1668 516 1818 574 pote-

211 596 313 661 rit;
355 596 525 650 etiam
571 596 863 665 prudentes
904 598 1191 666 aliquoties
1237 598 1470 667 peccatis
1510 598 1815 653 fallentibus

210 687 605 754 acquiescant;
640 702 745 741 non
793 686 1066 742 voluntate
1110 688 1407 756 depravati,
1458 688 1550 743 sed
1584 688 1815 742 humano

210 790 427 841 errore,
454 784 517 828 ut
543 775 812 842 homines,
840 778 1009 847 lapsi;
1044 792 1143 833 nec
1174 778 1349 832 adhuc
1379 787 1485 831 tota
1517 777 1815 846 prudentize

208 882 269 921 ac
295 870 590 935 sapientia:
621 868 648 906 ιι
678 871 1024 939 perceptione
1055 870 1308 940 perfecti;
1341 870 1483 925 sicut
1533 871 1602 925 ibi
1632 878 1812 937 erunt,

209 958 295 1012 ubi
348 974 457 1013 nec
511 961 756 1029 ignorare
802 961 1003 1031 aliquid
1030 1004 1046 1028 ,
1099 978 1198 1017 nec
1244 977 1468 1031 peccare
1511 963 1619 1031 jam
1664 973 1815 1032 pote-

209 1060 357 1101 runt.

273 1143 331 1196 2.
380 1144 489 1199 llic
522 1159 670 1211 vero,
702 1146 744 1199 si
798 1145 1058 1213 potuisset
1100 1160 1131 1199 a
1162 1153 1380 1215 peccato
1430 1156 1575 1201 recte
1617 1146 1813 1200 factum

207 1237 453 1303 perfecte
484 1235 743 1305 disi-erui,
774 1248 796 1275 ο
828 1254 1098 1306 nunquam
1122 1240 1191 1291 ab
1220 1239 1449 1293 occultis
1478 1241 1591 1293 suis
1636 1248 1811 1293 oraret

205 1327 295 1380 ille
328 1328 589 1381 mundari
620 1330 708 1397 qui
736 1327 810 1382 ait
851 1346 865 1382 :
912 1330 987 1382 Ab
1040 1330 1253 1384 occultis
1300 1332 1426 1385 meis
1470 1331 1664 1385 munda
1709 1347 1811 1399 me,

205 1412 462 1481 Domine,
496 1427 541 1469 et
569 1418 633 1469 ab
659 1418 843 1472 alienis
875 1436 1027 1486 parce
1051 1437 1193 1473 servo
1223 1430 1310 1474 tuo
1330 1420 1500 1494 (Psal.
1523 1436 1676 1488 xvm,
1702 1421 1811 1492 15).

205 1509 415 1575 Quibus
438 1511 630 1566 verb‘s
657 1512 790 1567 satis
810 1514 1044 1569 ostendit
1071 1516 1210 1584 quod
1236 1514 1313 1569 illi
1337 1530 1549 1585 quoque
1570 1519 1658 1585 qui
1690 1532 1815 1570 san-

205 1596 328 1651 rted
356 1614 465 1668 per
493 1601 691 1654 donum
717 1605 887 1658 sancti
916 1603 1143 1671 Spiritus
1172 1607 1373 1674 vivunt,
1395 1615 1570 1661 tamen
1597 1617 1815 1675 promer

206 1698 228 1726 ο
260 1689 488 1758 aliquis
522 1693 897 1749 infirmitatesf
934 1695 1192 1749 humanas
1219 1712 1350 1765 q-ias
1379 1706 1405 1744 8
1438 1697 1677 1766 trahunt,
1699 1701 1813 1754 sive

1919 515 2065 567 cuari
2108 515 2323 579 asserit,
2375 516 2781 571 consummari:
2825 519 3076 586 quoniam
3107 518 3321 587 quidem
3373 534 3499 590 pars

1918 604 2158 659 scientiae
2190 616 2212 643 ι
2240 622 2360 676 qua:
2408 618 2491 662 est
2534 609 2877 677 perficienda,
2968 610 3184 665 erfectis
3228 627 3332 666 non
3376 628 3498 667 eva-

1917 696 2122 749 cnanda
2150 706 2253 763 est,
2283 698 2376 753 sed
2408 698 2697 769 implenda.
2732 700 2959 755 Proinde
2988 702 3075 755 ubi
3113 704 3216 757 erit
3259 705 3496 758 omnium

1920 786 2152 842 fidelium
2192 790 2576 845 catholicorum
2624 793 2768 846 salus
2819 794 2971 859 plena
2999 836 3015 859 ,
3077 795 3500 863 corruptibilitas

1919 876 2080 941 nulla,
2112 888 2167 933 et
2196 879 2569 936 immortalitas
2614 882 2789 947 beata,
2823 882 2890 936 ibi
2921 884 3023 936 erit
3062 884 3358 952 prudentiae
3382 894 3403 920 ⁸
3434 899 3498 937 ac

1918 968 2198 1037 sapientia:
2228 970 2487 1038 perfectio
2512 987 2662 1033 vera,
2688 979 2741 1025 et
2780 988 2958 1026 rerum
2987 974 3221 1027 omnium
3261 972 3499 1041 cognitio

1920 1066 2048 1122 tota,
2075 1060 2289 1129 quando
2318 1062 2543 1115 scientia
2568 1061 2633 1115 ad
2665 1062 2956 1131 perfectum
2990 1062 3150 1117 fuerit
3180 1063 3345 1117 uartis
3373 1075 3497 1117 eva-

1917 1149 2167 1203 cuatione
2188 1149 2459 1218 perducta.

2469 1240 2697 1297 CAPUT
2739 1241 2932 1296 XXXI.

1918 1348 1997 1403 De
2035 1349 2388 1415 alfectionibus
2433 1364 2652 1420 quatuor
2675 1370 2694 1407 :
2723 1356 2857 1421 quod
2894 1354 3025 1406 inter
3072 1355 3194 1407 vitia
3239 1355 3500 1409 numerari

1988 1438 2089 1496 non
2117 1422 2347 1486 debeant,
2374 1423 2418 1475 si
2447 1439 2621 1476 earum
2650 1441 2771 1478 usus
2816 1441 2879 1477 ea:
2916 1426 3047 1476 bona
3072 1424 3334 1479 voluntate
3380 1442 3497 1496 pro-

1990 1493 2156 1544 cedat.

1991 1602 2045 1657 1.
2086 1602 2377 1659 Videamus
2423 1618 2566 1658 nunc
2615 1603 2745 1672 quid
2790 1603 3071 1674 diligentia
3122 1603 3501 1671 disputationis

1919 1694 2151 1749 inveniat
2204 1695 2364 1748 etiam
2414 1696 2483 1749 de
2526 1705 2757 1763 qttatunr
2799 1694 3171 1749 allectionihus
3211 1708 3344 1763 quas
3372 1693 3500 1747 vitia

203 1783 478 1848 scientes,
514 1789 625 1838 sive
656 1785 1322 1857 nescientes,haliqunties
1349 1798 1440 1842 aut
1464 1805 1564 1844 suo
1593 1803 1811 1857 peccato
1845 1785 1885 1843 Β
1915 1798 2037 1840 esse
2081 1786 2311 1839 stultitia
2360 1784 2682 1854 sapientium
2737 1786 2921 1840 mundi
2990 1786 3149 1854 hujus
3204 1784 3498 1839 existimat.

202 1872 433 1940 cedunt,
460 1883 561 1927 aut
597 1875 773 1928 alieno
811 1878 1170 1931 consentiunt.
1213 1879 1271 1932 ln
1306 1880 1406 1933 hac
1445 1879 1457 1916 ι
1497 1879 1655 1948 igitur
1685 1881 1810 1947 vita,

203 1962 293 2016 ubi
327 1972 431 2017 aut.
466 1964 764 2030 voluntate,
793 1974 885 2020 aut
912 1980 1118 2027 errore,
1149 1976 1243 2021 aut
1278 1967 1587 2022 infirmitate
1626 1972 1818 2038 peaca-

205 2064 315 2120 tur,
348 2055 672 2124 quicunque
717 2056 975 2111 divinitus
1005 2057 1173 2125 adjuti
1218 2058 1492 2112 voluntate
1538 2075 1645 2115 non
1693 2075 1816 2129 pec-

202 2155 353 2212 cant,
374 2148 571 2216 utique
597 2148 1139 2215 irrepreltcnsibiliter
1161 2149 1361 2202 vivunt.
1383 2150 1483 2204 Sed
1506 2151 1623 2218 quia
1644 2161 1819 2219 potest

203 2252 298 2293 eos
329 2253 505 2294 error
533 2249 623 2292 aut
654 2239 934 2293 infirmitas
965 2241 1194 2308 peccatis
1218 2241 1512 2307 involvere,
1543 2241 1610 2295 ab
1635 2242 1727 2295 illo
1755 2257 1817 2297 se

201 2331 520 2385 illuminari
545 2331 769 2385 fideliter
793 2334 807 2381 l
842 2332 1110 2401 postult-nt
1137 2343 1186 2387 et
1213 2322 1414 2398 Sauari,
1436 2334 1521 2387 cui
1543 2334 1817 2388 exsidtans

202 2422 294 2478 ille
313 2423 603 2477 clamabat
634 2425 685 2477 in
715 2424 939 2492 Spiritu,
966 2425 1151 2479 dicens
1177 2441 1191 2478 :
1224 2425 1477 2479 Dominus
1503 2426 1818 2480 illuminatio

202 2528 339 2573 utea,
376 2523 429 2565 et
462 2513 612 2566 salus
646 2529 775 2580 mea,
803 2530 947 2583 quem
970 2512 994 2550 ι
1024 2514 1208 2568 timebo
1237 2514 1410 2583 (Psal.
1439 2531 1587 2579 xxvr,
1620 2515 1716 2584 1)?
1762 2525 1819 2570 nt

202 2618 327 2655 cum
356 2602 717 2664 illuminatio,
745 2618 838 2671 per
862 2603 1061 2656 donum
1095 2603 1112 2639 ι
1158 2603 1456 2671 prudentia:
1498 2618 1563 2657 ac
1600 2605 1817 2671 sapien-

205 2695 295 2747 tia:
345 2693 561 2747 collata
600 2692 891 2747 detraxerit
935 2693 1252 2758 ctecitatem,
1296 2703 1351 2747 et
1398 2696 1668 2748 sanaverit
1725 2711 1819 2763 per

1921 1879 1940 1915 ί
1975 1879 2106 1934 Nam
2135 1881 2182 1936 si
2233 1881 2444 1948 timere,
2475 1896 2538 1936 ac
2575 1881 2779 1949 dolere,
2811 1895 3030 1949 cupere,
3062 1880 3145 1933 vel
3176 1879 3341 1933 laetari
3383 1892 3498 1932 om-

1917 1970 2047 2023 n'no
2087 1985 2190 2024 non
2223 1979 2440 2038 possent
2477 1971 2582 2024 nisi
2615 1981 2922 2039 peccatores
2963 1980 3055 2024 aut
3083 1969 3301 2040 perditi,
3352 1979 3500 2023 recte

1919 2078 2026 2117 non
2056 2063 2273 2118 affectus
2303 2064 2468 2131 aliqui
2495 2073 2715 2133 possent
2757 2063 2887 2127 dici,
2918 2063 3010 2117 sed
3058 2061 3250 2115 morbi.
3280 2061 3348 2114 At
3374 2074 3496 2114 cum

1919 2162 1947 2189 ιι
1980 2156 2111 2209 tales
2132 2156 2430 2209 animorum
2462 2164 2638 2209 motus
2678 2155 3017 2210 inveniantur
3048 2154 3101 2207 in
3132 2152 3328 2206 sanctis
3368 2168 3500 2221 apo-

1918 2245 2069 2299 stolis
2095 2254 2148 2298 et
2185 2246 2484 2315 prophetis,
2515 2247 2634 2315 quis
2682 2246 2754 2299 ita
2804 2246 3050 2313 desipiat,
3086 2255 3107 2281 ν
3139 2254 3195 2298 ιιι
3233 2260 3328 2301 eos
3371 2243 3497 2296 vitia

1920 2337 2122 2400 credat,
2156 2350 2221 2389 ex
2251 2337 2446 2403 quibus
2476 2336 2584 2390 Deo
2610 2336 2923 2405 placuerunt
2967 2336 3041 2389 illi
3088 2336 3179 2405 qui
3206 2335 3352 2389 vitiis
3379 2334 3499 2403 plus

1919 2441 2078 2495 quam
2108 2427 2290 2481 caeteri
2317 2427 2562 2481 homines
2587 2427 2935 2480 reSIiterunt?
2958 2425 3136 2495 itaque
3160 2424 3355 2478 Paulus
3374 2438 3501 2492 apo-

1920 2517 2091 2573 stolus
2118 2517 2185 2572 de
2210 2518 2404 2572 timore
2433 2518 2508 2572 sic
2535 2517 2771 2587 loquitur
2797 2534 2812 2570 :
2849 2517 3020 2569 Timeo
3044 2524 3216 2569 autem
3255 2531 3336 2578 ne,
3366 2515 3499 2569 sicut

1919 2625 2123 2678 serpens
2152 2611 2355 2662 seduxit
2397 2608 2556 2661 Evam
2592 2624 2686 2661 sua
2723 2608 2928 2671 astutia,
2958 2607 3029 2659 sic
3076 2615 3123 2659 et
3148 2607 3297 2659 vestri
3324 2619 3501 2657 sensus

1921 2710 2317 2769 corrumpantur
2344 2717 2376 2753 a
2405 2702 2655 2767 castitate,
2684 2715 2797 2768 qua
2832 2709 2907 2753 est
2954 2700 3007 2750 in
3036 2697 3235 2752 Christo
3265 2694 3354 2765 (11
3377 2695 3495 2751 Cor.

202 2785 447 2853 gratiam
505 2783 600 2837 Dei
641 2785 785 2838 salus
812 2794 851 2819 ιιι
880 2784 1061 2838 refusa
1108 2785 1447 2852 languorem,
1496 2795 1622 2839 tunc
1667 2802 1820 2843 mcns

203 2876 532 2928 illuminata
554 2874 810 2930 divinitus
836 2884 892 2929 et
915 2886 1120 2942 sanata,
1147 2892 1245 2930 nec
1268 2876 1321 2929 in
1343 2876 1423 2931 eis
1446 2891 1563 2944 qua:
1583 2878 1818 2933 cavenda

203 2971 285 3024 \el
333 2970 660 3039 appetenda
709 2980 853 3036 sunt,
907 2971 1138 3026 humano
1182 2972 1484 3040 decipiatur
1525 2988 1732 3039 errore,
1764 2984 1821 3030 nt
1923 2972 1991 3028 de
2031 2972 2271 3034 tristitia,
2302 2984 2460 3040 quam
2491 2970 2584 3023 alii
2633 2969 2874 3023 dolorem
2918 2968 3211 3037 appellant,
3242 2966 3381 3022 idem
3410 2982 3503 3021 vas

199 3070 296 3115 aut
322 3076 433 3129 pro
468 3061 620 3115 veris
649 3061 777 3115 falsa
809 3062 1079 3127 defendat,
1110 3071 1201 3116 aut
1243 3078 1341 3132 pro
1370 3063 1519 3119 falsis
1543 3080 1666 3119 vera
1685 3074 1712 3101 η
1735 3082 1820 3120 re-
1923 3063 2204 3116 electionis
2234 3070 2289 3116 et
2311 3061 2498 3115 doctor
2518 3062 2758 3129 gentium
2784 3061 2860 3114 ait
2887 3078 2901 3114 :
2928 3059 3060 3125 Quia
3088 3059 3294 3112 tristitia
3319 3073 3504 3127 magna

201 3152 350 3221 iiciat
376 3168 396 3218 ;
428 3161 491 3206 et
522 3152 640 3206 sine
663 3152 769 3206 ullo
797 3154 1124 3209 inﬁrmitatis
1144 3155 1422 3211 obstaculo
1453 3155 1651 3211 bonum
1675 3158 1815 3226 quod
1847 3151 1890 3213 C
1922 3151 2049 3205 mihi
2076 3159 2169 3218 est,
2218 3160 2266 3204 et
2303 3151 2570 3209 continuus
2608 3151 2757 3204 dolor
2809 3150 2954 3203 cordi
2998 3165 3109 3202 meo
3146 3164 3240 3219 pro
3263 3149 3506 3217 fratribus

200 3244 439 3314 elegerit
467 3244 697 3311 implere
728 3246 1031 3313 praevaleat.
1918 3242 2044 3296 meis
2071 3243 2158 3312 qui
2180 3249 2298 3297 sunt
2321 3243 2524 3313 cognati
2549 3243 2646 3296 mei
2674 3243 2952 3297 secundum
2995 3258 3198 3295 carnem
3230 3241 3406 3311 (Rom.
3428 3256 3503 3305 Ix,

272 3338 333 3391 3.
376 3336 494 3392 Sed
529 3336 630 3390 alia
656 3348 732 3390 ρει
765 3337 910 3392 salus
940 3337 1096 3405 hujus
1124 3338 1249 3395 vita:
1279 3354 1381 3411 qua
1412 3339 1711 3395 mortaliter
1736 3341 1816 3393 vi-
1922 3331 2015 3401 Ξ).
2046 3342 2076 3381 1
2103 3332 2207 3388 Sed
2236 3340 2291 3386 et
2332 3333 2399 3387 de
2447 3332 2629 3386 laztitia
2673 3332 2739 3387 ad
2793 3332 3062 3387 Romanos
3092 3334 3353 3395 scribens,
3384 3346 3505 3386 cum

200 3426 370 3492 vitur,
402 3428 520 3482 alia
557 3427 700 3483 illius
728 3429 814 3482 ubi
848 3429 1077 3484 mortale
1124 3440 1364 3486 nostrum
1416 3432 1817 3486 immortalitate
1918 3424 2166 3493 dixisset,
2199 3425 2379 3480 Vestra
2409 3434 2431 3461 ι
2455 3426 2738 3480 obedientia
2767 3434 2822 3461 ια
2850 3429 2901 3477 in
2930 3442 3127 3478 onmem
3150 3424 3316 3478 locant
3338 3424 3507 3478 divul-

201 3519 550 3583 donabitur;
579 3528 634 3573 et
668 3519 821 3574 aliter
846 3521 980 3575 salvi
1014 3521 1135 3576 facti
1164 3539 1348 3578 sumus
1397 3524 1447 3577 in
1492 3540 1606 3589 spe,
1659 3526 1814 3580 aliter

1936 3530 2038 3582 tata
2063 3526 2157 3571 est.
2191 3516 2422 3585 Gaudeo,
2450 3516 2641 3586 inquit,
2673 3515 2731 3555 δι’
2758 3516 2820 3570 de
2848 3516 3008 3569 vobis.
3036 3516 3141 3571 Sed
3172 3517 3283 3568 volo
3311 3532 3396 3570 vos
3423 3531 3508 3569 sa-

200 3611 339 3663 salvi
374 3612 593 3664 erimus
619 3610 667 3663 iu
698 3625 777 3665 re.
810 3612 904 3666 llic
926 3612 996 3664 ita
1029 3614 1158 3666 salvi
1193 3613 1313 3668 facti
1337 3630 1539 3680 snmus,
1564 3614 1816 3670 utadhuc
1925 3610 2116 3677 pientes
2141 3625 2248 3662 esse
2280 3609 2330 3660 in
2362 3608 2514 3674 bona,
2564 3617 2610 3661 et
2641 3608 2898 3676 simplices
2936 3609 2989 3661 in
3020 3608 3155 3661 malo
3188 3607 3368 3677 (Rom.
3400 3623 3508 3670 xvr,

201 3702 388 3769 perire
421 3703 728 3769 possimus;
762 3702 832 3756 ibi
858 3704 1161 3773 quicunque
1180 3710 1361 3759 salvus-
1385 3715 1408 3741 ο
1434 3706 1612 3770 fuerit,
1637 3709 1816 3775 perire
1924 3699 2046 3770 19).
2080 3698 2232 3752 Hunc
2265 3698 2506 3751 timorem
2537 3697 2621 3752 vel
2658 3698 2925 3764 dolorem,
2959 3698 3096 3752 hanc
3137 3699 3506 3767 cupiditatem,

200 3791 345 3845 ultra
396 3807 517 3845 non
554 3793 777 3859 poterit;
809 3807 871 3848 ac
896 3809 988 3862 per
1017 3794 1137 3861 hoc,
1155 3812 1197 3849 si
1216 3796 1376 3850 ientia
1407 3813 1525 3866 qua:
1553 3799 1814 3867 cognitio-
1926 3791 2029 3846 hoc
2055 3792 2304 3861 gaudium
2331 3790 2419 3859 qui
2448 3789 2840 3858 reprehendere
2870 3789 3119 3852 voluerit,
3141 3791 3311 3857 ip~nm
3344 3800 3398 3828 τε
3428 3804 3511 3845 re.
3590 3824 3595 3829 .

198 3880 327 3936 nem
365 3897 561 3935 rerum
595 3882 749 3936 nobis
794 3883 848 3936 in
894 3884 1052 3949 hujus
1089 3886 1271 3940 sa:cu|i
1320 3903 1406 3941 110(
1425 3897 1476 3941 te
1518 3888 1816 3943 vitentibus
1925 3884 2213 3954 prehendit
2240 3884 2576 3951 Apostolutn,
2621 3884 2708 3949 qui
2757 3897 2853 3949 per
2882 3881 3018 3934 tales
3046 3880 3357 3935 affectiones
3407 3896 3510 3934 non

197 3980 460 4039 praestat,
486 3970 805 4040 plenitudini
835 3972 1026 4028 futura:
1055 3975 1271 4038 collata,
1304 3990 1426 4044 pirs
1464 3978 1703 4033 scientia:
1732 3990 1817 4034 est
1924 3978 2099 4031 solum
2123 3975 2236 4028 Deo
2279 3973 2497 4041 placuit,
2531 3971 2626 4026 sed
2661 3972 2824 4027 etiam
2871 3971 3130 4040 quosdam
3162 3972 3301 4025 inter
3330 3972 3507 4025 crimi-

197 4061 516 4127 credenda,
546 4076 648 4115 non
672 4071 803 4117 tota.
831 4064 1053 4133 Propter
1073 4068 1214 4135 quod
1243 4067 1371 4121 dicit
1391 4076 1608 4122 sanctus
1635 4072 1817 4137 PApO-
1928 4082 2113 4131 nosos,
2142 4066 2282 4136 quod
2308 4073 2493 4120 essent
2521 4063 2578 4101 άά
2609 4065 2727 4118 sine
2758 4063 2945 4117 affectu
2966 4104 2982 4129 ,
3030 4065 3281 4133 culpavit.
3325 4064 3429 4119 Sed
3455 4074 3505 4118 et

197 4153 381 4206 stolus
418 4168 439 4204 :
470 4151 555 4205 Ex
579 4165 724 4222 parte
768 4156 900 4208 enim
945 4157 1157 4220 scimus,
1190 4169 1237 4211 et
1278 4174 1341 4212 ea:
1369 4167 1512 4229 parte
1544 4160 1818 4229 propheta-
1923 4160 2206 4232 propheta,
2234 4158 2498 4213 dicendo:
2528 4156 2753 4211 Lanatus
2774 4173 2887 4210 sum
2915 4157 2970 4210 in
2992 4157 3071 4209 Itis
3098 4172 3213 4223 qua:
3232 4158 3366 4210 dicta
3391 4166 3506 4211 sunt

197 4258 355 4309 mus;
388 4258 518 4296 cum
544 4255 711 4297 autem
740 4248 931 4300 venerit
960 4249 1096 4317 quod
1116 4251 1395 4318 perfectum
1426 4238 1521 4318 est,
1552 4254 1821 4309 evacuabi-
1921 4253 2047 4307 mihi
2069 4250 2238 4311 (Psal.
2268 4264 2415 4317 cxst,
2447 4248 2530 4319 l);
2560 4256 2616 4304 et
2641 4264 2709 4303 ex
2742 4262 2970 4318 persona
3000 4249 3237 4315 Domini,
3267 4250 3504 4306 Sustinui

1922 2807 1996 2857 ιιι,
2020 2790 2100 2862 5).
2128 2800 2153 2827 ι
2178 2792 2308 2845 Item
2334 2790 2402 2845 de
2439 2790 2730 2858 cupiditate
2777 2789 3092 2844 fiducialiter
3130 2787 3260 2842 dicit
3291 2806 3303 2839 :
3338 2786 3501 2854 Cupio

1923 2881 2151 2945 dissolvi,
2181 2890 2228 2935 et
2269 2896 2378 2934 esse
2404 2896 2517 2933 cum
2546 2879 2746 2934 Christo
2792 2879 3015 2949 (Philip.
3099 2894 3137 2945 ι,
3169 2878 3282 2948 25).
3315 2877 3421 2932 Sed
3449 2888 3503 2930 et

271 4456 300 4521 ξι
336 4447 743 4521 Μειλιιιιιιιιιοι·
758 4447 933 4509 Colh.,
955 4449 1161 4501 omnino
1181 4451 1297 4521 jam
1326 4465 1426 4503 non
1456 4448 1663 4520 poterit.

273 4516 302 4554 δ
334 4517 451 4571 Ms.
484 4516 698 4580 Camb.,
734 4521 1065 4585 perfectione.

276 4598 301 4626 ι’
337 4588 483 4642 Mss.
512 4595 642 4649 tres,
674 4603 928 4652 nunquam
950 4604 1003 4640 se
1027 4589 1089 4640 ab
1111 4590 1341 4643 occultis.

271 4656 298 4694 ἀ
346 4656 527 4729 Editi,
559 4657 845 4729 secundum
875 4659 1091 4711 donum.
1122 4660 1245 4712 Mss.
1277 4673 1392 4722 Sex,
1425 4677 1514 4729 per
1534 4662 1743 4717 donum.

275 4737 299 4763 ο
338 4728 485 4781 Mss.
517 4741 630 4791 sex,
662 4727 924 4793 reliquias.

276 4797 295 4834 ί
329 4796 444 4849 Ms.
474 4811 633 4860 unus,
666 4797 907 4849 humanae
936 4799 1072 4852 vitta.

277 4878 303 4913 ις
342 4867 457 4920 Ms.
492 4881 652 4929 unus,
681 4868 931 4921 tribuunt.

277 4942 303 4972 ἰ
338 4936 523 5000 Alias,
548 4935 892 5005 aliquatenus.

282 5006 294 5043 ί
338 5007 453 5059 Ms.
478 5022 636 5067 unus,
663 5015 854 5058 autent.

282 5078 296 5125 i
342 5076 459 5130 Ms.
496 5091 656 5141 unus,
685 5076 968 5144 postulant.

275 5146 299 5183 ι
342 5145 517 5212 Editi,
549 5147 831 5215 trepidabo.
861 5148 985 5200 Mss.
1017 5161 1132 5209 sex,
1163 5150 1365 5205 timebo.

285 5216 299 5252 ¹
339 5216 481 5271 Mss.
511 5216 636 5282 duo,
660 5218 885 5271 scientia:
914 5234 973 5269 ac
1000 5221 1282 5285 sapientire.

277 5295 320 5321 ω
345 5286 497 5340 Edit.
519 5286 679 5361 D_uac_.
704 5296 759 5342 et
776 5287 988 5355 Culum,
1010 5289 1183 5357 infusa
1206 5290 1519 5361 languorem.
1540 5290 1636 5346 Ms.
1655 5292 1808 5348 Coll).

205 5372 381 5419 unus,
408 5358 617 5425 repulso
647 5359 916 5426 languore.

279 5436 312 5463 ⁸³
346 5425 455 5480 Ms.
490 5442 647 5490 unus,
676 5425 913 5481 retineat.

284 5503 314 5531 ο
351 5496 521 5567 ζζόίιί,
552 5498 779 5567 fueris...
812 5498 1017 5565 poteris.

283 5576 315 5615 ι’
345 5565 455 5639 Ms.
488 5565 646 5632 unus,
676 5579 881 5639 sanctus
912 5567 1108 5621 Paulus
1136 5571 1416 5639 apostolus.

284 5647 316 5684 ει
344 5636 429 5688 Ita
459 5651 589 5691 mss.
631 5653 746 5691 sex.
795 5638 890 5691 Ms.
924 5641 1078 5705 alter,
1112 5636 1214 5692 llic
1251 5643 1483 5696 evacuari
1520 5644 1721 5706 asserit,
1752 5645 1807 5698 id

208 5716 287 5758 est
320 5709 693 5760 consummari.
744 5707 892 5763 Unus
940 5723 1005 5762 ex
1048 5711 1335 5777 prmdictis,
1373 5712 1508 5767 Ilius
1547 5716 1799 5769 evacuari.

1845 4451 1898 4511 D
1928 4448 2089 4514 Editi,
2129 4447 2225 4501 Hic
2246 4446 2479 4500 evacunri
2516 4447 2720 4510 asserit,
2744 4446 2853 4499 illic
2881 4447 3249 4509 consummari,
3282 4447 3370 4502 ubi
3404 4464 3504 4503 vox

1929 4520 2034 4574 illic
2062 4517 2323 4585 superflua
2355 4517 2571 4569 videtur
2592 4531 2655 4570 ex
2687 4516 2933 4584 proxime
2960 4516 3329 4585 sequentibus.

2001 4601 2021 4627 ι’
2068 4589 2242 4643 Editio
2268 4588 2434 4654 Lugd.
2471 4586 2604 4651 sola,
2649 4603 2767 4655 pars
2811 4586 3031 4639 scientia:
3075 4589 3508 4657 estper/icienda,

1922 4664 2247 4731 perfectaque
2271 4660 2697 4731 non_evacua_n_da
2726 4666 2819 4720 est,
2845 4658 2933 4709 sed
2962 4656 3245 4731 implenda.

1996 4724 2028 4767 δ’
2054 4724 2212 4793 Editi,
2237 4745 2296 4780 ac
2318 4729 2562 4779 scientiis.
2587 4724 2715 4780 Mss.
2734 4736 2983 4794 quatuor,
2998 4743 3058 4780 ac
3078 4727 3360 4794 sapientia.
3381 4729 3507 4784 Mss.

1921 4799 2009 4854 alii
2032 4800 2160 4863 duo,
2188 4798 2450 4865 sapientia:
2479 4813 2538 4848 ac
2562 4797 2867 4865 prudentia’.

1997 4872 2015 4907 ι
2052 4870 2173 4923 Mss.
2209 4872 2335 4933 duo,
2367 4867 2411 4920 si
2440 4869 2641 4939 enim...
2672 4883 2774 4919 non
2815 4875 3043 4933 possunt.
3078 4866 3244 4931 Unus,
3291 4871 3511 4939 possint.

1992 4948 2019 4976 υ
2048 4941 2142 4993 Ms.
2170 4954 2327 5007 unus,
2361 4938 2475 4990 talis
2505 4938 2789 4989 animorum
2821 4948 2983 4991 motus
3008 4938 3312 4994 in'euiatur.

1996 5020 2022 5049 τ’
2054 5010 2151 5064 Ms.
2178 5024 2337 5075 unus,
2367 5017 2456 5060 aut
2481 5008 2605 5061 vitia
2633 5007 2827 5060 credat.

1997 5090 2021 5117 ι
2045 5081 2171 5136 Mss.
2199 5090 2329 5145 tres,
2367 5078 2531 5132 Idem.

1994 5161 2023 5200 γ
2054 5152 2183 5205 Mss.
2214 5163 2459 5220 quatuor,
2494 5147 2630 5201 Nam
2654 5155 2702 5201 et
2727 5146 2796 5198 ad
2836 5147 3094 5201 Romanos
3119 5149 3365 5214 scribens,
3395 5167 3510 5203 cum

1922 5221 2153 5275 dixisset.

2000 5301 2022 5328 κ
2055 5292 2180 5345 Mss.
2213 5289 2320 5343 duo
2347 5289 2544 5343 addunt
2574 5287 2660 5341 hic
2687 5295 2877 5340 autent.

1991 5371 2047 5399 "‘
2078 5364 2204 5416 MSS.
2229 5362 2355 5428 duo,
2383 5363 2435 5412 in
2459 5359 2599 5412 omni
2620 5359 2752 5428 loco.

1986 5430 2047 5469 δι’
2082 5433 2206 5488 Mss.
2237 5424 2365 5496 tres,
2397 5431 2449 5482 in
2478 5429 2636 5481 vobis.
2674 5425 2935 5491 Unus,sed
2969 5436 3138 5479 tamen
3171 5424 3284 5485 volo
3316 5443 3398 5479 vos
3428 5429 3514 5478 sa;

1922 5502 2115 5572 pientes
2142 5516 2267 5553 esse.

1990 5582 2045 5609 τε
2071 5571 2167 5623 Ms.
2194 5584 2348 5627 unus.
2372 5564 2728 5633 reprehendat.

1987 5637 2042 5675 δά
2077 5641 2175 5693 Ms.
2211 5642 2339 5706 ιιι-ε.
2366 5652 2520 5701 unus,
2553 5636 2665 5689 sine
2683 5634 2973 5703 a/fertiouc.
2998 5634 3134 5690 Edit.
3166 5633 3512 5705 Lugd.,quod

1915 5719 2038 5765 esset
2067 5711 2174 5763 sine
2197 5708 2369 5778 culpa,
2399 5706 2646 5775 culpavit.
