4016 6168
577 317 682 374 515

1910 304 2171 361 JULIANI
2216 304 2495 361 POMERII
3696 320 3774 373 διδ

575 428 662 496 qui
691 434 714 463 ι
739 422 890 479 simul
938 437 1129 477 mecum
1158 420 1563 483 contristaretur,
1594 426 1643 471 et
1684 432 1788 471 non
1838 418 1933 488 fuit
1980 416 2156 485 (Psat.
2188 422 2234 476 Α
2265 418 2403 483 quod
2451 431 2576 471 vere
2625 416 2900 472 latendum
2933 426 3033 483 est,
3067 417 3134 472 ab
3166 419 3256 473 illo
3293 421 3394 475 alio
3423 425 3594 479 timore
3621 433 3775 494 pmnaii

577 532 758 583 uvm,
782 514 897 585 ﬁt),
930 514 1087 567 talem
1121 510 1359 565 lzetitiam
1389 508 1772 578 tristitiamque
1798 508 2158 562 commendat.

574 610 709 665 Cum
740 622 867 663 vero
891 607 1030 660 alius
1057 604 1209 667 dicit,
1240 603 1417 657 Timor
1464 602 1673 655 Domini
1722 601 1930 671 expellit
1977 616 2161 671 pecca-

578 711 684 752 tum
712 696 900 768 (Eccli.
941 712 980 764 ι,
1008 694 1132 765 ‘27);
1162 690 1696 759 et,‘Concupiscenlia
1727 691 1993 757 sapientia:
2042 706 2159 758 per-

577 790 715 842 ducit
738 790 805 840 ad
833 801 1044 857 regnum
1067 784 1225 855 (Sap.
1254 799 1326 848 Vl,
1357 783 1481 844 ἓως
1512 797 1617 836 non
1644 783 1817 837 solum
1848 797 1954 836 non
1981 796 2163 849 repre—

578 878 780 942 hendit,
811 877 903 931 sed
933 876 1098 930 etiam
1147 874 1327 929 laudat
1375 873 1636 942 spiritalis
1684 872 2159 943 concupiscentia,

576 967 603 1007 ιι
629 978 684 1023 et
710 968 878 1023 divini
909 967 1117 1021 timoris
1142 966 1414 1020 allectum.

645 1061 701 1113 2.
754 1059 871 1114 Νοη
921 1074 1049 1127 ergo
1104 1057 1202 1111 has
1257 1056 1565 1111 alieetioncs
1616 1056 1894 1121 habendo,
1943 1055 2036 1110 sed
2081 1056 2160 1110 eis

574 1153 713 1207 male
733 1151 930 1206 utendo
949 1149 1476 1218 delinquimus.Quia
1500 1149 1851 1202 humanorum
1876 1148 2157 1203 affectuum

578 1244 873 1316 pmprielas
910 1242 1139 1297 hominis
1194 1242 1393 1295 indicat
1442 1251 1462 1278 ο
1504 1240 1846 1304 Creatorem;
1900 1241 2154 1308 qualitas,

574 1337 601 1373 ιι
633 1336 825 1390 bonam
860 1336 941 1389 vel
986 1333 1177 1387 malam
1227 1332 1491 1401 signiﬁcat
1544 1332 1911 1394 voluntatem;
1958 1346 2019 1385 ac
2057 1333 2157 1395 sic,

573 1436 750 1480 motus
781 1425 833 1479 hi
862 1424 949 1489 qui
998 1425 1049 1477 in
1086 1434 1108 1461 ε
1139 1424 1447 1476 hominibus
1484 1420 1795 1475 aliectioncs
1821 1429 1965 1485 sunt,
1996 1423 2157 1476 iidem

574 1520 674 1587 ipsi
708 1519 759 1573 in
790 1500 927 1573 bene
958 1516 1229 1571 utentibus
1254 1516 1497 1580 virtutes,
1522 1523 1577 1568 et
1608 1513 1660 1567 in
1690 1513 1829 1568 male
1855 1514 2159 1568 viventibus

571 1610 873 1677 passiones,
896 1608 1009 1662 sive
1030 1606 1480 1676 perturbationes,
1501 1614 1610 1669 aut,
1635 1613 1694 1659 ut
1714 1604 1926 1674 quidam
1948 1606 2155 1667 volunt.

571 1699 914 1767 aegritudines
945 1699 1095 1752 lium.
1130 1698 1237 1751 Nec
1280 1695 1533 1750 audiendi
1574 1706 1696 1749 sunt
1727 1694 1912 1760 Stoici,
1946 1696 2035 1764 qui
2063 1710 2155 1749 eas

2264 505 2607 572 distinguitur
2634 506 2702 560 de
2750 523 2857 577 quo
2892 506 3023 561 dicit
3071 508 3389 577 Apostolus:
3424 512 3580 567 Timor
3615 526 3700 571 non
3724 532 3780 572 ut

2264 594 2316 645 in
2337 596 2570 661 caritate,
2614 598 2704 649 sed
2747 602 2972 666 perfecta
3023 600 3208 653 caritas
3247 602 3384 669 foras
3411 604 3551 657 mittit
3595 608 3779 662 timorem

2265 681 2318 753 (I
2339 681 2493 739 Joan.
2524 700 2598 749 tv,
2629 684 2741 757 18).
2773 686 2907 753 Quia
2932 687 3021 742 ille
3044 702 3266 755 peccare
3285 691 3516 747 volentes
3534 693 3733 751 deterret
3757 716 3778 751 a

2265 775 2423 837 malo,
2445 783 2500 828 et
2523 774 2717 830 invitos
2741 787 2884 832 tenet
2907 777 2960 831 in
2989 778 3160 844 bono;
3190 780 3289 835 iste
3316 792 3483 836 autem
3498 783 3560 838 de
3578 800 3667 854 quo
3682 788 3780 843 dicit

2264 866 2546 935 prOpheta,
2595 867 2698 933 Qui
2735 871 2847 923 sine
2891 871 3072 925 timore
3119 882 3212 935 est,
3236 889 3337 927 non
3375 886 3527 942 potest
3551 880 3779 949 justifirari

2265 955 2465 1026 (Eccli.
2496 973 2535 1024 t,
2564 957 2635 1013 28
2650 957 2695 1029 ),
2726 958 2895 1029 magis
2916 960 3247 1016 incremento
3273 960 3290 999 1
3320 966 3545 1020 caritatis
3569 978 3777 1034 augetur;

2261 1058 2316 1102 et
2343 1048 2500 1104 aliter
2524 1051 2642 1119 quis
2666 1052 2835 1116 timet,
2865 1068 2933 1107 ne
2955 1055 3151 1108 malum
3173 1070 3280 1125 quo
3301 1058 3538 1126 puniatur
3556 1060 3777 1124 incurrat;

2260 1139 2435 1203 aliter,
2474 1157 2536 1195 ne
2586 1142 2783 1197 bonum
2814 1159 2918 1211 quo
2941 1145 3237 1199 delectatur
3266 1148 3486 1202 amittat.
3515 1150 3616 1204 Non
3655 1152 3781 1220 igitur

2260 1233 2431 1286 omnis
2460 1234 2619 1286 timor
2646 1234 2830 1289 haberi
2859 1235 3016 1288 debet
3045 1236 3095 1287 in
3127 1237 3275 1300 vitio,
3307 1239 3398 1291 sed
3427 1238 3513 1293 ille
3538 1250 3707 1293 tantum
3728 1244 3781 1296 de

2260 1338 2368 1390 quo
2397 1323 2651 1390 seriptum
2679 1334 2761 1378 est
2794 1342 2807 1376 :
2841 1325 2973 1390 Quia
3018 1327 3168 1379 timor
3198 1343 3395 1393 paruam
3418 1328 3555 1383 habet
3583 1329 3638 1399 (Ι
3656 1331 3777 1384 lena.

2262 1428 2331 1474 tv,
2371 1415 2437 1468 18
2470 1412 2509 1482 ).
2540 1413 2806 1469 Caeterum
2836 1416 2934 1470 iste
2958 1417 3025 1471 de
3050 1432 3156 1487 quo
3178 1418 3392 1485 dicitur,
3430 1419 3586 1472 Timor
3615 1421 3779 1474 Domini

2259 1505 2466 1574 expellit
2495 1516 2789 1572 peccatum;
2821 1517 2895 1575 et,
2922 1508 3022 1572 Qui
3060 1512 3172 1562 sine
3199 1512 3380 1565 timore
3410 1520 3497 1576 est,
3526 1529 3618 1565 non
3654 1526 3778 1582 potest

2247 1596 2564 1665 justi/ituri;
2610 1609 2685 1663 et,
2720 1598 2896 1653 Timor
2942 1601 3149 1655 Domini
3190 1613 3416 1667 sanctus,
3451 1622 3709 1674 permanens
3738 1607 3777 1658 in

2255 1690 2504 1743 saxulum
2530 1690 2709 1743 saculi
2730 1708 2750 1746 .’
2779 1708 2884 1746 non
2912 1703 2995 1748 est
3026 1694 3163 1749 inter
3186 1696 3312 1750 vitia
3341 1701 3684 1761 numerandus,
3707 1698 3780 1752 Std

571 1789 790 1859 penitus
823 1788 839 1826 ῖ
874 1788 1137 1842 eradicari
1192 1800 1347 1855 posse
1370 1830 1385 1854 ,
1424 1796 1478 1840 et
1518 1786 1716 1840 debere
1768 1785 2098 1840 contendunt
2136 1803 2148 1839 :
2183 1778 2228 1837 B
2257 1785 2432 1849 potius
2460 1781 2835 1852 intelligendus
2861 1795 2943 1839 est
2970 1786 3405 1843 vitiisinimicus.

571 1880 821 1948 quoiiiam
852 1879 1070 1932 omnino
1104 1878 1282 1932 nullus
1310 1886 1394 1931 est
1429 1890 1641 1943 sensus,
1672 1876 1759 1930 ubi
1792 1876 2037 1943 timendi,
2074 1877 2157 1930 vel

570 1970 824 2033 dolendi,
884 1969 1165 2036 cupiendi,
1210 1968 1321 2022 sive
1350 1967 1613 2037 gaudendi
1655 1967 1834 2021 nullus
1884 1967 2158 2020 invenitur

573 2062 814 2117 all‘ectus.
848 2062 1084 2129 Denique
1109 2061 1257 2130 quasi
1290 2070 1343 2114 et
1374 2059 1521 2127 ipsos
1552 2059 1841 2127 paeniteret
1889 2073 2001 2112 suae
2030 2074 2154 2112 sen-

556 2132 775 2218 (lentim,
807 2162 1030 2222 excepta
1082 2152 1320 2220 tristitia,
1350 2165 1511 2220 quam
1565 2149 1758 2203 cadere
1809 2150 1862 2202 in
1898 2150 2157 2218 sapientis

568 2246 804 2301 animum
831 2252 1047 2312 negant,
1074 2252 1099 2289 ε
1129 2243 1365 2310 reliquos
1391 2240 1619 2295 allectus
1640 2237 1694 2305 δ,
1724 2239 2030 2294 nominibus
2058 2240 2157 2293 im-

569 2336 809 2397 mutatis.
861 2336 1038 2389 inesse
1085 2332 1418 2401 sapientibus
1455 2331 1640 2385 dicunt
1671 2347 1683 2382 :
1712 2330 2011 2384 cautionem
2060 2344 2156 2398 pro

571 2430 784 2489 timore.
814 2442 909 2494 pro
939 2426 1118 2479 ltetitia
1150 2422 1425 2493 gaudium,
1455 2431 1510 2475 et
1538 2420 1863 2475 voluntatem
1886 2436 1983 2488 pro
2008 2420 2157 2488 cupi-

573 2520 742 2573 ditate
774 2526 1054 2587 ponentes.
1086 2515 1245 2581 Quasi
1289 2514 1505 2581 sapiens
1532 2527 1637 2566 non
1677 2513 1883 2580 timeat,
1929 2511 2023 2566 sed
2068 2526 2158 2567 ca-

572 2620 734 2674 veat;
765 2618 818 2664 et
844 2609 991 2674 velit,
1032 2623 1137 2663 non
1167 2608 1380 2677 cupiat;
1413 2620 1514 2660 nec
1564 2607 1776 2660 lactetur
1798 2604 1852 2660 in
1884 2606 1984 2658 hac
2024 2605 2155 2669 vita,

571 2702 665 2756 sed
696 2700 940 2768 gaudeat.
973 2699 1081 2751 Non
1112 2706 1287 2752 autem
1321 2696 1544 2752 credunt
1572 2697 1689 2763 ejus
1714 2694 2157 2749 contristariani-

576 2808 744 2856 mum,
790 2790 931 2860 quod
981 2789 1213 2856 tristitia,
1247 2805 1364 2858 quae
1396 2789 1640 2843 accidere
1680 2787 1820 2843 Solet
1859 2802 1922 2840 ex
1958 2783 1974 2823 ί
2008 2801 2157 2840 tom-

579 2884 745 2937 rnisso
773 2890 1015 2953 peccato,
1047 2882 1367 2951 sapientem,
1399 2893 1556 2948 quem
1594 2886 1782 2947 putant
1820 2876 2024 2930 nullum
2059 2875 2153 2929 ha-

571 2974 698 3029 bere
726 2983 1024 3044 peccatum,
1065 2972 1341 3026 stimulare
1371 2986 1475 3025 non
1508 2970 1675 3038 possit
1704 2968 1877 3037 aliqua
1905 2968 2157 3022 recorda-

571 3068 719 3123 tione
740 3067 966 3137 peccati.
990 3065 1141 3131 Qnod
1167 3079 1285 3118 esse
1314 3062 1663 3116 vanissimnm
1688 3059 1946 3113 Dominus
1974 3072 2156 3111 nosner

2325 1873 2380 1925 4.
2413 1881 2449 1908 η’
2483 1872 2599 1927 .lam
2642 1874 2769 1929 illud
2810 1878 2951 1946 quod
2984 1878 3185 1945 dicunt,
3225 1880 3358 1934 Boni
3381 1880 3571 1947 volunt,
3592 1882 3693 1935 mali
3711 1896 3780 1935 cu.

2257 1961 2438 2031 piunt;
2468 1964 2569 2026 vel,
2604 1964 2733 2018 Boni
2778 1967 3031 2034 gaudent,
3060 1971 3185 2023 mali
3233 1971 3477 2025 laxantur
3501 1986 3515 2025 :
3542 1974 3645 2040 quis
3670 1987 3783 2025 same

2259 2052 2453 2107 mentis
2482 2062 2507 2089 η
2538 2055 2817 2110 admittat?
2846 2058 2954 2112 imo
2992 2058 3113 2128 quis
3140 2074 3270 2113 sana
3304 2070 3477 2117 mente
3523 2077 3614 2115 non
3641 2061 3783 2115 redar-

2256 2146 2423 2214 guat?
2451 2147 2584 2200 Cum
2615 2158 2669 2202 et
2713 2147 2986 2218 Scriptura
3016 2164 3196 2206 nostra
3245 2154 3512 2209 hominem
3558 2154 3692 2208 malae
3712 2169 3781 2207 vo-

2257 2234 2473 2290 luntatis
2501 2232 2745 2306 increpet
2769 2240 2984 2302 dicens;
3016 2241 3140 2295 Noli
3169 2245 3299 2298 velle
3320 2245 3512 2298 mentiri
3528 2261 3656 2299 omne
3671 2260 3782 2296 nen-

2257 2324 2460 2379 dacium
2489 2326 2689 2393 (Eccli.
2742 2345 2837 2395 vn,
2870 2328 3008 2397 M);
3042 2341 3099 2388 et
3140 2334 3348 2390 Tullius
3376 2343 3546 2390 orator
3568 2335 3784 2404 amplissi-

2258 2430 2377 2471 mus
2406 2418 2748 2487 cupiditatem
2790 2432 2953 2490 ponat
2983 2431 3008 2459 ο
3058 2424 3109 2478 in
3145 2424 3311 2491 bono,
3345 2428 3429 2482 ubi
3455 2427 3604 2482 dicit:
3631 2426 3786 2495 Cupio,

2258 2519 2438 2578 patres
2466 2513 2779 2582 conscripti,
2828 2529 2913 2568 me
2955 2529 3076 2570 esse
3105 2517 3424 2573 eternentem
3470 2516 3632 2589 (Tull.
3659 2518 3730 2569 lib.
3755 2531 3786 2581 ι,

2257 2600 2452 2654 lnvect.
2497 2603 2553 2656 in
2595 2602 2818 2673 Catil.);
2865 2615 2918 2660 et
2963 2607 3101 2675 apud
3149 2608 3271 2663 illos
3305 2609 3544 2680 Virgilius
3592 2607 3718 2679 (Lib.
3743 2622 3783 2660 vt

2260 2690 2505 2757 Ᾰῐηείάη
2538 2710 2663 2748 vers.
2700 2695 2835 2759 752)
2868 2699 3116 2767 gaudium
3146 2700 3434 2768 vituperet,
3459 2701 3660 2755 dicens:

2348 2783 2490 2838 Hinc
2515 2797 2739 2842 metuunt
2756 2829 2774 2855 ,
2801 2792 3112 2862 cupiuntque
3136 2836 3151 2861 ,
3186 2793 3382 2857 dolent,
3413 2794 3716 2866 gaudentque.

2329 2874 2459 2930 Item
2482 2890 2603 2931 cum
2631 2877 2686 2933 in
2709 2880 2906 2935 malum
2936 2882 3088 2936 mala:
3113 2893 3140 2932 Ρ
3165 2886 3361 2939 mentis
3386 2884 3585 2954 gaudia,
3612 2892 3660 2938 et
3679 2883 3792 2950 apud

2258 2980 2357 3021 nos
2400 2968 2584 3022 lzetitia
2612 2978 2842 3038 ponatur
2867 2981 2896 3021 τι
2939 2974 2991 3028 in
3037 2973 3255 3042 bonum,
3310 2977 3559 3045 propheta
3585 2974 3785 3028 dicente:

2260 3057 2528 3113 Lwtamini
2546 3061 2599 3114 in
2622 3060 2863 3132 Domino,
2887 3074 2937 3118 et
2956 3067 3205 3121 exsultate
3214 3068 3351 3136 justi
3373 3067 3534 3139 (Psal.
3557 3082 3683 3133 snt,
3707 3064 3788 3131 ll).

572 3163 861 3218 secundum
893 3176 1109 3216 carnem
1142 3167 1295 3211 natus
1324 3156 1581 3219 ostendit,
1613 3153 1702 3223 qui
1743 3160 1797 3207 et
1826 3149 1999 3205 tristis
2038 3147 2154 3212 luit,
2188 3140 2235 3204 C
2335 3151 2390 3206 5.
2431 3150 2663 3207 Proinde
2701 3167 2888 3209 omnes
2922 3154 3052 3225 justi
3083 3166 3136 3212 et
3173 3166 3285 3212 tota
3327 3173 3527 3213 morum
3562 3156 3793 3212 sanciunt»,

572 3262 626 3308 et
650 3253 794 3307 ﬂevit
817 3250 1030 3320 (Matth.
1054 3248 1316 3313 xx\'t,37;
1347 3246 1475 3298 Luc.
1499 3260 1611 3307 xix,
1639 3243 1702 3298 41
1723 3260 1737 3307 ;
1762 3242 1916 3295 Joan.
1935 3257 2010 3307 XI,
2030 3243 2154 3308 '55);

573 3357 672 3397 nec
696 3351 872 3395 tamen
904 3355 968 3393 ea
996 3338 1209 3392 tristitia
1240 3352 1342 3405 qua
1367 3335 1534 3389 tristis
1560 3333 1679 3396 fuit,
1701 3333 1749 3387 ei
1778 3348 1843 3386 ex
1876 3331 1889 3381 i
1926 3332 2159 3400 peccatis

572 3436 684 3490 suis
722 3435 969 3498 accessit,
1003 3433 1093 3499 qui
1137 3432 1256 3484 sine
1302 3439 1522 3497 peccato
1565 3435 1857 3492 conceptus
1900 3437 1953 3478 et
1982 3433 2157 3486 natus,

574 3543 682 3581 non
730 3526 902 3580 solum
946 3538 1049 3578 non
1082 3522 1342 3592 peccavit,
1370 3519 1464 3573 scd
1494 3518 1653 3572 etiam
1683 3531 1904 3585 peccare
1929 3531 2034 3571 non
2066 3529 2162 3585 po-

573 3618 693 3673 tuit.

648 3707 702 3760 5.
738 3705 805 3760 lit
832 3712 1008 3758 autem
1037 3702 1103 3757 de
1131 3699 1241 3755 suis
1271 3713 1479 3768 quoque
1509 3695 1701 3750 litteris
1730 3696 1949 3749 istorum
1983 3694 2159 3750 revin-

508 3820 509 3823 η
575 3808 765 3855 cantur
794 3796 1007 3865 ineptia:
1054 3792 1145 3859 qui
1175 3798 1362 3861 putant
1403 3788 1695 3857 sapientem
1724 3784 2048 3847 contristari,
2080 3786 2159 3838 vel

574 3890 763 3945 dolore
789 3902 896 3942 non
939 3900 1115 3954 posse,
1162 3883 1338 3950 legant
1381 3880 1506 3934 illud
1535 3878 1672 3947 quod
1702 3892 1884 3932 eorum
1916 3877 2159 3930 doctissi-

576 3996 694 4037 mus
723 3980 833 4034 ait:
867 3997 885 4029 ι
921 3976 1054 4031 Nam
1084 3973 1304 4030 omnino
1334 3988 1438 4027 non
1466 3972 1669 4036 dolere,
1699 3986 1802 4024 non
1829 3971 1944 4024 sine
1970 3985 2158 4039 magna

576 4068 825 4129 mercede
848 4069 1107 4138 contingit
1151 4065 1496 4120 immanitatis
1536 4065 1587 4116 in
1621 4063 1819 4125 animo,
1847 4063 2080 4130 stuporis
2108 4061 2159 4114 in

574 4180 798 4234 corpore
826 4163 1020 4235 (Cicer.
1052 4161 1140 4215 lib.
1171 4175 1227 4213 Ill
1254 4158 1465 4212 Tuscul.
1501 4157 1695 4223 Quwst.
1731 4157 1794 4208 de
1821 4154 2158 4224 indolentia).

575 4255 650 4310 De
677 4254 870 4308 timore
898 4261 1076 4306 autem
1098 4264 1256 4320 quem
1289 4249 1362 4302 illi
1396 4258 1599 4317 ponunt
1625 4250 1676 4299 in
1700 4247 1859 4309 malo,
1889 4245 2159 4314 Scriptura

575 4356 755 4401 nostra
783 4344 1036 4411 loquitur,
1062 4342 1245 4397 dicens
1270 4358 1282 4394 :
1314 4339 1492 4393 Timor
1518 4339 1720 4393 Domini
1744 4349 1969 4404 sanctus,
1994 4336 2017 4374 ιε
2044 4354 2161 4408 per—

575 4454 786 4493 manens
830 4437 885 4491 in
928 4434 1171 4491 saeuiunt
1218 4434 1393 4489 sa'culi
1445 4432 1638 4503 (Psal.
1685 4448 1833 4499 mn,
1885 4432 2005 4502 10).
2054 4430 2159 4487 Sed

651 4696 676 4724 ι
710 4687 808 4740 Ms.
835 4698 993 4748 unus,
1015 4683 1101 4752 qui
1126 4682 1279 4736 simul
1301 4683 1704 4735 contristaretur.
1739 4682 1906 4743 Alius,
1938 4680 2025 4749 qui
2053 4697 2156 4733 tne—
2185 4681 2235 4741 D

579 4774 691 4811 cum
713 4756 1111 4807 contristaretur.

651 4826 677 4864 ι»
709 4827 833 4876 Mss.
863 4824 989 4885 duo,
1020 4823 1094 4875 vel
1124 4822 1300 4876 divini.

654 4907 675 4933 ο
704 4895 871 4957 Alias,
902 4902 1187 4946 creaturam
1213 4907 1231 4944 :
1266 4892 1477 4955 melius,
1507 4902 1763 4943 naturain.

652 4968 676 5001 α
704 4965 831 5017 Mss.
855 4973 1102 5030 quatuor,
1128 4962 1256 5013 bona
1282 4962 1359 5014 vel
1399 4963 1555 5013 mala.

654 5044 677 5071 ι·
705 5034 803 5087 Ms.
831 5046 987 5094 unus,
1015 5034 1067 5083 in
1096 5031 1324 5084 omnibus
1349 5048 1364 5088 :
1399 5046 1494 5084 nec
1524 5030 1680 5083 male.

658 5103 678 5142 ί
708 5103 834 5156 Mss.
867 5113 998 5165 treS,
1028 5102 1285 5154 eradimre
1308 5116 1454 5169 po:sc
1479 5111 1524 5152 et
1546 5100 1739 5153 debere.

654 5183 679 5221 ι
709 5173 835 5226 Mss.
868 5174 989 5236 duo,
1024 5173 1242 5237 reliquos
1273 5182 1371 5223 tres
1395 5169 1631 5236 affectus.

654 5241 680 5279 ¹¹
715 5244 810 5296 Ms.
841 5258 998 5306 unus,
1032 5242 1263 5294 omnibus
1290 5242 1451 5311 inesse
1476 5241 1806 5311 sapientibus.

659 5312 673 5349 ί
703 5312 798 5366 Ms.
828 5312 980 5365 Colb.
1006 5327 1163 5375 unus,
1187 5327 1248 5363 ea:
1269 5310 1493 5363 admisso
1516 5320 1788 5377 peccato...
1813 5310 1970 5379 possit
1990 5310 2163 5370 aliqua

580 5382 866 5439 recordatio
895 5382 1105 5453 peccati.
1141 5382 1309 5445 Alius,
1354 5397 1453 5433 non
1483 5396 1629 5450 posse
1657 5382 1882 5450 aliquam
1923 5383 2163 5433 recorda-

581 5457 769 5507 tionem
801 5452 1012 5521 peccati.

655 5526 672 5575 t
710 5521 804 5575 Ms.
838 5536 993 5585 unus,
1017 5537 1081 5575 ea:
1110 5531 1311 5588 pecca'o
1332 5536 1444 5575 suo.

655 5591 678 5629 ¹ί
720 5593 814 5645 Ms.
841 5606 998 5654 unus,
1026 5600 1298 5657 permanet.

661 5659 674 5699 ³
714 5661 872 5722 Ειιὶιί,
902 5662 1146 5715 veritatis.
1181 5658 1303 5713 Mss.
1336 5660 1591 5728 quinque,
1620 5662 1866 5713 caritatis.

656 5739 693 5765 ιη
727 5732 820 5781 Ms.
850 5747 1005 5794 unus,
1044 5730 1174 5783 Nam
1204 5729 1352 5782 illud.
1386 5734 1551 5793 Alter,
1580 5728 1696 5781 lunt
1725 5734 1885 5781 aliud.

2261 3241 2500 3309 perfecti,
2532 3241 2648 3298 sine
2675 3244 2849 3314 aliqua
2875 3246 3175 3301 Stoicorum
3203 3247 3538 3304 distinctione
3551 3244 3791 3316 superﬂua.

2263 3331 2453 3387 timent
2481 3340 2536 3387 et
2559 3343 2768 3399 cavent,
2799 3336 2985 3390 volunt
3012 3346 3065 3391 et
3094 3338 3338 3408 cupiunt,
3374 3341 3606 3394 laetantur
3629 3348 3675 3393 et
3695 3350 3792 3405 gau-

2262 3422 2410 3489 dent,
2443 3427 2831 3481 contristantur
2862 3438 2915 3483 et
2943 3428 3150 3494 dolent,
3184 3433 3276 3485 sed
3311 3434 3529 3488 interest
3552 3439 3580 3471 ι’
3606 3433 3786 3485 multum

2261 3516 2386 3584 quid
2419 3516 2644 3571 timeant
2685 3526 2779 3573 aut
2820 3530 3062 3585 caveant,
3101 3522 3265 3577 velint
3311 3534 3403 3578 aut
3444 3526 3661 3593 cnp7ant,
3687 3518 3795 3572 unde

2266 3608 2514 3662 laetentur
2542 3621 2634 3664 aut
2659 3611 2943 3678 gaudeant,
2969 3614 3357 3670 contristentur
3375 3624 3465 3669 aut
3486 3615 3697 3670 doleant.
3716 3610 3795 3664 He-

2264 3705 2419 3752 tuunt
2470 3699 2837 3755 hereditatem
2886 3703 3034 3771 regni
3065 3704 3300 3758 cmlestis
3329 3706 3592 3769 amittere;
3621 3701 3794 3768 cupiunt

2262 3793 2330 3848 ad
2385 3796 2658 3850 caelestem
2724 3800 2945 3865 patriam
3006 3799 3334 3866 pervenire;
3394 3799 3571 3854 dolent
3616 3793 3795 3852 tentati,

2263 3888 2496 3954 gaudent
2524 3886 2592 3941 de
2624 3896 2645 3924 ³
2686 3889 3067 3943 tentationibus
3121 3889 3331 3945 liberati
3361 3908 3375 3943 :
3406 3905 3467 3945 ac
3501 3906 3588 3959 per
3616 3890 3719 3947 hoc,
3740 3898 3799 3936 Ie~

2263 3985 2349 4031 cta
2378 3992 2530 4030 mens
2562 3977 2580 4012 ι
2616 3988 2792 4032 rectos
2824 3980 2981 4034 habet
3007 3981 3249 4041 affectus.
3279 3996 3523 4051 perversa
3548 3989 3795 4050 perversis.

2340 4069 2393 4123 6.
2418 4068 2646 4123 Sanctus
2668 4071 2992 4140 Augustinus
3010 4073 3312 4142 episcopus,
3333 4090 3458 4129 acer
3479 4073 3688 4143 ingenio,
3704 4081 3799 4121 sua-

2262 4159 2343 4213 vis
2385 4159 2630 4229 eloquio,
2662 4162 2937 4217 smcularis
2982 4164 3295 4220 litteratura:
3329 4168 3546 4234 peritus,
3580 4167 3625 4218 in
3665 4158 3800 4216 eccle-

2263 4250 2491 4303 siasticis
2541 4251 2810 4305 laboribus
2840 4269 3125 4323 operosus,
3157 4256 3209 4310 in
3244 4258 3563 4327 quotidianis
3601 4255 3798 4321 disputa-

2264 4339 2496 4395 tionibus
2523 4342 2722 4408 clarus,
2752 4345 2803 4397 in
2830 4347 2975 4400 omni
3008 4363 3102 4400 sua
3131 4350 3342 4402 actione
3364 4357 3393 4385 ιι
3420 4346 3736 4416 compositus,
3760 4340 3799 4393 in

2262 4433 2599 4503 expositione
2625 4445 2652 4473 ν
2686 4436 2804 4491 lidei
2838 4449 3037 4492 nostra:
3083 4438 3381 4495 catholicus
3409 4482 3423 4503 ,
3460 4442 3511 4495 in
3539 4431 3798 4511 quaestioni-

2333 4689 2359 4716 η
2389 4680 2534 4753 Edit.
2563 4680 2755 4749 Lngd.,
2778 4681 3001 4735 admittit
3029 4683 3221 4749 animo,
3253 4684 3387 4753 quis,
3415 4693 3521 4738 etc.

2340 4759 2364 4785 °
2396 4752 2518 4809 Mss.
2554 4759 2680 4816 tres,
2716 4753 2770 4804 in
2798 4755 3001 4807 bonum.

2343 4831 2367 4868 ιτ
2398 4821 2539 4875 Edit.
2579 4813 2805 4887 Lovan.,
2860 4825 3010 4875 mala:
3039 4824 3217 4889 gentis.
3253 4821 3445 4890 Lugd.,
3480 4819 3604 4875 Item
3640 4833 3736 4890 cum
3758 4813 3802 4890 in

2269 4891 2459 4945 malum
2491 4891 2643 4944 mala:
2662 4884 2842 4944 mentis
2864 4884 3058 4960 gaudia
3081 4894 3222 4960 apud
3264 4884 3376 4955 ηοξ,
3403 4884 3449 4946 et
3480 4892 3615 4945 bontc
3646 4884 3801 4960 latitia

2270 4972 2491 5030 ponatur
2518 4963 2569 5013 in
2588 4964 2795 5031 bonum.
2827 4954 2883 5015 Ιιῖ
2922 4978 3022 5015 ms.
3056 4954 3220 5031 Regio
3249 4954 3443 5016 desunt
3473 4964 3598 5023 hcce,
3628 4954 3804 5031 tumuit!

2272 5026 2481 5083 iunium.
2540 5031 2634 5084 Ms.
2665 5030 2819 5085 Colb.
2852 5048 3008 5097 unus,
3056 5026 3189 5086 Item
3223 5033 3373 5085 mala:
3418 5033 3594 5085 mentis
3629 5026 3803 5098 gaudia.

2267 5102 2418 5155 Alter
2437 5100 2616 5165 Colb.,
2641 5100 2771 5154 Item
2792 5112 2909 5155 sunt
2934 5112 2978 5156 et
2998 5092 3146 5155 'mala
3185 5104 3363 5156 mentis
3387 5103 3595 5173 gaudia,
3624 5092 3666 5152 Et
3696 5092 3805 5161 ιιι-αδ

2267 5182 2510 5231 nos,,etc.

2346 5251 2371 5289 ιι
2406 5242 2531 5293 Mss.
2565 5239 2692 5307 duo,
2723 5241 2777 5294 in
2805 5242 2955 5295 bono.
2986 5242 3133 5297 Unus
3158 5257 3222 5297 ex
3253 5244 3352 5303 his.
3384 5243 3589 5310 ponitur
3614 5240 3660 5310 in
3681 5236 3803 5310 batio-

2342 5320 2363 5347 ¹’
2385 5311 2482 5364 Ms.
2502 5326 2659 5375 unus,
2680 5305 2885 5364 malum
2907 5314 3039 5379 quod
3063 5315 3290 5380 timeant,
3314 5305 3498 5365 bonum
3518 5309 3646 5381 quod
3664 5305 3807 5361 vein!-

2340 5387 2362 5414 ³
2392 5382 2486 5433 Ms.
2519 5396 2679 5443 unus,
2711 5381 2774 5434 de
2799 5384 3090 5437 tentatioue.

2345 5453 2361 5487 ι
2400 5451 2522 5504 Mss.
2548 5461 2796 5518 quatuor,
2826 5464 2878 5505 et
2911 5452 3103 5519 Lugd.,
3126 5460 3287 5506 rectos
3314 5454 3401 5505 bos
3428 5450 3573 5504 habet
3608 5447 3804 5511 affectus

2300 5527 2361 5600 ἰὴ
2391 5520 2487 5573 Ms.
2518 5536 2676 5586 unus,
2700 5532 2949 5591 comptus.
2987 5524 3119 5589 Duo,
3149 5532 3497 5591 compunctue.
3534 5520 3686 5583 Unus,
3708 5530 3806 5568 con-

2264 5598 2444 5642 victus.
3075 5610 3083 5617 ·

2336 5669 2360 5695 '
2394 5659 2556 5721 Etliti,
2579 5661 2633 5712 in
2659 5662 2972 5725 expositione
2997 5678 3110 5715 sua.
3144 5663 3299 5715 Deest
3329 5679 3417 5714 sua
3457 5662 3505 5713 in
3552 5674 3669 5711 mss.
3698 5669 3805 5723 qni-

2264 5740 2406 5792 tuor,
2444 5729 2495 5781 in
2525 5745 2748 5797 quorum
2787 5732 2991 5786 :luuhus
3024 5735 3201 5791 habes
3234 5734 3351 5797 ﬁdei
3384 5742 3587 5784 tamld’.
