  <div class='ocr_page' id='page_1' title='image "/cluster/home/n/w/nwhite01/storage/ocr_20150623/59/hvd.32044073505117/266.png"; bbox 0 0 4000 6176; ppageno 0'>
   <div class='ocr_carea' id='block_1_1' title="bbox 205 356 307 414">
    <p class='ocr_par' dir='ltr' id='par_1_1' title="bbox 205 356 307 414">
     <span class='ocr_line' id='line_1_1' title="bbox 205 356 307 414; baseline -0.029 -1"><span class='ocrx_word' id='word_1_1' title='bbox 205 356 307 414; x_wconf 64' lang='grc' dir='ltr'>,ει-ι</span> 
     </span>
    </p>
   </div>
   <div class='ocr_carea' id='block_1_2' title="bbox 1254 348 2457 408">
    <p class='ocr_par' dir='ltr' id='par_1_2' title="bbox 1254 348 2457 408">
     <span class='ocr_line' id='line_1_2' title="bbox 1254 348 2457 408; baseline -0.004 0"><span class='ocrx_word' id='word_1_2' title='bbox 1254 354 1341 408; x_wconf 87' lang='lat' dir='ltr'><strong>DE</strong></span> <span class='ocrx_word' id='word_1_3' title='bbox 1381 352 1540 407; x_wconf 74' lang='lat' dir='ltr'><strong>VITA</strong></span> <span class='ocrx_word' id='word_1_4' title='bbox 1581 348 2160 406; x_wconf 71' lang='lat' dir='ltr'><strong>CONTEMPLATIVA</strong></span> <span class='ocrx_word' id='word_1_5' title='bbox 2200 349 2327 404; x_wconf 88' lang='lat' dir='ltr'><strong>LIB.</strong></span> <span class='ocrx_word' id='word_1_6' title='bbox 2373 350 2457 404; x_wconf 91' lang='lat' dir='ltr'><strong>IlI.</strong></span> 
     </span>
    </p>
   </div>
   <div class='ocr_carea' id='block_1_3' title="bbox 3388 356 3491 411">
    <p class='ocr_par' dir='ltr' id='par_1_3' title="bbox 3388 356 3491 411">
     <span class='ocr_line' id='line_1_3' title="bbox 3388 356 3491 411; baseline 0.019 -2"><span class='ocrx_word' id='word_1_7' title='bbox 3388 356 3491 411; x_wconf 84' lang='lat' dir='ltr'><strong>5l8</strong></span> 
     </span>
    </p>
   </div>
   <div class='ocr_carea' id='block_1_4' title="bbox 204 461 3493 535">
    <p class='ocr_par' dir='ltr' id='par_1_4' title="bbox 204 461 3493 535">
     <span class='ocr_line' id='line_1_4' title="bbox 204 461 3493 535; baseline -0.002 -8"><span class='ocrx_word' id='word_1_8' title='bbox 204 477 303 527; x_wconf 87' lang='lat' dir='ltr'><strong>bus</strong></span> <span class='ocrx_word' id='word_1_9' title='bbox 333 470 680 526; x_wconf 76' lang='lat' dir='ltr'><strong>absolvendis</strong></span> <span class='ocrx_word' id='word_1_10' title='bbox 709 479 921 535; x_wconf 81' lang='lat' dir='ltr'><strong>acutus,</strong></span> <span class='ocrx_word' id='word_1_11' title='bbox 951 467 1001 521; x_wconf 90' lang='lat' dir='ltr'><strong>in</strong></span> <span class='ocrx_word' id='word_1_12' title='bbox 1031 465 1378 521; x_wconf 86' lang='lat' dir='ltr'><strong>revinceudis</strong></span> <span class='ocrx_word' id='word_1_13' title='bbox 1406 462 1672 518; x_wconf 68' lang='lat' dir='ltr'><strong>haereticis</strong></span> <span class='ocrx_word' id='word_1_14' title='bbox 1702 462 1806 517; x_wconf 88' lang='lat' dir='ltr'><strong>cir-</strong></span> <span class='ocrx_word' id='word_1_15' title='bbox 1834 469 1882 524; x_wconf 76' lang='grc' dir='ltr'><strong>Α</strong></span> <span class='ocrx_word' id='word_1_16' title='bbox 1913 462 2169 527; x_wconf 88' lang='lat' dir='ltr'><strong>manebit,</strong></span> <span class='ocrx_word' id='word_1_17' title='bbox 2202 463 2325 531; x_wconf 85' lang='lat' dir='ltr'><strong>quia</strong></span> <span class='ocrx_word' id='word_1_18' title='bbox 2349 461 2400 515; x_wconf 93' lang='lat' dir='ltr'><strong>in</strong></span> <span class='ocrx_word' id='word_1_19' title='bbox 2426 461 2678 515; x_wconf 85' lang='lat' dir='ltr'><strong>saeculum</strong></span> <span class='ocrx_word' id='word_1_20' title='bbox 2702 462 2883 517; x_wconf 60' lang='lat' dir='ltr'><strong>saeculi</strong></span> <span class='ocrx_word' id='word_1_21' title='bbox 2908 464 3298 532; x_wconf 88' lang='lat' dir='ltr'><strong>permanebunt</strong></span> <span class='ocrx_word' id='word_1_22' title='bbox 3316 466 3404 522; x_wconf 90' lang='lat' dir='ltr'><strong>illa</strong></span> <span class='ocrx_word' id='word_1_23' title='bbox 3427 470 3493 521; x_wconf 85' lang='lat' dir='ltr'><strong>ad</strong></span> 
     </span>
    </p>
   </div>
   <div class='ocr_carea' id='block_1_5' title="bbox 202 553 1812 631">
    <p class='ocr_par' dir='ltr' id='par_1_5' title="bbox 202 553 1812 631">
     <span class='ocr_line' id='line_1_5' title="bbox 202 553 1812 631; baseline -0.008 -12"><span class='ocrx_word' id='word_1_24' title='bbox 202 569 577 631; x_wconf 76' lang='lat' dir='ltr'><strong>cuiuspectns,</strong></span> <span class='ocrx_word' id='word_1_25' title='bbox 611 570 664 615; x_wconf 93' lang='lat' dir='ltr'><strong>et</strong></span> <span class='ocrx_word' id='word_1_26' title='bbox 697 569 721 596; x_wconf 81' lang='grc' dir='ltr'><strong>ιι</strong></span> <span class='ocrx_word' id='word_1_27' title='bbox 759 560 811 613; x_wconf 89' lang='lat' dir='ltr'><strong>in</strong></span> <span class='ocrx_word' id='word_1_28' title='bbox 838 556 1168 626; x_wconf 80' lang='lat' dir='ltr'><strong>explicandis</strong></span> <span class='ocrx_word' id='word_1_29' title='bbox 1199 556 1494 623; x_wconf 85' lang='lat' dir='ltr'><strong>Scripturis</strong></span> <span class='ocrx_word' id='word_1_30' title='bbox 1533 553 1812 608; x_wconf 83' lang='lat' dir='ltr'><strong>canonicis</strong></span> 
     </span>
    </p>
   </div>
   <div class='ocr_carea' id='block_1_6' title="bbox 201 646 1807 722">
    <p class='ocr_par' dir='ltr' id='par_1_6' title="bbox 201 646 1807 722">
     <span class='ocr_line' id='line_1_6' title="bbox 201 646 1807 722; baseline -0.006 -13"><span class='ocrx_word' id='word_1_31' title='bbox 201 663 430 718; x_wconf 89' lang='lat' dir='ltr'><strong>cautus;</strong></span> <span class='ocrx_word' id='word_1_32' title='bbox 463 655 578 722; x_wconf 87' lang='lat' dir='ltr'><strong>ipse</strong></span> <span class='ocrx_word' id='word_1_33' title='bbox 604 666 733 720; x_wconf 87' lang='lat' dir='ltr'><strong>ergo</strong></span> <span class='ocrx_word' id='word_1_34' title='bbox 758 692 775 717; x_wconf 94' lang='lat'><strong>,</strong></span> <span class='ocrx_word' id='word_1_35' title='bbox 803 666 962 721; x_wconf 85' lang='lat' dir='ltr'><strong>quem</strong></span> <span class='ocrx_word' id='word_1_36' title='bbox 993 651 1043 704; x_wconf 92' lang='lat' dir='ltr'><strong>in</strong></span> <span class='ocrx_word' id='word_1_37' title='bbox 1077 650 1158 704; x_wconf 90' lang='lat' dir='ltr'><strong>bis</strong></span> <span class='ocrx_word' id='word_1_38' title='bbox 1187 648 1383 703; x_wconf 85' lang='lat' dir='ltr'><strong>libellis</strong></span> <span class='ocrx_word' id='word_1_39' title='bbox 1412 663 1509 717; x_wconf 89' lang='lat' dir='ltr'><strong>pro</strong></span> <span class='ocrx_word' id='word_1_40' title='bbox 1535 646 1807 717; x_wconf 87' lang='lat' dir='ltr'><strong>possibili-</strong></span> 
     </span>
    </p>
   </div>
   <div class='ocr_carea' id='block_1_7' title="bbox 203 737 1807 811">
    <p class='ocr_par' dir='ltr' id='par_1_7' title="bbox 203 737 1807 811">
     <span class='ocr_line' id='line_1_7' title="bbox 203 737 1807 811; baseline -0.004 -13"><span class='ocrx_word' id='word_1_41' title='bbox 203 756 316 799; x_wconf 89' lang='lat' dir='ltr'><strong>tate</strong></span> <span class='ocrx_word' id='word_1_42' title='bbox 341 753 569 799; x_wconf 85' lang='lat' dir='ltr'><strong>secutus</strong></span> <span class='ocrx_word' id='word_1_43' title='bbox 600 758 715 797; x_wconf 91' lang='lat' dir='ltr'><strong>sum</strong></span> <span class='ocrx_word' id='word_1_44' title='bbox 735 787 750 811; x_wconf 91' lang='lat'><strong>,</strong></span> <span class='ocrx_word' id='word_1_45' title='bbox 785 742 923 797; x_wconf 87' lang='lat' dir='ltr'><strong>hanc</strong></span> <span class='ocrx_word' id='word_1_46' title='bbox 945 742 1299 810; x_wconf 75' lang='lat' dir='ltr'><strong>quaestionem</strong></span> <span class='ocrx_word' id='word_1_47' title='bbox 1328 779 1344 804; x_wconf 92' lang='lat'><strong>,</strong></span> <span class='ocrx_word' id='word_1_48' title='bbox 1372 739 1438 793; x_wconf 90' lang='lat' dir='ltr'><strong>de</strong></span> <span class='ocrx_word' id='word_1_49' title='bbox 1468 754 1567 807; x_wconf 90' lang='lat' dir='ltr'><strong>qua</strong></span> <span class='ocrx_word' id='word_1_50' title='bbox 1596 737 1769 805; x_wconf 88' lang='lat' dir='ltr'><strong>agitur</strong></span> <span class='ocrx_word' id='word_1_51' title='bbox 1791 779 1807 804; x_wconf 92' lang='lat'><strong>,</strong></span> 
     </span>
    </p>
   </div>
   <div class='ocr_carea' id='block_1_8' title="bbox 202 827 1813 898">
    <p class='ocr_par' dir='ltr' id='par_1_8' title="bbox 202 827 1813 898">
     <span class='ocr_line' id='line_1_8' title="bbox 202 827 1813 898; baseline -0.005 -12"><span class='ocrx_word' id='word_1_52' title='bbox 202 836 307 887; x_wconf 91' lang='lat' dir='ltr'><strong>hoc</strong></span> <span class='ocrx_word' id='word_1_53' title='bbox 332 833 503 886; x_wconf 85' lang='lat' dir='ltr'><strong>modo</strong></span> <span class='ocrx_word' id='word_1_54' title='bbox 527 833 874 898; x_wconf 88' lang='lat' dir='ltr'><strong>determinat,</strong></span> <span class='ocrx_word' id='word_1_55' title='bbox 901 831 1084 886; x_wconf 90' lang='lat' dir='ltr'><strong>dicens</strong></span> <span class='ocrx_word' id='word_1_56' title='bbox 1109 848 1122 883; x_wconf 89' lang='lat'><strong>:</strong></span> <span class='ocrx_word' id='word_1_57' title='bbox 1151 848 1169 879; x_wconf 77' lang='grc' dir='ltr'><strong>ι</strong></span> <span class='ocrx_word' id='word_1_58' title='bbox 1203 830 1265 884; x_wconf 88' lang='lat' dir='ltr'><strong>Hi</strong></span> <span class='ocrx_word' id='word_1_59' title='bbox 1288 840 1489 896; x_wconf 87' lang='lat' dir='ltr'><strong>motus,</strong></span> <span class='ocrx_word' id='word_1_60' title='bbox 1517 828 1568 881; x_wconf 89' lang='lat' dir='ltr'><strong>hi</strong></span> <span class='ocrx_word' id='word_1_61' title='bbox 1590 827 1813 882; x_wconf 64' lang='lat' dir='ltr'><strong>allectus</strong></span> 
     </span>
    </p>
   </div>
   <div class='ocr_carea' id='block_1_9' title="bbox 200 919 1813 987">
    <p class='ocr_par' dir='ltr' id='par_1_9' title="bbox 200 919 1813 987">
     <span class='ocr_line' id='line_1_9' title="bbox 200 919 1813 987; baseline -0.004 -9"><span class='ocrx_word' id='word_1_62' title='bbox 200 927 266 978; x_wconf 87' lang='lat' dir='ltr'><strong>de</strong></span> <span class='ocrx_word' id='word_1_63' title='bbox 295 938 493 978; x_wconf 89' lang='lat' dir='ltr'><strong>amore</strong></span> <span class='ocrx_word' id='word_1_64' title='bbox 518 923 545 962; x_wconf 69' lang='grc' dir='ltr'>ι»</span> <span class='ocrx_word' id='word_1_65' title='bbox 579 924 724 987; x_wconf 85' lang='lat' dir='ltr'><strong>boni,</strong></span> <span class='ocrx_word' id='word_1_66' title='bbox 751 932 806 977; x_wconf 85' lang='lat' dir='ltr'><strong>et</strong></span> <span class='ocrx_word' id='word_1_67' title='bbox 828 923 895 976; x_wconf 92' lang='lat' dir='ltr'><strong>de</strong></span> <span class='ocrx_word' id='word_1_68' title='bbox 941 931 1122 976; x_wconf 89' lang='lat' dir='ltr'><strong>sancta</strong></span> <span class='ocrx_word' id='word_1_69' title='bbox 1168 920 1391 975; x_wconf 82' lang='lat' dir='ltr'><strong>caritate</strong></span> <span class='ocrx_word' id='word_1_70' title='bbox 1422 919 1696 973; x_wconf 74' lang='lat' dir='ltr'><strong>venientes</strong></span> <span class='ocrx_word' id='word_1_71' title='bbox 1716 958 1735 984; x_wconf 88' lang='lat'><strong>,</strong></span> <span class='ocrx_word' id='word_1_72' title='bbox 1766 919 1813 972; x_wconf 87' lang='lat' dir='ltr'><strong>si</strong></span> 
     </span>
    </p>
   </div>
   <div class='ocr_carea' id='block_1_10' title="bbox 202 1007 1814 1078">
    <p class='ocr_par' dir='ltr' id='par_1_10' title="bbox 202 1007 1814 1078">
     <span class='ocr_line' id='line_1_10' title="bbox 202 1007 1814 1078; baseline -0.003 -12"><span class='ocrx_word' id='word_1_73' title='bbox 202 1014 333 1067; x_wconf 87' lang='lat' dir='ltr'><strong>vitia</strong></span> <span class='ocrx_word' id='word_1_74' title='bbox 373 1014 619 1067; x_wconf 89' lang='lat' dir='ltr'><strong>vocanda</strong></span> <span class='ocrx_word' id='word_1_75' title='bbox 649 1022 795 1076; x_wconf 91' lang='lat' dir='ltr'><strong>sunt,</strong></span> <span class='ocrx_word' id='word_1_76' title='bbox 838 1013 1078 1065; x_wconf 88' lang='lat' dir='ltr'><strong>sinamus</strong></span> <span class='ocrx_word' id='word_1_77' title='bbox 1105 1020 1162 1063; x_wconf 92' lang='lat' dir='ltr'><strong>ut</strong></span> <span class='ocrx_word' id='word_1_78' title='bbox 1209 1026 1272 1063; x_wconf 87' lang='lat' dir='ltr'><strong>ea</strong></span> <span class='ocrx_word' id='word_1_79' title='bbox 1314 1025 1432 1078; x_wconf 67' lang='lat' dir='ltr'><strong>qum</strong></span> <span class='ocrx_word' id='word_1_80' title='bbox 1466 1019 1488 1047; x_wconf 72' lang='grc' dir='ltr'>ε</span> <span class='ocrx_word' id='word_1_81' title='bbox 1518 1023 1646 1062; x_wconf 87' lang='lat' dir='ltr'><strong>vere</strong></span> <span class='ocrx_word' id='word_1_82' title='bbox 1685 1007 1814 1061; x_wconf 80' lang='lat' dir='ltr'><strong>vitia</strong></span> 
     </span>
    </p>
   </div>
   <div class='ocr_carea' id='block_1_11' title="bbox 200 1099 1814 1159">
    <p class='ocr_par' dir='ltr' id='par_1_11' title="bbox 200 1099 1814 1159">
     <span class='ocr_line' id='line_1_11' title="bbox 200 1099 1814 1159; baseline -0.005 0"><span class='ocrx_word' id='word_1_83' title='bbox 200 1114 331 1159; x_wconf 90' lang='lat' dir='ltr'><strong>sunt</strong></span> <span class='ocrx_word' id='word_1_84' title='bbox 382 1104 616 1158; x_wconf 79' lang='lat' dir='ltr'><strong>virtutes</strong></span> <span class='ocrx_word' id='word_1_85' title='bbox 657 1112 937 1157; x_wconf 78' lang='lat' dir='ltr'><strong>vocentur.</strong></span> <span class='ocrx_word' id='word_1_86' title='bbox 982 1101 1091 1155; x_wconf 86' lang='lat' dir='ltr'><strong>Sed</strong></span> <span class='ocrx_word' id='word_1_87' title='bbox 1134 1116 1255 1154; x_wconf 90' lang='lat' dir='ltr'><strong>cum</strong></span> <span class='ocrx_word' id='word_1_88' title='bbox 1308 1111 1510 1154; x_wconf 83' lang='lat' dir='ltr'><strong>rectam</strong></span> <span class='ocrx_word' id='word_1_89' title='bbox 1552 1099 1814 1153; x_wconf 87' lang='lat' dir='ltr'><strong>rationem</strong></span> 
     </span>
    </p>
   </div>
   <div class='ocr_carea' id='block_1_12' title="bbox 201 1190 1809 1265">
    <p class='ocr_par' dir='ltr' id='par_1_12' title="bbox 201 1190 1809 1265">
     <span class='ocr_line' id='line_1_12' title="bbox 201 1190 1809 1265; baseline -0.004 -15"><span class='ocrx_word' id='word_1_90' title='bbox 201 1196 229 1233; x_wconf 73' lang='grc' dir='ltr'>ἀ</span> <span class='ocrx_word' id='word_1_91' title='bbox 258 1206 573 1265; x_wconf 89' lang='lat' dir='ltr'><strong>sequantur</strong></span> <span class='ocrx_word' id='word_1_92' title='bbox 600 1195 716 1247; x_wconf 77' lang='lat' dir='ltr'><strong>ista:</strong></span> <span class='ocrx_word' id='word_1_93' title='bbox 740 1194 1070 1257; x_wconf 77' lang='lat' dir='ltr'><strong>alfectioues,</strong></span> <span class='ocrx_word' id='word_1_94' title='bbox 1096 1192 1310 1261; x_wconf 83' lang='lat' dir='ltr'><strong>quando</strong></span> <span class='ocrx_word' id='word_1_95' title='bbox 1337 1200 1396 1244; x_wconf 92' lang='lat' dir='ltr'><strong>ut</strong></span> <span class='ocrx_word' id='word_1_96' title='bbox 1421 1197 1631 1259; x_wconf 65' lang='lat' dir='ltr'><strong>oportet</strong></span> <span class='ocrx_word' id='word_1_97' title='bbox 1658 1190 1809 1244; x_wconf 84' lang='lat' dir='ltr'><strong>adhi-</strong></span> 
     </span>
    </p>
   </div>
   <div class='ocr_carea' id='block_1_13' title="bbox 201 1281 1812 1355">
    <p class='ocr_par' dir='ltr' id='par_1_13' title="bbox 201 1281 1812 1355">
     <span class='ocr_line' id='line_1_13' title="bbox 201 1281 1812 1355; baseline -0.004 -13"><span class='ocrx_word' id='word_1_98' title='bbox 201 1289 431 1353; x_wconf 90' lang='lat' dir='ltr'><strong>bentur,</strong></span> <span class='ocrx_word' id='word_1_99' title='bbox 462 1287 587 1355; x_wconf 85' lang='lat' dir='ltr'><strong>quis</strong></span> <span class='ocrx_word' id='word_1_100' title='bbox 616 1300 709 1340; x_wconf 81' lang='lat' dir='ltr'><strong>eas</strong></span> <span class='ocrx_word' id='word_1_101' title='bbox 739 1294 866 1339; x_wconf 90' lang='lat' dir='ltr'><strong>tunc</strong></span> <span class='ocrx_word' id='word_1_102' title='bbox 899 1294 925 1322; x_wconf 75' lang='grc' dir='ltr'><strong><em>ο</em></strong></span> <span class='ocrx_word' id='word_1_103' title='bbox 955 1286 1173 1338; x_wconf 80' lang='lat' dir='ltr'><strong>morbos</strong></span> <span class='ocrx_word' id='word_1_104' title='bbox 1200 1292 1255 1338; x_wconf 90' lang='lat' dir='ltr'><strong>et</strong></span> <span class='ocrx_word' id='word_1_105' title='bbox 1284 1281 1503 1336; x_wconf 89' lang='lat' dir='ltr'><strong>vitiosas</strong></span> <span class='ocrx_word' id='word_1_106' title='bbox 1537 1282 1812 1348; x_wconf 86' lang='lat' dir='ltr'><strong>passiones</strong></span> 
     </span>
    </p>
   </div>
   <div class='ocr_carea' id='block_1_14' title="bbox 200 1370 1809 1447">
    <p class='ocr_par' dir='ltr' id='par_1_14' title="bbox 200 1370 1809 1447">
     <span class='ocr_line' id='line_1_14' title="bbox 200 1370 1809 1447; baseline -0.005 -17"><span class='ocrx_word' id='word_1_107' title='bbox 200 1377 408 1430; x_wconf 80' lang='lat' dir='ltr'><strong>audeat</strong></span> <span class='ocrx_word' id='word_1_108' title='bbox 436 1377 624 1430; x_wconf 78' lang='lat' dir='ltr'><strong>dicere</strong></span> <span class='ocrx_word' id='word_1_109' title='bbox 654 1375 823 1447; x_wconf 79' lang='lat' dir='ltr'><strong>(Aug.</strong></span> <span class='ocrx_word' id='word_1_110' title='bbox 857 1376 947 1428; x_wconf 83' lang='lat' dir='ltr'><strong>lib.</strong></span> <span class='ocrx_word' id='word_1_111' title='bbox 983 1390 1071 1428; x_wconf 80' lang='lat' dir='ltr'><strong>xw</strong></span> <span class='ocrx_word' id='word_1_112' title='bbox 1103 1375 1166 1427; x_wconf 89' lang='lat' dir='ltr'><strong>de</strong></span> <span class='ocrx_word' id='word_1_113' title='bbox 1195 1373 1345 1427; x_wconf 71' lang='lat' dir='ltr'><strong>Cit&#39;it.</strong></span> <span class='ocrx_word' id='word_1_114' title='bbox 1378 1370 1477 1427; x_wconf 81' lang='lat' dir='ltr'><strong>Dei</strong></span> <span class='ocrx_word' id='word_1_115' title='bbox 1500 1389 1615 1440; x_wconf 86' lang='lat' dir='ltr'><strong>cap.</strong></span> <span class='ocrx_word' id='word_1_116' title='bbox 1647 1371 1750 1441; x_wconf 87' lang='lat'><strong>9)?</strong></span> <span class='ocrx_word' id='word_1_117' title='bbox 1790 1391 1809 1422; x_wconf 74' lang='grc' dir='ltr'><strong>ι</strong></span> 
     </span>
    </p>
   </div>
   <div class='ocr_carea' id='block_1_15' title="bbox 202 1462 1816 1533">
    <p class='ocr_par' dir='ltr' id='par_1_15' title="bbox 202 1462 1816 1533">
     <span class='ocr_line' id='line_1_15' title="bbox 202 1462 1816 1533; baseline -0.002 -13"><span class='ocrx_word' id='word_1_118' title='bbox 202 1468 359 1533; x_wconf 71' lang='lat' dir='ltr'><strong>Quae</strong></span> <span class='ocrx_word' id='word_1_119' title='bbox 386 1467 705 1521; x_wconf 76' lang='lat' dir='ltr'><strong>aﬂ&#39;ectiones</strong></span> <span class='ocrx_word' id='word_1_120' title='bbox 737 1477 794 1520; x_wconf 91' lang='lat' dir='ltr'><strong>ut</strong></span> <span class='ocrx_word' id='word_1_121' title='bbox 818 1482 887 1520; x_wconf 81' lang='lat' dir='ltr'><strong>ex</strong></span> <span class='ocrx_word' id='word_1_122' title='bbox 940 1465 1279 1519; x_wconf 84' lang='lat' dir='ltr'><strong>mortalitatis</strong></span> <span class='ocrx_word' id='word_1_123' title='bbox 1303 1464 1610 1518; x_wconf 89' lang='lat' dir='ltr'><strong>conditione</strong></span> <span class='ocrx_word' id='word_1_124' title='bbox 1661 1462 1816 1517; x_wconf 91' lang='lat' dir='ltr'><strong>nobis</strong></span> 
     </span>
    </p>
   </div>
   <div class='ocr_carea' id='block_1_16' title="bbox 202 1551 1818 1621">
    <p class='ocr_par' dir='ltr' id='par_1_16' title="bbox 202 1551 1818 1621">
     <span class='ocr_line' id='line_1_16' title="bbox 202 1551 1818 1621; baseline -0.004 -9"><span class='ocrx_word' id='word_1_125' title='bbox 202 1559 395 1612; x_wconf 84' lang='lat' dir='ltr'><strong>inesse</strong></span> <span class='ocrx_word' id='word_1_126' title='bbox 429 1566 779 1621; x_wconf 85' lang='lat' dir='ltr'><strong>monstraret,</strong></span> <span class='ocrx_word' id='word_1_127' title='bbox 810 1566 863 1609; x_wconf 89' lang='lat' dir='ltr'><strong>et</strong></span> <span class='ocrx_word' id='word_1_128' title='bbox 900 1554 1026 1609; x_wconf 90' lang='lat' dir='ltr'><strong>huic</strong></span> <span class='ocrx_word' id='word_1_129' title='bbox 1062 1555 1183 1609; x_wconf 62' lang='lat' dir='ltr'><strong>vita:</strong></span> <span class='ocrx_word' id='word_1_130' title='bbox 1215 1554 1563 1616; x_wconf 77' lang='lat' dir='ltr'><strong>necessarias,</strong></span> <span class='ocrx_word' id='word_1_131' title='bbox 1600 1570 1703 1608; x_wconf 94' lang='lat' dir='ltr'><strong>non</strong></span> <span class='ocrx_word' id='word_1_132' title='bbox 1736 1551 1818 1606; x_wconf 88' lang='lat' dir='ltr'><strong>fu-</strong></span> 
     </span>
    </p>
   </div>
   <div class='ocr_carea' id='block_1_17' title="bbox 202 1643 1813 1717">
    <p class='ocr_par' dir='ltr' id='par_1_17' title="bbox 202 1643 1813 1717">
     <span class='ocr_line' id='line_1_17' title="bbox 202 1643 1813 1717; baseline -0.003 -15"><span class='ocrx_word' id='word_1_133' title='bbox 202 1657 343 1702; x_wconf 66' lang='lat' dir='ltr'><strong>tura:</strong></span> <span class='ocrx_word' id='word_1_134' title='bbox 366 1688 383 1709; x_wconf 88' lang='lat'><strong>,</strong></span> <span class='ocrx_word' id='word_1_135' title='bbox 418 1656 543 1717; x_wconf 88' lang='lat' dir='ltr'><strong>post</strong></span> <span class='ocrx_word' id='word_1_136' title='bbox 571 1645 840 1715; x_wconf 87' lang='lat' dir='ltr'><strong>aliquanta</strong></span> <span class='ocrx_word' id='word_1_137' title='bbox 866 1646 1004 1700; x_wconf 90' lang='lat' dir='ltr'><strong>idem</strong></span> <span class='ocrx_word' id='word_1_138' title='bbox 1038 1645 1226 1699; x_wconf 86' lang='lat' dir='ltr'><strong>ductor</strong></span> <span class='ocrx_word' id='word_1_139' title='bbox 1273 1644 1534 1713; x_wconf 88' lang='lat' dir='ltr'><strong>adjungit,</strong></span> <span class='ocrx_word' id='word_1_140' title='bbox 1566 1654 1616 1698; x_wconf 91' lang='lat' dir='ltr'><strong>et</strong></span> <span class='ocrx_word' id='word_1_141' title='bbox 1647 1643 1813 1697; x_wconf 91' lang='lat' dir='ltr'><strong>dicit:</strong></span> 
     </span>
    </p>
   </div>
   <div class='ocr_carea' id='block_1_18' title="bbox 206 1735 1818 1801">
    <p class='ocr_par' dir='ltr' id='par_1_18' title="bbox 206 1735 1818 1801">
     <span class='ocr_line' id='line_1_18' title="bbox 206 1735 1818 1801; baseline -0.001 -11"><span class='ocrx_word' id='word_1_142' title='bbox 206 1757 225 1789; x_wconf 76' lang='grc' dir='ltr'><strong>ι</strong></span> <span class='ocrx_word' id='word_1_143' title='bbox 266 1739 461 1801; x_wconf 81' lang='lat' dir='ltr'><strong>Etiam</strong></span> <span class='ocrx_word' id='word_1_144' title='bbox 515 1754 635 1793; x_wconf 91' lang='lat' dir='ltr'><strong>cum</strong></span> <span class='ocrx_word' id='word_1_145' title='bbox 664 1748 839 1794; x_wconf 86' lang='lat' dir='ltr'><strong>rectas</strong></span> <span class='ocrx_word' id='word_1_146' title='bbox 869 1747 922 1793; x_wconf 90' lang='lat' dir='ltr'><strong>et</strong></span> <span class='ocrx_word' id='word_1_147' title='bbox 968 1738 1257 1793; x_wconf 90' lang='lat' dir='ltr'><strong>secundum</strong></span> <span class='ocrx_word' id='word_1_148' title='bbox 1291 1738 1459 1792; x_wconf 89' lang='lat' dir='ltr'><strong>Deum</strong></span> <span class='ocrx_word' id='word_1_149' title='bbox 1511 1735 1529 1774; x_wconf 73' lang='grc' dir='ltr'><strong>ί</strong></span> <span class='ocrx_word' id='word_1_150' title='bbox 1563 1736 1818 1791; x_wconf 85' lang='lat' dir='ltr'><strong>habemus</strong></span> 
     </span>
    </p>
   </div>
   <div class='ocr_carea' id='block_1_19' title="bbox 1916 555 2704 623">
    <p class='ocr_par' dir='ltr' id='par_1_19' title="bbox 1916 555 2704 623">
     <span class='ocr_line' id='line_1_19' title="bbox 1916 555 2704 623; baseline 0.004 -18"><span class='ocrx_word' id='word_1_151' title='bbox 1916 568 2035 622; x_wconf 79' lang='lat' dir='ltr'><strong>qua:</strong></span> <span class='ocrx_word' id='word_1_152' title='bbox 2058 555 2218 608; x_wconf 88' lang='lat' dir='ltr'><strong>timor</strong></span> <span class='ocrx_word' id='word_1_153' title='bbox 2241 555 2354 623; x_wconf 88' lang='lat' dir='ltr'><strong>ipse</strong></span> <span class='ocrx_word' id='word_1_154' title='bbox 2375 555 2704 623; x_wconf 67' lang='lat' dir='ltr'><strong>perduxerit.</strong></span> 
     </span>
    </p>
   </div>
   <div class='ocr_carea' id='block_1_20' title="bbox 2451 641 2955 700">
    <p class='ocr_par' dir='ltr' id='par_1_20' title="bbox 2451 641 2955 700">
     <span class='ocr_line' id='line_1_20' title="bbox 2451 641 2955 700; baseline 0.002 -1"><span class='ocrx_word' id='word_1_155' title='bbox 2451 641 2676 700; x_wconf 87' lang='lat' dir='ltr'><strong>CAPUT</strong></span> <span class='ocrx_word' id='word_1_156' title='bbox 2716 645 2955 700; x_wconf 78' lang='lat' dir='ltr'><strong>XXXIII.</strong></span> 
     </span>
    </p>
   </div>
   <div class='ocr_carea' id='block_1_21' title="bbox 1921 759 3501 834">
    <p class='ocr_par' dir='ltr' id='par_1_21' title="bbox 1921 759 3501 834">
     <span class='ocr_line' id='line_1_21' title="bbox 1921 759 3501 834; baseline 0.006 -22"><span class='ocrx_word' id='word_1_157' title='bbox 1921 759 2154 834; x_wconf 78' lang='lat' dir='ltr'><strong>Qualiter</strong></span> <span class='ocrx_word' id='word_1_158' title='bbox 2174 760 2381 834; x_wconf 72' lang='lat' dir='ltr'><strong>virtutes</strong></span> <span class='ocrx_word' id='word_1_159' title='bbox 2399 774 2619 830; x_wconf 82' lang='lat' dir='ltr'><strong>quatuor</strong></span> <span class='ocrx_word' id='word_1_160' title='bbox 2630 778 2744 832; x_wconf 78' lang='lat' dir='ltr'><strong>qua:</strong></span> <span class='ocrx_word' id='word_1_161' title='bbox 2764 762 2916 816; x_wconf 68' lang='lat' dir='ltr'><strong>dicte</strong></span> <span class='ocrx_word' id='word_1_162' title='bbox 2930 772 3045 816; x_wconf 88' lang='lat' dir='ltr'><strong>sunt</strong></span> <span class='ocrx_word' id='word_1_163' title='bbox 3064 760 3390 834; x_wconf 82' lang='lat' dir='ltr'><strong>principales.</strong></span> <span class='ocrx_word' id='word_1_164' title='bbox 3410 778 3501 821; x_wconf 89' lang='lat' dir='ltr'><strong>aut</strong></span> 
     </span>
    </p>
   </div>
   <div class='ocr_carea' id='block_1_22' title="bbox 1986 831 3502 902">
    <p class='ocr_par' dir='ltr' id='par_1_22' title="bbox 1986 831 3502 902">
     <span class='ocr_line' id='line_1_22' title="bbox 1986 831 3502 902; baseline 0.006 -20"><span class='ocrx_word' id='word_1_165' title='bbox 1986 831 2039 882; x_wconf 90' lang='lat' dir='ltr'><strong>in</strong></span> <span class='ocrx_word' id='word_1_166' title='bbox 2061 832 2297 902; x_wconf 77' lang='lat' dir='ltr'><strong>prwscnti</strong></span> <span class='ocrx_word' id='word_1_167' title='bbox 2314 847 2406 902; x_wconf 86' lang='lat' dir='ltr'><strong>nos</strong></span> <span class='ocrx_word' id='word_1_168' title='bbox 2426 848 2459 883; x_wconf 87' lang='lat' dir='ltr'><strong>a</strong></span> <span class='ocrx_word' id='word_1_169' title='bbox 2483 831 2684 896; x_wconf 86' lang='lat' dir='ltr'><strong>peccato</strong></span> <span class='ocrx_word' id='word_1_170' title='bbox 2706 834 3005 902; x_wconf 73' lang='lat' dir='ltr'><strong>defendant,</strong></span> <span class='ocrx_word' id='word_1_171' title='bbox 3034 831 3126 887; x_wconf 84' lang='lat' dir='ltr'><strong>aut</strong></span> <span class='ocrx_word' id='word_1_172' title='bbox 3157 836 3213 887; x_wconf 85' lang='lat' dir='ltr'><strong>in</strong></span> <span class='ocrx_word' id='word_1_173' title='bbox 3231 831 3240 834; x_wconf 65' lang='grc'><strong><em>“</em></strong></span> <span class='ocrx_word' id='word_1_174' title='bbox 3256 845 3502 891; x_wconf 67' lang='lat' dir='ltr'><strong>internum</strong></span> 
     </span>
    </p>
   </div>
   <div class='ocr_carea' id='block_1_23' title="bbox 1988 900 3134 972">
    <p class='ocr_par' dir='ltr' id='par_1_23' title="bbox 1988 900 3134 972">
     <span class='ocr_line' id='line_1_23' title="bbox 1988 900 3134 972; baseline 0.006 -20"><span class='ocrx_word' id='word_1_175' title='bbox 1988 901 2249 954; x_wconf 71' lang='lat' dir='ltr'><strong>nobiscum</strong></span> <span class='ocrx_word' id='word_1_176' title='bbox 2277 900 2388 955; x_wconf 83' lang='lat' dir='ltr'><strong>sine</strong></span> <span class='ocrx_word' id='word_1_177' title='bbox 2412 902 2520 955; x_wconf 86' lang='lat' dir='ltr'><strong>ulla</strong></span> <span class='ocrx_word' id='word_1_178' title='bbox 2545 911 2750 972; x_wconf 84' lang='lat' dir='ltr'><strong>peccato</strong></span> <span class='ocrx_word' id='word_1_179' title='bbox 2772 900 3134 971; x_wconf 73' lang='lat' dir='ltr'><strong>permaneant.</strong></span> 
     </span>
    </p>
   </div>
   <div class='ocr_carea' id='block_1_24' title="bbox 1991 1010 3503 1088">
    <p class='ocr_par' dir='ltr' id='par_1_24' title="bbox 1991 1010 3503 1088">
     <span class='ocr_line' id='line_1_24' title="bbox 1991 1010 3503 1088; baseline 0.005 -24"><span class='ocrx_word' id='word_1_180' title='bbox 1991 1012 2044 1064; x_wconf 78' lang='grc'><strong>1.</strong></span> <span class='ocrx_word' id='word_1_181' title='bbox 2074 1010 2246 1066; x_wconf 87' lang='lat' dir='ltr'><strong>Porro</strong></span> <span class='ocrx_word' id='word_1_182' title='bbox 2298 1012 2406 1067; x_wconf 62' lang='lat' dir='ltr'><strong>illa:</strong></span> <span class='ocrx_word' id='word_1_183' title='bbox 2450 1014 2676 1068; x_wconf 80' lang='lat' dir='ltr'><strong>virtutes</strong></span> <span class='ocrx_word' id='word_1_184' title='bbox 2720 1022 2946 1081; x_wconf 83' lang='lat' dir='ltr'><strong>quatuor</strong></span> <span class='ocrx_word' id='word_1_185' title='bbox 2992 1016 3059 1070; x_wconf 90' lang='lat' dir='ltr'><strong>de</strong></span> <span class='ocrx_word' id='word_1_186' title='bbox 3099 1016 3291 1086; x_wconf 82' lang='lat' dir='ltr'><strong>quibus</strong></span> <span class='ocrx_word' id='word_1_187' title='bbox 3336 1032 3503 1088; x_wconf 84' lang='lat' dir='ltr'><strong>pauca</strong></span> 
     </span>
    </p>
   </div>
   <div class='ocr_carea' id='block_1_25' title="bbox 1918 1104 3504 1175">
    <p class='ocr_par' dir='ltr' id='par_1_25' title="bbox 1918 1104 3504 1175">
     <span class='ocr_line' id='line_1_25' title="bbox 1918 1104 3504 1175; baseline 0.001 -16"><span class='ocrx_word' id='word_1_188' title='bbox 1918 1104 2204 1173; x_wconf 78' lang='lat' dir='ltr'><strong>perstrinxi</strong></span> <span class='ocrx_word' id='word_1_189' title='bbox 2229 1143 2245 1166; x_wconf 87' lang='lat'><strong>.</strong></span> <span class='ocrx_word' id='word_1_190' title='bbox 2280 1112 2305 1139; x_wconf 81' lang='grc' dir='ltr'><strong>ο</strong></span> <span class='ocrx_word' id='word_1_191' title='bbox 2335 1105 2434 1159; x_wconf 89' lang='lat' dir='ltr'><strong>etsi</strong></span> <span class='ocrx_word' id='word_1_192' title='bbox 2481 1105 2549 1158; x_wconf 94' lang='lat' dir='ltr'><strong>ibi</strong></span> <span class='ocrx_word' id='word_1_193' title='bbox 2594 1114 2755 1161; x_wconf 75' lang='lat' dir='ltr'><strong>erunt</strong></span> <span class='ocrx_word' id='word_1_194' title='bbox 2776 1146 2793 1175; x_wconf 91' lang='lat'><strong>,</strong></span> <span class='ocrx_word' id='word_1_195' title='bbox 2825 1108 2982 1175; x_wconf 84' lang='lat' dir='ltr'><strong>longe</strong></span> <span class='ocrx_word' id='word_1_196' title='bbox 3010 1115 3185 1163; x_wconf 85' lang='lat' dir='ltr'><strong>tamen</strong></span> <span class='ocrx_word' id='word_1_197' title='bbox 3212 1110 3317 1164; x_wconf 92' lang='lat' dir='ltr'><strong>alio</strong></span> <span class='ocrx_word' id='word_1_198' title='bbox 3345 1111 3504 1165; x_wconf 75' lang='lat' dir='ltr'><strong>modo</strong></span> 
     </span>
    </p>
   </div>
   <div class='ocr_carea' id='block_1_26' title="bbox 1915 1193 3499 1264">
    <p class='ocr_par' dir='ltr' id='par_1_26' title="bbox 1915 1193 3499 1264">
     <span class='ocr_line' id='line_1_26' title="bbox 1915 1193 3499 1264; baseline 0.006 -17"><span class='ocrx_word' id='word_1_199' title='bbox 1915 1209 2074 1264; x_wconf 89' lang='lat' dir='ltr'><strong>quam</strong></span> <span class='ocrx_word' id='word_1_200' title='bbox 2119 1193 2172 1247; x_wconf 88' lang='lat' dir='ltr'><strong>in</strong></span> <span class='ocrx_word' id='word_1_201' title='bbox 2206 1194 2303 1247; x_wconf 88' lang='lat' dir='ltr'><strong>hac</strong></span> <span class='ocrx_word' id='word_1_202' title='bbox 2332 1196 2437 1249; x_wconf 91' lang='lat' dir='ltr'><strong>vita</strong></span> <span class='ocrx_word' id='word_1_203' title='bbox 2492 1208 2636 1262; x_wconf 90' lang='lat' dir='ltr'><strong>sunt,</strong></span> <span class='ocrx_word' id='word_1_204' title='bbox 2670 1197 2756 1251; x_wconf 89' lang='lat' dir='ltr'><strong>ubi</strong></span> <span class='ocrx_word' id='word_1_205' title='bbox 2787 1209 2971 1252; x_wconf 89' lang='lat' dir='ltr'><strong>contra</strong></span> <span class='ocrx_word' id='word_1_206' title='bbox 2997 1200 3124 1254; x_wconf 88' lang='lat' dir='ltr'><strong>vitia</strong></span> <span class='ocrx_word' id='word_1_207' title='bbox 3171 1201 3289 1257; x_wconf 87' lang='lat' dir='ltr'><strong>sine</strong></span> <span class='ocrx_word' id='word_1_208' title='bbox 3334 1204 3499 1257; x_wconf 89' lang='lat' dir='ltr'><strong>inter-</strong></span> 
     </span>
    </p>
   </div>
   <div class='ocr_carea' id='block_1_27' title="bbox 1917 1284 3502 1359">
    <p class='ocr_par' dir='ltr' id='par_1_27' title="bbox 1917 1284 3502 1359">
     <span class='ocr_line' id='line_1_27' title="bbox 1917 1284 3502 1359; baseline 0.004 -22"><span class='ocrx_word' id='word_1_209' title='bbox 1917 1284 2173 1339; x_wconf 88' lang='lat' dir='ltr'><strong>missione</strong></span> <span class='ocrx_word' id='word_1_210' title='bbox 2228 1284 2549 1353; x_wconf 87' lang='lat' dir='ltr'><strong>conﬂigunt,</strong></span> <span class='ocrx_word' id='word_1_211' title='bbox 2602 1297 2653 1340; x_wconf 92' lang='lat' dir='ltr'><strong>et</strong></span> <span class='ocrx_word' id='word_1_212' title='bbox 2723 1303 2819 1355; x_wconf 81' lang='lat' dir='ltr'><strong>pro</strong></span> <span class='ocrx_word' id='word_1_213' title='bbox 2866 1288 2983 1359; x_wconf 89' lang='lat' dir='ltr'><strong>ipso</strong></span> <span class='ocrx_word' id='word_1_214' title='bbox 3044 1291 3265 1359; x_wconf 85' lang='lat' dir='ltr'><strong>ancipiti</strong></span> <span class='ocrx_word' id='word_1_215' title='bbox 3326 1292 3502 1347; x_wconf 65' lang='lat' dir='ltr'><strong>dubiae</strong></span> 
     </span>
    </p>
   </div>
   <div class='ocr_carea' id='block_1_28' title="bbox 1919 1374 3500 1449">
    <p class='ocr_par' dir='ltr' id='par_1_28' title="bbox 1919 1374 3500 1449">
     <span class='ocr_line' id='line_1_28' title="bbox 1919 1374 3500 1449; baseline 0.006 -26"><span class='ocrx_word' id='word_1_216' title='bbox 1919 1384 1947 1423; x_wconf 83' lang='lat' dir='ltr'><strong>P</strong></span> <span class='ocrx_word' id='word_1_217' title='bbox 1977 1374 2391 1429; x_wconf 87' lang='lat' dir='ltr'><strong>concertationis</strong></span> <span class='ocrx_word' id='word_1_218' title='bbox 2429 1385 2643 1440; x_wconf 89' lang='lat' dir='ltr'><strong>eventu,</strong></span> <span class='ocrx_word' id='word_1_219' title='bbox 2670 1379 2828 1432; x_wconf 93' lang='lat' dir='ltr'><strong>modo</strong></span> <span class='ocrx_word' id='word_1_220' title='bbox 2882 1379 3234 1449; x_wconf 68' lang='lat' dir='ltr'><strong>negligentes,</strong></span> <span class='ocrx_word' id='word_1_221' title='bbox 3258 1381 3347 1449; x_wconf 90' lang='lat' dir='ltr'><strong>qui</strong></span> <span class='ocrx_word' id='word_1_222' title='bbox 3400 1384 3500 1436; x_wconf 89' lang='lat' dir='ltr'><strong>sibi</strong></span> 
     </span>
    </p>
   </div>
   <div class='ocr_carea' id='block_1_29' title="bbox 1920 1464 3505 1541">
    <p class='ocr_par' dir='ltr' id='par_1_29' title="bbox 1920 1464 3505 1541">
     <span class='ocr_line' id='line_1_29' title="bbox 1920 1464 3505 1541; baseline 0.004 -24"><span class='ocrx_word' id='word_1_223' title='bbox 1920 1464 2107 1518; x_wconf 92' lang='lat' dir='ltr'><strong>nolunt</strong></span> <span class='ocrx_word' id='word_1_224' title='bbox 2128 1464 2710 1532; x_wconf 88' lang='lat' dir='ltr'><strong>obedire,destituunt;</strong></span> <span class='ocrx_word' id='word_1_225' title='bbox 2742 1469 2900 1522; x_wconf 87' lang='lat' dir='ltr'><strong>modo</strong></span> <span class='ocrx_word' id='word_1_226' title='bbox 2918 1472 2983 1523; x_wconf 88' lang='lat' dir='ltr'><strong>ad</strong></span> <span class='ocrx_word' id='word_1_227' title='bbox 3007 1473 3160 1534; x_wconf 86' lang='lat' dir='ltr'><strong>alios,</strong></span> <span class='ocrx_word' id='word_1_228' title='bbox 3179 1472 3373 1541; x_wconf 89' lang='lat' dir='ltr'><strong>quibus</strong></span> <span class='ocrx_word' id='word_1_229' title='bbox 3392 1472 3505 1526; x_wconf 87' lang='lat' dir='ltr'><strong>dis-</strong></span> 
     </span>
    </p>
   </div>
   <div class='ocr_carea' id='block_1_30' title="bbox 1920 1555 3499 1625">
    <p class='ocr_par' dir='ltr' id='par_1_30' title="bbox 1920 1555 3499 1625">
     <span class='ocr_line' id='line_1_30' title="bbox 1920 1555 3499 1625; baseline 0.006 -18"><span class='ocrx_word' id='word_1_230' title='bbox 1920 1555 2118 1624; x_wconf 75' lang='lat' dir='ltr'><strong>plicent</strong></span> <span class='ocrx_word' id='word_1_231' title='bbox 2160 1571 2255 1610; x_wconf 91' lang='lat' dir='ltr'><strong>sua</strong></span> <span class='ocrx_word' id='word_1_232' title='bbox 2284 1566 2519 1624; x_wconf 88' lang='lat' dir='ltr'><strong>peccata,</strong></span> <span class='ocrx_word' id='word_1_233' title='bbox 2551 1560 2632 1612; x_wconf 90' lang='lat' dir='ltr'><strong>vel</strong></span> <span class='ocrx_word' id='word_1_234' title='bbox 2663 1560 2944 1625; x_wconf 85' lang='lat' dir='ltr'><strong>accedunt,</strong></span> <span class='ocrx_word' id='word_1_235' title='bbox 2979 1571 3007 1609; x_wconf 73' lang='grc' dir='ltr'><strong>ιι</strong></span> <span class='ocrx_word' id='word_1_236' title='bbox 3042 1567 3149 1615; x_wconf 82' lang='lat' dir='ltr'><strong>Deo</strong></span> <span class='ocrx_word' id='word_1_237' title='bbox 3190 1562 3499 1625; x_wconf 84' lang='lat' dir='ltr'><strong>miserante,</strong></span> 
     </span>
    </p>
   </div>
   <div class='ocr_carea' id='block_1_31' title="bbox 1919 1646 3509 1720">
    <p class='ocr_par' dir='ltr' id='par_1_31' title="bbox 1919 1646 3509 1720">
     <span class='ocr_line' id='line_1_31' title="bbox 1919 1646 3509 1720; baseline 0.005 -20"><span class='ocrx_word' id='word_1_238' title='bbox 1919 1646 2003 1700; x_wconf 86' lang='lat' dir='ltr'><strong>vel</strong></span> <span class='ocrx_word' id='word_1_239' title='bbox 2028 1646 2271 1701; x_wconf 89' lang='lat' dir='ltr'><strong>redeunt.</strong></span> <span class='ocrx_word' id='word_1_240' title='bbox 2296 1646 2430 1701; x_wconf 86' lang='lat' dir='ltr'><strong>Nam</strong></span> <span class='ocrx_word' id='word_1_241' title='bbox 2453 1647 2523 1701; x_wconf 88' lang='lat' dir='ltr'><strong>ibi</strong></span> <span class='ocrx_word' id='word_1_242' title='bbox 2545 1648 2646 1703; x_wconf 88' lang='lat' dir='ltr'><strong>etsi</strong></span> <span class='ocrx_word' id='word_1_243' title='bbox 2673 1663 2719 1703; x_wconf 48' lang='lat' dir='ltr'><strong>ei</strong></span> <span class='ocrx_word' id='word_1_244' title='bbox 2736 1653 2775 1703; x_wconf 90' lang='lat' dir='ltr'><strong>it</strong></span> <span class='ocrx_word' id='word_1_245' title='bbox 2799 1652 3170 1720; x_wconf 86' lang='lat' dir='ltr'><strong>temperantia,</strong></span> <span class='ocrx_word' id='word_1_246' title='bbox 3196 1668 3301 1706; x_wconf 94' lang='lat' dir='ltr'><strong>non</strong></span> <span class='ocrx_word' id='word_1_247' title='bbox 3330 1661 3387 1707; x_wconf 90' lang='lat' dir='ltr'><strong>ut</strong></span> <span class='ocrx_word' id='word_1_248' title='bbox 3413 1654 3509 1708; x_wconf 86' lang='lat' dir='ltr'><strong>de-</strong></span> 
     </span>
    </p>
   </div>
   <div class='ocr_carea' id='block_1_32' title="bbox 1921 1739 3512 1809">
    <p class='ocr_par' dir='ltr' id='par_1_32' title="bbox 1921 1739 3512 1809">
     <span class='ocr_line' id='line_1_32' title="bbox 1921 1739 3512 1809; baseline 0.003 -15"><span class='ocrx_word' id='word_1_249' title='bbox 1921 1739 2116 1794; x_wconf 78' lang='lat' dir='ltr'><strong>sideria</strong></span> <span class='ocrx_word' id='word_1_250' title='bbox 2163 1740 2300 1793; x_wconf 80' lang='lat' dir='ltr'><strong>mala</strong></span> <span class='ocrx_word' id='word_1_251' title='bbox 2330 1742 2416 1793; x_wconf 87' lang='lat' dir='ltr'><strong>vel</strong></span> <span class='ocrx_word' id='word_1_252' title='bbox 2461 1741 2582 1794; x_wconf 86' lang='lat' dir='ltr'><strong>vitia</strong></span> <span class='ocrx_word' id='word_1_253' title='bbox 2634 1742 2870 1796; x_wconf 82' lang='lat' dir='ltr'><strong>refrenet</strong></span> <span class='ocrx_word' id='word_1_254' title='bbox 2902 1752 2923 1779; x_wconf 73' lang='grc' dir='ltr'><em>τ</em></span> <span class='ocrx_word' id='word_1_255' title='bbox 2956 1751 3049 1797; x_wconf 88' lang='lat' dir='ltr'><strong>attt</strong></span> <span class='ocrx_word' id='word_1_256' title='bbox 3076 1744 3280 1809; x_wconf 85' lang='lat' dir='ltr'><strong>vincat;</strong></span> <span class='ocrx_word' id='word_1_257' title='bbox 3319 1745 3413 1799; x_wconf 85' lang='lat' dir='ltr'><strong>sed</strong></span> <span class='ocrx_word' id='word_1_258' title='bbox 3455 1756 3512 1799; x_wconf 90' lang='lat' dir='ltr'><strong>ut</strong></span> 
     </span>
    </p>
   </div>
   <div class='ocr_carea' id='block_1_33' title="bbox 204 1827 3513 1903">
    <p class='ocr_par' dir='ltr' id='par_1_33' title="bbox 204 1827 3513 1903">
     <span class='ocr_line' id='line_1_33' title="bbox 204 1827 3513 1903; baseline 0.002 -20"><span class='ocrx_word' id='word_1_259' title='bbox 204 1830 306 1884; x_wconf 85' lang='lat' dir='ltr'><strong>has</strong></span> <span class='ocrx_word' id='word_1_260' title='bbox 338 1830 685 1897; x_wconf 79' lang='lat' dir='ltr'><strong>aﬂ’ectiones,</strong></span> <span class='ocrx_word' id='word_1_261' title='bbox 716 1829 872 1899; x_wconf 88' lang='lat' dir='ltr'><strong>hujus</strong></span> <span class='ocrx_word' id='word_1_262' title='bbox 903 1831 1026 1884; x_wconf 69' lang='lat' dir='ltr'><strong>vitae</strong></span> <span class='ocrx_word' id='word_1_263' title='bbox 1055 1839 1198 1894; x_wconf 88' lang='lat' dir='ltr'><strong>sunt,</strong></span> <span class='ocrx_word' id='word_1_264' title='bbox 1233 1844 1339 1884; x_wconf 92' lang='lat' dir='ltr'><strong>non</strong></span> <span class='ocrx_word' id='word_1_265' title='bbox 1371 1829 1513 1884; x_wconf 90' lang='lat' dir='ltr'><strong>illius</strong></span> <span class='ocrx_word' id='word_1_266' title='bbox 1539 1844 1696 1899; x_wconf 88' lang='lat' dir='ltr'><strong>quam</strong></span> <span class='ocrx_word' id='word_1_267' title='bbox 1731 1827 1815 1883; x_wconf 81' lang='lat' dir='ltr'><strong>fu-</strong></span> <span class='ocrx_word' id='word_1_268' title='bbox 1848 1838 1891 1896; x_wconf 80' lang='grc' dir='ltr'><strong>Β</strong></span> <span class='ocrx_word' id='word_1_269' title='bbox 1921 1844 2036 1893; x_wconf 87' lang='lat' dir='ltr'><strong>eos,</strong></span> <span class='ocrx_word' id='word_1_270' title='bbox 2068 1845 2201 1899; x_wconf 89' lang='lat' dir='ltr'><strong>quos</strong></span> <span class='ocrx_word' id='word_1_271' title='bbox 2245 1830 2331 1882; x_wconf 85' lang='lat' dir='ltr'><strong>hic</strong></span> <span class='ocrx_word' id='word_1_272' title='bbox 2362 1829 2431 1884; x_wconf 85' lang='lat' dir='ltr'><strong>ab</strong></span> <span class='ocrx_word' id='word_1_273' title='bbox 2461 1838 2482 1864; x_wconf 74' lang='lat'><strong>&#39;</strong></span> <span class='ocrx_word' id='word_1_274' title='bbox 2525 1831 2948 1899; x_wconf 56' lang='lat' dir='ltr'><strong>intemperantia</strong></span> <span class='ocrx_word' id='word_1_275' title='bbox 2977 1833 3370 1903; x_wconf 86' lang='lat' dir='ltr'><strong>impugnatione</strong></span> <span class='ocrx_word' id='word_1_276' title='bbox 3417 1835 3513 1890; x_wconf 52' lang='lat' dir='ltr'><strong>de-</strong></span> 
     </span>
    </p>
   </div>
   <div class='ocr_carea' id='block_1_34' title="bbox 203 1920 1016 1993">
    <p class='ocr_par' dir='ltr' id='par_1_34' title="bbox 203 1920 1016 1993">
     <span class='ocr_line' id='line_1_34' title="bbox 203 1920 1016 1993; baseline -0.005 -17"><span class='ocrx_word' id='word_1_277' title='bbox 203 1932 396 1976; x_wconf 85' lang='lat' dir='ltr'><strong>turam</strong></span> <span class='ocrx_word' id='word_1_278' title='bbox 425 1935 710 1991; x_wconf 86' lang='lat' dir='ltr'><strong>speramus</strong></span> <span class='ocrx_word' id='word_1_279' title='bbox 741 1920 965 1993; x_wconf 53' lang='grc' dir='ltr'><strong>(ιδιά).</strong></span> <span class='ocrx_word' id='word_1_280' title='bbox 997 1938 1016 1972; x_wconf 72' lang='grc' dir='ltr'><strong>ι</strong></span> 
     </span>
    </p>
   </div>
   <div class='ocr_carea' id='block_1_35' title="bbox 780 2011 1261 2068">
    <p class='ocr_par' dir='ltr' id='par_1_35' title="bbox 780 2011 1261 2068">
     <span class='ocr_line' id='line_1_35' title="bbox 780 2011 1261 2068; baseline -0.004 0"><span class='ocrx_word' id='word_1_281' title='bbox 780 2011 1007 2068; x_wconf 75' lang='lat' dir='ltr'><strong>CAPUT</strong></span> <span class='ocrx_word' id='word_1_282' title='bbox 1046 2011 1261 2066; x_wconf 81' lang='lat' dir='ltr'><strong>XXXII.</strong></span> 
     </span>
    </p>
   </div>
   <div class='ocr_carea' id='block_1_36' title="bbox 203 2124 1819 2197">
    <p class='ocr_par' dir='ltr' id='par_1_36' title="bbox 203 2124 1819 2197">
     <span class='ocr_line' id='line_1_36' title="bbox 203 2124 1819 2197; baseline -0.001 -20"><span class='ocrx_word' id='word_1_283' title='bbox 203 2125 387 2197; x_wconf 12' lang='lat' dir='ltr'><strong>Quod,</strong></span> <span class='ocrx_word' id='word_1_284' title='bbox 423 2125 480 2177; x_wconf 84' lang='lat' dir='ltr'><strong>hi</strong></span> <span class='ocrx_word' id='word_1_285' title='bbox 521 2124 753 2192; x_wconf 71' lang='lat' dir='ltr'><strong>affectus,</strong></span> <span class='ocrx_word' id='word_1_286' title='bbox 803 2127 911 2180; x_wconf 86' lang='lat' dir='ltr'><strong>sine</strong></span> <span class='ocrx_word' id='word_1_287' title='bbox 961 2129 1144 2197; x_wconf 82' lang='lat' dir='ltr'><strong>quibus</strong></span> <span class='ocrx_word' id='word_1_288' title='bbox 1186 2144 1238 2181; x_wconf 77' lang='lat' dir='ltr'><strong>in</strong></span> <span class='ocrx_word' id='word_1_289' title='bbox 1270 2128 1367 2179; x_wconf 87' lang='lat' dir='ltr'><strong>hac</strong></span> <span class='ocrx_word' id='word_1_290' title='bbox 1412 2127 1512 2179; x_wconf 83' lang='lat' dir='ltr'><strong>vita</strong></span> <span class='ocrx_word' id='word_1_291' title='bbox 1542 2133 1675 2179; x_wconf 87' lang='lat' dir='ltr'><strong>recte</strong></span> <span class='ocrx_word' id='word_1_292' title='bbox 1718 2140 1819 2179; x_wconf 86' lang='lat' dir='ltr'><strong>non</strong></span> 
     </span>
    </p>
   </div>
   <div class='ocr_carea' id='block_1_37' title="bbox 274 2196 1821 2266">
    <p class='ocr_par' dir='ltr' id='par_1_37' title="bbox 274 2196 1821 2266">
     <span class='ocr_line' id='line_1_37' title="bbox 274 2196 1821 2266; baseline 0.001 -18"><span class='ocrx_word' id='word_1_293' title='bbox 274 2196 483 2248; x_wconf 79' lang='lat' dir='ltr'><strong>vivitur</strong></span> <span class='ocrx_word' id='word_1_294' title='bbox 511 2198 565 2248; x_wconf 78' lang='lat' dir='ltr'><strong>in</strong></span> <span class='ocrx_word' id='word_1_295' title='bbox 598 2196 687 2247; x_wconf 85' lang='lat' dir='ltr'><strong>illa</strong></span> <span class='ocrx_word' id='word_1_296' title='bbox 714 2198 890 2263; x_wconf 77' lang='lat' dir='ltr'><strong>futura</strong></span> <span class='ocrx_word' id='word_1_297' title='bbox 929 2200 1240 2250; x_wconf 67' lang='lat' dir='ltr'><strong>beatitudine</strong></span> <span class='ocrx_word' id='word_1_298' title='bbox 1286 2213 1387 2250; x_wconf 89' lang='lat' dir='ltr'><strong>non</strong></span> <span class='ocrx_word' id='word_1_299' title='bbox 1439 2198 1562 2263; x_wconf 84' lang='lat' dir='ltr'><strong>sint,</strong></span> <span class='ocrx_word' id='word_1_300' title='bbox 1587 2210 1701 2266; x_wconf 73' lang='lat' dir='ltr'><strong>qua:</strong></span> <span class='ocrx_word' id='word_1_301' title='bbox 1731 2212 1821 2249; x_wconf 83' lang='lat' dir='ltr'><strong>nec</strong></span> 
     </span>
    </p>
   </div>
   <div class='ocr_carea' id='block_1_38' title="bbox 272 2266 1313 2333">
    <p class='ocr_par' dir='ltr' id='par_1_38' title="bbox 272 2266 1313 2333">
     <span class='ocr_line' id='line_1_38' title="bbox 272 2266 1313 2333; baseline 0.002 -14"><span class='ocrx_word' id='word_1_302' title='bbox 272 2267 530 2319; x_wconf 71' lang='lat' dir='ltr'><strong>titantem</strong></span> <span class='ocrx_word' id='word_1_303' title='bbox 554 2266 795 2319; x_wconf 83' lang='lat' dir='ltr'><strong>habitura</strong></span> <span class='ocrx_word' id='word_1_304' title='bbox 824 2277 919 2333; x_wconf 71' lang='lat' dir='ltr'><strong>est,</strong></span> <span class='ocrx_word' id='word_1_305' title='bbox 949 2283 1039 2320; x_wconf 88' lang='lat' dir='ltr'><strong>nec</strong></span> <span class='ocrx_word' id='word_1_306' title='bbox 1062 2268 1313 2321; x_wconf 81' lang='lat' dir='ltr'><strong>dolorem.</strong></span> 
     </span>
    </p>
   </div>
   <div class='ocr_carea' id='block_1_39' title="bbox 274 2377 1818 2433">
    <p class='ocr_par' dir='ltr' id='par_1_39' title="bbox 274 2377 1818 2433">
     <span class='ocr_line' id='line_1_39' title="bbox 274 2377 1818 2433; baseline -0.001 -1"><span class='ocrx_word' id='word_1_307' title='bbox 274 2379 369 2432; x_wconf 71' lang='lat' dir='ltr'><strong>Ac</strong></span> <span class='ocrx_word' id='word_1_308' title='bbox 403 2378 487 2432; x_wconf 88' lang='lat' dir='ltr'><strong>sic</strong></span> <span class='ocrx_word' id='word_1_309' title='bbox 517 2377 619 2431; x_wconf 92' lang='lat' dir='ltr'><strong>nisi</strong></span> <span class='ocrx_word' id='word_1_310' title='bbox 652 2393 717 2432; x_wconf 80' lang='lat' dir='ltr'><strong>ex</strong></span> <span class='ocrx_word' id='word_1_311' title='bbox 749 2379 1058 2433; x_wconf 89' lang='lat' dir='ltr'><strong>conditione</strong></span> <span class='ocrx_word' id='word_1_312' title='bbox 1086 2387 1283 2433; x_wconf 60' lang='lat' dir='ltr'><strong>nostra;</strong></span> <span class='ocrx_word' id='word_1_313' title='bbox 1306 2377 1632 2433; x_wconf 83' lang='lat' dir='ltr'><strong>infirmitatis</strong></span> <span class='ocrx_word' id='word_1_314' title='bbox 1662 2378 1818 2432; x_wconf 91' lang='lat' dir='ltr'><strong>nobis</strong></span> 
     </span>
    </p>
   </div>
   <div class='ocr_carea' id='block_1_40' title="bbox 202 2470 1820 2542">
    <p class='ocr_par' dir='ltr' id='par_1_40' title="bbox 202 2470 1820 2542">
     <span class='ocr_line' id='line_1_40' title="bbox 202 2470 1820 2542; baseline 0.002 -19"><span class='ocrx_word' id='word_1_315' title='bbox 202 2470 470 2523; x_wconf 68' lang='lat' dir='ltr'><strong>inessent</strong></span> <span class='ocrx_word' id='word_1_316' title='bbox 500 2470 721 2523; x_wconf 79' lang='lat' dir='ltr'><strong>ati&#39;ectus</strong></span> <span class='ocrx_word' id='word_1_317' title='bbox 754 2470 879 2535; x_wconf 91' lang='lat' dir='ltr'><strong>isti,</strong></span> <span class='ocrx_word' id='word_1_318' title='bbox 917 2487 1187 2541; x_wconf 87' lang='lat' dir='ltr'><strong>nunquam</strong></span> <span class='ocrx_word' id='word_1_319' title='bbox 1219 2472 1533 2542; x_wconf 87' lang='lat' dir='ltr'><strong>plerumque</strong></span> <span class='ocrx_word' id='word_1_320' title='bbox 1571 2472 1820 2537; x_wconf 91' lang='lat' dir='ltr'><strong>dolendo,</strong></span> 
     </span>
    </p>
   </div>
   <div class='ocr_carea' id='block_1_41' title="bbox 202 2560 1826 2619">
    <p class='ocr_par' dir='ltr' id='par_1_41' title="bbox 202 2560 1826 2619">
     <span class='ocr_line' id='line_1_41' title="bbox 202 2560 1826 2619; baseline 0.003 -5"><span class='ocrx_word' id='word_1_321' title='bbox 202 2563 292 2617; x_wconf 84' lang='lat' dir='ltr'><strong>vel</strong></span> <span class='ocrx_word' id='word_1_322' title='bbox 349 2560 543 2615; x_wconf 83' lang='lat' dir='ltr'><strong>ﬂendo</strong></span> <span class='ocrx_word' id='word_1_323' title='bbox 584 2562 665 2616; x_wconf 89' lang='lat' dir='ltr'><strong>eis</strong></span> <span class='ocrx_word' id='word_1_324' title='bbox 694 2571 719 2608; x_wconf 81' lang='lat' dir='ltr'><strong>It</strong></span> <span class='ocrx_word' id='word_1_325' title='bbox 747 2563 1065 2617; x_wconf 64' lang='lat' dir='ltr'><strong>cedi-remus</strong></span> <span class='ocrx_word' id='word_1_326' title='bbox 1119 2563 1291 2618; x_wconf 89' lang='lat' dir='ltr'><strong>inviti.</strong></span> <span class='ocrx_word' id='word_1_327' title='bbox 1324 2564 1429 2618; x_wconf 89' lang='lat' dir='ltr'><strong>Sed</strong></span> <span class='ocrx_word' id='word_1_328' title='bbox 1482 2564 1682 2618; x_wconf 89' lang='lat' dir='ltr'><strong>idcirco</strong></span> <span class='ocrx_word' id='word_1_329' title='bbox 1729 2577 1826 2619; x_wconf 91' lang='lat' dir='ltr'><strong>eos</strong></span> 
     </span>
    </p>
   </div>
   <div class='ocr_carea' id='block_1_42' title="bbox 203 2650 1826 2723">
    <p class='ocr_par' dir='ltr' id='par_1_42' title="bbox 203 2650 1826 2723">
     <span class='ocr_line' id='line_1_42' title="bbox 203 2650 1826 2723; baseline -0.001 -17"><span class='ocrx_word' id='word_1_330' title='bbox 203 2650 341 2706; x_wconf 86' lang='lat' dir='ltr'><strong>huic</strong></span> <span class='ocrx_word' id='word_1_331' title='bbox 377 2651 719 2706; x_wconf 86' lang='lat' dir='ltr'><strong>necessarios</strong></span> <span class='ocrx_word' id='word_1_332' title='bbox 747 2652 869 2706; x_wconf 67' lang='lat' dir='ltr'><strong>vitae</strong></span> <span class='ocrx_word' id='word_1_333' title='bbox 893 2652 1172 2718; x_wconf 78' lang='lat' dir='ltr'><strong>sentimus,</strong></span> <span class='ocrx_word' id='word_1_334' title='bbox 1199 2653 1323 2723; x_wconf 88' lang='lat' dir='ltr'><strong>quia</strong></span> <span class='ocrx_word' id='word_1_335' title='bbox 1358 2653 1410 2706; x_wconf 94' lang='lat' dir='ltr'><strong>in</strong></span> <span class='ocrx_word' id='word_1_336' title='bbox 1446 2652 1545 2707; x_wconf 92' lang='lat' dir='ltr'><strong>hac</strong></span> <span class='ocrx_word' id='word_1_337' title='bbox 1589 2654 1826 2707; x_wconf 82' lang='lat' dir='ltr'><strong>mortali-</strong></span> 
     </span>
    </p>
   </div>
   <div class='ocr_carea' id='block_1_43' title="bbox 204 2744 1825 2812">
    <p class='ocr_par' dir='ltr' id='par_1_43' title="bbox 204 2744 1825 2812">
     <span class='ocr_line' id='line_1_43' title="bbox 204 2744 1825 2812; baseline -0.001 -14"><span class='ocrx_word' id='word_1_338' title='bbox 204 2752 321 2798; x_wconf 84' lang='lat' dir='ltr'><strong>tate</strong></span> <span class='ocrx_word' id='word_1_339' title='bbox 356 2744 490 2799; x_wconf 84' lang='lat' dir='ltr'><strong>sine</strong></span> <span class='ocrx_word' id='word_1_340' title='bbox 530 2744 610 2799; x_wconf 92' lang='lat' dir='ltr'><strong>eis</strong></span> <span class='ocrx_word' id='word_1_341' title='bbox 644 2744 867 2799; x_wconf 91' lang='lat' dir='ltr'><strong>omnino</strong></span> <span class='ocrx_word' id='word_1_342' title='bbox 895 2755 1043 2801; x_wconf 88' lang='lat' dir='ltr'><strong>recte</strong></span> <span class='ocrx_word' id='word_1_343' title='bbox 1088 2762 1193 2799; x_wconf 92' lang='lat' dir='ltr'><strong>non</strong></span> <span class='ocrx_word' id='word_1_344' title='bbox 1229 2747 1480 2799; x_wconf 90' lang='lat' dir='ltr'><strong>vivimus.</strong></span> <span class='ocrx_word' id='word_1_345' title='bbox 1527 2744 1753 2812; x_wconf 87' lang='lat' dir='ltr'><strong>Quando</strong></span> <span class='ocrx_word' id='word_1_346' title='bbox 1780 2744 1825 2798; x_wconf 93' lang='lat' dir='ltr'><strong>si</strong></span> 
     </span>
    </p>
   </div>
   <div class='ocr_carea' id='block_1_44' title="bbox 204 2837 1827 2908">
    <p class='ocr_par' dir='ltr' id='par_1_44' title="bbox 204 2837 1827 2908">
     <span class='ocr_line' id='line_1_44' title="bbox 204 2837 1827 2908; baseline 0.001 -18"><span class='ocrx_word' id='word_1_347' title='bbox 204 2846 321 2890; x_wconf 72' lang='lat' dir='ltr'><strong>non</strong></span> <span class='ocrx_word' id='word_1_348' title='bbox 373 2837 572 2890; x_wconf 86' lang='lat' dir='ltr'><strong>timeat</strong></span> <span class='ocrx_word' id='word_1_349' title='bbox 598 2837 826 2908; x_wconf 90' lang='lat' dir='ltr'><strong>quisque</strong></span> <span class='ocrx_word' id='word_1_350' title='bbox 858 2838 941 2892; x_wconf 89' lang='lat' dir='ltr'><strong>vel</strong></span> <span class='ocrx_word' id='word_1_351' title='bbox 980 2847 1186 2903; x_wconf 86' lang='lat' dir='ltr'><strong>caveat,</strong></span> <span class='ocrx_word' id='word_1_352' title='bbox 1221 2854 1289 2895; x_wconf 92' lang='lat' dir='ltr'><strong>ne</strong></span> <span class='ocrx_word' id='word_1_353' title='bbox 1316 2848 1407 2892; x_wconf 87' lang='lat' dir='ltr'><strong>aut</strong></span> <span class='ocrx_word' id='word_1_354' title='bbox 1437 2839 1551 2905; x_wconf 87' lang='lat' dir='ltr'><strong>ipse</strong></span> <span class='ocrx_word' id='word_1_355' title='bbox 1593 2840 1827 2907; x_wconf 87' lang='lat' dir='ltr'><strong>quandiu</strong></span> 
     </span>
    </p>
   </div>
   <div class='ocr_carea' id='block_1_45' title="bbox 207 2923 1825 2999">
    <p class='ocr_par' dir='ltr' id='par_1_45' title="bbox 207 2923 1825 2999">
     <span class='ocr_line' id='line_1_45' title="bbox 207 2923 1825 2999; baseline 0.001 -20"><span class='ocrx_word' id='word_1_356' title='bbox 207 2926 541 2980; x_wconf 85' lang='lat' dir='ltr'><strong>mortaliter</strong></span> <span class='ocrx_word' id='word_1_357' title='bbox 562 2923 590 2961; x_wconf 66' lang='grc' dir='ltr'>δ</span> <span class='ocrx_word' id='word_1_358' title='bbox 615 2929 762 2993; x_wconf 87' lang='lat' dir='ltr'><strong>vivit,</strong></span> <span class='ocrx_word' id='word_1_359' title='bbox 787 2939 877 2982; x_wconf 90' lang='lat' dir='ltr'><strong>aut</strong></span> <span class='ocrx_word' id='word_1_360' title='bbox 915 2927 1053 2984; x_wconf 90' lang='lat' dir='ltr'><strong>alius</strong></span> <span class='ocrx_word' id='word_1_361' title='bbox 1088 2944 1246 2999; x_wconf 87' lang='lat' dir='ltr'><strong>quem</strong></span> <span class='ocrx_word' id='word_1_362' title='bbox 1298 2929 1353 2983; x_wconf 91' lang='lat' dir='ltr'><strong>in</strong></span> <span class='ocrx_word' id='word_1_363' title='bbox 1396 2929 1611 2983; x_wconf 81' lang='lat' dir='ltr'><strong>Christo</strong></span> <span class='ocrx_word' id='word_1_364' title='bbox 1635 2929 1825 2999; x_wconf 79' lang='lat' dir='ltr'><strong>diligit,</strong></span> 
     </span>
    </p>
   </div>
   <div class='ocr_carea' id='block_1_46' title="bbox 210 3016 1827 3087">
    <p class='ocr_par' dir='ltr' id='par_1_46' title="bbox 210 3016 1827 3087">
     <span class='ocr_line' id='line_1_46' title="bbox 210 3016 1827 3087; baseline 0.001 -17"><span class='ocrx_word' id='word_1_365' title='bbox 210 3016 230 3053; x_wconf 65' lang='grc' dir='ltr'><strong>ί</strong></span> <span class='ocrx_word' id='word_1_366' title='bbox 258 3032 290 3070; x_wconf 81' lang='lat' dir='ltr'><strong>a</strong></span> <span class='ocrx_word' id='word_1_367' title='bbox 319 3016 442 3071; x_wconf 79' lang='lat' dir='ltr'><strong>fide</strong></span> <span class='ocrx_word' id='word_1_368' title='bbox 466 3030 564 3071; x_wconf 89' lang='lat' dir='ltr'><strong>sua</strong></span> <span class='ocrx_word' id='word_1_369' title='bbox 587 3016 828 3081; x_wconf 79' lang='lat' dir='ltr'><strong>deﬁciat;</strong></span> <span class='ocrx_word' id='word_1_370' title='bbox 854 3019 898 3073; x_wconf 90' lang='lat' dir='ltr'><strong>si</strong></span> <span class='ocrx_word' id='word_1_371' title='bbox 924 3034 1021 3075; x_wconf 91' lang='lat' dir='ltr'><strong>nec</strong></span> <span class='ocrx_word' id='word_1_372' title='bbox 1049 3019 1116 3074; x_wconf 90' lang='lat' dir='ltr'><strong>de</strong></span> <span class='ocrx_word' id='word_1_373' title='bbox 1140 3034 1258 3085; x_wconf 88' lang='lat' dir='ltr'><strong>suo,</strong></span> <span class='ocrx_word' id='word_1_374' title='bbox 1276 3033 1378 3074; x_wconf 89' lang='lat' dir='ltr'><strong>nec</strong></span> <span class='ocrx_word' id='word_1_375' title='bbox 1402 3018 1471 3073; x_wconf 90' lang='lat' dir='ltr'><strong>de</strong></span> <span class='ocrx_word' id='word_1_376' title='bbox 1500 3018 1725 3087; x_wconf 78' lang='lat' dir='ltr'><strong>proximi</strong></span> <span class='ocrx_word' id='word_1_377' title='bbox 1745 3020 1827 3072; x_wconf 89' lang='lat' dir='ltr'><strong>sui</strong></span> 
     </span>
    </p>
   </div>
   <div class='ocr_carea' id='block_1_47' title="bbox 206 3108 1829 3179">
    <p class='ocr_par' dir='ltr' id='par_1_47' title="bbox 206 3108 1829 3179">
     <span class='ocr_line' id='line_1_47' title="bbox 206 3108 1829 3179; baseline 0.001 -18"><span class='ocrx_word' id='word_1_378' title='bbox 206 3117 456 3176; x_wconf 82' lang='lat' dir='ltr'><strong>peccato</strong></span> <span class='ocrx_word' id='word_1_379' title='bbox 481 3108 852 3174; x_wconf 78' lang='lat' dir='ltr'><strong>contriste1ur,</strong></span> <span class='ocrx_word' id='word_1_380' title='bbox 885 3124 985 3164; x_wconf 90' lang='lat' dir='ltr'><strong>uec</strong></span> <span class='ocrx_word' id='word_1_381' title='bbox 1010 3110 1210 3177; x_wconf 85' lang='lat' dir='ltr'><strong>doleat,</strong></span> <span class='ocrx_word' id='word_1_382' title='bbox 1243 3109 1312 3164; x_wconf 89' lang='lat' dir='ltr'><strong>de</strong></span> <span class='ocrx_word' id='word_1_383' title='bbox 1351 3108 1592 3179; x_wconf 90' lang='lat' dir='ltr'><strong>profectu</strong></span> <span class='ocrx_word' id='word_1_384' title='bbox 1620 3110 1829 3163; x_wconf 64' lang='lat' dir='ltr'><strong>laetetur</strong></span> 
     </span>
    </p>
   </div>
   <div class='ocr_carea' id='block_1_48' title="bbox 1924 1918 3510 1993">
    <p class='ocr_par' dir='ltr' id='par_1_48' title="bbox 1924 1918 3510 1993">
     <span class='ocr_line' id='line_1_48' title="bbox 1924 1918 3510 1993; baseline 0.004 -21"><span class='ocrx_word' id='word_1_385' title='bbox 1924 1919 2109 1985; x_wconf 78' lang='lat' dir='ltr'><strong>tendit,</strong></span> <span class='ocrx_word' id='word_1_386' title='bbox 2145 1919 2213 1973; x_wconf 91' lang='lat' dir='ltr'><strong>ibi</strong></span> <span class='ocrx_word' id='word_1_387' title='bbox 2243 1918 2517 1988; x_wconf 82' lang='lat' dir='ltr'><strong>perﬁciat:</strong></span> <span class='ocrx_word' id='word_1_388' title='bbox 2555 1929 2611 1989; x_wconf 89' lang='lat' dir='ltr'><strong>ut</strong></span> <span class='ocrx_word' id='word_1_389' title='bbox 2638 1936 2708 1975; x_wconf 79' lang='lat' dir='ltr'><strong>ex</strong></span> <span class='ocrx_word' id='word_1_390' title='bbox 2736 1923 2881 1976; x_wconf 92' lang='lat' dir='ltr'><strong>omni</strong></span> <span class='ocrx_word' id='word_1_391' title='bbox 2912 1934 3063 1991; x_wconf 85' lang='lat' dir='ltr'><strong>parte</strong></span> <span class='ocrx_word' id='word_1_392' title='bbox 3093 1925 3341 1992; x_wconf 87' lang='lat' dir='ltr'><strong>perfectis</strong></span> <span class='ocrx_word' id='word_1_393' title='bbox 3368 1940 3510 1993; x_wconf 71' lang='lat' dir='ltr'><strong>pra:-</strong></span> 
     </span>
    </p>
   </div>
   <div class='ocr_carea' id='block_1_49' title="bbox 1924 2011 3227 2081">
    <p class='ocr_par' dir='ltr' id='par_1_49' title="bbox 1924 2011 3227 2081">
     <span class='ocr_line' id='line_1_49' title="bbox 1924 2011 3227 2081; baseline 0.001 -14"><span class='ocrx_word' id='word_1_394' title='bbox 1924 2013 2015 2067; x_wconf 88' lang='lat' dir='ltr'><strong>mii</strong></span> <span class='ocrx_word' id='word_1_395' title='bbox 2047 2013 2127 2064; x_wconf 91' lang='lat' dir='ltr'><strong>sui</strong></span> <span class='ocrx_word' id='word_1_396' title='bbox 2164 2012 2316 2065; x_wconf 89' lang='lat' dir='ltr'><strong>beata</strong></span> <span class='ocrx_word' id='word_1_397' title='bbox 2351 2013 2368 2046; x_wconf 74' lang='grc' dir='ltr'><strong>ι</strong></span> <span class='ocrx_word' id='word_1_398' title='bbox 2408 2012 2681 2079; x_wconf 79' lang='lat' dir='ltr'><strong>perceptio</strong></span> <span class='ocrx_word' id='word_1_399' title='bbox 2712 2011 2947 2081; x_wconf 76' lang='lat' dir='ltr'><strong>perfecte</strong></span> <span class='ocrx_word' id='word_1_400' title='bbox 2974 2014 3227 2068; x_wconf 79' lang='lat' dir='ltr'><strong>sufﬁciat.</strong></span> 
     </span>
    </p>
   </div>
   <div class='ocr_carea' id='block_1_50' title="bbox 1994 2100 3537 2179">
    <p class='ocr_par' dir='ltr' id='par_1_50' title="bbox 1994 2100 3537 2179">
     <span class='ocr_line' id='line_1_50' title="bbox 1994 2100 3537 2179; baseline 0.002 -24"><span class='ocrx_word' id='word_1_401' title='bbox 1994 2102 2048 2155; x_wconf 74' lang='grc'><strong>2.</strong></span> <span class='ocrx_word' id='word_1_402' title='bbox 2083 2108 2110 2136; x_wconf 77' lang='grc' dir='ltr'><strong>ιι</strong></span> <span class='ocrx_word' id='word_1_403' title='bbox 2143 2100 2218 2154; x_wconf 89' lang='lat' dir='ltr'><strong>lbi</strong></span> <span class='ocrx_word' id='word_1_404' title='bbox 2248 2101 2351 2154; x_wconf 88' lang='lat' dir='ltr'><strong>erit</strong></span> <span class='ocrx_word' id='word_1_405' title='bbox 2379 2108 2434 2154; x_wconf 88' lang='lat' dir='ltr'><strong>et</strong></span> <span class='ocrx_word' id='word_1_406' title='bbox 2461 2101 2623 2154; x_wconf 88' lang='lat' dir='ltr'><strong>animi</strong></span> <span class='ocrx_word' id='word_1_407' title='bbox 2657 2100 2948 2166; x_wconf 76' lang='lat' dir='ltr'><strong>fortitudo;</strong></span> <span class='ocrx_word' id='word_1_408' title='bbox 2981 2118 3085 2157; x_wconf 92' lang='lat' dir='ltr'><strong>non</strong></span> <span class='ocrx_word' id='word_1_409' title='bbox 3117 2113 3175 2157; x_wconf 92' lang='lat' dir='ltr'><strong>ut</strong></span> <span class='ocrx_word' id='word_1_410' title='bbox 3196 2104 3372 2173; x_wconf 85' lang='lat' dir='ltr'><strong>aliqua</strong></span> <span class='ocrx_word' id='word_1_411' title='bbox 3402 2120 3537 2179; x_wconf 49' lang='lat' dir='ltr'><strong>ma;</strong></span> 
     </span>
    </p>
   </div>
   <div class='ocr_carea' id='block_1_51' title="bbox 1923 2193 3514 2263">
    <p class='ocr_par' dir='ltr' id='par_1_51' title="bbox 1923 2193 3514 2263">
     <span class='ocr_line' id='line_1_51' title="bbox 1923 2193 3514 2263; baseline 0.001 -16"><span class='ocrx_word' id='word_1_412' title='bbox 1923 2193 1971 2247; x_wconf 89' lang='lat' dir='ltr'><strong>la</strong></span> <span class='ocrx_word' id='word_1_413' title='bbox 2001 2193 2291 2262; x_wconf 90' lang='lat' dir='ltr'><strong>propulset,</strong></span> <span class='ocrx_word' id='word_1_414' title='bbox 2324 2201 2414 2246; x_wconf 90' lang='lat' dir='ltr'><strong>aut</strong></span> <span class='ocrx_word' id='word_1_415' title='bbox 2443 2194 2813 2263; x_wconf 68' lang='lat' dir='ltr'><strong>mquanimiter</strong></span> <span class='ocrx_word' id='word_1_416' title='bbox 2841 2194 2994 2260; x_wconf 87' lang='lat' dir='ltr'><strong>ferat,</strong></span> <span class='ocrx_word' id='word_1_417' title='bbox 3027 2194 3122 2250; x_wconf 90' lang='lat' dir='ltr'><strong>sed</strong></span> <span class='ocrx_word' id='word_1_418' title='bbox 3147 2204 3203 2250; x_wconf 92' lang='lat' dir='ltr'><strong>ut</strong></span> <span class='ocrx_word' id='word_1_419' title='bbox 3229 2197 3345 2250; x_wconf 83' lang='lat' dir='ltr'><strong>sine</strong></span> <span class='ocrx_word' id='word_1_420' title='bbox 3392 2197 3514 2250; x_wconf 87' lang='lat' dir='ltr'><strong>ullis</strong></span> 
     </span>
    </p>
   </div>
   <div class='ocr_carea' id='block_1_52' title="bbox 1926 2283 3513 2362">
    <p class='ocr_par' dir='ltr' id='par_1_52' title="bbox 1926 2283 3513 2362">
     <span class='ocr_line' id='line_1_52' title="bbox 1926 2283 3513 2362; baseline 0.003 -24"><span class='ocrx_word' id='word_1_421' title='bbox 1926 2285 2079 2339; x_wconf 90' lang='lat' dir='ltr'><strong>malis</strong></span> <span class='ocrx_word' id='word_1_422' title='bbox 2105 2285 2289 2340; x_wconf 84' lang='lat' dir='ltr'><strong>beatos</strong></span> <span class='ocrx_word' id='word_1_423' title='bbox 2318 2283 2526 2339; x_wconf 81' lang='lat' dir='ltr'><strong>fortiter</strong></span> <span class='ocrx_word' id='word_1_424' title='bbox 2551 2288 2602 2340; x_wconf 94' lang='lat' dir='ltr'><strong>in</strong></span> <span class='ocrx_word' id='word_1_425' title='bbox 2632 2297 2837 2342; x_wconf 61' lang='lat' dir='ltr'><strong>aeterno</strong></span> <span class='ocrx_word' id='word_1_426' title='bbox 2866 2287 3008 2343; x_wconf 92' lang='lat' dir='ltr'><strong>bono</strong></span> <span class='ocrx_word' id='word_1_427' title='bbox 3035 2288 3325 2362; x_wconf 75' lang='lat' dir='ltr'><strong>contineat.</strong></span> <span class='ocrx_word' id='word_1_428' title='bbox 3358 2288 3433 2341; x_wconf 89' lang='lat' dir='ltr'><strong>lbi</strong></span> <span class='ocrx_word' id='word_1_429' title='bbox 3461 2289 3513 2342; x_wconf 89' lang='lat' dir='ltr'><strong>in</strong></span> 
     </span>
    </p>
   </div>
   <div class='ocr_carea' id='block_1_53' title="bbox 1926 2375 3517 2450">
    <p class='ocr_par' dir='ltr' id='par_1_53' title="bbox 1926 2375 3517 2450">
     <span class='ocr_line' id='line_1_53' title="bbox 1926 2375 3517 2450; baseline 0.001 -18"><span class='ocrx_word' id='word_1_430' title='bbox 1926 2377 2173 2432; x_wconf 89' lang='lat' dir='ltr'><strong>omnibus</strong></span> <span class='ocrx_word' id='word_1_431' title='bbox 2202 2375 2452 2446; x_wconf 87' lang='lat' dir='ltr'><strong>perfectis</strong></span> <span class='ocrx_word' id='word_1_432' title='bbox 2479 2380 2583 2434; x_wconf 89' lang='lat' dir='ltr'><strong>erit</strong></span> <span class='ocrx_word' id='word_1_433' title='bbox 2611 2380 2841 2447; x_wconf 89' lang='lat' dir='ltr'><strong>perfecta</strong></span> <span class='ocrx_word' id='word_1_434' title='bbox 2870 2381 3073 2450; x_wconf 87' lang='lat' dir='ltr'><strong>justitia</strong></span> <span class='ocrx_word' id='word_1_435' title='bbox 3096 2422 3111 2445; x_wconf 90' lang='lat'><strong>,</strong></span> <span class='ocrx_word' id='word_1_436' title='bbox 3144 2397 3249 2436; x_wconf 91' lang='lat' dir='ltr'><strong>non</strong></span> <span class='ocrx_word' id='word_1_437' title='bbox 3278 2391 3337 2435; x_wconf 93' lang='lat' dir='ltr'><strong>ut</strong></span> <span class='ocrx_word' id='word_1_438' title='bbox 3376 2382 3517 2435; x_wconf 86' lang='lat' dir='ltr'><strong>inter</strong></span> 
     </span>
    </p>
   </div>
   <div class='ocr_carea' id='block_1_54' title="bbox 1928 2467 3518 2541">
    <p class='ocr_par' dir='ltr' id='par_1_54' title="bbox 1928 2467 3518 2541">
     <span class='ocr_line' id='line_1_54' title="bbox 1928 2467 3518 2541; baseline 0.001 -19"><span class='ocrx_word' id='word_1_439' title='bbox 1928 2467 2153 2523; x_wconf 86' lang='lat' dir='ltr'><strong>virtutes</strong></span> <span class='ocrx_word' id='word_1_440' title='bbox 2183 2468 2454 2523; x_wconf 81' lang='lat' dir='ltr'><strong>discernat</strong></span> <span class='ocrx_word' id='word_1_441' title='bbox 2482 2478 2536 2524; x_wconf 92' lang='lat' dir='ltr'><strong>et</strong></span> <span class='ocrx_word' id='word_1_442' title='bbox 2564 2469 2713 2533; x_wconf 88' lang='lat' dir='ltr'><strong>vitia,</strong></span> <span class='ocrx_word' id='word_1_443' title='bbox 2743 2472 2833 2526; x_wconf 89' lang='lat' dir='ltr'><strong>ubi</strong></span> <span class='ocrx_word' id='word_1_444' title='bbox 2879 2486 2980 2527; x_wconf 90' lang='lat' dir='ltr'><strong>nec</strong></span> <span class='ocrx_word' id='word_1_445' title='bbox 3029 2470 3142 2541; x_wconf 89' lang='lat' dir='ltr'><strong>ipsa</strong></span> <span class='ocrx_word' id='word_1_446' title='bbox 3172 2480 3329 2527; x_wconf 90' lang='lat' dir='ltr'><strong>erunt</strong></span> <span class='ocrx_word' id='word_1_447' title='bbox 3353 2480 3383 2509; x_wconf 70' lang='grc' dir='ltr'><strong><em>τ</em></strong></span> <span class='ocrx_word' id='word_1_448' title='bbox 3407 2471 3518 2538; x_wconf 88' lang='lat' dir='ltr'><strong>jam</strong></span> 
     </span>
    </p>
   </div>
   <div class='ocr_carea' id='block_1_55' title="bbox 1929 2560 3519 2632">
    <p class='ocr_par' dir='ltr' id='par_1_55' title="bbox 1929 2560 3519 2632">
     <span class='ocr_line' id='line_1_55' title="bbox 1929 2560 3519 2632; baseline 0.001 -18"><span class='ocrx_word' id='word_1_449' title='bbox 1929 2572 2154 2628; x_wconf 83' lang='lat' dir='ltr'><strong>corpora</strong></span> <span class='ocrx_word' id='word_1_450' title='bbox 2179 2560 2404 2625; x_wconf 89' lang='lat' dir='ltr'><strong>vitiosa;</strong></span> <span class='ocrx_word' id='word_1_451' title='bbox 2433 2560 2530 2615; x_wconf 87' lang='lat' dir='ltr'><strong>sed</strong></span> <span class='ocrx_word' id='word_1_452' title='bbox 2557 2570 2612 2615; x_wconf 89' lang='lat' dir='ltr'><strong>ut</strong></span> <span class='ocrx_word' id='word_1_453' title='bbox 2635 2561 2887 2631; x_wconf 76' lang='lat' dir='ltr'><strong>perfectis</strong></span> <span class='ocrx_word' id='word_1_454' title='bbox 2914 2564 3133 2632; x_wconf 77' lang='lat' dir='ltr'><strong>praemia</strong></span> <span class='ocrx_word' id='word_1_455' title='bbox 3162 2563 3360 2618; x_wconf 82' lang='lat' dir='ltr'><strong>tribuat</strong></span> <span class='ocrx_word' id='word_1_456' title='bbox 3379 2578 3519 2617; x_wconf 85' lang='lat' dir='ltr'><strong>sem-</strong></span> 
     </span>
    </p>
   </div>
   <div class='ocr_carea' id='block_1_56' title="bbox 1933 2652 3519 2724">
    <p class='ocr_par' dir='ltr' id='par_1_56' title="bbox 1933 2652 3519 2724">
     <span class='ocr_line' id='line_1_56' title="bbox 1933 2652 3519 2724; baseline 0.002 -19"><span class='ocrx_word' id='word_1_457' title='bbox 1933 2652 2157 2721; x_wconf 89' lang='lat' dir='ltr'><strong>pitcrna.</strong></span> <span class='ocrx_word' id='word_1_458' title='bbox 2188 2652 2340 2720; x_wconf 86' lang='lat' dir='ltr'><strong>Quod</strong></span> <span class='ocrx_word' id='word_1_459' title='bbox 2370 2663 2497 2708; x_wconf 92' lang='lat' dir='ltr'><strong>tunc</strong></span> <span class='ocrx_word' id='word_1_460' title='bbox 2528 2654 2638 2717; x_wconf 78' lang='lat' dir='ltr'><strong>(iet,</strong></span> <span class='ocrx_word' id='word_1_461' title='bbox 2670 2655 2887 2724; x_wconf 86' lang='lat' dir='ltr'><strong>quando</strong></span> <span class='ocrx_word' id='word_1_462' title='bbox 2915 2656 3059 2709; x_wconf 91' lang='lat' dir='ltr'><strong>omni</strong></span> <span class='ocrx_word' id='word_1_463' title='bbox 3087 2657 3519 2723; x_wconf 88' lang='lat' dir='ltr'><strong>concupiscentia</strong></span> 
     </span>
    </p>
   </div>
   <div class='ocr_carea' id='block_1_57' title="bbox 1931 2746 3521 2816">
    <p class='ocr_par' dir='ltr' id='par_1_57' title="bbox 1931 2746 3521 2816">
     <span class='ocr_line' id='line_1_57' title="bbox 1931 2746 3521 2816; baseline 0.002 -18"><span class='ocrx_word' id='word_1_464' title='bbox 1931 2748 2129 2800; x_wconf 76' lang='lat' dir='ltr'><strong>carnali</strong></span> <span class='ocrx_word' id='word_1_465' title='bbox 2151 2756 2489 2815; x_wconf 87' lang='lat' dir='ltr'><strong>consumpta,</strong></span> <span class='ocrx_word' id='word_1_466' title='bbox 2514 2761 2612 2800; x_wconf 90' lang='lat' dir='ltr'><strong>nec</strong></span> <span class='ocrx_word' id='word_1_467' title='bbox 2631 2746 2888 2801; x_wconf 85' lang='lat' dir='ltr'><strong>adversus</strong></span> <span class='ocrx_word' id='word_1_468' title='bbox 2910 2762 3126 2802; x_wconf 87' lang='lat' dir='ltr'><strong>carnem</strong></span> <span class='ocrx_word' id='word_1_469' title='bbox 3152 2748 3391 2816; x_wconf 86' lang='lat' dir='ltr'><strong>spiritus,</strong></span> <span class='ocrx_word' id='word_1_470' title='bbox 3423 2763 3521 2801; x_wconf 76' lang='lat' dir='ltr'><strong>nec</strong></span> 
     </span>
    </p>
   </div>
   <div class='ocr_carea' id='block_1_58' title="bbox 1931 2836 3517 2906">
    <p class='ocr_par' dir='ltr' id='par_1_58' title="bbox 1931 2836 3517 2906">
     <span class='ocr_line' id='line_1_58' title="bbox 1931 2836 3517 2906; baseline -0.003 -15"><span class='ocrx_word' id='word_1_471' title='bbox 1931 2851 2057 2891; x_wconf 87' lang='lat' dir='ltr'><strong>caro</strong></span> <span class='ocrx_word' id='word_1_472' title='bbox 2085 2838 2344 2892; x_wconf 88' lang='lat' dir='ltr'><strong>adversus</strong></span> <span class='ocrx_word' id='word_1_473' title='bbox 2368 2838 2612 2903; x_wconf 72' lang='lat' dir='ltr'><strong>spiritum</strong></span> <span class='ocrx_word' id='word_1_474' title='bbox 2641 2840 2981 2906; x_wconf 84' lang='lat' dir='ltr'><strong>concupiscet</strong></span> <span class='ocrx_word' id='word_1_475' title='bbox 3004 2836 3159 2906; x_wconf 84' lang='lat' dir='ltr'><strong>(Gal.</strong></span> <span class='ocrx_word' id='word_1_476' title='bbox 3188 2853 3242 2903; x_wconf 92' lang='lat' dir='ltr'><strong>v,</strong></span> <span class='ocrx_word' id='word_1_477' title='bbox 3268 2839 3363 2903; x_wconf 78' lang='grc'><strong>17)</strong></span> <span class='ocrx_word' id='word_1_478' title='bbox 3387 2855 3400 2900; x_wconf 89' lang='lat'><strong>;</strong></span> <span class='ocrx_word' id='word_1_479' title='bbox 3426 2841 3517 2889; x_wconf 82' lang='lat' dir='ltr'><strong>scd</strong></span> 
     </span>
    </p>
   </div>
   <div class='ocr_carea' id='block_1_59' title="bbox 1931 2925 3518 2995">
    <p class='ocr_par' dir='ltr' id='par_1_59' title="bbox 1931 2925 3518 2995">
     <span class='ocr_line' id='line_1_59' title="bbox 1931 2925 3518 2995; baseline -0.002 -14"><span class='ocrx_word' id='word_1_480' title='bbox 1931 2930 2142 2981; x_wconf 88' lang='lat' dir='ltr'><strong>animus</strong></span> <span class='ocrx_word' id='word_1_481' title='bbox 2192 2927 2303 2981; x_wconf 86' lang='lat' dir='ltr'><strong>Deo</strong></span> <span class='ocrx_word' id='word_1_482' title='bbox 2331 2927 2620 2995; x_wconf 87' lang='lat' dir='ltr'><strong>subjectus,</strong></span> <span class='ocrx_word' id='word_1_483' title='bbox 2653 2942 2775 2981; x_wconf 91' lang='lat' dir='ltr'><strong>cum</strong></span> <span class='ocrx_word' id='word_1_484' title='bbox 2823 2941 2985 2982; x_wconf 87' lang='lat' dir='ltr'><strong>carne</strong></span> <span class='ocrx_word' id='word_1_485' title='bbox 3030 2926 3131 2981; x_wconf 86' lang='lat' dir='ltr'><strong>s&#39;ibi</strong></span> <span class='ocrx_word' id='word_1_486' title='bbox 3181 2925 3421 2995; x_wconf 80' lang='lat' dir='ltr'><strong>subjeCIa</strong></span> <span class='ocrx_word' id='word_1_487' title='bbox 3469 2927 3518 2978; x_wconf 92' lang='lat' dir='ltr'><strong>in</strong></span> 
     </span>
    </p>
   </div>
   <div class='ocr_carea' id='block_1_60' title="bbox 1935 3018 3521 3089">
    <p class='ocr_par' dir='ltr' id='par_1_60' title="bbox 1935 3018 3521 3089">
     <span class='ocr_line' id='line_1_60' title="bbox 1935 3018 3521 3089; baseline -0.003 -16"><span class='ocrx_word' id='word_1_488' title='bbox 1935 3033 2065 3089; x_wconf 88' lang='lat' dir='ltr'><strong>pace</strong></span> <span class='ocrx_word' id='word_1_489' title='bbox 2112 3020 2440 3088; x_wconf 88' lang='lat' dir='ltr'><strong>sempiterna</strong></span> <span class='ocrx_word' id='word_1_490' title='bbox 2492 3021 2753 3089; x_wconf 79' lang='lat' dir='ltr'><strong>regnabit,</strong></span> <span class='ocrx_word' id='word_1_491' title='bbox 2791 3027 2844 3074; x_wconf 90' lang='lat' dir='ltr'><strong>et</strong></span> <span class='ocrx_word' id='word_1_492' title='bbox 2872 3018 3109 3072; x_wconf 89' lang='lat' dir='ltr'><strong>Creatori</strong></span> <span class='ocrx_word' id='word_1_493' title='bbox 3155 3030 3251 3072; x_wconf 85' lang='lat' dir='ltr'><strong>suo</strong></span> <span class='ocrx_word' id='word_1_494' title='bbox 3282 3018 3334 3070; x_wconf 94' lang='lat' dir='ltr'><strong>in</strong></span> <span class='ocrx_word' id='word_1_495' title='bbox 3365 3026 3521 3070; x_wconf 69' lang='lat' dir='ltr'><strong>arter—</strong></span> 
     </span>
    </p>
   </div>
   <div class='ocr_carea' id='block_1_61' title="bbox 1936 3109 3522 3177">
    <p class='ocr_par' dir='ltr' id='par_1_61' title="bbox 1936 3109 3522 3177">
     <span class='ocr_line' id='line_1_61' title="bbox 1936 3109 3522 3177; baseline -0.001 -13"><span class='ocrx_word' id='word_1_496' title='bbox 1936 3127 2060 3165; x_wconf 91' lang='lat' dir='ltr'><strong>uum</strong></span> <span class='ocrx_word' id='word_1_497' title='bbox 2106 3109 2331 3165; x_wconf 75' lang='lat' dir='ltr'><strong>feliciter</strong></span> <span class='ocrx_word' id='word_1_498' title='bbox 2365 3110 2680 3164; x_wconf 74' lang='lat' dir='ltr'><strong>adhtcrebit.</strong></span> <span class='ocrx_word' id='word_1_499' title='bbox 2736 3110 2855 3164; x_wconf 87' lang='lat' dir='ltr'><strong>Jam</strong></span> <span class='ocrx_word' id='word_1_500' title='bbox 2907 3109 3182 3175; x_wconf 77' lang='lat' dir='ltr'><strong>prudentia</strong></span> <span class='ocrx_word' id='word_1_501' title='bbox 3210 3150 3225 3173; x_wconf 91' lang='lat'><strong>,</strong></span> <span class='ocrx_word' id='word_1_502' title='bbox 3268 3123 3388 3177; x_wconf 79' lang='lat' dir='ltr'><strong>qua:</strong></span> <span class='ocrx_word' id='word_1_503' title='bbox 3437 3109 3522 3162; x_wconf 86' lang='lat' dir='ltr'><strong>hic.</strong></span> 
     </span>
    </p>
   </div>
   <div class='ocr_carea' id='block_1_62' title="bbox 207 3199 3522 3271">
    <p class='ocr_par' dir='ltr' id='par_1_62' title="bbox 207 3199 3522 3271">
     <span class='ocr_line' id='line_1_62' title="bbox 207 3199 3522 3271; baseline 0 -18"><span class='ocrx_word' id='word_1_504' title='bbox 207 3212 308 3255; x_wconf 80' lang='lat' dir='ltr'><strong>aut</strong></span> <span class='ocrx_word' id='word_1_505' title='bbox 336 3199 603 3271; x_wconf 83' lang='lat' dir='ltr'><strong>gaudeat,</strong></span> <span class='ocrx_word' id='word_1_506' title='bbox 630 3200 675 3254; x_wconf 85' lang='lat' dir='ltr'><strong>si</strong></span> <span class='ocrx_word' id='word_1_507' title='bbox 702 3201 831 3255; x_wconf 90' lang='lat' dir='ltr'><strong>nihil</strong></span> <span class='ocrx_word' id='word_1_508' title='bbox 864 3202 988 3255; x_wconf 90' lang='lat' dir='ltr'><strong>boni</strong></span> <span class='ocrx_word' id='word_1_509' title='bbox 1014 3202 1143 3256; x_wconf 88' lang='lat' dir='ltr'><strong>velit</strong></span> <span class='ocrx_word' id='word_1_510' title='bbox 1168 3210 1258 3255; x_wconf 89' lang='lat' dir='ltr'><strong>aut</strong></span> <span class='ocrx_word' id='word_1_511' title='bbox 1280 3201 1495 3270; x_wconf 85' lang='lat' dir='ltr'><strong>cupiat;</strong></span> <span class='ocrx_word' id='word_1_512' title='bbox 1522 3214 1627 3254; x_wconf 92' lang='lat' dir='ltr'><strong>non</strong></span> <span class='ocrx_word' id='word_1_513' title='bbox 1654 3201 1826 3254; x_wconf 90' lang='lat' dir='ltr'><strong>solum</strong></span> <span class='ocrx_word' id='word_1_514' title='bbox 1856 3204 1901 3267; x_wconf 84' lang='lat' dir='ltr'>C</span> <span class='ocrx_word' id='word_1_515' title='bbox 1933 3216 2144 3271; x_wconf 86' lang='lat' dir='ltr'><strong>quoque</strong></span> <span class='ocrx_word' id='word_1_516' title='bbox 2172 3201 2399 3256; x_wconf 91' lang='lat' dir='ltr'><strong>habetur</strong></span> <span class='ocrx_word' id='word_1_517' title='bbox 2424 3202 2588 3263; x_wconf 86' lang='lat' dir='ltr'><strong>clara.</strong></span> <span class='ocrx_word' id='word_1_518' title='bbox 2623 3202 2710 3257; x_wconf 92' lang='lat' dir='ltr'><strong>ubi</strong></span> <span class='ocrx_word' id='word_1_519' title='bbox 2744 3202 2795 3255; x_wconf 90' lang='lat' dir='ltr'><strong>in</strong></span> <span class='ocrx_word' id='word_1_520' title='bbox 2825 3202 3107 3269; x_wconf 77' lang='lat' dir='ltr'><strong>:enigmate</strong></span> <span class='ocrx_word' id='word_1_521' title='bbox 3133 3202 3362 3270; x_wconf 88' lang='lat' dir='ltr'><strong>quodam</strong></span> <span class='ocrx_word' id='word_1_522' title='bbox 3396 3217 3522 3268; x_wconf 87' lang='lat' dir='ltr'><strong>pru-</strong></span> 
     </span>
    </p>
   </div>
   <div class='ocr_carea' id='block_1_63' title="bbox 206 3290 1829 3360">
    <p class='ocr_par' dir='ltr' id='par_1_63' title="bbox 206 3290 1829 3360">
     <span class='ocr_line' id='line_1_63' title="bbox 206 3290 1829 3360; baseline 0 -14"><span class='ocrx_word' id='word_1_523' title='bbox 206 3301 376 3348; x_wconf 85' lang='lat' dir='ltr'><strong>recte</strong></span> <span class='ocrx_word' id='word_1_524' title='bbox 401 3305 513 3345; x_wconf 89' lang='lat' dir='ltr'><strong>non</strong></span> <span class='ocrx_word' id='word_1_525' title='bbox 543 3292 698 3359; x_wconf 87' lang='lat' dir='ltr'><strong>vivit,</strong></span> <span class='ocrx_word' id='word_1_526' title='bbox 730 3296 823 3346; x_wconf 90' lang='lat' dir='ltr'><strong>sed</strong></span> <span class='ocrx_word' id='word_1_527' title='bbox 848 3294 1007 3347; x_wconf 90' lang='lat' dir='ltr'><strong>etiam</strong></span> <span class='ocrx_word' id='word_1_528' title='bbox 1035 3307 1253 3347; x_wconf 85' lang='lat' dir='ltr'><strong>sensum</strong></span> <span class='ocrx_word' id='word_1_529' title='bbox 1284 3291 1455 3360; x_wconf 86' lang='lat' dir='ltr'><strong>ipsius</strong></span> <span class='ocrx_word' id='word_1_530' title='bbox 1484 3290 1829 3346; x_wconf 85' lang='lat' dir='ltr'><strong>humanitatis</strong></span> 
     </span>
    </p>
   </div>
   <div class='ocr_carea' id='block_1_64' title="bbox 213 3379 1829 3452">
    <p class='ocr_par' dir='ltr' id='par_1_64' title="bbox 213 3379 1829 3452">
     <span class='ocr_line' id='line_1_64' title="bbox 213 3379 1829 3452; baseline -0.001 -16"><span class='ocrx_word' id='word_1_531' title='bbox 213 3382 455 3436; x_wconf 83' lang='lat' dir='ltr'><strong>amittit.</strong></span> <span class='ocrx_word' id='word_1_532' title='bbox 487 3379 545 3435; x_wconf 91' lang='lat' dir='ltr'><strong>In</strong></span> <span class='ocrx_word' id='word_1_533' title='bbox 570 3382 654 3435; x_wconf 79' lang='lat' dir='ltr'><strong>illa</strong></span> <span class='ocrx_word' id='word_1_534' title='bbox 686 3392 865 3438; x_wconf 90' lang='lat' dir='ltr'><strong>autem</strong></span> <span class='ocrx_word' id='word_1_535' title='bbox 893 3384 1000 3436; x_wconf 84' lang='lat' dir='ltr'><strong>vita</strong></span> <span class='ocrx_word' id='word_1_536' title='bbox 1031 3383 1183 3438; x_wconf 90' lang='lat' dir='ltr'><strong>beata</strong></span> <span class='ocrx_word' id='word_1_537' title='bbox 1206 3382 1271 3436; x_wconf 86' lang='lat' dir='ltr'><strong>ad</strong></span> <span class='ocrx_word' id='word_1_538' title='bbox 1304 3396 1484 3452; x_wconf 84' lang='lat' dir='ltr'><strong>quam,</strong></span> <span class='ocrx_word' id='word_1_539' title='bbox 1512 3390 1829 3450; x_wconf 88' lang='lat' dir='ltr'><strong>consumpta</strong></span> 
     </span>
    </p>
   </div>
   <div class='ocr_carea' id='block_1_65' title="bbox 214 3471 1830 3542">
    <p class='ocr_par' dir='ltr' id='par_1_65' title="bbox 214 3471 1830 3542">
     <span class='ocr_line' id='line_1_65' title="bbox 214 3471 1830 3542; baseline -0.002 -15"><span class='ocrx_word' id='word_1_540' title='bbox 214 3475 381 3529; x_wconf 88' lang='lat' dir='ltr'><strong>omni</strong></span> <span class='ocrx_word' id='word_1_541' title='bbox 411 3473 871 3542; x_wconf 85' lang='lat' dir='ltr'><strong>corruptibilitate</strong></span> <span class='ocrx_word' id='word_1_542' title='bbox 900 3477 913 3523; x_wconf 89' lang='lat' dir='ltr'><strong>t</strong></span> <span class='ocrx_word' id='word_1_543' title='bbox 946 3488 1008 3527; x_wconf 89' lang='lat' dir='ltr'><strong>ac</strong></span> <span class='ocrx_word' id='word_1_544' title='bbox 1052 3474 1399 3539; x_wconf 85' lang='lat' dir='ltr'><strong>mortalitate,</strong></span> <span class='ocrx_word' id='word_1_545' title='bbox 1430 3471 1455 3509; x_wconf 79' lang='grc' dir='ltr'>¹ι</span> <span class='ocrx_word' id='word_1_546' title='bbox 1481 3471 1794 3542; x_wconf 90' lang='lat' dir='ltr'><strong>pervenient</strong></span> <span class='ocrx_word' id='word_1_547' title='bbox 1815 3512 1830 3537; x_wconf 95' lang='lat'><strong>,</strong></span> 
     </span>
    </p>
   </div>
   <div class='ocr_carea' id='block_1_66' title="bbox 214 3563 1833 3635">
    <p class='ocr_par' dir='ltr' id='par_1_66' title="bbox 214 3563 1833 3635">
     <span class='ocr_line' id='line_1_66' title="bbox 214 3563 1833 3635; baseline -0.002 -13"><span class='ocrx_word' id='word_1_548' title='bbox 214 3569 548 3635; x_wconf 84' lang='lat' dir='ltr'><strong>quicunque</strong></span> <span class='ocrx_word' id='word_1_549' title='bbox 573 3566 643 3620; x_wconf 88' lang='lat' dir='ltr'><strong>ibi</strong></span> <span class='ocrx_word' id='word_1_550' title='bbox 676 3567 839 3620; x_wconf 86' lang='lat' dir='ltr'><strong>futuri</strong></span> <span class='ocrx_word' id='word_1_551' title='bbox 865 3576 1010 3633; x_wconf 89' lang='lat' dir='ltr'><strong>sunt,</strong></span> <span class='ocrx_word' id='word_1_552' title='bbox 1042 3563 1057 3603; x_wconf 80' lang='grc' dir='ltr'><strong>ι</strong></span> <span class='ocrx_word' id='word_1_553' title='bbox 1087 3568 1175 3619; x_wconf 90' lang='lat' dir='ltr'><strong>ubi</strong></span> <span class='ocrx_word' id='word_1_554' title='bbox 1202 3581 1300 3621; x_wconf 90' lang='lat' dir='ltr'><strong>nec</strong></span> <span class='ocrx_word' id='word_1_555' title='bbox 1320 3567 1476 3622; x_wconf 84' lang='lat' dir='ltr'><strong>ﬂetus</strong></span> <span class='ocrx_word' id='word_1_556' title='bbox 1495 3566 1634 3620; x_wconf 89' lang='lat' dir='ltr'><strong>ullus</strong></span> <span class='ocrx_word' id='word_1_557' title='bbox 1656 3575 1833 3635; x_wconf 87' lang='lat' dir='ltr'><strong>potest</strong></span> 
     </span>
    </p>
   </div>
   <div class='ocr_carea' id='block_1_67' title="bbox 213 3658 1831 3727">
    <p class='ocr_par' dir='ltr' id='par_1_67' title="bbox 213 3658 1831 3727">
     <span class='ocr_line' id='line_1_67' title="bbox 213 3658 1831 3727; baseline -0.001 -13"><span class='ocrx_word' id='word_1_558' title='bbox 213 3674 379 3725; x_wconf 76' lang='lat' dir='ltr'><strong>esse,</strong></span> <span class='ocrx_word' id='word_1_559' title='bbox 425 3673 529 3712; x_wconf 83' lang='lat' dir='ltr'><strong>nec</strong></span> <span class='ocrx_word' id='word_1_560' title='bbox 550 3658 819 3727; x_wconf 86' lang='lat' dir='ltr'><strong>gemitus:</strong></span> <span class='ocrx_word' id='word_1_561' title='bbox 863 3658 1136 3712; x_wconf 88' lang='lat' dir='ltr'><strong>habebunt</strong></span> <span class='ocrx_word' id='word_1_562' title='bbox 1174 3673 1363 3714; x_wconf 89' lang='lat' dir='ltr'><strong>omnes</strong></span> <span class='ocrx_word' id='word_1_563' title='bbox 1399 3658 1568 3713; x_wconf 89' lang='lat' dir='ltr'><strong>sancti</strong></span> <span class='ocrx_word' id='word_1_564' title='bbox 1594 3673 1831 3713; x_wconf 90' lang='lat' dir='ltr'><strong>amorem</strong></span> 
     </span>
    </p>
   </div>
   <div class='ocr_carea' id='block_1_68' title="bbox 214 3750 1834 3822">
    <p class='ocr_par' dir='ltr' id='par_1_68' title="bbox 214 3750 1834 3822">
     <span class='ocr_line' id='line_1_68' title="bbox 214 3750 1834 3822; baseline -0.001 -16"><span class='ocrx_word' id='word_1_565' title='bbox 214 3751 542 3822; x_wconf 84' lang='lat' dir='ltr'><strong>perfectum</strong></span> <span class='ocrx_word' id='word_1_566' title='bbox 564 3790 580 3816; x_wconf 91' lang='lat'><strong>,</strong></span> <span class='ocrx_word' id='word_1_567' title='bbox 615 3751 863 3805; x_wconf 86' lang='lat' dir='ltr'><strong>timorem</strong></span> <span class='ocrx_word' id='word_1_568' title='bbox 898 3750 1133 3819; x_wconf 90' lang='lat' dir='ltr'><strong>nullum,</strong></span> <span class='ocrx_word' id='word_1_569' title='bbox 1166 3761 1221 3805; x_wconf 91' lang='lat' dir='ltr'><strong>et</strong></span> <span class='ocrx_word' id='word_1_570' title='bbox 1263 3752 1515 3821; x_wconf 87' lang='lat' dir='ltr'><strong>gaudium</strong></span> <span class='ocrx_word' id='word_1_571' title='bbox 1552 3752 1834 3819; x_wconf 75' lang='lat' dir='ltr'><strong>sempiter-</strong></span> 
     </span>
    </p>
   </div>
   <div class='ocr_carea' id='block_1_69' title="bbox 213 3842 1831 3911">
    <p class='ocr_par' dir='ltr' id='par_1_69' title="bbox 213 3842 1831 3911">
     <span class='ocr_line' id='line_1_69' title="bbox 213 3842 1831 3911; baseline -0.004 -11"><span class='ocrx_word' id='word_1_572' title='bbox 213 3860 392 3900; x_wconf 89' lang='lat' dir='ltr'><strong>num.</strong></span> <span class='ocrx_word' id='word_1_573' title='bbox 432 3843 672 3898; x_wconf 69' lang='lat' dir='ltr'><strong>Ibimeis</strong></span> <span class='ocrx_word' id='word_1_574' title='bbox 711 3842 815 3897; x_wconf 88' lang='lat' dir='ltr'><strong>erit</strong></span> <span class='ocrx_word' id='word_1_575' title='bbox 844 3843 1088 3897; x_wconf 88' lang='lat' dir='ltr'><strong>voluntas</strong></span> <span class='ocrx_word' id='word_1_576' title='bbox 1131 3850 1298 3908; x_wconf 90' lang='lat' dir='ltr'><strong>recta,</strong></span> <span class='ocrx_word' id='word_1_577' title='bbox 1346 3842 1611 3911; x_wconf 88' lang='lat' dir='ltr'><strong>cupiditas</strong></span> <span class='ocrx_word' id='word_1_578' title='bbox 1655 3842 1831 3906; x_wconf 86' lang='lat' dir='ltr'><strong>nulla,</strong></span> 
     </span>
    </p>
   </div>
   <div class='ocr_carea' id='block_1_70' title="bbox 213 3935 1837 4010">
    <p class='ocr_par' dir='ltr' id='par_1_70' title="bbox 213 3935 1837 4010">
     <span class='ocr_line' id='line_1_70' title="bbox 213 3935 1837 4010; baseline -0.003 -16"><span class='ocrx_word' id='word_1_579' title='bbox 213 3939 499 4010; x_wconf 83' lang='lat' dir='ltr'><strong>quoniam</strong></span> <span class='ocrx_word' id='word_1_580' title='bbox 532 3936 755 3992; x_wconf 90' lang='lat' dir='ltr'><strong>fruendo</strong></span> <span class='ocrx_word' id='word_1_581' title='bbox 782 3937 1095 3992; x_wconf 61' lang='lat' dir='ltr'><strong>caelestibus</strong></span> <span class='ocrx_word' id='word_1_582' title='bbox 1121 3936 1294 4005; x_wconf 87' lang='lat' dir='ltr'><strong>bonis,</strong></span> <span class='ocrx_word' id='word_1_583' title='bbox 1319 3936 1382 3990; x_wconf 87' lang='lat' dir='ltr'><strong>ad</strong></span> <span class='ocrx_word' id='word_1_584' title='bbox 1412 3951 1531 4005; x_wconf 61' lang='lat' dir='ltr'><strong>quae</strong></span> <span class='ocrx_word' id='word_1_585' title='bbox 1556 3935 1837 4003; x_wconf 86' lang='lat' dir='ltr'><strong>pervenire</strong></span> 
     </span>
    </p>
   </div>
   <div class='ocr_carea' id='block_1_71' title="bbox 214 4028 1835 4101">
    <p class='ocr_par' dir='ltr' id='par_1_71' title="bbox 214 4028 1835 4101">
     <span class='ocr_line' id='line_1_71' title="bbox 214 4028 1835 4101; baseline -0.004 -15"><span class='ocrx_word' id='word_1_586' title='bbox 214 4029 558 4101; x_wconf 85' lang='lat' dir='ltr'><strong>cupiebant,</strong></span> <span class='ocrx_word' id='word_1_587' title='bbox 581 4028 801 4082; x_wconf 89' lang='lat' dir='ltr'><strong>nihileis</strong></span> <span class='ocrx_word' id='word_1_588' title='bbox 823 4028 995 4083; x_wconf 85' lang='lat' dir='ltr'><strong>deerit</strong></span> <span class='ocrx_word' id='word_1_589' title='bbox 1018 4031 1158 4099; x_wconf 91' lang='lat' dir='ltr'><strong>quod</strong></span> <span class='ocrx_word' id='word_1_590' title='bbox 1183 4030 1409 4084; x_wconf 90' lang='lat' dir='ltr'><strong>ulterius</strong></span> <span class='ocrx_word' id='word_1_591' title='bbox 1429 4029 1835 4097; x_wconf 88' lang='lat' dir='ltr'><strong>concupiscant,</strong></span> 
     </span>
    </p>
   </div>
   <div class='ocr_carea' id='block_1_72' title="bbox 214 4118 1840 4190">
    <p class='ocr_par' dir='ltr' id='par_1_72' title="bbox 214 4118 1840 4190">
     <span class='ocr_line' id='line_1_72' title="bbox 214 4118 1840 4190; baseline -0.004 -13"><span class='ocrx_word' id='word_1_592' title='bbox 214 4131 279 4177; x_wconf 86' lang='lat' dir='ltr'><strong>et</strong></span> <span class='ocrx_word' id='word_1_593' title='bbox 301 4121 367 4175; x_wconf 83' lang='lat' dir='ltr'><strong>in</strong></span> <span class='ocrx_word' id='word_1_594' title='bbox 395 4118 486 4173; x_wconf 85' lang='lat' dir='ltr'><strong>illa</strong></span> <span class='ocrx_word' id='word_1_595' title='bbox 508 4120 725 4188; x_wconf 88' lang='lat' dir='ltr'><strong>regione</strong></span> <span class='ocrx_word' id='word_1_596' title='bbox 747 4132 1018 4190; x_wconf 63' lang='lat' dir='ltr'><strong>perpetua;</strong></span> <span class='ocrx_word' id='word_1_597' title='bbox 1040 4121 1344 4176; x_wconf 88' lang='lat' dir='ltr'><strong>securitatis</strong></span> <span class='ocrx_word' id='word_1_598' title='bbox 1361 4134 1423 4174; x_wconf 91' lang='lat' dir='ltr'><strong>ac</strong></span> <span class='ocrx_word' id='word_1_599' title='bbox 1444 4120 1586 4189; x_wconf 88' lang='lat' dir='ltr'><strong>pacis</strong></span> <span class='ocrx_word' id='word_1_600' title='bbox 1604 4118 1840 4188; x_wconf 89' lang='lat' dir='ltr'><strong>perfecte</strong></span> 
     </span>
    </p>
   </div>
   <div class='ocr_carea' id='block_1_73' title="bbox 216 4212 1835 4284">
    <p class='ocr_par' dir='ltr' id='par_1_73' title="bbox 216 4212 1835 4284">
     <span class='ocr_line' id='line_1_73' title="bbox 216 4212 1835 4284; baseline -0.004 -13"><span class='ocrx_word' id='word_1_601' title='bbox 216 4213 413 4278; x_wconf 71' lang='lat' dir='ltr'><strong>beati,</strong></span> <span class='ocrx_word' id='word_1_602' title='bbox 431 4226 535 4267; x_wconf 89' lang='lat' dir='ltr'><strong>nec</strong></span> <span class='ocrx_word' id='word_1_603' title='bbox 559 4213 764 4267; x_wconf 91' lang='lat' dir='ltr'><strong>timoris</strong></span> <span class='ocrx_word' id='word_1_604' title='bbox 782 4213 1027 4268; x_wconf 90' lang='lat' dir='ltr'><strong>stimulos</strong></span> <span class='ocrx_word' id='word_1_605' title='bbox 1043 4215 1250 4284; x_wconf 88' lang='lat' dir='ltr'><strong>passuri</strong></span> <span class='ocrx_word' id='word_1_606' title='bbox 1269 4224 1415 4281; x_wconf 91' lang='lat' dir='ltr'><strong>sunt,</strong></span> <span class='ocrx_word' id='word_1_607' title='bbox 1443 4221 1472 4249; x_wconf 73' lang='grc'>³</span> <span class='ocrx_word' id='word_1_608' title='bbox 1494 4227 1593 4268; x_wconf 90' lang='lat' dir='ltr'><strong>nec</strong></span> <span class='ocrx_word' id='word_1_609' title='bbox 1613 4212 1835 4266; x_wconf 91' lang='lat' dir='ltr'><strong>doloris.</strong></span> 
     </span>
    </p>
   </div>
   <div class='ocr_carea' id='block_1_74' title="bbox 216 4301 1838 4374">
    <p class='ocr_par' dir='ltr' id='par_1_74' title="bbox 216 4301 1838 4374">
     <span class='ocr_line' id='line_1_74' title="bbox 216 4301 1838 4374; baseline -0.005 -11"><span class='ocrx_word' id='word_1_610' title='bbox 216 4304 340 4363; x_wconf 78' lang='lat' dir='ltr'><strong>Sed</strong></span> <span class='ocrx_word' id='word_1_611' title='bbox 362 4304 537 4359; x_wconf 79' lang='lat' dir='ltr'><strong>timor</strong></span> <span class='ocrx_word' id='word_1_612' title='bbox 557 4304 668 4369; x_wconf 88' lang='lat' dir='ltr'><strong>ille,</strong></span> <span class='ocrx_word' id='word_1_613' title='bbox 692 4320 798 4360; x_wconf 91' lang='lat' dir='ltr'><strong>non</strong></span> <span class='ocrx_word' id='word_1_614' title='bbox 815 4320 976 4374; x_wconf 90' lang='lat' dir='ltr'><strong>quem</strong></span> <span class='ocrx_word' id='word_1_615' title='bbox 992 4304 1187 4360; x_wconf 87' lang='lat' dir='ltr'><strong>caritas</strong></span> <span class='ocrx_word' id='word_1_616' title='bbox 1201 4304 1344 4359; x_wconf 89' lang='lat' dir='ltr'><strong>foras</strong></span> <span class='ocrx_word' id='word_1_617' title='bbox 1365 4304 1549 4369; x_wconf 89' lang='lat' dir='ltr'><strong>mittit,</strong></span> <span class='ocrx_word' id='word_1_618' title='bbox 1565 4301 1659 4357; x_wconf 89' lang='lat' dir='ltr'><strong>sed</strong></span> <span class='ocrx_word' id='word_1_619' title='bbox 1681 4316 1838 4371; x_wconf 88' lang='lat' dir='ltr'><strong>quem</strong></span> 
     </span>
    </p>
   </div>
   <div class='ocr_carea' id='block_1_75' title="bbox 218 4396 1844 4467">
    <p class='ocr_par' dir='ltr' id='par_1_75' title="bbox 218 4396 1844 4467">
     <span class='ocr_line' id='line_1_75' title="bbox 218 4396 1844 4467; baseline -0.005 -11"><span class='ocrx_word' id='word_1_620' title='bbox 218 4399 445 4457; x_wconf 83' lang='lat' dir='ltr'><strong>caritas</strong></span> <span class='ocrx_word' id='word_1_621' title='bbox 480 4399 667 4467; x_wconf 87' lang='lat' dir='ltr'><strong>nutrit,</strong></span> <span class='ocrx_word' id='word_1_622' title='bbox 693 4398 817 4455; x_wconf 88' lang='lat' dir='ltr'><strong>ideo</strong></span> <span class='ocrx_word' id='word_1_623' title='bbox 853 4397 1099 4455; x_wconf 88' lang='lat' dir='ltr'><strong>fortassis</strong></span> <span class='ocrx_word' id='word_1_624' title='bbox 1137 4399 1195 4454; x_wconf 89' lang='lat' dir='ltr'><strong>in</strong></span> <span class='ocrx_word' id='word_1_625' title='bbox 1223 4397 1478 4454; x_wconf 70' lang='lat' dir='ltr'><strong>saeculum</strong></span> <span class='ocrx_word' id='word_1_626' title='bbox 1519 4396 1699 4451; x_wconf 82' lang='lat' dir='ltr'><strong>saeculi</strong></span> <span class='ocrx_word' id='word_1_627' title='bbox 1724 4409 1844 4464; x_wconf 85' lang='lat' dir='ltr'><strong>per-</strong></span> 
     </span>
    </p>
   </div>
   <div class='ocr_carea' id='block_1_76' title="bbox 310 4639 1933 4710">
    <p class='ocr_par' dir='ltr' id='par_1_76' title="bbox 310 4639 1933 4710">
     <span class='ocr_line' id='line_1_76' title="bbox 310 4639 1933 4710; baseline -0.001 -15"><span class='ocrx_word' id='word_1_628' title='bbox 310 4650 342 4679; x_wconf 72' lang='grc' dir='ltr'><strong>ι</strong></span> <span class='ocrx_word' id='word_1_629' title='bbox 384 4640 517 4695; x_wconf 85' lang='lat' dir='ltr'><strong>Mss.</strong></span> <span class='ocrx_word' id='word_1_630' title='bbox 549 4650 681 4707; x_wconf 89' lang='lat' dir='ltr'><strong>tres,</strong></span> <span class='ocrx_word' id='word_1_631' title='bbox 711 4657 767 4693; x_wconf 80' lang='lat' dir='ltr'><strong>in</strong></span> <span class='ocrx_word' id='word_1_632' title='bbox 792 4640 1150 4709; x_wconf 75' lang='lat' dir='ltr'><strong>explanandis.</strong></span> <span class='ocrx_word' id='word_1_633' title='bbox 1178 4640 1347 4703; x_wconf 88' lang='lat' dir='ltr'><strong>Unus.</strong></span> <span class='ocrx_word' id='word_1_634' title='bbox 1380 4641 1435 4694; x_wconf 88' lang='lat' dir='ltr'><strong>in</strong></span> <span class='ocrx_word' id='word_1_635' title='bbox 1461 4639 1815 4709; x_wconf 74' lang='lat' dir='ltr'><strong>explorandis.</strong></span> <span class='ocrx_word' id='word_1_636' title='bbox 1879 4650 1933 4710; x_wconf 80' lang='lat'><strong>1)</strong></span> 
     </span>
    </p>
   </div>
   <div class='ocr_carea' id='block_1_77' title="bbox 312 4711 1134 4774">
    <p class='ocr_par' dir='ltr' id='par_1_77' title="bbox 312 4711 1134 4774">
     <span class='ocr_line' id='line_1_77' title="bbox 312 4711 1134 4774; baseline 0 -10"><span class='ocrx_word' id='word_1_637' title='bbox 312 4711 342 4748; x_wconf 72' lang='grc' dir='ltr'>δ</span> <span class='ocrx_word' id='word_1_638' title='bbox 384 4712 482 4764; x_wconf 89' lang='lat' dir='ltr'><strong>Ms.</strong></span> <span class='ocrx_word' id='word_1_639' title='bbox 513 4727 673 4774; x_wconf 89' lang='lat' dir='ltr'><strong>unus,</strong></span> <span class='ocrx_word' id='word_1_640' title='bbox 704 4712 767 4763; x_wconf 88' lang='lat' dir='ltr'><strong>de</strong></span> <span class='ocrx_word' id='word_1_641' title='bbox 792 4727 964 4764; x_wconf 88' lang='lat' dir='ltr'><strong>amore</strong></span> <span class='ocrx_word' id='word_1_642' title='bbox 985 4713 1134 4764; x_wconf 89' lang='lat' dir='ltr'><strong>bono.</strong></span> 
     </span>
    </p>
   </div>
   <div class='ocr_carea' id='block_1_78' title="bbox 314 4780 1810 4850">
    <p class='ocr_par' dir='ltr' id='par_1_78' title="bbox 314 4780 1810 4850">
     <span class='ocr_line' id='line_1_78' title="bbox 314 4780 1810 4850; baseline -0.001 -16"><span class='ocrx_word' id='word_1_643' title='bbox 314 4792 341 4818; x_wconf 75' lang='grc' dir='ltr'><em>ε</em></span> <span class='ocrx_word' id='word_1_644' title='bbox 387 4780 555 4845; x_wconf 85' lang='lat' dir='ltr'><strong>Editi,</strong></span> <span class='ocrx_word' id='word_1_645' title='bbox 586 4796 705 4833; x_wconf 79' lang='lat' dir='ltr'><strong>vera</strong></span> <span class='ocrx_word' id='word_1_646' title='bbox 734 4784 876 4833; x_wconf 78' lang='lat' dir='ltr'><strong>vitia.</strong></span> <span class='ocrx_word' id='word_1_647' title='bbox 910 4781 1008 4834; x_wconf 84' lang='lat' dir='ltr'><strong>Ms.</strong></span> <span class='ocrx_word' id='word_1_648' title='bbox 1033 4780 1164 4850; x_wconf 83' lang='lat' dir='ltr'><strong>Reg.</strong></span> <span class='ocrx_word' id='word_1_649' title='bbox 1188 4796 1350 4845; x_wconf 89' lang='lat' dir='ltr'><strong>unus,</strong></span> <span class='ocrx_word' id='word_1_650' title='bbox 1384 4797 1496 4834; x_wconf 77' lang='lat' dir='ltr'><strong>vere</strong></span> <span class='ocrx_word' id='word_1_651' title='bbox 1517 4781 1639 4833; x_wconf 83' lang='lat' dir='ltr'><strong>vitia</strong></span> <span class='ocrx_word' id='word_1_652' title='bbox 1670 4788 1810 4833; x_wconf 84' lang='lat' dir='ltr'><strong>sunt.</strong></span> 
     </span>
    </p>
   </div>
   <div class='ocr_carea' id='block_1_79' title="bbox 308 4850 1850 4922">
    <p class='ocr_par' dir='ltr' id='par_1_79' title="bbox 308 4850 1850 4922">
     <span class='ocr_line' id='line_1_79' title="bbox 308 4850 1850 4922; baseline -0.002 -18"><span class='ocrx_word' id='word_1_653' title='bbox 308 4852 338 4886; x_wconf 74' lang='grc' dir='ltr'><em>ά</em></span> <span class='ocrx_word' id='word_1_654' title='bbox 372 4852 505 4904; x_wconf 69' lang='lat' dir='ltr'><strong>Mss.</strong></span> <span class='ocrx_word' id='word_1_655' title='bbox 523 4862 749 4919; x_wconf 89' lang='lat' dir='ltr'><strong>quatuor</strong></span> <span class='ocrx_word' id='word_1_656' title='bbox 766 4863 818 4905; x_wconf 93' lang='lat' dir='ltr'><strong>et</strong></span> <span class='ocrx_word' id='word_1_657' title='bbox 834 4850 1027 4920; x_wconf 68' lang='lat' dir='ltr'><strong>Lugd,</strong></span> <span class='ocrx_word' id='word_1_658' title='bbox 1046 4864 1323 4922; x_wconf 84' lang='lat' dir='ltr'><strong>sequuntur</strong></span> <span class='ocrx_word' id='word_1_659' title='bbox 1345 4867 1361 4906; x_wconf 88' lang='lat'><strong>:</strong></span> <span class='ocrx_word' id='word_1_660' title='bbox 1386 4853 1437 4905; x_wconf 92' lang='lat' dir='ltr'><strong>in</strong></span> <span class='ocrx_word' id='word_1_661' title='bbox 1459 4866 1585 4920; x_wconf 87' lang='lat' dir='ltr'><strong>quo,</strong></span> <span class='ocrx_word' id='word_1_662' title='bbox 1602 4850 1684 4903; x_wconf 88' lang='lat' dir='ltr'><strong>ubi</strong></span> <span class='ocrx_word' id='word_1_663' title='bbox 1702 4868 1850 4920; x_wconf 84' lang='lat' dir='ltr'><strong>apor-</strong></span> 
     </span>
    </p>
   </div>
   <div class='ocr_carea' id='block_1_80' title="bbox 230 4922 713 4975">
    <p class='ocr_par' dir='ltr' id='par_1_80' title="bbox 230 4922 713 4975">
     <span class='ocr_line' id='line_1_80' title="bbox 230 4922 713 4975; baseline -0.004 0"><span class='ocrx_word' id='word_1_664' title='bbox 230 4930 347 4975; x_wconf 79' lang='grc' dir='ltr'>ιωι</span> <span class='ocrx_word' id='word_1_665' title='bbox 385 4922 713 4973; x_wconf 83' lang='lat' dir='ltr'><strong>adhibentur.</strong></span> 
     </span>
    </p>
   </div>
   <div class='ocr_carea' id='block_1_81' title="bbox 393 4989 1848 5060">
    <p class='ocr_par' dir='ltr' id='par_1_81' title="bbox 393 4989 1848 5060">
     <span class='ocr_line' id='line_1_81' title="bbox 393 4989 1848 5060; baseline -0.001 -15"><span class='ocrx_word' id='word_1_666' title='bbox 393 4991 485 5046; x_wconf 89' lang='lat' dir='ltr'><strong>Sic</strong></span> <span class='ocrx_word' id='word_1_667' title='bbox 527 5006 628 5044; x_wconf 89' lang='lat' dir='ltr'><strong>ms.</strong></span> <span class='ocrx_word' id='word_1_668' title='bbox 662 5005 797 5044; x_wconf 92' lang='lat' dir='ltr'><strong>unus</strong></span> <span class='ocrx_word' id='word_1_669' title='bbox 826 4989 977 5045; x_wconf 91' lang='lat' dir='ltr'><strong>Colb.</strong></span> <span class='ocrx_word' id='word_1_670' title='bbox 1011 5000 1065 5046; x_wconf 90' lang='lat' dir='ltr'><strong>et</strong></span> <span class='ocrx_word' id='word_1_671' title='bbox 1112 4991 1282 5060; x_wconf 90' lang='lat' dir='ltr'><strong>Lugd.</strong></span> <span class='ocrx_word' id='word_1_672' title='bbox 1316 4991 1505 5056; x_wconf 90' lang='lat' dir='ltr'><strong>editio,</strong></span> <span class='ocrx_word' id='word_1_673' title='bbox 1531 4998 1690 5059; x_wconf 89' lang='lat' dir='ltr'><strong>atque</strong></span> <span class='ocrx_word' id='word_1_674' title='bbox 1711 5005 1848 5043; x_wconf 85' lang='lat' dir='ltr'><strong>nova</strong></span> 
     </span>
    </p>
   </div>
   <div class='ocr_carea' id='block_1_82' title="bbox 234 5061 1847 5129">
    <p class='ocr_par' dir='ltr' id='par_1_82' title="bbox 234 5061 1847 5129">
     <span class='ocr_line' id='line_1_82' title="bbox 234 5061 1847 5129; baseline -0.001 -14"><span class='ocrx_word' id='word_1_675' title='bbox 234 5062 421 5115; x_wconf 86' lang='lat' dir='ltr'><strong>editio</strong></span> <span class='ocrx_word' id='word_1_676' title='bbox 458 5076 683 5129; x_wconf 89' lang='lat' dir='ltr'><strong>operum</strong></span> <span class='ocrx_word' id='word_1_677' title='bbox 731 5062 788 5115; x_wconf 91' lang='lat' dir='ltr'><strong>S.</strong></span> <span class='ocrx_word' id='word_1_678' title='bbox 851 5061 1162 5125; x_wconf 69' lang='lat' dir='ltr'><strong>Augustini,</strong></span> <span class='ocrx_word' id='word_1_679' title='bbox 1205 5072 1335 5116; x_wconf 86' lang='lat' dir='ltr'><strong>tum.</strong></span> <span class='ocrx_word' id='word_1_680' title='bbox 1380 5061 1446 5115; x_wconf 79' lang='grc' dir='ltr'><strong>Χ.</strong></span> <span class='ocrx_word' id='word_1_681' title='bbox 1490 5061 1597 5115; x_wconf 86' lang='lat' dir='ltr'><strong>Alii</strong></span> <span class='ocrx_word' id='word_1_682' title='bbox 1635 5061 1847 5113; x_wconf 68' lang='lat' dir='ltr'><strong>codices</strong></span> 
     </span>
    </p>
   </div>
   <div class='ocr_carea' id='block_1_83' title="bbox 234 5131 1847 5199">
    <p class='ocr_par' dir='ltr' id='par_1_83' title="bbox 234 5131 1847 5199">
     <span class='ocr_line' id='line_1_83' title="bbox 234 5131 1847 5199; baseline -0.002 -12"><span class='ocrx_word' id='word_1_683' title='bbox 234 5132 449 5195; x_wconf 87' lang='lat' dir='ltr'><strong>nostri,</strong></span> <span class='ocrx_word' id='word_1_684' title='bbox 484 5131 742 5184; x_wconf 82' lang='lat' dir='ltr'><strong>morbidos</strong></span> <span class='ocrx_word' id='word_1_685' title='bbox 772 5147 859 5184; x_wconf 86' lang='lat' dir='ltr'><strong>seu</strong></span> <span class='ocrx_word' id='word_1_686' title='bbox 888 5132 1111 5186; x_wconf 80' lang='lat' dir='ltr'><strong>titiosas.</strong></span> <span class='ocrx_word' id='word_1_687' title='bbox 1146 5133 1221 5186; x_wconf 77' lang='lat' dir='ltr'><strong>Ex</strong></span> <span class='ocrx_word' id='word_1_688' title='bbox 1249 5133 1400 5187; x_wconf 76' lang='lat' dir='ltr'><strong>Colb.</strong></span> <span class='ocrx_word' id='word_1_689' title='bbox 1432 5145 1590 5199; x_wconf 89' lang='lat' dir='ltr'><strong>unus,</strong></span> <span class='ocrx_word' id='word_1_690' title='bbox 1623 5132 1736 5197; x_wconf 82' lang='lat' dir='ltr'><strong>quis</strong></span> <span class='ocrx_word' id='word_1_691' title='bbox 1761 5147 1847 5184; x_wconf 80' lang='lat' dir='ltr'><strong>eas</strong></span> 
     </span>
    </p>
   </div>
   <div class='ocr_carea' id='block_1_84' title="bbox 238 5204 961 5255">
    <p class='ocr_par' dir='ltr' id='par_1_84' title="bbox 238 5204 961 5255">
     <span class='ocr_line' id='line_1_84' title="bbox 238 5204 961 5255; baseline -0.004 0"><span class='ocrx_word' id='word_1_692' title='bbox 238 5204 435 5255; x_wconf 83' lang='lat' dir='ltr'><strong>morbo</strong></span> <span class='ocrx_word' id='word_1_693' title='bbox 465 5212 584 5253; x_wconf 82' lang='lat' dir='ltr'><strong>tunc</strong></span> <span class='ocrx_word' id='word_1_694' title='bbox 612 5217 706 5253; x_wconf 86' lang='lat' dir='ltr'><strong>suo</strong></span> <span class='ocrx_word' id='word_1_695' title='bbox 736 5204 961 5254; x_wconf 82' lang='lat' dir='ltr'><strong>vitiosas.</strong></span> 
     </span>
    </p>
   </div>
   <div class='ocr_carea' id='block_1_85' title="bbox 327 5270 1002 5335">
    <p class='ocr_par' dir='ltr' id='par_1_85' title="bbox 327 5270 1002 5335">
     <span class='ocr_line' id='line_1_85' title="bbox 327 5270 1002 5335; baseline 0.003 -11"><span class='ocrx_word' id='word_1_696' title='bbox 327 5270 352 5308; x_wconf 71' lang='grc' dir='ltr'>ί</span> <span class='ocrx_word' id='word_1_697' title='bbox 387 5272 519 5324; x_wconf 79' lang='lat' dir='ltr'><strong>Mss.</strong></span> <span class='ocrx_word' id='word_1_698' title='bbox 555 5282 685 5335; x_wconf 90' lang='lat' dir='ltr'><strong>tres,</strong></span> <span class='ocrx_word' id='word_1_699' title='bbox 711 5270 1002 5325; x_wconf 78' lang='lat' dir='ltr'><strong>habeamus.</strong></span> 
     </span>
    </p>
   </div>
   <div class='ocr_carea' id='block_1_86' title="bbox 324 5340 1842 5409">
    <p class='ocr_par' dir='ltr' id='par_1_86' title="bbox 324 5340 1842 5409">
     <span class='ocr_line' id='line_1_86' title="bbox 324 5340 1842 5409; baseline 0.004 -21"><span class='ocrx_word' id='word_1_700' title='bbox 324 5350 357 5388; x_wconf 73' lang='grc' dir='ltr'><strong><em>ε</em></strong></span> <span class='ocrx_word' id='word_1_701' title='bbox 390 5340 484 5395; x_wconf 82' lang='lat' dir='ltr'><strong>Sic</strong></span> <span class='ocrx_word' id='word_1_702' title='bbox 528 5356 657 5395; x_wconf 56' lang='lat' dir='ltr'><strong>uss.</strong></span> <span class='ocrx_word' id='word_1_703' title='bbox 696 5341 950 5409; x_wconf 90' lang='lat' dir='ltr'><strong>quinque.</strong></span> <span class='ocrx_word' id='word_1_704' title='bbox 999 5342 1165 5407; x_wconf 86' lang='lat' dir='ltr'><strong>Unus,</strong></span> <span class='ocrx_word' id='word_1_705' title='bbox 1215 5340 1623 5395; x_wconf 78' lang='lat' dir='ltr'><strong>concederemus.</strong></span> <span class='ocrx_word' id='word_1_706' title='bbox 1682 5340 1842 5406; x_wconf 87' lang='lat' dir='ltr'><strong>Editi,</strong></span> 
     </span>
    </p>
   </div>
   <div class='ocr_carea' id='block_1_87' title="bbox 237 5410 1701 5479">
    <p class='ocr_par' dir='ltr' id='par_1_87' title="bbox 237 5410 1701 5479">
     <span class='ocr_line' id='line_1_87' title="bbox 237 5410 1701 5479; baseline -0.001 -15"><span class='ocrx_word' id='word_1_707' title='bbox 237 5411 604 5464; x_wconf 72' lang='lat' dir='ltr'><strong>crederemus.</strong></span> <span class='ocrx_word' id='word_1_708' title='bbox 634 5411 791 5465; x_wconf 85' lang='lat' dir='ltr'><strong>Deest</strong></span> <span class='ocrx_word' id='word_1_709' title='bbox 818 5415 893 5463; x_wconf 87' lang='lat' dir='ltr'><strong>vel</strong></span> <span class='ocrx_word' id='word_1_710' title='bbox 919 5412 1089 5479; x_wconf 81' lang='lat' dir='ltr'><strong>ﬂendo</strong></span> <span class='ocrx_word' id='word_1_711' title='bbox 1120 5413 1171 5465; x_wconf 90' lang='lat' dir='ltr'><strong>in</strong></span> <span class='ocrx_word' id='word_1_712' title='bbox 1205 5428 1304 5466; x_wconf 89' lang='lat' dir='ltr'><strong>ms.</strong></span> <span class='ocrx_word' id='word_1_713' title='bbox 1334 5410 1487 5465; x_wconf 85' lang='lat' dir='ltr'><strong>Colb.</strong></span> <span class='ocrx_word' id='word_1_714' title='bbox 1522 5416 1701 5464; x_wconf 86' lang='lat' dir='ltr'><strong>unico.</strong></span> 
     </span>
    </p>
   </div>
   <div class='ocr_carea' id='block_1_88' title="bbox 324 5480 1036 5545">
    <p class='ocr_par' dir='ltr' id='par_1_88' title="bbox 324 5480 1036 5545">
     <span class='ocr_line' id='line_1_88' title="bbox 324 5480 1036 5545; baseline 0 -10"><span class='ocrx_word' id='word_1_715' title='bbox 324 5480 362 5516; x_wconf 69' lang='grc' dir='ltr'>λι</span> <span class='ocrx_word' id='word_1_716' title='bbox 389 5481 516 5535; x_wconf 74' lang='lat' dir='ltr'><strong>Mss.</strong></span> <span class='ocrx_word' id='word_1_717' title='bbox 541 5481 671 5545; x_wconf 87' lang='lat' dir='ltr'><strong>duo,</strong></span> <span class='ocrx_word' id='word_1_718' title='bbox 703 5495 802 5534; x_wconf 89' lang='lat' dir='ltr'><strong>non</strong></span> <span class='ocrx_word' id='word_1_719' title='bbox 832 5481 1036 5535; x_wconf 80' lang='lat' dir='ltr'><strong>vivitur.</strong></span> 
     </span>
    </p>
   </div>
   <div class='ocr_carea' id='block_1_89' title="bbox 332 5548 1840 5616">
    <p class='ocr_par' dir='ltr' id='par_1_89' title="bbox 332 5548 1840 5616">
     <span class='ocr_line' id='line_1_89' title="bbox 332 5548 1840 5616; baseline 0.001 -13"><span class='ocrx_word' id='word_1_720' title='bbox 332 5548 353 5587; x_wconf 71' lang='grc' dir='ltr'><strong>ί</strong></span> <span class='ocrx_word' id='word_1_721' title='bbox 395 5550 667 5604; x_wconf 70' lang='lat' dir='ltr'><strong>Particula</strong></span> <span class='ocrx_word' id='word_1_722' title='bbox 711 5567 744 5602; x_wconf 92' lang='lat' dir='ltr'><strong>a</strong></span> <span class='ocrx_word' id='word_1_723' title='bbox 784 5550 969 5605; x_wconf 82' lang='lat' dir='ltr'><strong>aberat</strong></span> <span class='ocrx_word' id='word_1_724' title='bbox 1015 5551 1082 5605; x_wconf 92' lang='lat' dir='ltr'><strong>ab</strong></span> <span class='ocrx_word' id='word_1_725' title='bbox 1119 5550 1313 5616; x_wconf 86' lang='lat' dir='ltr'><strong>editis;</strong></span> <span class='ocrx_word' id='word_1_726' title='bbox 1358 5549 1583 5605; x_wconf 90' lang='lat' dir='ltr'><strong>habetur</strong></span> <span class='ocrx_word' id='word_1_727' title='bbox 1612 5565 1677 5605; x_wconf 84' lang='lat' dir='ltr'><strong>ex</strong></span> <span class='ocrx_word' id='word_1_728' title='bbox 1708 5566 1840 5605; x_wconf 86' lang='lat' dir='ltr'><strong>mss.</strong></span> 
     </span>
    </p>
   </div>
   <div class='ocr_carea' id='block_1_90' title="bbox 235 5620 519 5692">
    <p class='ocr_par' dir='ltr' id='par_1_90' title="bbox 235 5620 519 5692">
     <span class='ocr_line' id='line_1_90' title="bbox 235 5620 519 5692; baseline 0.021 -22"><span class='ocrx_word' id='word_1_729' title='bbox 235 5620 519 5692; x_wconf 76' lang='lat' dir='ltr'><strong>quinque.</strong></span> 
     </span>
    </p>
   </div>
   <div class='ocr_carea' id='block_1_91' title="bbox 332 5688 1695 5758">
    <p class='ocr_par' dir='ltr' id='par_1_91' title="bbox 332 5688 1695 5758">
     <span class='ocr_line' id='line_1_91' title="bbox 332 5688 1695 5758; baseline 0.004 -19"><span class='ocrx_word' id='word_1_730' title='bbox 332 5702 353 5739; x_wconf 77' lang='grc' dir='ltr'><strong>ι</strong></span> <span class='ocrx_word' id='word_1_731' title='bbox 404 5691 571 5752; x_wconf 84' lang='lat' dir='ltr'><strong>Istud,</strong></span> <span class='ocrx_word' id='word_1_732' title='bbox 599 5706 659 5743; x_wconf 86' lang='lat' dir='ltr'><strong>ac</strong></span> <span class='ocrx_word' id='word_1_733' title='bbox 681 5691 1008 5753; x_wconf 79' lang='lat' dir='ltr'><strong>mortalitate,</strong></span> <span class='ocrx_word' id='word_1_734' title='bbox 1041 5691 1193 5744; x_wconf 85' lang='lat' dir='ltr'><strong>abest</strong></span> <span class='ocrx_word' id='word_1_735' title='bbox 1222 5703 1252 5742; x_wconf 85' lang='lat' dir='ltr'><strong>a</strong></span> <span class='ocrx_word' id='word_1_736' title='bbox 1278 5704 1407 5743; x_wconf 91' lang='lat' dir='ltr'><strong>mss.</strong></span> <span class='ocrx_word' id='word_1_737' title='bbox 1439 5688 1695 5758; x_wconf 89' lang='lat' dir='ltr'><strong>quinque.</strong></span> 
     </span>
    </p>
   </div>
   <div class='ocr_carea' id='block_1_92' title="bbox 329 5760 1720 5831">
    <p class='ocr_par' dir='ltr' id='par_1_92' title="bbox 329 5760 1720 5831">
     <span class='ocr_line' id='line_1_92' title="bbox 329 5760 1720 5831; baseline -0.001 -18"><span class='ocrx_word' id='word_1_738' title='bbox 329 5760 362 5797; x_wconf 63' lang='grc' dir='ltr'><strong><em>κ</em></strong></span> <span class='ocrx_word' id='word_1_739' title='bbox 399 5760 495 5813; x_wconf 77' lang='lat' dir='ltr'><strong>Ms.</strong></span> <span class='ocrx_word' id='word_1_740' title='bbox 528 5773 685 5823; x_wconf 66' lang='lat' dir='ltr'><strong>unus,</strong></span> <span class='ocrx_word' id='word_1_741' title='bbox 716 5763 1023 5827; x_wconf 73' lang='lat' dir='ltr'><strong>perren’cnt.</strong></span> <span class='ocrx_word' id='word_1_742' title='bbox 1054 5762 1157 5814; x_wconf 81' lang='lat' dir='ltr'><strong>Alii</strong></span> <span class='ocrx_word' id='word_1_743' title='bbox 1179 5775 1385 5819; x_wconf 83' lang='lat' dir='ltr'><strong>omnes,</strong></span> <span class='ocrx_word' id='word_1_744' title='bbox 1409 5762 1720 5831; x_wconf 76' lang='lat' dir='ltr'><strong>perveniunt.</strong></span> 
     </span>
    </p>
   </div>
   <div class='ocr_carea' id='block_1_93' title="bbox 1936 3292 3521 3361">
    <p class='ocr_par' dir='ltr' id='par_1_93' title="bbox 1936 3292 3521 3361">
     <span class='ocr_line' id='line_1_93' title="bbox 1936 3292 3521 3361; baseline 0 -15"><span class='ocrx_word' id='word_1_745' title='bbox 1936 3292 2122 3346; x_wconf 88' lang='lat' dir='ltr'><strong>dentes</strong></span> <span class='ocrx_word' id='word_1_746' title='bbox 2152 3292 2434 3353; x_wconf 88' lang='lat' dir='ltr'><strong>illuminat,</strong></span> <span class='ocrx_word' id='word_1_747' title='bbox 2464 3292 2634 3361; x_wconf 87' lang='lat' dir='ltr'><strong>qualis</strong></span> <span class='ocrx_word' id='word_1_748' title='bbox 2664 3293 2730 3347; x_wconf 92' lang='lat' dir='ltr'><strong>ibi</strong></span> <span class='ocrx_word' id='word_1_749' title='bbox 2762 3292 2884 3358; x_wconf 89' lang='lat' dir='ltr'><strong>erit,</strong></span> <span class='ocrx_word' id='word_1_750' title='bbox 2920 3292 3005 3346; x_wconf 93' lang='lat' dir='ltr'><strong>ubi</strong></span> <span class='ocrx_word' id='word_1_751' title='bbox 3037 3301 3063 3327; x_wconf 75' lang='grc' dir='ltr'><strong>ι</strong></span> <span class='ocrx_word' id='word_1_752' title='bbox 3090 3294 3368 3347; x_wconf 86' lang='lat' dir='ltr'><strong>veritatem</strong></span> <span class='ocrx_word' id='word_1_753' title='bbox 3400 3306 3521 3361; x_wconf 88' lang='lat' dir='ltr'><strong>per-</strong></span> 
     </span>
    </p>
   </div>
   <div class='ocr_carea' id='block_1_94' title="bbox 1938 3382 3524 3454">
    <p class='ocr_par' dir='ltr' id='par_1_94' title="bbox 1938 3382 3524 3454">
     <span class='ocr_line' id='line_1_94' title="bbox 1938 3382 3524 3454; baseline -0.002 -17"><span class='ocrx_word' id='word_1_754' title='bbox 1938 3383 2089 3438; x_wconf 90' lang='lat' dir='ltr'><strong>fectis</strong></span> <span class='ocrx_word' id='word_1_755' title='bbox 2117 3397 2254 3453; x_wconf 91' lang='lat' dir='ltr'><strong>quos</strong></span> <span class='ocrx_word' id='word_1_756' title='bbox 2298 3382 2385 3439; x_wconf 89' lang='lat' dir='ltr'><strong>hic</strong></span> <span class='ocrx_word' id='word_1_757' title='bbox 2410 3384 2527 3453; x_wconf 87' lang='lat' dir='ltr'><strong>ejus</strong></span> <span class='ocrx_word' id='word_1_758' title='bbox 2571 3384 2846 3454; x_wconf 86' lang='lat' dir='ltr'><strong>inquisitio</strong></span> <span class='ocrx_word' id='word_1_759' title='bbox 2872 3385 3212 3451; x_wconf 88' lang='lat' dir='ltr'><strong>delectabat,</strong></span> <span class='ocrx_word' id='word_1_760' title='bbox 3243 3385 3360 3438; x_wconf 87' lang='lat' dir='ltr'><strong>sine</strong></span> <span class='ocrx_word' id='word_1_761' title='bbox 3402 3382 3524 3435; x_wconf 77' lang='lat' dir='ltr'><strong>uilis</strong></span> 
     </span>
    </p>
   </div>
   <div class='ocr_carea' id='block_1_95' title="bbox 1938 3477 3526 3547">
    <p class='ocr_par' dir='ltr' id='par_1_95' title="bbox 1938 3477 3526 3547">
     <span class='ocr_line' id='line_1_95' title="bbox 1938 3477 3526 3547; baseline -0.001 -16"><span class='ocrx_word' id='word_1_762' title='bbox 1938 3477 2121 3547; x_wconf 80' lang='lat' dir='ltr'><strong>ﬁguris</strong></span> <span class='ocrx_word' id='word_1_763' title='bbox 2152 3477 2464 3532; x_wconf 86' lang='lat' dir='ltr'><strong>fallentibus</strong></span> <span class='ocrx_word' id='word_1_764' title='bbox 2495 3478 2924 3534; x_wconf 88' lang='lat' dir='ltr'><strong>demonstrabit:</strong></span> <span class='ocrx_word' id='word_1_765' title='bbox 2951 3490 3006 3532; x_wconf 93' lang='lat' dir='ltr'><strong>ut</strong></span> <span class='ocrx_word' id='word_1_766' title='bbox 3036 3478 3329 3546; x_wconf 67' lang='lat' dir='ltr'><strong>prudentiae</strong></span> <span class='ocrx_word' id='word_1_767' title='bbox 3355 3491 3417 3529; x_wconf 79' lang='lat' dir='ltr'><strong>ac</strong></span> <span class='ocrx_word' id='word_1_768' title='bbox 3440 3491 3526 3529; x_wconf 85' lang='lat' dir='ltr'><strong>sa-</strong></span> 
     </span>
    </p>
   </div>
   <div class='ocr_carea' id='block_1_96' title="bbox 1941 3568 3521 3639">
    <p class='ocr_par' dir='ltr' id='par_1_96' title="bbox 1941 3568 3521 3639">
     <span class='ocr_line' id='line_1_96' title="bbox 1941 3568 3521 3639; baseline -0.001 -16"><span class='ocrx_word' id='word_1_769' title='bbox 1941 3570 2154 3639; x_wconf 77' lang='lat' dir='ltr'><strong>pientia:</strong></span> <span class='ocrx_word' id='word_1_770' title='bbox 2204 3570 2442 3639; x_wconf 90' lang='lat' dir='ltr'><strong>plenaria</strong></span> <span class='ocrx_word' id='word_1_771' title='bbox 2484 3579 2513 3619; x_wconf 65' lang='grc' dir='ltr'><strong><em>γ</em></strong></span> <span class='ocrx_word' id='word_1_772' title='bbox 2555 3570 2899 3639; x_wconf 86' lang='lat' dir='ltr'><strong>perceptione</strong></span> <span class='ocrx_word' id='word_1_773' title='bbox 2946 3570 3194 3623; x_wconf 89' lang='lat' dir='ltr'><strong>divinitus</strong></span> <span class='ocrx_word' id='word_1_774' title='bbox 3243 3568 3521 3631; x_wconf 82' lang='lat' dir='ltr'><strong>illustrati,</strong></span> 
     </span>
    </p>
   </div>
   <div class='ocr_carea' id='block_1_97' title="bbox 1940 3659 3525 3730">
    <p class='ocr_par' dir='ltr' id='par_1_97' title="bbox 1940 3659 3525 3730">
     <span class='ocr_line' id='line_1_97' title="bbox 1940 3659 3525 3730; baseline -0.002 -14"><span class='ocrx_word' id='word_1_775' title='bbox 1940 3660 2119 3716; x_wconf 89' lang='lat' dir='ltr'><strong>omnia</strong></span> <span class='ocrx_word' id='word_1_776' title='bbox 2143 3659 2231 3714; x_wconf 91' lang='lat' dir='ltr'><strong>illa</strong></span> <span class='ocrx_word' id='word_1_777' title='bbox 2258 3676 2377 3730; x_wconf 68' lang='lat' dir='ltr'><strong>quae</strong></span> <span class='ocrx_word' id='word_1_778' title='bbox 2408 3660 2491 3714; x_wconf 90' lang='lat' dir='ltr'><strong>hic</strong></span> <span class='ocrx_word' id='word_1_779' title='bbox 2519 3660 2753 3728; x_wconf 87' lang='lat' dir='ltr'><strong>perfecte</strong></span> <span class='ocrx_word' id='word_1_780' title='bbox 2782 3661 3067 3730; x_wconf 90' lang='lat' dir='ltr'><strong>cupiebant</strong></span> <span class='ocrx_word' id='word_1_781' title='bbox 3096 3676 3272 3727; x_wconf 90' lang='lat' dir='ltr'><strong>nosse,</strong></span> <span class='ocrx_word' id='word_1_782' title='bbox 3307 3674 3404 3714; x_wconf 86' lang='lat' dir='ltr'><strong>nec</strong></span> <span class='ocrx_word' id='word_1_783' title='bbox 3432 3673 3525 3728; x_wconf 84' lang='lat' dir='ltr'><strong>po-</strong></span> 
     </span>
    </p>
   </div>
   <div class='ocr_carea' id='block_1_98' title="bbox 1941 3750 3526 3820">
    <p class='ocr_par' dir='ltr' id='par_1_98' title="bbox 1941 3750 3526 3820">
     <span class='ocr_line' id='line_1_98' title="bbox 1941 3750 3526 3820; baseline 0.001 -19"><span class='ocrx_word' id='word_1_784' title='bbox 1941 3760 2134 3813; x_wconf 83' lang='lat' dir='ltr'><strong>terant,</strong></span> <span class='ocrx_word' id='word_1_785' title='bbox 2166 3750 2282 3804; x_wconf 90' lang='lat' dir='ltr'><strong>sine</strong></span> <span class='ocrx_word' id='word_1_786' title='bbox 2312 3751 2419 3805; x_wconf 92' lang='lat' dir='ltr'><strong>ullo</strong></span> <span class='ocrx_word' id='word_1_787' title='bbox 2448 3751 2830 3820; x_wconf 87' lang='lat' dir='ltr'><strong>impedimento</strong></span> <span class='ocrx_word' id='word_1_788' title='bbox 2853 3753 3210 3820; x_wconf 71' lang='lat' dir='ltr'><strong>corruptionis</strong></span> <span class='ocrx_word' id='word_1_789' title='bbox 3236 3766 3299 3804; x_wconf 91' lang='lat' dir='ltr'><strong>ac</strong></span> <span class='ocrx_word' id='word_1_790' title='bbox 3328 3758 3526 3804; x_wconf 89' lang='lat' dir='ltr'><strong>morta-</strong></span> 
     </span>
    </p>
   </div>
   <div class='ocr_carea' id='block_1_99' title="bbox 1940 3842 3523 3911">
    <p class='ocr_par' dir='ltr' id='par_1_99' title="bbox 1940 3842 3523 3911">
     <span class='ocr_line' id='line_1_99' title="bbox 1940 3842 3523 3911; baseline -0.002 -15"><span class='ocrx_word' id='word_1_791' title='bbox 1940 3842 2103 3896; x_wconf 89' lang='lat' dir='ltr'><strong>litatis</strong></span> <span class='ocrx_word' id='word_1_792' title='bbox 2126 3850 2419 3911; x_wconf 87' lang='lat' dir='ltr'><strong>agnoscant</strong></span> <span class='ocrx_word' id='word_1_793' title='bbox 2443 3859 2457 3907; x_wconf 91' lang='lat'><strong>;</strong></span> <span class='ocrx_word' id='word_1_794' title='bbox 2490 3853 2545 3897; x_wconf 93' lang='lat' dir='ltr'><strong>et</strong></span> <span class='ocrx_word' id='word_1_795' title='bbox 2573 3859 2675 3896; x_wconf 91' lang='lat' dir='ltr'><strong>non</strong></span> <span class='ocrx_word' id='word_1_796' title='bbox 2698 3844 2869 3897; x_wconf 89' lang='lat' dir='ltr'><strong>solum</strong></span> <span class='ocrx_word' id='word_1_797' title='bbox 2897 3854 3262 3897; x_wconf 83' lang='lat' dir='ltr'><strong>creaturarum</strong></span> <span class='ocrx_word' id='word_1_798' title='bbox 3288 3843 3523 3895; x_wconf 89' lang='lat' dir='ltr'><strong>omnium</strong></span> 
     </span>
    </p>
   </div>
   <div class='ocr_carea' id='block_1_100' title="bbox 1944 3933 3524 4005">
    <p class='ocr_par' dir='ltr' id='par_1_100' title="bbox 1944 3933 3524 4005">
     <span class='ocr_line' id='line_1_100' title="bbox 1944 3933 3524 4005; baseline -0.001 -17"><span class='ocrx_word' id='word_1_799' title='bbox 1944 3944 1966 3972; x_wconf 74' lang='grc' dir='ltr'><strong>ι</strong></span> <span class='ocrx_word' id='word_1_800' title='bbox 2001 3936 2257 4003; x_wconf 90' lang='lat' dir='ltr'><strong>rationes,</strong></span> <span class='ocrx_word' id='word_1_801' title='bbox 2283 3935 2376 3990; x_wconf 87' lang='lat' dir='ltr'><strong>sed</strong></span> <span class='ocrx_word' id='word_1_802' title='bbox 2403 3936 2561 3989; x_wconf 89' lang='lat' dir='ltr'><strong>etiam</strong></span> <span class='ocrx_word' id='word_1_803' title='bbox 2594 3937 2759 4005; x_wconf 92' lang='lat' dir='ltr'><strong>ipsam</strong></span> <span class='ocrx_word' id='word_1_804' title='bbox 2782 3936 2863 3990; x_wconf 91' lang='lat' dir='ltr'><strong>sui</strong></span> <span class='ocrx_word' id='word_1_805' title='bbox 2888 3933 3158 3989; x_wconf 89' lang='lat' dir='ltr'><strong>Creatoris</strong></span> <span class='ocrx_word' id='word_1_806' title='bbox 3182 3933 3524 3988; x_wconf 87' lang='lat' dir='ltr'><strong>eminentiam</strong></span> 
     </span>
    </p>
   </div>
   <div class='ocr_carea' id='block_1_101' title="bbox 1943 4025 2736 4093">
    <p class='ocr_par' dir='ltr' id='par_1_101' title="bbox 1943 4025 2736 4093">
     <span class='ocr_line' id='line_1_101' title="bbox 1943 4025 2736 4093; baseline 0.001 -15"><span class='ocrx_word' id='word_1_807' title='bbox 1943 4025 2078 4080; x_wconf 87' lang='lat' dir='ltr'><strong>facie</strong></span> <span class='ocrx_word' id='word_1_808' title='bbox 2106 4026 2337 4079; x_wconf 86' lang='lat' dir='ltr'><strong>revelata</strong></span> <span class='ocrx_word' id='word_1_809' title='bbox 2365 4026 2736 4093; x_wconf 82' lang='lat' dir='ltr'><strong>conspiciant?</strong></span> 
     </span>
    </p>
   </div>
   <div class='ocr_carea' id='block_1_102' title="bbox 2494 4114 2990 4171">
    <p class='ocr_par' dir='ltr' id='par_1_102' title="bbox 2494 4114 2990 4171">
     <span class='ocr_line' id='line_1_102' title="bbox 2494 4114 2990 4171; baseline -0.004 -1"><span class='ocrx_word' id='word_1_810' title='bbox 2494 4116 2719 4171; x_wconf 78' lang='lat' dir='ltr'><strong>CAPUT</strong></span> <span class='ocrx_word' id='word_1_811' title='bbox 2747 4114 2990 4169; x_wconf 73' lang='lat' dir='ltr'><strong>XXXIV.</strong></span> 
     </span>
    </p>
   </div>
   <div class='ocr_carea' id='block_1_103' title="bbox 2201 4204 3271 4275">
    <p class='ocr_par' dir='ltr' id='par_1_103' title="bbox 2201 4204 3271 4275">
     <span class='ocr_line' id='line_1_103' title="bbox 2201 4204 3271 4275; baseline -0.005 -15"><span class='ocrx_word' id='word_1_812' title='bbox 2201 4204 2297 4260; x_wconf 88' lang='lat' dir='ltr'><strong>Ubi</strong></span> <span class='ocrx_word' id='word_1_813' title='bbox 2326 4221 2379 4259; x_wconf 88' lang='lat' dir='ltr'><strong>se</strong></span> <span class='ocrx_word' id='word_1_814' title='bbox 2407 4205 2469 4259; x_wconf 86' lang='lat' dir='ltr'><strong>de</strong></span> <span class='ocrx_word' id='word_1_815' title='bbox 2507 4214 2610 4259; x_wconf 89' lang='lat' dir='ltr'><strong>toto</strong></span> <span class='ocrx_word' id='word_1_816' title='bbox 2640 4221 2790 4275; x_wconf 84' lang='lat' dir='ltr'><strong>opere</strong></span> <span class='ocrx_word' id='word_1_817' title='bbox 2814 4205 3013 4258; x_wconf 86' lang='lat' dir='ltr'><strong>locutor</strong></span> <span class='ocrx_word' id='word_1_818' title='bbox 3042 4210 3271 4257; x_wconf 78' lang='lat' dir='ltr'><strong>excusat.</strong></span> 
     </span>
    </p>
   </div>
   <div class='ocr_carea' id='block_1_104' title="bbox 2021 4293 3530 4367">
    <p class='ocr_par' dir='ltr' id='par_1_104' title="bbox 2021 4293 3530 4367">
     <span class='ocr_line' id='line_1_104' title="bbox 2021 4293 3530 4367; baseline -0.005 -13"><span class='ocrx_word' id='word_1_819' title='bbox 2021 4302 2070 4355; x_wconf 77' lang='grc' dir='ltr'><strong>Ι.</strong></span> <span class='ocrx_word' id='word_1_820' title='bbox 2105 4298 2286 4367; x_wconf 88' lang='lat' dir='ltr'><strong>Itaque</strong></span> <span class='ocrx_word' id='word_1_821' title='bbox 2308 4339 2323 4364; x_wconf 96' lang='lat'><strong>,</strong></span> <span class='ocrx_word' id='word_1_822' title='bbox 2352 4299 2396 4351; x_wconf 89' lang='lat' dir='ltr'><strong>si</strong></span> <span class='ocrx_word' id='word_1_823' title='bbox 2429 4297 2626 4367; x_wconf 90' lang='lat' dir='ltr'><strong>placet,</strong></span> <span class='ocrx_word' id='word_1_824' title='bbox 2656 4296 2813 4366; x_wconf 89' lang='lat' dir='ltr'><strong>hujus</strong></span> <span class='ocrx_word' id='word_1_825' title='bbox 2844 4310 3056 4366; x_wconf 72' lang='lat' dir='ltr'><strong>quoque</strong></span> <span class='ocrx_word' id='word_1_826' title='bbox 3102 4293 3263 4349; x_wconf 87' lang='lat' dir='ltr'><strong>libelli</strong></span> <span class='ocrx_word' id='word_1_827' title='bbox 3286 4293 3394 4363; x_wconf 89' lang='lat' dir='ltr'><strong>jam</strong></span> <span class='ocrx_word' id='word_1_828' title='bbox 3423 4302 3530 4347; x_wconf 83' lang='lat' dir='ltr'><strong>ter-</strong></span> 
     </span>
    </p>
   </div>
   <div class='ocr_carea' id='block_1_105' title="bbox 1949 4384 3529 4458">
    <p class='ocr_par' dir='ltr' id='par_1_105' title="bbox 1949 4384 3529 4458">
     <span class='ocr_line' id='line_1_105' title="bbox 1949 4384 3529 4458; baseline -0.007 -12"><span class='ocrx_word' id='word_1_829' title='bbox 1949 4391 2125 4447; x_wconf 90' lang='lat' dir='ltr'><strong>minus</strong></span> <span class='ocrx_word' id='word_1_830' title='bbox 2156 4390 2246 4444; x_wconf 84' lang='lat' dir='ltr'><strong>tiat</strong></span> <span class='ocrx_word' id='word_1_831' title='bbox 2276 4405 2291 4443; x_wconf 88' lang='lat'><strong>:</strong></span> <span class='ocrx_word' id='word_1_832' title='bbox 2336 4403 2403 4443; x_wconf 90' lang='lat' dir='ltr'><strong>ne</strong></span> <span class='ocrx_word' id='word_1_833' title='bbox 2428 4387 2657 4458; x_wconf 89' lang='lat' dir='ltr'><strong>amplius</strong></span> <span class='ocrx_word' id='word_1_834' title='bbox 2682 4388 2829 4457; x_wconf 88' lang='lat' dir='ltr'><strong>justo</strong></span> <span class='ocrx_word' id='word_1_835' title='bbox 2852 4388 3142 4457; x_wconf 89' lang='lat' dir='ltr'><strong>productus</strong></span> <span class='ocrx_word' id='word_1_836' title='bbox 3161 4424 3175 4448; x_wconf 86' lang='lat'><strong>.</strong></span> <span class='ocrx_word' id='word_1_837' title='bbox 3217 4399 3322 4439; x_wconf 92' lang='lat' dir='ltr'><strong>non</strong></span> <span class='ocrx_word' id='word_1_838' title='bbox 3357 4384 3529 4438; x_wconf 86' lang='lat' dir='ltr'><strong>solum</strong></span> 
     </span>
    </p>
   </div>
   <div class='ocr_carea' id='block_1_106' title="bbox 2032 4637 2599 4701">
    <p class='ocr_par' dir='ltr' id='par_1_106' title="bbox 2032 4637 2599 4701">
     <span class='ocr_line' id='line_1_106' title="bbox 2032 4637 2599 4701; baseline -0.007 -8"><span class='ocrx_word' id='word_1_839' title='bbox 2032 4638 2049 4678; x_wconf 80' lang='grc' dir='ltr'><strong>ι</strong></span> <span class='ocrx_word' id='word_1_840' title='bbox 2087 4638 2184 4693; x_wconf 90' lang='lat' dir='ltr'><strong>Ms.</strong></span> <span class='ocrx_word' id='word_1_841' title='bbox 2207 4650 2367 4701; x_wconf 88' lang='lat' dir='ltr'><strong>unus,</strong></span> <span class='ocrx_word' id='word_1_842' title='bbox 2393 4637 2461 4690; x_wconf 85' lang='lat' dir='ltr'><strong>ibi</strong></span> <span class='ocrx_word' id='word_1_843' title='bbox 2491 4653 2599 4690; x_wconf 82' lang='lat' dir='ltr'><strong>nec.</strong></span> 
     </span>
    </p>
   </div>
   <div class='ocr_carea' id='block_1_107' title="bbox 2033 4706 3120 4777">
    <p class='ocr_par' dir='ltr' id='par_1_107' title="bbox 2033 4706 3120 4777">
     <span class='ocr_line' id='line_1_107' title="bbox 2033 4706 3120 4777; baseline -0.001 -15"><span class='ocrx_word' id='word_1_844' title='bbox 2033 4719 2071 4745; x_wconf 75' lang='grc' dir='ltr'>ιη</span> <span class='ocrx_word' id='word_1_845' title='bbox 2103 4712 2230 4762; x_wconf 84' lang='lat' dir='ltr'><strong>Mss.</strong></span> <span class='ocrx_word' id='word_1_846' title='bbox 2257 4717 2481 4777; x_wconf 88' lang='lat' dir='ltr'><strong>quatuor</strong></span> <span class='ocrx_word' id='word_1_847' title='bbox 2505 4716 2688 4762; x_wconf 81' lang='lat' dir='ltr'><strong>carent</strong></span> <span class='ocrx_word' id='word_1_848' title='bbox 2720 4706 2817 4760; x_wconf 89' lang='lat' dir='ltr'><strong>hac</strong></span> <span class='ocrx_word' id='word_1_849' title='bbox 2842 4718 2991 4768; x_wconf 54' lang='lat' dir='ltr'><strong>vace,</strong></span> <span class='ocrx_word' id='word_1_850' title='bbox 3029 4706 3120 4761; x_wconf 85' lang='lat' dir='ltr'><strong>eis.</strong></span> 
     </span>
    </p>
   </div>
   <div class='ocr_carea' id='block_1_108' title="bbox 2029 4778 2731 4841">
    <p class='ocr_par' dir='ltr' id='par_1_108' title="bbox 2029 4778 2731 4841">
     <span class='ocr_line' id='line_1_108' title="bbox 2029 4778 2731 4841; baseline -0.003 -10"><span class='ocrx_word' id='word_1_851' title='bbox 2029 4787 2057 4814; x_wconf 78' lang='grc' dir='ltr'><strong>ιι</strong></span> <span class='ocrx_word' id='word_1_852' title='bbox 2086 4779 2181 4833; x_wconf 86' lang='lat' dir='ltr'><strong>Ms.</strong></span> <span class='ocrx_word' id='word_1_853' title='bbox 2209 4793 2364 4841; x_wconf 86' lang='lat' dir='ltr'><strong>unus,</strong></span> <span class='ocrx_word' id='word_1_854' title='bbox 2398 4792 2489 4829; x_wconf 79' lang='lat' dir='ltr'><strong>nec</strong></span> <span class='ocrx_word' id='word_1_855' title='bbox 2509 4778 2731 4830; x_wconf 85' lang='lat' dir='ltr'><strong>dolores.</strong></span> 
     </span>
    </p>
   </div>
   <div class='ocr_carea' id='block_1_109' title="bbox 2030 4848 2727 4912">
    <p class='ocr_par' dir='ltr' id='par_1_109' title="bbox 2030 4848 2727 4912">
     <span class='ocr_line' id='line_1_109' title="bbox 2030 4848 2727 4912; baseline -0.004 -9"><span class='ocrx_word' id='word_1_856' title='bbox 2030 4859 2054 4885; x_wconf 82' lang='grc' dir='ltr'><strong><em>υ</em></strong></span> <span class='ocrx_word' id='word_1_857' title='bbox 2088 4848 2213 4902; x_wconf 87' lang='lat' dir='ltr'><strong>Mss.</strong></span> <span class='ocrx_word' id='word_1_858' title='bbox 2239 4848 2367 4912; x_wconf 88' lang='lat' dir='ltr'><strong>duo,</strong></span> <span class='ocrx_word' id='word_1_859' title='bbox 2398 4856 2444 4901; x_wconf 86' lang='lat' dir='ltr'><strong>et</strong></span> <span class='ocrx_word' id='word_1_860' title='bbox 2466 4848 2535 4899; x_wconf 78' lang='lat' dir='ltr'><strong>ibi</strong></span> <span class='ocrx_word' id='word_1_861' title='bbox 2561 4856 2727 4900; x_wconf 86' lang='lat' dir='ltr'><strong>erunt.</strong></span> 
     </span>
    </p>
   </div>
   <div class='ocr_carea' id='block_1_110' title="bbox 2026 4917 2890 4988">
    <p class='ocr_par' dir='ltr' id='par_1_110' title="bbox 2026 4917 2890 4988">
     <span class='ocr_line' id='line_1_110' title="bbox 2026 4917 2890 4988; baseline 0 -21"><span class='ocrx_word' id='word_1_862' title='bbox 2026 4929 2053 4967; x_wconf 75' lang='grc' dir='ltr'>ρ</span> <span class='ocrx_word' id='word_1_863' title='bbox 2084 4917 2226 4972; x_wconf 85' lang='lat' dir='ltr'><strong>Edit.</strong></span> <span class='ocrx_word' id='word_1_864' title='bbox 2254 4918 2447 4988; x_wconf 53' lang='lat' dir='ltr'><strong>Lugd.,</strong></span> <span class='ocrx_word' id='word_1_865' title='bbox 2476 4918 2890 4988; x_wconf 78' lang='lat' dir='ltr'><strong>conversationis.</strong></span> 
     </span>
    </p>
   </div>
   <div class='ocr_carea' id='block_1_111' title="bbox 2028 4986 2924 5053">
    <p class='ocr_par' dir='ltr' id='par_1_111' title="bbox 2028 4986 2924 5053">
     <span class='ocr_line' id='line_1_111' title="bbox 2028 4986 2924 5053; baseline -0.001 -15"><span class='ocrx_word' id='word_1_866' title='bbox 2028 4999 2055 5038; x_wconf 84' lang='grc' dir='ltr'><strong>ιῐ</strong></span> <span class='ocrx_word' id='word_1_867' title='bbox 2084 4993 2211 5042; x_wconf 74' lang='lat' dir='ltr'><strong>Mss.</strong></span> <span class='ocrx_word' id='word_1_868' title='bbox 2236 4986 2365 5053; x_wconf 74' lang='lat' dir='ltr'><strong>duo,</strong></span> <span class='ocrx_word' id='word_1_869' title='bbox 2391 4986 2612 5039; x_wconf 88' lang='lat' dir='ltr'><strong>Domino</strong></span> <span class='ocrx_word' id='word_1_870' title='bbox 2637 4987 2924 5039; x_wconf 81' lang='lat' dir='ltr'><strong>miserante.</strong></span> 
     </span>
    </p>
   </div>
   <div class='ocr_carea' id='block_1_112' title="bbox 2028 5054 3162 5125">
    <p class='ocr_par' dir='ltr' id='par_1_112' title="bbox 2028 5054 3162 5125">
     <span class='ocr_line' id='line_1_112' title="bbox 2028 5054 3162 5125; baseline -0.006 -12"><span class='ocrx_word' id='word_1_871' title='bbox 2028 5067 2050 5095; x_wconf 71' lang='grc' dir='ltr'><strong><em>τ</em></strong></span> <span class='ocrx_word' id='word_1_872' title='bbox 2086 5059 2182 5112; x_wconf 79' lang='lat' dir='ltr'><strong>Ms.</strong></span> <span class='ocrx_word' id='word_1_873' title='bbox 2214 5074 2372 5125; x_wconf 58' lang='lat' dir='ltr'><strong>unus,</strong></span> <span class='ocrx_word' id='word_1_874' title='bbox 2406 5074 2466 5110; x_wconf 90' lang='lat' dir='ltr'><strong>ac</strong></span> <span class='ocrx_word' id='word_1_875' title='bbox 2490 5059 2671 5110; x_wconf 74' lang='lat' dir='ltr'><strong>rint-at.</strong></span> <span class='ocrx_word' id='word_1_876' title='bbox 2702 5058 2871 5121; x_wconf 86' lang='lat' dir='ltr'><strong>Alter,</strong></span> <span class='ocrx_word' id='word_1_877' title='bbox 2900 5066 2949 5107; x_wconf 89' lang='lat' dir='ltr'><strong>ut</strong></span> <span class='ocrx_word' id='word_1_878' title='bbox 2981 5054 3162 5107; x_wconf 74' lang='lat' dir='ltr'><strong>uincat.</strong></span> 
     </span>
    </p>
   </div>
   <div class='ocr_carea' id='block_1_113' title="bbox 2029 5124 3526 5195">
    <p class='ocr_par' dir='ltr' id='par_1_113' title="bbox 2029 5124 3526 5195">
     <span class='ocr_line' id='line_1_113' title="bbox 2029 5124 3526 5195; baseline -0.005 -13"><span class='ocrx_word' id='word_1_879' title='bbox 2029 5138 2049 5165; x_wconf 76' lang='grc'><strong><em>⁸</em></strong></span> <span class='ocrx_word' id='word_1_880' title='bbox 2081 5130 2179 5182; x_wconf 87' lang='lat' dir='ltr'><strong>Ms.</strong></span> <span class='ocrx_word' id='word_1_881' title='bbox 2204 5124 2413 5194; x_wconf 68' lang='lat' dir='ltr'><strong>Cimb.,</strong></span> <span class='ocrx_word' id='word_1_882' title='bbox 2447 5129 2508 5179; x_wconf 90' lang='lat' dir='ltr'><strong>ab</strong></span> <span class='ocrx_word' id='word_1_883' title='bbox 2542 5126 2945 5194; x_wconf 59' lang='lat' dir='ltr'><strong>inttntpt&#39;rantite</strong></span> <span class='ocrx_word' id='word_1_884' title='bbox 2984 5124 3156 5177; x_wconf 82' lang='lat' dir='ltr'><strong>morbo</strong></span> <span class='ocrx_word' id='word_1_885' title='bbox 3178 5128 3526 5195; x_wconf 72' lang='lat' dir='ltr'><strong>impugnante.</strong></span> 
     </span>
    </p>
   </div>
   <div class='ocr_carea' id='block_1_114' title="bbox 1952 5196 3533 5268">
    <p class='ocr_par' dir='ltr' id='par_1_114' title="bbox 1952 5196 3533 5268">
     <span class='ocr_line' id='line_1_114' title="bbox 1952 5196 3533 5268; baseline -0.005 -15"><span class='ocrx_word' id='word_1_886' title='bbox 1952 5200 2051 5253; x_wconf 87' lang='lat' dir='ltr'><strong>Ms.</strong></span> <span class='ocrx_word' id='word_1_887' title='bbox 2073 5199 2227 5252; x_wconf 75' lang='lat' dir='ltr'><strong>Colb.</strong></span> <span class='ocrx_word' id='word_1_888' title='bbox 2254 5214 2412 5265; x_wconf 91' lang='lat' dir='ltr'><strong>unus,</strong></span> <span class='ocrx_word' id='word_1_889' title='bbox 2430 5198 2492 5251; x_wconf 90' lang='lat' dir='ltr'><strong>ab</strong></span> <span class='ocrx_word' id='word_1_890' title='bbox 2522 5199 2927 5268; x_wconf 78' lang='lat' dir='ltr'><strong>intemperantia:</strong></span> <span class='ocrx_word' id='word_1_891' title='bbox 2950 5196 3124 5246; x_wconf 88' lang='lat' dir='ltr'><strong>morbo</strong></span> <span class='ocrx_word' id='word_1_892' title='bbox 3147 5196 3533 5264; x_wconf 74' lang='lat' dir='ltr'><strong>impugnationc</strong></span> 
     </span>
    </p>
   </div>
   <div class='ocr_carea' id='block_1_115' title="bbox 1949 5268 3446 5409">
    <p class='ocr_par' dir='ltr' id='par_1_115' title="bbox 1949 5268 3446 5409">
     <span class='ocr_line' id='line_1_115' title="bbox 1949 5268 2199 5338; baseline -0.004 -15"><span class='ocrx_word' id='word_1_893' title='bbox 1949 5268 2199 5338; x_wconf 79' lang='lat' dir='ltr'><strong>defendit.</strong></span> 
     </span>
     <span class='ocr_line' id='line_1_116' title="bbox 2028 5336 3446 5409; baseline 0.024 -33"><span class='ocrx_word' id='word_1_894' title='bbox 2028 5341 2045 5376; x_wconf 79' lang='grc' dir='ltr'><strong>ι</strong></span> <span class='ocrx_word' id='word_1_895' title='bbox 2082 5339 2213 5409; x_wconf 64' lang='lat' dir='ltr'><strong>Mss,</strong></span> <span class='ocrx_word' id='word_1_896' title='bbox 2240 5338 2368 5409; x_wconf 74' lang='lat' dir='ltr'><strong>duo,</strong></span> <span class='ocrx_word' id='word_1_897' title='bbox 2402 5336 2763 5409; x_wconf 76' lang='lat' dir='ltr'><strong>perce_ptione._</strong></span> <span class='ocrx_word' id='word_1_898' title='bbox 3110 5402 3122 5409; x_wconf 88' lang='lat'>_</span> <span class='ocrx_word' id='word_1_899' title='bbox 3184 5401 3223 5409; x_wconf 79' lang='grc'><em>,,</em></span> <span class='ocrx_word' id='word_1_900' title='bbox 3374 5397 3446 5409; x_wconf 83' lang='grc'><strong>...</strong></span> 
     </span>
    </p>
   </div>
   <div class='ocr_carea' id='block_1_116' title="bbox 2020 5397 3527 5474">
    <p class='ocr_par' dir='ltr' id='par_1_116' title="bbox 2020 5397 3527 5474">
     <span class='ocr_line' id='line_1_117' title="bbox 2020 5397 3527 5474; baseline -0.009 -12"><span class='ocrx_word' id='word_1_901' title='bbox 2020 5419 2047 5446; x_wconf 78' lang='grc' dir='ltr'><strong>ιι</strong></span> <span class='ocrx_word' id='word_1_902' title='bbox 2081 5408 2240 5462; x_wconf 85' lang='lat' dir='ltr'><strong>Editi.</strong></span> <span class='ocrx_word' id='word_1_903' title='bbox 2260 5397 2509 5461; x_wconf 78' lang='lat' dir='ltr'><strong>Ibienim.</strong></span> <span class='ocrx_word' id='word_1_904' title='bbox 2530 5397 2655 5459; x_wconf 74' lang='lat' dir='ltr'><strong>Mss.</strong></span> <span class='ocrx_word' id='word_1_905' title='bbox 2678 5404 2928 5474; x_wconf 80' lang='lat' dir='ltr'><strong>quinque,</strong></span> <span class='ocrx_word' id='word_1_906' title='bbox 2955 5402 3032 5453; x_wconf 88' lang='lat' dir='ltr'><strong>lbi</strong></span> <span class='ocrx_word' id='word_1_907' title='bbox 3050 5402 3157 5455; x_wconf 75' lang='lat' dir='ltr'><strong>erit.</strong></span> <span class='ocrx_word' id='word_1_908' title='bbox 3184 5401 3348 5463; x_wconf 88' lang='lat' dir='ltr'><strong>Ultus,</strong></span> <span class='ocrx_word' id='word_1_909' title='bbox 3369 5397 3527 5450; x_wconf 64' lang='lat' dir='ltr'><strong>Ibid.</strong></span> 
     </span>
    </p>
   </div>
   <div class='ocr_carea' id='block_1_117' title="bbox 2021 5478 3042 5542">
    <p class='ocr_par' dir='ltr' id='par_1_117' title="bbox 2021 5478 3042 5542">
     <span class='ocr_line' id='line_1_118' title="bbox 2021 5478 3042 5542; baseline -0.011 -9"><span class='ocrx_word' id='word_1_910' title='bbox 2021 5490 2049 5517; x_wconf 72' lang='grc' dir='ltr'><strong>ν</strong></span> <span class='ocrx_word' id='word_1_911' title='bbox 2078 5479 2204 5532; x_wconf 78' lang='lat' dir='ltr'><strong>Mss.</strong></span> <span class='ocrx_word' id='word_1_912' title='bbox 2234 5478 2359 5539; x_wconf 91' lang='lat' dir='ltr'><strong>duo,</strong></span> <span class='ocrx_word' id='word_1_913' title='bbox 2393 5493 2483 5529; x_wconf 86' lang='lat' dir='ltr'><strong>nec</strong></span> <span class='ocrx_word' id='word_1_914' title='bbox 2503 5478 2612 5542; x_wconf 82' lang='lat' dir='ltr'><strong>ipsa</strong></span> <span class='ocrx_word' id='word_1_915' title='bbox 2638 5486 2784 5525; x_wconf 61' lang='lat' dir='ltr'><strong>erunt</strong></span> <span class='ocrx_word' id='word_1_916' title='bbox 2808 5487 3042 5542; x_wconf 79' lang='lat' dir='ltr'><strong>corpora.</strong></span> 
     </span>
    </p>
   </div>
   <div class='ocr_carea' id='block_1_118' title="bbox 2026 5544 2939 5612">
    <p class='ocr_par' dir='ltr' id='par_1_118' title="bbox 2026 5544 2939 5612">
     <span class='ocr_line' id='line_1_119' title="bbox 2026 5544 2939 5612; baseline -0.005 -12"><span class='ocrx_word' id='word_1_917' title='bbox 2026 5558 2053 5585; x_wconf 72' lang='grc' dir='ltr'><strong>ι</strong></span> <span class='ocrx_word' id='word_1_918' title='bbox 2084 5549 2182 5600; x_wconf 92' lang='lat' dir='ltr'><strong>Ms.</strong></span> <span class='ocrx_word' id='word_1_919' title='bbox 2216 5548 2425 5612; x_wconf 72' lang='lat' dir='ltr'><strong>(lamb.,</strong></span> <span class='ocrx_word' id='word_1_920' title='bbox 2449 5545 2656 5596; x_wconf 85' lang='lat' dir='ltr'><strong>veritate</strong></span> <span class='ocrx_word' id='word_1_921' title='bbox 2676 5544 2939 5611; x_wconf 80' lang='lat' dir='ltr'><strong>perfectos.</strong></span> 
     </span>
    </p>
   </div>
   <div class='ocr_carea' id='block_1_119' title="bbox 2023 5613 2770 5681">
    <p class='ocr_par' dir='ltr' id='par_1_119' title="bbox 2023 5613 2770 5681">
     <span class='ocr_line' id='line_1_120' title="bbox 2023 5613 2770 5681; baseline -0.003 -16"><span class='ocrx_word' id='word_1_922' title='bbox 2023 5627 2052 5665; x_wconf 72' lang='grc' dir='ltr'><strong><em>γ</em></strong></span> <span class='ocrx_word' id='word_1_923' title='bbox 2082 5615 2178 5667; x_wconf 83' lang='lat' dir='ltr'><strong>Ms.</strong></span> <span class='ocrx_word' id='word_1_924' title='bbox 2206 5613 2415 5677; x_wconf 85' lang='lat' dir='ltr'><strong>Cantb.,</strong></span> <span class='ocrx_word' id='word_1_925' title='bbox 2450 5613 2770 5681; x_wconf 76' lang='lat' dir='ltr'><strong>perfectione.</strong></span> 
     </span>
    </p>
   </div>
   <div class='ocr_carea' id='block_1_120' title="bbox 2027 5680 3220 5748">
    <p class='ocr_par' dir='ltr' id='par_1_120' title="bbox 2027 5680 3220 5748">
     <span class='ocr_line' id='line_1_121' title="bbox 2027 5680 3220 5748; baseline -0.013 -9"><span class='ocrx_word' id='word_1_926' title='bbox 2027 5694 2047 5720; x_wconf 76' lang='grc' dir='ltr'><strong>ι</strong></span> <span class='ocrx_word' id='word_1_927' title='bbox 2080 5683 2240 5748; x_wconf 78' lang='lat' dir='ltr'><strong>Editi,</strong></span> <span class='ocrx_word' id='word_1_928' title='bbox 2268 5680 2547 5735; x_wconf 74' lang='lat' dir='ltr'><strong>rationem.</strong></span> <span class='ocrx_word' id='word_1_929' title='bbox 2573 5682 2698 5735; x_wconf 85' lang='lat' dir='ltr'><strong>Mss.</strong></span> <span class='ocrx_word' id='word_1_930' title='bbox 2733 5696 2942 5746; x_wconf 79' lang='lat' dir='ltr'><strong>oinnes,</strong></span> <span class='ocrx_word' id='word_1_931' title='bbox 2973 5680 3220 5730; x_wconf 74' lang='lat' dir='ltr'><strong>rat&#39;oucs.</strong></span> 
     </span>
    </p>
   </div>
  </div>
