4016 6168
482 288 585 343 519

1643 270 1781 327 DUO
1820 267 2000 325 ANON
2009 266 2121 321 YMI
2160 260 2542 323 AUCTORES.

3644 262 3748 316 ἒ»ἳο

481 405 551 461 de
579 412 605 441 ι
651 401 733 455 sui
780 397 1026 469 squalore
1052 435 1068 461 ,
1106 393 1200 448 sed
1230 391 1391 448 etiam
1436 387 1505 442 de
1551 387 1711 440 nimia
1760 384 2065 454 prolixitate
2092 383 2144 443 Α
2173 381 2222 435 id
2250 380 2506 434 exhibere
2538 375 2805 447 loquendo
2832 389 2934 427 non
2968 373 3135 443 potui.
3164 372 3229 427 Et
3255 378 3431 426 tamen
3469 385 3585 427 eum
3629 386 3754 428 sen-

482 494 777 561 displiceat.
815 490 922 543 lloc
947 501 1075 542 sane
1104 481 1131 521 δ
1160 496 1347 535 omnes
1374 477 1465 549 qui
1509 477 1623 530 hinc
1651 486 1672 513 ο
1710 475 1848 527 forte
1875 473 2065 526 lecturi

484 592 645 648 sunt,
690 587 999 639 contestor,
1031 582 1085 627 et
1128 573 1373 634 obsecro,
1408 576 1467 621 ut
1509 563 1763 636 quidquid
1805 563 1857 616 in
1908 564 2069 615 rebus

486 673 638 741 ipsis,
672 684 793 739 quae
822 677 1087 733 utcunque
1116 663 1335 730 digesta:
1383 665 1546 719 sunt,
1590 652 1613 689 ά
1649 650 2070 721 reprehensione

486 764 698 833 dignum
724 758 1043 816 invenerint,
1070 752 1195 804 vitio
1218 765 1349 803 metu
1370 746 1679 801 rusticitatis
1699 742 1989 805 ascribunt,
2016 747 2069 792 et

488 831 615 905 mihi
655 850 933 918 dignanter
962 844 1269 911 indulgeant
1318 857 1331 893 :
1378 838 1468 906 qui
1497 836 1621 890 dum
1661 842 1683 869 °
1712 831 1903 885 studeo
1934 844 2071 898 pra:-

485 950 698 1010 ceptmn
732 937 966 1007 iubentis
995 935 1217 1012 implere
1243 971 1257 996 ,
1284 930 1442 985 etiam
1473 928 1673 995 majora
1705 924 1907 977 viribus
1934 921 2071 977 meis

490 1031 802 1099 przesumpsi
829 1030 1123 1096 suscipere.
1156 1025 1229 1078 Ea
1252 1032 1428 1076 autem
1447 1035 1564 1089 qua:
1586 1016 1877 1071 secundum
1912 1013 2069 1067 (idem

488 1125 799 1178 catholicam
824 1122 964 1175 dicta
1009 1116 1373 1187 probaverim,
1402 1112 1661 1180 deputent
1687 1109 1796 1161 Deo
1820 1148 1835 1171 ,
1858 1106 1946 1176 qui
1982 1104 2075 1158 dat

488 1213 736 1268 omnibus
761 1211 1062 1273 affluenter,
1102 1216 1155 1259 et
1200 1220 1305 1256 non
1330 1204 1657 1268 improperat
1684 1195 1884 1269 (Jacobi
1921 1212 1958 1262 ι,
1986 1194 2072 1263 5):

489 1315 541 1360 et
567 1320 662 1373 pro
708 1304 790 1355 his
810 1300 1079 1367 omnibus,
1110 1296 1128 1334 ί
1161 1296 1238 1350 illi
1265 1308 1469 1347 mecum
1498 1290 1695 1360 gratias
1715 1298 1893 1357 agant.

560 1395 615 1448 2.
663 1394 924 1446 Cit-terum
958 1389 1025 1443 de
1070 1386 1414 1441 accuratione
1463 1381 1712 1437 dictionis
1752 1380 2075 1433 elucubratas

491 1501 600 1540 non
629 1494 843 1552 satago;
880 1495 976 1535 nec
1014 1480 1142 1533 milii
1174 1487 1198 1524 ε
1229 1475 1414 1545 pudori
1446 1482 1528 1528 est
1551 1472 1594 1525 si
1622 1470 1907 1538 disputatio
1933 1484 2072 1533 mea,

492 1591 612 1645 quae
640 1575 776 1628 forte
806 1572 1059 1642 probatur
1087 1570 1139 1625 in
1167 1569 1325 1622 rebus
1344 1606 1359 1630 ,
1392 1565 1601 1632 aliquos
1633 1562 1915 1617 verborum
1958 1559 2078 1613 ina-

493 1668 641 1723 nium
664 1675 958 1720 sectatores
980 1662 1203 1716 hormie
1228 1662 1510 1726 incompta:
1531 1654 1787 1708 orationis
1808 1652 2076 1707 oll‘endat:

495 1760 617 1830 quia
643 1756 785 1827 quod
832 1757 900 1811 ab
929 1754 1144 1809 homine
1173 1752 1394 1807 doctore
1439 1745 1704 1802 Studeudo
1742 1759 1846 1797 non
1893 1744 2077 1811 didici,

568 1904 594 1932 ι
621 1896 719 1950 Ms.
752 1908 910 1958 unus,
942 1894 1005 1947 de
1024 1906 1115 1946 suo
1141 1888 1405 1959 squalore.

566 1965 594 2004 δ
628 1967 753 2020 Mss.
788 1976 915 2029 tres,
947 1962 1200 2016 omnibus.

571 2046 594 2073 ⁸
626 2037 680 2089 ln
707 2051 815 2089 uno
846 2049 948 2088 ms.
979 2032 1131 2086 deest
1158 2032 1311 2098 forte.
1353 2097 1357 2098 ί
1455 2090 1462 2097 δ

506 2104 594 2141 rd
628 2107 699 2158 lta
729 2121 828 2160 ins.
863 2103 1015 2157 Culb.
1060 2094 1217 2156 unus.
1261 2097 1365 2154 Alii
1406 2094 1584 2151 autem
1625 2094 1860 2156 codices,
1910 2108 2082 2161 repre-

499 2175 758 2229 hensionis
780 2174 1083 2227 invenerint.

572 2256 596 2284 ο
629 2245 729 2299 Ms.
756 2258 913 2305 unus,
937 2243 1063 2295 dum
1090 2239 1288 2294 studui.

573 2313 592 2352 ί
626 2315 785 2369 Deest
804 2312 887 2367 illi
914 2314 967 2366 itt
995 2311 1175 2365 editis.
1202 2309 1437 2363 [labetur
1465 2306 1517 2361 in
1541 2304 1788 2359 omnibus
1816 2317 1945 2359 mss.

2173 471 2460 525 tentiarum
2508 467 2846 522 vivacitatem
2898 477 3079 520 sermo
3121 476 3187 518 ex
3254 462 3510 517 industria
3575 462 3756 517 cultus

2168 570 2395 616 enervet
2443 558 2495 626 δ,
2529 568 2581 613 et
2629 567 2792 612 totam
2825 555 2929 611 vim
2977 555 3239 610 dictorum
3288 553 3539 623 splendor
3574 554 3761 608 elabi).

2173 661 2317 704 ratus
2351 658 2595 715 evacuet,
2629 649 2748 718 quis
2780 662 2883 702 non
2934 647 3136 716 iudicet
3179 662 3265 701 me
3317 645 3333 682 ί
3370 645 3759 699 ειπεοιειίοηεῐιι

2171 741 2575 810 compositionis
2605 739 2856 795 debuisse
2885 748 3250 801 contemnere,
3269 737 3426 789 etiam
3452 737 3493 788 si
3524 751 3643 788 eam
3674 749 3764 802 po-

2174 834 2419 902 tuissem,
2463 832 2608 888 velut
2632 830 2843 886 dicendi
2878 830 3101 899 peritus,
3138 827 3397 894 implere?
3425 829 3554 892 Qua;
3576 836 3764 892 rupter

2172 939 2238 981 ea
2267 926 2394 978 milii
2423 926 2531 978 visa
2555 934 2635 978 est
2657 923 2976 990 compositio
3005 920 3132 973 satis
3158 929 3367 983 ornata,
3391 935 3507 988 qtae
3532 932 3769 985 concep-

2178 1020 2350 1071 tiones
2391 1015 2551 1068 animi
2593 1030 2713 1068 cum
2762 1013 3062 1067 necessaria
3113 1010 3342 1079 quadam
3393 1009 3768 1077 perspicuitate

2175 1107 2459 1177 proferret,
2482 1120 2587 1158 non
2605 1119 2721 1173 quae
2743 1102 3009 1157 illecebris
3027 1102 3232 1155 aurium
3248 1099 3566 1154 deserviret.
3584 1100 3661 1152 Ea
3684 1108 3770 1153 est

2174 1197 2341 1263 enim,
2371 1197 2471 1251 nisi
2503 1196 2673 1260 fallor,
2695 1194 2930 1264 jndieata
2972 1193 3255 1259 Latinitas,
3287 1207 3407 1259 qua:
3448 1191 3691 1244 breviter
3720 1201 3773 1243 et

2176 1297 2382 1357 aperte,
2402 1287 2679 1342 observata
2705 1287 2963 1339 duntaxat
2993 1283 3304 1338 usitatorum
3335 1282 3621 1336 verborum
3660 1295 3775 1349 pro-

2181 1382 2426 1451 prietate,
2471 1396 2558 1435 res
2592 1380 2967 1448 intelligendas
2995 1379 3267 1440 enuntiat;
3298 1391 3403 1431 non
3433 1390 3551 1445 qua:
3583 1377 3602 1425 l
3660 1390 3774 1426 ver-

2180 1472 2356 1535 nantis
2379 1469 2574 1539 eloquii
2599 1477 2881 1523 venustate
2901 1478 3061 1537 atque
3088 1466 3400 1521 ammnitate
3422 1464 3661 1518 luxuriat
3683 1478 3697 1527 ;
3722 1469 3773 1515 et

2181 1561 2535 1631 prudentibus
2560 1560 2687 1614 viris
2722 1573 2829 1613 non
2865 1558 3073 1627 placent
3103 1557 3400 1626 phalerata.
3429 1554 3522 1609 sed
3567 1552 3770 1607 fortia:

2182 1651 2397 1721 quando
2420 1665 2524 1704 non
2549 1666 2635 1703 res
2658 1663 2757 1717 pro
2781 1649 2982 1714 verbis,
3011 1647 3105 1703 sed
3133 1661 3228 1717 pro
3249 1645 3411 1701 rebus
3432 1642 3773 1699 enuntiandis

2183 1746 2350 1799 verba
2372 1754 2500 1799 sunt
2529 1742 2791 1798 instituta.

2261 1890 2287 1928 α
2318 1880 2409 1936 Sic
2440 1896 2541 1934 ms.
2572 1881 2769 1949 Regius
2794 1894 2952 1933 unus.
2979 1879 3147 1943 Alius,
3170 1877 3338 1949 pudor
3362 1889 3457 1932 est.
3484 1876 3653 1941 Editi,
3681 1891 3773 1944 pu—

2182 1952 2326 2005 doris
2357 1960 2452 2016 est,
2484 1950 2659 2004 minus
2685 1952 2891 2003 Latine.

2258 2017 2286 2056 ¹ι
2332 2014 2569 2076 Aberant
2621 2021 2735 2074 haec
2791 2020 2859 2072 ab
2915 2017 3047 2072 edit.
3100 2014 3291 2072 Colon.
3336 2024 3392 2072 et
3443 2029 3575 2070 mss.
3624 2014 3773 2069 Colb.

2186 2100 2437 2161 quatuor.

2269 2160 2285 2198 ί
2330 2160 2458 2215 Mss.
2482 2159 2741 2228 quinque,
2765 2158 3103 2228 a/fectionem.

2271 2230 2286 2280 i
2341 2230 2441 2284 Ms.
2481 2224 2692 2293 Camb.,
2734 2224 2955 2281 versuta.
3000 2227 3100 2281 Ms.
3156 2224 3288 2295 Reg.
3330 2239 3491 2291 unus,
3538 2226 3776 2280 versutis.

2196 2300 2367 2367 Alter,
2394 2300 2606 2354 versatis
2637 2299 2859 2371 eloquio,
2888 2309 2993 2352 etc.

1690 2528 1987 2571 EXEUNTE
2034 2524 2291 2571 Μαιωιο
2334 2523 2595 2576 QUINTO.

531 2659 1017 2825 Ι)Πο
1152 2652 2088 2825 ΑΝΟΝΥΜ

2200 2649 2241 2804 [
2373 2644 3732 2813 AUCTORES.

1792 2902 2537 2929 -’--—-—-——‘——'——

1921 2983 2057 3052 BA
2071 2981 2360 3052 LUZII

1005 3145 1675 3233 ADMONITIO
1748 3145 1868 3226 IN
1940 3141 2484 3225 LIBELLOS
2561 3139 3282 3251 SEQUENTES.

1973 3298 2284 3312 _

582 3413 710 3480 Qutc
738 3411 819 3464 hic
847 3409 1057 3465 exhibeo
1095 3407 1344 3476 opuscula
1388 3404 1585 3471 suffecit
1622 3403 1746 3455 mihi
1787 3401 1946 3455 codex
1993 3416 2089 3453 ms.
2118 3402 2164 3463 (ἶ
2197 3400 2580 3463 demonstrant,
2604 3414 2720 3451 cum
2741 3407 2894 3451 etiam
2923 3393 3194 3463 conﬁrmat
3219 3415 3402 3453 nomen
3433 3402 3568 3455 idem
3596 3406 3781 3475 sapius

504 3501 821 3571 bibliotheca:
850 3500 1114 3552 illustriss.
1153 3494 1365 3563 capituli
1387 3494 1601 3564 majoris
1631 3490 1876 3545 Ecclesiw
1890 3490 2091 3543 Lucen-

510 3597 613 3659 sis,
652 3593 916 3663 quadratis
942 3631 957 3655 ,
987 3605 1112 3657 quas
1153 3584 1571 3656 Longobardicas
1604 3592 1782 3636 vocant
1804 3625 1820 3650 ,
1853 3590 2093 3635 exaratus

514 3684 691 3737 litteris
712 3725 727 3751 ,
762 3681 931 3734 Caroli
965 3676 1144 3747 Magni
1169 3692 1273 3729 arvo
1303 3676 1612 3743 descriptus,
1636 3674 1711 3726 uti
1742 3670 1809 3726 P.
1849 3668 2093 3723 Mabilloo

515 3776 629 3829 nius
678 3772 910 3827 oculatus
958 3770 1098 3823 testis
1132 3769 1257 3822 olim
1297 3768 1419 3821 dum
1446 3766 1602 3820 Luca:
1642 3775 1767 3819 esset
1793 3765 2017 3834 agnovit,
2049 3772 2097 3816 et

514 3882 605 3937 ego
632 3866 684 3918 in
737 3864 1098 3918 commentario
1147 3863 1209 3913 de
1236 3859 1327 3913 illo
1382 3859 1579 3927 scripto
1608 3869 1654 3911 et
1702 3857 1933 3924 evulgato
1965 3855 2097 3908 inter

514 3957 762 4027 opuscula
794 3953 858 4006 P.
889 3952 1138 4023 Calogera
1162 3994 1176 4016 ,
1212 3961 1335 4005 tom.
1365 3948 1513 4003 XLV
1537 3991 1551 4015 ,
1581 3949 1943 4001 demonstravi.
1990 3943 2100 3998 Pu-

516 4048 646 4101 blica
674 4047 787 4100 lure
815 4048 969 4116 digna
995 4045 1167 4098 censui
1198 4084 1214 4109 ,
1260 4051 1367 4095 tum
1404 4058 1468 4095 ea:
1504 4040 1806 4108 antiquitate
1836 4054 1951 4101 sua,
1986 4054 2097 4091 cum

518 4140 704 4207 pariter
732 4137 868 4207 quod
903 4135 1096 4205 aliquid
1129 4135 1385 4187 continere
1402 4132 1738 4203 judicaverim
1780 4138 1953 4197 aptum
1998 4128 2100 4187 sive

518 4232 586 4284 ad
625 4246 793 4283 rerum
840 4230 1098 4282 veritatem
1147 4227 1450 4287 eruendam,
1508 4225 1608 4278 sive
1658 4223 1726 4275 ad
1769 4231 1965 4288 erutam
1986 4223 2104 4292 jam

518 4321 878 4376 illustrandam
906 4328 1056 4389 atque
1084 4317 1512 4386 conﬁrmandam.
1549 4318 1711 4379 Quam
1739 4329 1852 4367 vero
1879 4313 1929 4366 in
1952 4328 2101 4366 usum

520 4414 685 4467 valere
713 4413 918 4483 singula
947 4412 1231 4464 existimem
1258 4410 1308 4461 in
1349 4407 1446 4460 hac
1492 4408 1794 4476 prtefatione
1822 4420 1935 4458 mea
1964 4404 2101 4457 indi-

522 4505 739 4556 candum
766 4502 915 4555 modo
946 4501 1194 4568 suscipio.

596 4593 888 4663 Principem
913 4592 1083 4644 locum
1112 4590 1230 4641 dedi
1257 4587 1506 4659 opusculo
1532 4588 1596 4641 de
1620 4586 1931 4657 Genealogia
1969 4596 2101 4639 vete-

524 4704 638 4739 rum
658 4681 1067 4755 patriarcharum
1087 4697 1146 4733 ac
1167 4691 1458 4735 cwterorum
1480 4695 1636 4749 usque
1657 4680 1724 4733 ad
1748 4677 1929 4732 Iesum
1953 4676 2102 4731 Chri-

2195 3504 2479 3553 recurrens,
2514 3489 2600 3540 ubi
2626 3487 2834 3555 integris
2859 3487 3043 3541 litteris
3062 3498 3418 3544 conservatur.
3444 3490 3585 3556 Quin
3617 3505 3666 3546 et
3692 3510 3777 3546 au-

2197 3593 2317 3630 num
2338 3580 2502 3647 ipsum
2529 3575 2809 3643 Genserici,
2826 3594 2925 3645 quo
2956 3578 3054 3631 ista
3068 3579 3311 3632 scribebat
3340 3590 3539 3645 auctor,
3562 3583 3784 3655 diligen-

2196 3678 2272 3722 ter
2289 3670 2481 3738 signat,
2509 3668 2697 3720 scilicet
2725 3668 2949 3738 rjusdem
2978 3670 3111 3739 regis
3146 3669 3237 3723 24.
3273 3670 3398 3735 Quis
3433 3672 3529 3724 iste
3549 3670 3787 3727 Genseri-

2199 3776 2286 3812 cus
2316 3762 2381 3812 sit
2410 3768 2457 3811 ct
2503 3775 2602 3828 quo
2631 3775 2766 3812 anno
2809 3775 2926 3814 απαξ
2966 3761 3195 3831 vulgaris
3237 3762 3528 3829 incirperit,
3569 3767 3787 3833 inferius

2199 3851 2475 3923 indagabo.

2273 3943 2583 3997 Hebraicum
2627 3953 2817 3998 textum
2862 3961 2953 3999 nec
3000 3947 3318 4001 consuluisse
3358 3955 3638 4010 auctorem,
3704 3964 3790 4002 nec

2202 4034 2455 4090 Hebraice
2489 4037 2701 4103 peritum
2727 4035 3079 4091 demonstrant
3109 4040 3370 4093 nominum
3405 4041 3791 4107 interpretatio-

2203 4144 2292 4181 nes
2325 4127 2583 4183 Hebraico
2617 4130 2826 4183 minime
2871 4132 3237 4201 respondentes
3264 4172 3278 4197 ,
3309 4134 3435 4185 sicut
3463 4135 3791 4200 potissimum

2202 4224 2363 4274 elucet
2390 4221 2444 4272 in
2474 4237 2591 4275 voce
2622 4222 2858 4276 Laminir
2887 4237 2918 4275 a
2957 4221 3174 4293 Vulgata
3216 4224 3416 4277 reddita
3454 4239 3631 4291 aptas
3658 4225 3790 4279 cali-

2203 4310 2327 4376 das,
2357 4312 2437 4362 hic
2466 4327 2582 4363 vero
2605 4312 2889 4376 retinetur;
2916 4322 2965 4365 et
3006 4322 3079 4364 est
3110 4328 3207 4366 voco
3234 4313 3289 4365 in
3336 4312 3681 4384 Septuaginta
3708 4330 3794 4369 e1:-

2202 4417 2394 4470 pressa,
2426 4401 2513 4453 ubi
2540 4411 2705 4455 tamen
2734 4412 2809 4455 est
2837 4418 2940 4456 non
2981 4402 3239 4469 Lattiinir,
3271 4415 3325 4457 ut
3345 4404 3428 4457 hic
3446 4443 3459 4468 ,
3486 4406 3584 4457 sed
3610 4409 3791 4476 ἱαμεὶν,

2202 4506 2266 4544 ex
2303 4507 2401 4559 quo
2438 4491 2650 4545 resultat
2689 4492 2989 4546 historicum
3034 4504 3261 4548 nostrum
3295 4497 3583 4549 versionem
3627 4500 3793 4568 potius

2207 4582 2576 4652 Septuaginta,
2606 4600 2760 4654 quam
2802 4583 3075 4638 Hebrwum
3105 4595 3297 4639 textum
3340 4587 3667 4642 consuluisse
3697 4604 3717 4641 :
3746 4588 3794 4638 in

2205 4671 2424 4727 Hebrceo
2468 4676 2600 4726 enim
2636 4686 2708 4727 est
2752 4675 3072 4729 Hacietnint.
3109 4675 3243 4742 Quin
3290 4686 3336 4730 et
3376 4693 3540 4746 neque
3570 4678 3795 4745 Septua-

526 4791 680 4842 stum,
710 4786 755 4829 et
777 4793 808 4829 a
828 4774 952 4828 Jesu
980 4774 1181 4829 Christo
1220 4789 1375 4841 usque
1402 4773 1468 4825 ad
1497 4771 1559 4827 S.
1594 4770 1934 4841 Cyprianum,
1965 4778 2010 4823 et
2039 4769 2103 4821 ab
2136 4783 2181 4840 ι)
2207 4767 2350 4834 ginta
2376 4766 2614 4819 habuisse
2648 4782 2754 4835 pra:
2780 4767 2939 4820 oculis
2961 4760 3168 4832 censeo,
3199 4784 3313 4821 eum
3340 4771 3624 4822 versionem
3655 4770 3797 4821 illam

527 4869 617 4920 illo
637 4870 703 4919 ad
733 4875 957 4935 tempora
986 4864 1267 4934 scriptoris.
1294 4861 1558 4917 Scribebat
1584 4877 1697 4913 vero
1725 4860 1813 4913 ille
1840 4860 1895 4913 in
1926 4859 2101 4927 Africa

526 4957 618 5012 rub
636 4955 920 5010 Genserico.
946 4955 1057 5019 Quo
1082 4956 1132 5006 in
1147 4954 1349 5006 nomine
1375 4951 1721 5005 emendandus
1738 4950 1869 5002 venit
1897 4948 1961 5002 P.
1986 4948 2099 5000 Μα-

526 5046 765 5102 lillonius
788 5050 871 5118 qui
896 5050 945 5099 in
974 5063 1069 5100 suo
1098 5044 1371 5098 Itinerario
1401 5042 1588 5097 Italico
1608 5044 1739 5095 hunc
1764 5042 1931 5113 ipsum
1959 5042 2101 5094 codi—

526 5154 635 5194 cem
654 5182 670 5206 ,
698 5150 744 5191 et
773 5154 838 5191 ex
878 5153 937 5190 eo
979 5137 1284 5206 apuscnlum
1322 5134 1582 5199 indicans,
1611 5148 1673 5187 ex
1692 5143 1947 5203 postrema
1990 5135 2103 5199 ejus

527 5229 755 5298 pagella,
784 5237 1025 5282 vetustate
1050 5236 1096 5281 et
1126 5226 1333 5294 a/frictu
1369 5226 1580 5293 pessime
1616 5224 1789 5278 habita
1817 5233 1862 5277 et
1887 5225 1990 5293 fere
2013 5224 2101 5277 de—

526 5319 647 5385 leta,
692 5319 889 5389 aliquid
926 5320 1194 5388 exculpere
1244 5318 1442 5382 nitens;
1469 5317 1767 5387 lengsetque
1802 5332 2096 5386 expressum

526 5412 675 5474 erici.
700 5426 789 5464 nec
811 5411 978 5463 valens
1008 5410 1347 5480 praecedentes
1370 5410 1596 5480 syllabas
1618 5410 1818 5473 elicere,
1842 5409 2103 5463 substituit

526 5514 580 5551 in
607 5500 833 5571 margine
854 5540 867 5559 .
893 5516 955 5553 ea:
980 5501 1291 5570 conjectura,
1330 5500 1665 5554 Theoderici.
1696 5498 1884 5553 Verum
1905 5497 2102 5552 Gense-

528 5588 620 5639 rici
645 5606 754 5651 seu,
778 5601 831 5643 ut
853 5590 920 5642 ibi
949 5591 1208 5653 scribitur,
1238 5588 1480 5644 Geiserici
1506 5589 1801 5659 legendum,
1834 5604 1941 5644 tum
1969 5591 2105 5643 litte-

528 5693 699 5734 rarum
726 5685 931 5754 vestigia
957 5683 1251 5752 diligentius
1277 5684 1344 5735 ad
1365 5681 1526 5736 lucem
1553 5684 1803 5739 solemque
1834 5684 2103 5752 explorata

2210 4855 2380 4908 minus
2409 4864 2582 4908 exacte
2610 4857 2893 4909 retinuerit.
2933 4855 3227 4909 Versionem
3251 4858 3408 4925 igitur
3426 4858 3660 4925 aliquam
3693 4856 3794 4909 La-

2209 4945 2370 4998 tinam
2398 4946 2626 5016 sequitur
2648 4987 2662 5009 ,
2689 4946 2978 5017 cujusmodi
3015 4948 3189 5017 plures
3212 4949 3460 5001 exstitisse
3477 4965 3543 5001 es:
3572 4948 3796 5014 Septua-

2207 5038 2350 5110 ginta
2378 5037 2672 5103 dcsumptas
2724 5037 2784 5092 S.
2837 5037 3182 5109 Hieronymus
3219 5040 3504 5093 admonuit.
3558 5037 3797 5109 Idipsum

2208 5129 2358 5180 etiam
2387 5129 2723 5181 demonstrari
2743 5135 2904 5198 potest
2935 5142 2998 5181 ex
3021 5132 3384 5199 supputatione
3418 5144 3707 5193 annorum,
3742 5129 3796 5179 in

2207 5237 2310 5291 qua
2343 5221 2676 5291 Septuaginta
2721 5221 2888 5287 potius
2917 5237 3069 5290 quam
3101 5220 3376 5275 Hebraeum
3404 5230 3599 5275 textum
3627 5220 3797 5288 ssqui-

2207 5319 2333 5377 tur;
2379 5313 2495 5366 licet
2525 5327 2685 5381 neque
2723 5312 2848 5379 ipsis
2894 5309 3088 5366 Graecis
3118 5313 3476 5381 interpretibus
3500 5324 3797 5367 constanter

2207 5402 2463 5471 adliceret,
2496 5411 2549 5455 ut
2579 5418 2641 5455 ea:
2678 5419 2926 5456 annorum
2949 5405 3311 5472 supputatione
3332 5405 3456 5457 satis
3482 5414 3724 5473 apparet.

2277 5499 2406 5554 Cum
2434 5502 2590 5571 igitur
2609 5516 2676 5554 ea:
2696 5500 2774 5553 his
2790 5509 2977 5553 constet
3006 5502 3281 5554 versionem
3297 5501 3526 5570 aliquam
3554 5500 3794 5553 Latinam

2206 5605 2518 5660 anongmum
2569 5591 2703 5643 hunc
2745 5590 3094 5653 consuluisse,
3136 5591 3252 5643 usui
3297 5606 3406 5643 esse
3454 5576 3637 5661 poterit
3688 5590 3796 5644 illis

2208 5683 2297 5750 qui
2323 5683 2385 5736 de
2419 5682 2639 5754 Vulgata
2673 5682 2855 5738 Latina
2886 5681 3036 5735 hodie
3066 5683 3276 5736 solliciti
3308 5692 3450 5740 sunt.
