4000 6176
206 261 298 323 tm
534 251 901 317 ADHONITIO
942 261 1007 317 IN
1046 250 1373 320 LIBELLOS
1405 252 1501 319 ~DE
1537 254 1994 325 CEREALOGHS
2036 253 2128 317 ΕΤ
2167 257 2255 317 DE
2294 260 2616 319 COMPUTO
2654 254 3007 322 PASCHAVLI.
3298 265 3402 327 Μ

275 379 475 447 Dignum
517 376 658 429 siam
703 374 1139 429 animadversione
1180 375 1384 444 judico,
1429 376 1606 448 σῇσι·τὶ
1649 378 1729 429 hic
1763 375 1806 435 Α
1833 372 1963 424 enim
2008 387 2216 442 regnum
2258 373 2528 426 obtinuisse
2566 383 2796 428 statuunt
2841 391 2977 430 anno
3023 390 3139 431 αντα
3176 377 3404 449 vulgaris

215 468 430 523 nonnulla
449 482 507 519 es:
530 468 668 518 tertio
691 465 820 518 libro
860 462 1058 531 Esdraz,
1086 481 1197 531 qua:
1227 466 1379 534 facile
1402 468 1559 533 digna
1585 476 1733 520 erunt
1837 461 1963 516 4‘29.
1991 461 2196 516 Nodum
2228 464 2359 515 hunc
2388 481 2703 534 nequaquam
2733 468 3025 521 solverimus
3044 507 3061 533 ,
3087 469 3187 521 nisi
3212 468 3402 524 Cense-

212 561 418 613 lcctorum
462 555 778 607 meditatione
802 596 816 619 ,
857 562 963 605 tum
1004 568 1066 606 ex
1100 553 1401 621 antiquitate
1447 554 1733 621 scriptoris,
1836 551 1998 603 ricum
2027 552 2161 604 hunc
2200 554 2523 606 statuerimus
2543 555 2727 624 prioris
2754 556 2894 610 illius
2919 555 3177 610 Genserici
3202 574 3404 614 succes-

211 661 307 697 cunt
328 645 464 697 etiam
493 642 619 709 quod
639 642 953 709 intelligatur
963 641 1080 709 jam
1101 635 1226 693 tunc
1242 641 1405 695 versio
1434 642 1605 707 aliqua
1635 643 1737 694 La-
1835 652 2017 705 sarem,
2043 652 2090 697 et
2111 644 2241 712 forte
2266 645 2494 697 eumdem
2517 660 2625 698 esse
2649 660 2762 698 cum
2791 662 2847 699 eo
2875 662 3021 715 quem
3045 658 3233 701 veteres
3261 645 3409 703 Hun-

210 737 297 786 tiua
320 734 423 785 l:bri
449 731 599 798 huius
620 732 885 784 exstitisse.
918 729 1113 784 Nescio
1161 731 1369 801 insuper
1398 748 1463 783 an
1490 732 1623 785 alius
1670 733 1736 787 sit
1837 732 2057 784 nericum
2086 722 2345 803 appellant
2391 734 2648 788 Genserici
2684 735 2853 799 ﬁlium
2885 744 2931 790 et
2959 740 3104 805 regni
3133 740 3403 795 hteredcm.

209 823 414 875 retustior
443 830 615 873 auctor
656 821 744 889 qui
778 820 892 873 libri
936 819 1091 888 hujus
1135 822 1438 877 meminerit.
1471 821 1595 875 Cum
1621 838 1737 877 vero
1838 816 1963 872 Cum
2003 821 2097 873 hac
2146 822 2477 891 cltronologia
2517 825 2748 876 convenit
2792 836 2969 877 auctor
3015 827 3291 894 Africanus
3331 845 3409 884 se-

202 911 359 963 literte
379 908 653 961 Artaxers‘is
677 923 741 961 ex
762 910 867 960 alia
892 909 1139 972 versione,
1166 925 1317 976 quam
1345 925 1477 963 nunc
1500 919 1655 964 exstet
1686 912 1738 966 in
1838 910 2035 971 quentis
2059 913 2289 976 opusculi
2317 915 2403 978 qui
2420 913 2626 981 “copulat
2647 930 2833 966 annum
2854 914 2958 969 426
2981 929 3011 968 a
3040 919 3274 983 passione
3293 935 3408 973 cum

209 997 363 1050 nostris
390 997 563 1050 Bibliis
584 1037 600 1061 ,
629 998 864 1068 legantur
884 1037 898 1063 ,
930 998 1120 1050 deduci
1150 999 1266 1050 hinc
1289 1008 1419 1052 recte
1447 1008 1608 1069 potest
1634 1017 1741 1055 ver-
1839 1011 1976 1049 anno
2004 996 2259 1051 Gensert'ci
2298 1000 2363 1053 16
2383 1041 2397 1063 ,
2428 1016 2541 1068 qua:
2579 1017 2701 1054 sane
2730 1000 2832 1055 duo
2860 1004 2997 1055 dicta
3026 1005 3120 1058 rite
3159 1019 3413 1076 supputa~

172 1088 365 1201 ‘siauem
392 1103 560 1140 novant
580 1086 733 1157 hujus
759 1084 881 1139 libri
908 1086 1334 1155 quemadmodum
1365 1102 1409 1141 et
1440 1089 1634 1157 factum
1658 1100 1739 1143 est
1834 1083 1970 1135 "tione
1985 1082 2248 1139 Censorit‘i
2275 1087 2773 1141 exordia'retrahunt
2796 1091 2866 1141 ad
2896 1107 3084 1143 annum
3115 1094 3239 1147 459.
3275 1094 3408 1149 Sunt

211 1178 257 1201 Α.
277 1176 372 1201 -t.‘.'-
396 1176 427 1201 ο
479 1174 753 1201 (ν-..;...-.....
783 1174 925 1201 t:t...:-
980 1176 1278 1201 -4---........
1304 1176 1456 1201 r..:,.--
1515 1176 1702 1201 D---.t.-
1723 1186 1739 1201 ι
1839 1172 2008 1201 ἔοι--..ρ
2038 1174 2304 1201 A:t:-....s....
2326 1174 2585 1201 r-_.--_:-:
2614 1178 2709 1201 Α..-
2779 1187 2918 1201 ..-μ-
2950 1180 3141 1201 ειε----.,
3162 1198 3172 1201 -
3223 1182 3375 1201 ,ορμοη

180 1172 258 1253 {de
272 1176 373 1228 aliis
392 1174 753 1243 S.~Scripturaa
779 1174 945 1241 libris,
976 1176 1279 1247 adornatam
1298 1176 1475 1244 fuisse.
1509 1176 1739 1231 Resultat
1839 1172 2008 1238 itaque
2035 1174 2304 1242 diligenter
2326 1174 2585 1229 Censerici
2609 1178 2711 1230 duo
2731 1217 2746 1242 ,
2777 1187 2918 1246 pater
2940 1180 3193 1248 ﬁliusque,
3221 1182 3411 1237 distin-

205 1267 332 1319 etiam
358 1279 415 1317 ea:
452 1264 529 1318 his
564 1264 800 1320 enmibus
845 1266 1309 1333 interpretationem
1345 1268 1604 1319 nominum
1637 1267 1743 1321 He-
1840 1261 2029 1330 guendi
2048 1303 2063 1328 ,
2090 1276 2158 1316 ne
2199 1264 2243 1316 si
2264 1274 2399 1318 unus
2431 1266 2732 1319 admittatur
2766 1268 2999 1335 confusio
3025 1267 3297 1324 lectoribus
3326 1273 3409 1325 in-

196 1355 451 1407 ebraiccrum
478 1355 632 1407 aliam
644 1365 775 1407 tunc
796 1355 1048 1407 exstitisse
1064 1392 1079 1419 ,
1097 1370 1253 1422 quam
1270 1367 1384 1423 qua:
1406 1372 1445 1407 ἰι
1468 1354 1529 1409 S.
1549 1355 1735 1409 Iliero-
1841 1352 2080 1407 ducatur.

204 1460 331 1514 sigma
354 1435 571 1512 uulgata
596 1455 693 1497 est.
726 1442 834 1496 Nec
864 1444 1014 1511 facile
1037 1444 1187 1496 credo
1225 1443 1357 1497 hanc
1397 1445 1560 1510 ipsam
1588 1446 1742 1498 inter-
1916 1440 2055 1495 Hinc
2100 1442 2163 1497 de
2202 1450 2408 1498 auctore
2433 1442 2638 1498 secundi
2662 1446 2798 1512 quod
2826 1444 2909 1499 hic
2933 1446 3149 1518 subjicio
3178 1452 3411 1520 δρακαιί

200 1531 496 1603 pretationem
531 1531 595 1584 ab
640 1533 855 1599 ipsomet
901 1547 1156 1601 anonymo
1204 1532 1439 1600 primitus
1476 1534 1741 1587 inductam
1842 1549 1905 1587 ac
1932 1533 1995 1585 de
2038 1543 2261 1603 tempore
2287 1551 2384 1600 quo
2415 1535 2665 1588 scribebat
2694 1538 2960 1590 edocemur
2996 1552 3013 1590 :
3055 1540 3244 1593 chartis
3269 1557 3413 1597 man-

202 1635 307 1686 ssse,
327 1620 408 1674 sed
432 1622 686 1687 accepisse
712 1636 775 1673 es:
801 1637 894 1673 sua
937 1620 1125 1673 Latina
1148 1622 1405 1687 versione,
1433 1621 1511 1674 vel
1542 1622 1605 1675 ab
1631 1623 1738 1677 alio
1846 1621 1967 1674 dare
1992 1637 2085 1675 sua
2114 1622 2235 1674 dicit
2259 1631 2439 1675 auctor
2467 1623 2695 1691 ejusdem
2718 1639 2854 1677 anno
2887 1625 2949 1679 16
2974 1628 3109 1695 regis
3126 1626 3413 1697 Genserici,

201 1714 409 1781 quopiam
435 1714 640 1780 antiquo
665 1752 681 1777 ,
723 1713 811 1779 qui
843 1727 906 1765 es;
937 1711 998 1767 S.
1037 1710 1349 1781 Hieronymo
1374 1725 1480 1766 nan
1503 1714 1736 1781 profecit.
1773 1712 1816 1772 Β
1842 1708 1928 1777 qui
1952 1719 2025 1761 est
2058 1724 2177 1763 ante
2211 1712 2495 1764 communis
2516 1710 2642 1766 455.
2676 1711 2845 1781 Igitur
2872 1729 2931 1767 eo
2958 1724 3181 1783 tempore
3202 1733 3416 1787 compu-

203 1798 336 1854 lt'orte
372 1801 521 1870 igitur
556 1801 693 1854 idem
727 1800 790 1856 S.
827 1799 1173 1869 Hieronymus
1202 1816 1515 1869 nequaquam
1546 1801 1739 1870 primus
1838 1806 1921 1850 tus
1961 1798 2054 1852 iste
2090 1798 2344 1867 paschalis
2374 1800 2523 1853 datus
2548 1809 2651 1865 est,
2684 1817 2786 1870 quo
2824 1803 2909 1855 ria:
2935 1814 3251 1858 cessat-emat
3272 1807 3415 1876 Afri-

197 1890 425 1944 habendus
452 1900 527 1945 est
552 1908 613 1945 ese
654 1908 754 1960 quo
782 1892 1214 1961 interpretationes
1243 1893 1352 1944 ista:
1373 1891 1570 1945 Latinis
1594 1894 1740 1947 inno-
1834 1902 1990 1963 canos
2034 1887 2165 1940 ἔπιεν·
2204 1879 2257 1941 »ἐι
2311 1889 2564 1942 "mnam:
2605 1889 2718 1943 lites
2754 1891 2819 1945 de
2861 1909 2995 1945 anno
3027 1895 3266 1962 paschali
3295 1898 3417 1949 anni

200 1982 379 2051 tulerint,
410 1981 518 2034 licet
551 1983 649 2035 hoc
676 1984 739 2035 de
770 1999 823 2036 se
845 1983 977 2036 idem
1004 1983 1065 2035 S.
1091 1984 1267 2036 doctor
1295 1985 1505 2052 aﬁirmnt
1534 1984 1586 2038 in
1609 2000 1742 2054 pne.
1840 1975 1964 2040 444,
1995 1978 2405 2031 contendentibus
2441 1978 2684 2033 Romanis
2714 1981 3077 2051 assignandum
3098 1984 3264 2052 fuisse
3310 1983 3415 2039 Pa-

200 2071 364 2139 fatione
402 2073 633 2140 ορυεεαιε
680 2073 761 2127 καί
790 2073 852 2127 de
880 2070 1310 2142 Interpretationi:
1341 2074 1601 2128 ηοηιίηκικ
1632 2074 1742 2128 Hc-
1840 2065 1964 2121 scha
1989 2068 2099 2135 ejus
2121 2066 2243 2120 anni
2273 2068 2376 2120 diei
2404 2084 2525 2122 non.
2557 2068 2657 2121 cal.
2684 2068 2835 2136 Maii,
2868 2069 3063 2122 Latinis
3076 2086 3197 2124 vero
3218 2072 3319 2126 diei
3346 2089 3415 2128 vn

200 2159 471 2214 braimrum.
1158 2152 1159 2161 “
1840 2158 1943 2211 cal.
1974 2157 2186 2223 Aprilis.
2237 2156 2352 2223 Qua
2399 2157 2462 2209 de
2508 2174 2563 2209 re
2608 2158 2820 2227 legenda
2865 2158 3079 2225 epistola
3124 2154 3186 2213 S.
3233 2160 3417 2229 Cyrilli

265 2246 395 2301 Unde
414 2262 525 2303 vero
553 2248 776 2303 deducta
798 2251 863 2305 sit
887 2249 1225 2321 chronologia
1245 2248 1363 2313 illa,
1393 2266 1547 2321 quam
1566 2261 1744 2307 auctor
1844 2247 2177 2301 Alexandriin
2222 2248 2287 2300 ad
2319 2247 2382 2304 S.
2415 2247 2687 2312 Leonemp
2702 2260 2749 2302 et
2790 2249 3053 2316 prmuissa
3079 2267 3112 2303 a
3133 2249 3417 2306 Balterinis

201 2348 343 2392 nonor
382 2352 595 2394 sectatur
619 2381 637 2407 ,
671 2342 909 2411 ignorare
937 2357 1016 2394 me
1046 2343 1247 2411 penitus
1273 2343 1534 2410 proﬁteor.
1562 2341 1746 2411 Suspi-
1844 2338 2004 2391 eidem
2035 2337 2290 2407 epistolas,
2316 2354 2406 2391 seu
2426 2340 2598 2409 potius
2626 2338 2855 2407 cpistola:
2882 2342 3162 2408 fragmento
3184 2343 3418 2395 admoni-

202 2429 397 2483 cabarea:
417 2430 555 2483 Julio
578 2432 850 2500 Africano,
911 2440 1086 2500 utpote
1110 2432 1342 2499 ejusdem
1365 2434 1585 2501 regionis
1621 2434 1747 2486 scri-
1847 2427 1939 2480 ιίοο
1972 2425 2106 2479 Huic
2148 2443 2266 2496 ergo
2302 2428 2588 2497 [ragttmtlo
2630 2421 2965 2482 dilucidando
3003 2430 3281 2497 plurimum
3309 2432 3419 2501 fore

203 2528 354 2585 ptore;
379 2520 463 2572 sed
491 2524 626 2589 facta
669 2537 843 2575 eorum
887 2537 999 2590 qua:
1031 2520 1175 2575 nobis
1203 2533 1476 2588 supersunt
1505 2524 1568 2576 de
1605 2523 1747 2579 Julia
1846 2516 2123 2569 valiturum
2145 2514 2279 2569 hunc
2318 2516 2604 2585 paschalem
2633 2528 2946 2586 computum,
2980 2535 3110 2573 nunc
3126 2523 3356 2591 primunt
3386 2540 3419 2575 α

202 2606 413 2677 Africano
448 2626 561 2662 cum
606 2612 709 2663 hoc
758 2620 930 2663 nostro
958 2610 1251 2677 collatione,
1300 2612 1466 2678 reperi
1494 2628 1597 2665 non
1622 2614 1748 2667 satis
1848 2621 1955 2669 me.
2008 2616 2061 2658 αἱ
2116 2605 2373 2672 Wbut".
2420 2608 2729 2677 "item?de
2785 2624 2981 2664 εεηδεοο
3039 2608 3116 2662 Ea
3157 2612 3421 2665 οτεαδίοηο

202 2700 313 2752 inter
339 2717 389 2755 se
426 2711 663 2771 utrosque
683 2702 957 2766 cohterere,
987 2701 1085 2755 nisi
1110 2701 1241 2770 forte
1269 2702 1541 2755 d.scrimen
1567 2705 1661 2755 hoc
1685 2719 1750 2756 ex
1849 2695 2040 2762 scripta
2070 2696 2309 2765 utrinque
2346 2696 2569 2765 plurima
2602 2697 2851 2765 prodiisse
2888 2697 2968 2749 tie
3007 2695 3205 2751 dubito.
3242 2697 3419 2752 Disce-

204 2792 442 2845 sscitantia
468 2793 738 2861 scriptoris
767 2792 922 2863 hujus
944 2792 1140 2845 codicis
1168 2793 1470 2862 provenerit,
1495 2809 1610 2863 qua:
1629 2809 1749 2847 sane

1844 2793 2052 2853 ptatum
2073 2793 2145 2837 est
2173 2785 2319 2837 etiam
2343 2787 2405 2837 de
2434 2786 2608 2838 eodem
2643 2784 2785 2854 cyclo
2808 2787 3043 2855 paschali
3063 2803 3310 2840 annorum
3329 2787 3419 2852 84,

203 2898 362 2953 magna
388 2894 459 2937 ηε
486 2900 545 2938 π
575 2900 790 2952 manu,
816 2884 1148 2937 εηενεάρωιίε,
1854 2874 1907 2926 in
1940 2890 2042 2942 quo
2070 2875 2162 2926 alii
2185 2890 2407 2928 errorem
2435 2875 2727 2928 subodorati
2756 2883 2871 2927 sunt
2894 2872 3028 2939 ;alii
3058 2891 3169 2929 vero
3199 2879 3419 2931 rationes

262 2974 333 3026 Ad
351 2975 542 3028 lectoris
557 2976 797 3046 palatum
814 2976 974 3045 magis
997 2984 1120 3029 esset
1139 2983 1391 3046 postrema
1411 2979 1638 3048 opusculi
1657 2978 1753 3031 hu-

1853 2964 2126 3017 nonuullas
2154 2965 2405 3017 iniverunt
2435 2975 2489 3017 ut
2511 2964 2656 3016 illum
2680 2980 2797 3016 cum
2817 2966 3021 3019 reritate
3040 2977 3414 3037 componerent.

203 3065 273 3132 ius
300 3066 487 3134 pagella
507 3068 557 3119 in
582 3082 690 3136 qua
720 3068 934 3136 prapius
954 3065 1023 3117 ad
1048 3075 1272 3135 tempora
1292 3084 1385 3119 sua
1410 3078 1588 3121 auctor
1614 3084 1731 3122 acce
1775 3067 1780 3072 ’

1862 3052 2003 3106 Inter
2051 3054 2172 3106 istos
2211 3056 2479 3123 scriptores
2526 3055 2622 3124 fuit
2653 3055 2920 3125 Agriustas
2945 3057 3033 3110 ille
3083 3056 3418 3114 Thimidensis

203 3154 324 3216 dens,
347 3157 497 3225 magis
527 3158 687 3209 etiam
718 3154 983 3208 credibilia
1021 3164 1068 3207 et
1095 3155 1359 3225 probanda
1383 3156 1674 3219 obtulisset;
1700 3167 1751 3211 ut

1851 3142 1973 3212 Afer
2001 3145 2129 3212 cycli
2156 3156 2523 3217 propugnator.
2549 3145 2797 3199 Adversus
2822 3144 2973 3199 illum
3003 3149 3203 3216 scripsit
3225 3166 3419 3220 anony-

202 3244 442 3298 dolendum
463 3257 532 3300 est
550 3248 828 3316 protritum
843 3263 951 3300 esse
968 3247 1096 3300 adeo
1113 3249 1369 3316 pagellam
1382 3249 1529 3301 illam
1549 3250 1687 3301 senio
1703 3259 1750 3301 et

1853 3250 1963 3285 mus
1988 3244 2155 3286 noster
2199 3235 2288 3303 qui
2312 3236 2513 3304 cyclum
2543 3236 2614 3289 ita
2654 3235 2919 3303 defendit,
2945 3244 2999 3290 ut
3024 3239 3218 3307 aliquid
3250 3241 3301 3293 in
3328 3240 3419 3295 illo

202 3333 375 3387 incuria
397 3337 724 3405 antiquorum
746 3352 1123 3407 possessorum,
1162 3347 1216 3391 ut
1239 3339 1316 3391 uel
1339 3340 1521 3393 litiera:
1542 3355 1751 3406 prorsus

1850 3327 2034 3377 erroris
2064 3334 2172 3376 esse
2200 3326 2333 3394 quod
2360 3326 2468 3395 ipse
2493 3327 2756 3389 emendat,
2794 3329 3070 3398 agnoverit.
3093 3329 3267 3384 Codex
3288 3331 3420 3386 unde

197 3423 353 3476 dileta:
377 3426 471 3477 sint
497 3469 511 3491 ,
543 3442 632 3477 nec
681 3442 862 3477 tarum
892 3426 1113 3495 vestigiis
1143 3428 1539 3480 remanentibus.
1573 3427 1753 3482 Curari

1850 3412 1944 3465 hoc
1966 3414 2219 3482 desumpsi
2248 3416 2656 3469 mendosissimus
2673 3425 2766 3481 est,
2787 3433 2849 3471 ex
2878 3434 2980 3487 quo
3006 3419 3062 3484 ﬁt
3090 3430 3143 3472 ut
3168 3420 3421 3474 interdum

204 3512 441 3581 diligenter
487 3515 671 3569 labore
720 3525 771 3568 et
812 3517 1067 3570 industria
1117 3518 1316 3587 aliquid
1346 3520 1638 3589 exculpere.
1692 3537 1752 3573 ec

1851 3516 1943 3554 nec
1970 3517 2143 3556 sensus
2187 3503 2290 3568 ipse
2326 3505 2616 3573 scriptionis
2639 3518 2905 3575 appareat.
2935 3508 2974 3559 A
3004 3511 3315 3563 carrectione
3344 3521 3423 3564 ta-

202 3605 359 3668 pervici
386 3605 628 3658 nonnulla
657 3645 674 3669 ,
710 3615 762 3657 ut
794 3621 1021 3659 eruerem
1047 3621 1105 3659 ea
1133 3623 1243 3675 qua:
1267 3608 1348 3660 hic
1386 3625 1417 3660 a
1449 3625 1524 3661 me
1564 3625 1753 3676 reprae-

1854 3607 1963 3646 men
1986 3591 2228 3657 abstinui,
2254 3610 2314 3647 ne
2336 3597 2467 3663 forte
2481 3609 2660 3665 cegam
2686 3594 2895 3651 lectores
2921 3614 3030 3653 utea
3049 3600 3212 3671 legere
3234 3602 3422 3668 potius,

205 3703 469 3761 statuatur;
500 3714 591 3750 nec
620 3698 734 3751 sine
752 3698 945 3766 fructu,
963 3713 1082 3749 nam
1103 3713 1163 3750 ex
1188 3698 1422 3763 frustulis
1444 3700 1579 3752 hisce
1601 3700 1753 3752 disci-

1852 3698 2005 3751 quam
2034 3698 2145 3750 qua:
2176 3684 2398 3736 auctoris
2424 3693 2561 3736 sunt.
2596 3682 2953 3740 Grammaticat
2987 3690 3120 3760 leges
3149 3692 3324 3758 nullm,
3348 3694 3423 3746 vel

204 3799 298 3836 ntus
323 3802 415 3853 qua
441 3789 765 3854 potissimum
792 3788 874 3841 die
900 3786 1282 3840 Donatistarum
1311 3790 1597 3857 persecutio
1625 3788 1752 3843 Car-

1853 3776 1960 3840 fere
1983 3772 2140 3824 nulla:
2177 3782 2458 3837 servantur,
2482 3774 2551 3825 ad
2572 3790 2697 3843 quas
2726 3786 2890 3830 tamen
2920 3788 3041 3832 tunc
3083 3780 3200 3833 illas
3231 3783 3423 3852 redegi,

201 3875 382 3942 tliagiue
404 3879 645 3946 occeperit
667 3895 684 3941 ;
713 3876 1008 3930 emendatur
1032 3877 1183 3930 etiam
1210 3879 1330 3931 data
1359 3879 1482 3948 legis
1513 3877 1749 3945 Honorii,

1857 3879 1969 3915 eum
1995 3862 2192 3915 nullum
2212 3863 2436 3932 irrepere
2459 3864 2667 3916 dubium
2688 3875 2883 3934 poterat
2913 3868 2975 3919 de
3002 3880 3163 3920 mente
3180 3873 3422 3925 auctoris.

203 3965 329 4032 cujus
381 3966 683 4035 subscriptio
756 3967 806 4017 in
876 3966 1048 4018 codice
1110 3965 1463 4018 Theodosiano
1520 3968 1753 4035 signatur

1854 3952 2069 4005 Demum
2105 3954 2507 4022 praetereundum
2546 3969 2646 4006 non
2681 3956 2863 4025 judico
2898 3957 3029 4026 cycli
3064 3973 3311 4010 annorum
3356 3960 3422 4014 84

209 4066 226 4099 ι
258 4052 406 4116 pridie
431 4055 543 4108 idus
578 4053 889 4116 Februarii;
923 4072 940 4105 ι
975 4055 1055 4107 hic
1096 4056 1228 4108 enim
1256 4054 1496 4107 habemus
1526 4057 1755 4125 publica-

1854 4051 2131 4107 auetorem,
2165 4041 2391 4105 aliunde,
2424 4054 2478 4095 ut
2506 4043 2706 4107 opinor,
2735 4045 2979 4114 ignotum,
3012 4062 3074 4097 ea:
3096 4048 3187 4098 hoc
3204 4049 3421 4113 primum

203 4152 291 4193 tam
305 4160 401 4197 esse
420 4145 674 4200 Ravenna:
700 4148 826 4208 ipsis
855 4145 1120 4198 Februarii
1141 4146 1387 4199 colendis.
1412 4144 1566 4199 Forte
1585 4155 1753 4200 tamen

1854 4134 2097 4201 apusculo
2148 4134 2201 4185 in
2233 4132 2396 4186 lucem
2440 4134 2678 4200 prodire;
2727 4134 2882 4202 fuisse
2921 4136 3051 4186 enim
3096 4137 3421 4203 Augustalem

207 4233 325 4286 lexa
363 4238 585 4307 principe
628 4239 897 4308 obsignata
938 4237 1161 4289 calendis
1210 4234 1515 4301 Februarii,
1558 4238 1755 4303 publice

1853 4224 2123 4292 quemdam
2151 4223 2230 4276 hic
2258 4224 2490 4293 legimus.
2527 4222 2661 4276 Usus
2682 4223 2836 4292 igitur
2870 4224 2920 4277 in
2952 4240 3008 4277 eo
3030 4226 3087 4292 ﬁt
3110 4228 3237 4295 cycli
3266 4244 3425 4281 anno-

200 4328 479 4380 annuntiata
496 4338 568 4383 est
597 4331 767 4397 pridie
798 4330 911 4381 idus
942 4329 1173 4397 ejusdem
1195 4328 1401 4381 mensis.
1427 4327 1493 4381 In
1520 4328 1614 4381 hac
1643 4329 1755 4398 ipsa

1858 4334 1972 4370 rum
2016 4316 2114 4385 84,
2154 4334 2301 4386 quem
2352 4317 2669 4386 patissimum
2702 4325 2822 4369 tunc
2864 4317 3103 4386 temporis
3154 4320 3432 4374 invaluisse

204 4427 304 4466 vero
330 4419 522 4486 pagella
553 4419 904 4487 chronologiie
942 4420 1073 4470 ratio
1114 4427 1189 4471 est
1229 4417 1553 4486 accuratior,
1599 4433 1756 4486 eaque

1229 4417 1518 4471 accuratior
1539 4461 1553 4486 ,
1599 4433 1756 4486 eaque
1784 4398 1834 4458 ἰ)
1858 4409 1996 4480 apud
2025 4407 2233 4461 Latinos
2259 4424 2358 4460 non
2389 4406 2506 4459 latet
2536 4404 2788 4457 eruditos.

204 4518 290 4558 non
314 4525 343 4560 a
361 4508 439 4562 die
462 4511 625 4563 natali
660 4508 889 4572 Domini,
920 4511 1005 4561 sed
1037 4510 1098 4561 ab
1126 4512 1236 4578 ejus
1262 4511 1494 4578 passione
1520 4552 1533 4574 ,
1563 4518 1618 4561 ut
1647 4509 1755 4577 ple-

1928 4499 2122 4552 Mentio
2157 4498 2211 4551 in
2241 4513 2300 4550 eo
2327 4498 2386 4565 ﬁt
2418 4495 2682 4549 lliluriani
2710 4495 2976 4565 cujusdam
3004 4496 3071 4549 ad
3099 4513 3247 4563 quem
3290 4498 3428 4552 dire-

204 4607 389 4663 rumque
416 4609 600 4653 veteres
627 4610 750 4652 ante
782 4598 1082 4669 Dionysium
1112 4598 1390 4668 Exiguum,
1419 4600 1635 4653 deducta
1657 4608 1750 4653 est.
1853 4594 1993 4640 clum
2012 4586 2360 4656 fuisseauclor
2373 4586 2545 4639 scribit
2573 4593 2844 4639 tractatum
2869 4587 2931 4638 de
2954 4586 3170 4641 Ratione
3196 4592 3349 4658 pascit
3389 4591 3427 4641 li

208 4680 353 4753 Igitur
382 4704 411 4740 a
453 4687 672 4741 Domini
698 4689 933 4757 passione
953 4729 968 4751 ,
1000 4705 1152 4755 quam
1171 4690 1435 4759 scriptores
1456 4689 1541 4741 isti
1568 4699 1754 4743 vetere;
1854 4679 2044 4730 editu‘n
2072 4693 2104 4729 a
2131 4680 2353 4746 quodam
2396 4676 2652 4744 Agriustia
2693 4676 2798 4729 cive
2836 4678 3099 4744 municipii
3132 4676 3431 4732 Thimideu-

204 4777 541 4830 constituerunt
572 4778 668 4831 sub
700 4777 895 4830 duobus
930 4776 1155 4831 Geminis
1178 4794 1308 4831 coss.
1340 4794 1474 4832 anno
1498 4794 1615 4833 terte
1642 4780 1755 4833 vul-

1854 4768 1987 4822 sium
2015 4767 2293 4836 regiorum.
2328 4765 2672 4834 Aiunicipium
2714 4768 2850 4820 istud
2882 4768 3035 4821 situm
3062 4779 3165 4823 erat
3201 4772 3252 4823 in
3279 4770 3431 4825 Mau-

202 4865 319 4930 gnris
339 4867 422 4932 29,
472 4879 520 4921 et
550 4870 606 4921 in
653 4868 831 4938 Africa
874 4868 928 4920 id
958 4870 1111 4921 moris
1155 4880 1262 4921 erat
1307 4870 1552 4933 solemne,
1596 4878 1649 4921 ut
1689 4885 1753 4923 ex
1859 4858 2044 4911 ritauia
2071 4855 2402 4925 Caesariensi,
2436 4873 2547 4910 cum
2575 4858 2707 4913 inter
2739 4859 3003 4929 episcopos
3026 4862 3133 4930 ejus
3161 4864 3433 4931 proincia:

202 4959 399 5022 sequenti
440 4961 691 5029 opusculo
724 4958 933 5024 planum
960 4959 1064 5025 ﬁet,
1094 4975 1203 5011 cum
1230 4977 1261 5012 α
1285 4959 1517 5028 passione
1550 4958 1756 5011 Domini

1859 4949 1913 5002 in
1942 4949 2212 5004 collatione
2237 4948 2624 5021 Carthaginensi
2666 4949 2862 5018 legatur
2904 4950 3138 5004 Securus
3168 4955 3432 5023 episcopus

204 5060 388 5111 annuat,
411 5058 700 5115 quoauctor
720 5050 986 5116 scribebat,
1013 5051 1169 5118 signet
1191 5047 1314 5113 454,
1343 5066 1505 5103 annus
1533 5067 1633 5119 quo
1662 5050 1757 5103 hoc
1861 5039 2274 5096 Timidanensis.
2297 5037 2372 5091 De
2394 5038 2651 5108 Agriustia
2668 5038 2797 5090 nhil
2823 5039 3099 5108 quidquam
3128 5040 3246 5111 legi.
3278 5042 3430 5095 Hila-

203 5143 478 5205 opusculum
515 5142 918 5212 consignabatur
946 5143 1128 5194 litteris
1166 5140 1397 5193 currebat
1428 5151 1544 5194 a'rte
1571 5153 1758 5194 nostra
1860 5134 2037 5187 rictan
2069 5132 2199 5186 idem
2223 5131 2371 5200 facile
2395 5138 2466 5199 est
2486 5145 2600 5181 cum
2631 5128 2694 5192 ρ.
2724 5127 2866 5181 Julia
2892 5128 3164 5181 Hilariano
3191 5130 3297 5199 qui,
3323 5130 3429 5182 Ca:-

204 5244 278 5281 an.
303 5232 419 5285 465.
450 5233 578 5285 Cum
608 5247 726 5284 vero
752 5233 885 5283 hunc
920 5233 1085 5300 ipsum
1112 5228 1270 5298 illiget
1302 5246 1417 5281 cum
1447 5246 1582 5281 anno
1613 5228 1758 5283 (ἔθην
1864 5224 2001 5277 sario
2028 5232 2075 5274 et
2104 5221 2270 5274 Attico
2310 5236 2465 5285 coss.,
2492 5235 2666 5288 nempe
2692 5234 2824 5271 anno
2853 5216 3041 5271 Cluiin
3070 5220 3192 5281 597,
3227 5220 3429 5286 scripsit

204 5321 331 5371 serici
349 5323 435 5384 Ἃ,
460 5327 598 5389 facta
624 5325 721 5373 rite
750 5323 932 5373 deduc!
957 5338 1070 5385 one,
1088 5320 1408 5389 agnoscimus
1431 5318 1758 5373 Gensericum
1864 5317 1926 5367 de
1948 5313 2188 5367 Paschali
2218 5309 2420 5365 Cireulo
2448 5310 2693 5370 libellum,
2719 5324 2865 5377 quem
2889 5326 2913 5361 e
2934 5310 3116 5378 pluteis
3152 5307 3427 5362 Taurinen-

204 5422 394 5477 regnare
416 5414 622 5482 ctrpisse
649 5400 783 5464 anno
806 5426 921 5464 cura:
945 5412 1165 5479 vulgari.
1189 5409 1314 5462 439.
1348 5409 1497 5476 Atqui
1528 5411 1627 5462 ista
1657 5427 1758 5463 non
1864 5408 2000 5459 sibus
2048 5416 2328 5459 extractum
2376 5402 2592 5472 Pfa/ﬁus
2646 5401 3057 5454 bibliothecarius
3096 5398 3435 5470 Tubingensis

206 5503 434 5553 soluerent
458 5502 665 5571 epoclta:
704 5501 1016 5553 communitis
1055 5517 1084 5551 a
1112 5498 1435 5566 chronologis
1461 5510 1668 5567 receptte
1696 5502 1759 5552 de
1868 5497 2083 5551 Parisiis
2107 5510 2243 5548 anno
2268 5492 2402 5547 1712
2428 5491 2647 5559 vulgavit
2671 5530 2685 5559 ,
2719 5506 2779 5545 ac
2810 5495 2871 5543 tle
2896 5491 2991 5545 hoc
3011 5492 3252 5559 apusculo
3280 5489 3410 5543 satis

208 5584 337 5641 ittilk‘
364 5588 618 5643 denserici
671 5592 751 5656 qui
790 5591 983 5657 primus
1022 5591 1249 5660 Africam
1295 5588 1591 5658 occuparit;
1625 5588 1758 5641 hunc

469 5684 741 5741 Ps'runL.
793 5679 955 5740 LIX.
2947 5670 3018 5729 1'1
