4016 6168
563 227 666 283 5‘25

1848 213 2146 271 ANONYMI
2188 210 2524 288 AQCTORIS
3678 214 3762 268 52;

568 344 2544 379 Wm—

1757 460 2640 575 ANONYMI

1958 656 2445 735 LIBELLUS
2578 659 2593 665 ”

966 843 1146 957 DE
1232 832 2171 956 GENEALOGIIS
2253 829 3432 944 PATRIARCHARUM

1135 1044 1916 1133 GENEALOGUE
1966 1040 2403 1124 TOTIUS
2457 1037 3258 1128 BIBLIOTHECIE

574 1202 666 1262 Ex
701 1207 999 1263 OMNIBUS
1035 1206 1254 1260 LIBRIS
1291 1201 1665 1259 COLLECTzE
1698 1197 1991 1253 VETERIS
2028 1192 2326 1259 NOVIQUE
2365 1158 3193 1263 TESTAMENTLINQUIBUS
3232 1192 3626 1263 PROPHETI/E
3661 1195 3773 1249 cun

646 1260 1011 1333 somnians
1050 1276 1134 1328 ET
1173 1272 1497 1328 TEMPORA
1534 1268 1801 1323 OMNIUM
1839 1260 2632 1333 PROPHETARUILUSQUI;
2648 1261 3249 1333 apunsajrtssittun
3264 1262 3655 1333 evenissent
3690 1265 3775 1317 DE-

644 1330 1062 1410 smN‘ANTuR;
1103 1345 1189 1397 ET
1228 1344 1316 1396 AD
1354 1339 1680 1410 Νοδῖηιᾼῃ
1697 1335 2032 1410 gererent
2054 1331 2510 1410 omnium?
2547 1330 2825 1386 GESTUM
2851 1330 3301 1386 APERTISSIME
3328 1331 3771 1387 MONSTRATL‘R:

655 1400 1115 1473 EXDHISTORI'IS
1153 1408 1562 1467 COLLECTUM
1601 1403 1946 1462 LEGALIUM
1984 1400 2485 1458 MANDATORUM.

650 1703 710 1757 In
739 1699 995 1771 principio
1034 1697 1191 1752 homo
1231 1696 1431 1765 primus
1470 1691 1609 1747 unde
1638 1691 1691 1744 in
1730 1683 1943 1741 saecqu
1980 1694 2142 1750 appa.
2169 1682 2219 1739 A
2248 1680 2520 1736 renovatio
2549 1682 2948 1753 interpretatur,
3002 1686 3122 1755 quia
3157 1688 3296 1743 Deus
3328 1703 3422 1758 per
3456 1688 3612 1759 ipsum
3645 1706 3770 1745 reno-

585 1792 759 1845 ruisse
784 1790 1138 1857 cognoscitur.

652 1879 980 1932 Audiamus:
1013 1876 1057 1931 si
1091 1884 1244 1930 natus
1271 1881 1374 1939 est,
1406 1872 1566 1926 habet
1594 1867 1881 1939 genitores,
1908 1863 1952 1916 si
1988 1859 2159 1913 factus

583 1980 688 2035 est,
721 1970 878 2024 habet
901 1970 1197 2032 materiam,
1222 1966 1265 2020 si
1294 1966 1528 2035 prolatus
1552 1971 1655 2027 est,
1681 1958 1836 2011 habet
1858 1953 2156 2009 authorem.

588 2062 680 2116 Dei
713 2059 1089 2128 omnipotentis
1114 2058 1296 2125 utique
1333 2051 1594 2123 sapientia
1632 2050 1811 2103 limum
1842 2059 1870 2097 a
1901 2052 2042 2096 terra
2073 2052 2163 2092 su-

588 2168 740 2208 mens
766 2161 987 2221 paterno
1016 2149 1237 2218 imperio
1270 2147 1536 2201 hominem
1569 2142 1745 2197 facere
1782 2135 2069 2205 cogitavit;
2108 2139 2163 2185 et

584 2259 706 2300 cum
745 2242 1019 2297 solitarius
1045 2255 1108 2294 ac
1141 2236 1427 2307 singularis
1462 2235 1529 2288 ab
1557 2234 1670 2302 ipso
1708 2228 1932 2282 Domino
1964 2222 2163 2277 factore

582 2343 639 2391 et
658 2333 934 2389 conditore
959 2345 1058 2385 suo
1081 2329 1222 2383 visus
1253 2328 1472 2391 fuisset,
1523 2338 1583 2378 os
1624 2321 1691 2377 de
1729 2329 1873 2374 costa
1914 2315 2030 2383 ejus
2073 2325 2162 2365 su-

583 2437 757 2489 mens,
782 2410 1059 2475 mulierem
1084 2418 1157 2472 illi
1189 2415 1509 2485 adjutorium
1544 2412 1691 2478 fecit,
1719 2407 1981 2478 serpentis
2012 2416 2162 2456 natu-

585 2530 688 2586 que
710 2513 948 2569 confecta
972 2508 1189 2566 venenis
1207 2523 1301 2577 per
1324 2506 1574 2561 invidiam
1598 2502 1793 2557 diaboli
1815 2511 1957 2552 mors
1980 2494 2163 2549 introi-

584 2608 660 2659 vit
699 2605 755 2658 in
801 2604 987 2657 orbem
1041 2610 1340 2665 terrarum,
1385 2607 1439 2651 et
1481 2609 1707 2664 regnare
1754 2591 1916 2659 capit
1946 2589 2012 2642 ab
2055 2586 2161 2640 Eva

587 2709 751 2764 usque
768 2693 832 2747 ad
852 2693 1067 2747 Mariam
1086 2691 1355 2759 Virginem
1380 2688 1580 2743 unitatn
1605 2684 1813 2740 Domini
1827 2682 2121 2737 castitatem
2144 2692 2159 2741 ;

585 2785 724 2840 sicut
745 2784 886 2838 enim
921 2798 1013 2851 per
1044 2781 1321 2836 mulierem
1346 2789 1465 2833 nata
1487 2789 1567 2842 est
1590 2789 1756 2842 mors,
1773 2773 1845 2827 ita
1871 2780 1924 2826 et
1941 2785 2035 2840 per
2048 2784 2162 2822 mu-

587 2872 770 2927 lierem
801 2881 921 2925 nata
952 2880 1032 2924 est
1058 2870 1375 2924 resurrectio
1403 2875 1753 2921 mortuorum.
1780 2863 1895 2932 Ipse
1917 2872 1994 2915 est
2020 2858 2160 2913 enim

585 2960 752 3017 Adam
798 2961 884 3030 qui
927 2960 1173 3033 cognoyit
1214 2957 1491 3011 mulierem
1537 2970 1687 3009 suam
1718 2954 1882 3007 Evam
1914 2949 2159 3005 exclusus

584 3054 652 3109 de
678 3023 923 3122 paradiso
953 3023 1021 3104 inv
1038 3023 1175 3104 terra
1208 3049 1357 3116 Naid,
1384 3061 1433 3103 et
1463 3047 1706 3115 concepit
1727 3053 1781 3101 et
1804 3040 2155 3114 peperitCaiu
2189 3023 2233 3083 Β

586 3159 651 3199 ex
674 3143 880 3198 semine
908 3141 1312 3208 criminationis,
1344 3139 1517 3194 luctus
1554 3145 1606 3192 et
1634 3136 1864 3205 vaporis,
1896 3140 1951 3186 et
1985 3132 2158 3184 adhuc

584 3236 777 3303 adjecit
805 3249 1015 3303 parere,
1047 3244 1096 3287 et
1131 3232 1337 3301 peperit
1359 3230 1488 3284 Abel
1525 3229 1739 3282 fratrem
1763 3226 1896 3295 ejus,
1917 3234 1969 3278 et
1991 3222 2157 3276 factus

584 3336 668 3381 est
693 3335 871 3394 pastor
898 3324 1110 3389 ovium;
1143 3322 1272 3376 Cain
1298 3333 1473 3375 autem
1495 3312 1746 3389 agricola.
1776 3318 1837 3370 Et
1858 3313 2053 3369 factum
2078 3323 2157 3365 est

583 3425 703 3483 post
732 3415 870 3479 dies,
893 3413 1065 3466 attulit
1085 3411 1213 3464 Cain
1240 3426 1359 3464 cum
1384 3409 1649 3476 essetjam
1673 3413 1760 3460 aet
1779 3415 1847 3459 ite
1870 3403 2154 3471 legitimus,

574 3517 645 3557 ex
692 3501 946 3554 fructibus
976 3511 1148 3554 terrae
1194 3499 1419 3552 hostiam
1470 3497 1613 3559 Deo,
1650 3504 1705 3549 et
1737 3493 1867 3548 Abel
1895 3491 2069 3545 attulit
2091 3505 2155 3542 ex

582 3591 938 3661 primogenitu
970 3590 1146 3641 ovium
1178 3602 1417 3649 suarum,
1446 3596 1500 3640 et
1529 3600 1595 3639 ex
1628 3584 1782 3651 adipe
1816 3582 2044 3635 illarum.
2094 3580 2158 3633 Et

564 3681 820 3747 respexit.
850 3679 1103 3731 Dominus
1134 3678 1185 3730 in
1220 3676 1353 3729 Abel
1383 3684 1437 3729 et
1480 3676 1531 3728 in
1571 3673 1878 3727 muneribus
1916 3671 2063 3740 ejus;
2103 3670 2155 3723 in

582 3773 712 3826 Cain
738 3780 914 3825 autem
946 3781 999 3825 et
1025 3771 1075 3823 in
1102 3769 1326 3823 hostiam
1358 3768 1471 3836 ejus
1500 3782 1603 3819 non
1628 3766 1878 3833 re-‘pcxit,
1903 3770 1960 3815 ut
1993 3776 2154 3814 unum

584 3866 823 3935 martyrii
851 3864 1071 3934 gloriam
1115 3864 1454 3928 destinasset,
1488 3860 1651 3913 alium
1699 3872 1826 3911 vero
1861 3854 2152 3909 homicida-

583 3973 704 4011 rum
736 3956 1027 4025 principem
1057 3956 1392 4019 collorasset,
1422 3968 1487 4007 co
1510 3951 1649 4022 quod
1676 3952 1763 4005 ille
1787 3947 2155 4014 diabolus,qni

586 4058 764 4115 patres
790 4063 974 4101 eorum
997 4048 1063 4101 de
1098 4047 1345 4116 paradiso
1380 4045 1707 4108 e-cluderat,
1740 4057 1956 4096 necesse
1988 4042 2152 4093 habe-

583 4149 689 4202 ret,
729 4147 787 4192 nt
815 4146 868 4191 et
898 4138 1035 4191 filios
1058 4154 1240 4191 eorum
1272 4137 1336 4190 ad
1366 4137 1554 4190 mortis
1581 4134 1872 4205 periculum
1904 4132 2155 4186 deduxis-

583 4240 686 4285 set.
719 4219 866 4284 Tunc
889 4230 1160 4299 ingressus
1181 4237 1263 4283 est
1293 4229 1343 4282 in
1376 4243 1469 4281 cor
1499 4227 1649 4290 Cain,
1692 4234 1746 4280 et
1771 4225 1907 4278 dixit
1935 4223 2060 4278 Cain
2087 4222 2152 4275 ad

580 4322 800 4374 fratrem
826 4334 978 4373 suum
1009 4337 1022 4372 :
1054 4330 1365 4373 transeamus
1386 4319 1437 4370 in
1463 4332 1717 4384 campum.
1744 4317 1805 4368 Et
1826 4316 1950 4369 dum
1976 4320 2155 4368 essent

2261 1780 2477 1825 vaturus
2506 1784 2586 1827 est
2615 1775 2867 1828 mundum
2903 1776 2953 1829 in
2982 1776 3086 1830 iliis
3112 1778 3299 1832 diebus
3325 1780 3531 1847 quando
3557 1781 3776 1834 Antichri-

2260 1868 2374 1915 stus
2394 1862 2610 1915 multam
2635 1861 2791 1918 faciet
2820 1865 3198 1931 vasraiionein;
3227 1879 3353 1922 tunc
3383 1869 3491 1936 ipse
3510 1880 3559 1923 et
3586 1869 3778 1923 Eliassi-

2262 1950 2370 2004 mul
2402 1952 2792 2019 prepltetabunt
2814 1955 2957 2008 mille
2979 1955 3221 2010 ducentis
3248 1960 3518 2027 sexaginta
3543 1958 3719 2024 diebus,
3738 1967 3779 2011 et

2262 2038 2544 2096 interficiet
2562 2057 2654 2096 eos
2670 2043 3025 2099 Antichristus
3048 2046 3134 2100 ubi
3156 2058 3206 2101 et
3225 2046 3481 2101 Dominus
3503 2063 3663 2103 eorum
3682 2064 3779 2101 cru.

2261 2132 2451 2187 cifixus
2475 2142 2576 2188 est.
2607 2134 2710 2189 Sed
2743 2151 2808 2188 ne
2838 2136 2960 2205 quis
3002 2135 3142 2192 dicat
3174 2139 3317 2207 quod
3361 2140 3413 2194 in
3452 2139 3780 2209 Hierosolymis

2261 2223 2663 2292 crucifiguntur,
2697 2225 2783 2279 ubi
2802 2234 2855 2280 et
2874 2226 3114 2282 Christus
3139 2229 3393 2284 Dominus
3416 2231 3779 2295 crucifixusest,

2264 2316 2364 2369 hoc
2391 2317 2571 2384 utique
2592 2316 2718 2371 dicit
2743 2317 2831 2372 ubi
2855 2329 2907 2372 et
2930 2319 3187 2374 Dominus
3212 2335 3399 2375 eorum
3422 2321 3679 2375 crucifixus
3697 2329 3778 2383 est,

2263 2405 2400 2460 idest
2430 2407 2480 2459 in
2512 2421 2675 2477 regno
2704 2408 2962 2463 Romano.
2996 2409 3126 2463 Nam
3158 2411 3270 2478 ipse
3296 2411 3478 2465 Enoeli
3505 2411 3667 2481 genuit
3690 2411 3779 2463 Ila.

2261 2498 2502 2565 tusalam,
2531 2499 2620 2568 qui
2644 2498 2894 2553 Matusala
2923 2500 3082 2556 latine
3114 2502 3488 2570 interpretatur
3513 2502 3699 2555 missus.
3723 2500 3781 2554 De

2264 2589 2379 2657 ipso
2408 2584 2672 2644 natus'est
2699 2590 2949 2655 Lamech,
2976 2590 3126 2657 cujus
3154 2608 3349 2645 nomen
3394 2607 3485 2661 per
3520 2591 3784 2659 in‘erprtti-

2263 2679 2457 2743 tionem
2486 2680 2656 2760 bonae
2686 2682 2882 2737 mentis
2921 2682 3166 2736 dicimus.
3196 2682 3315 2751 Ipse
3357 2691 3438 2737 est
3468 2682 3551 2751 qui
3591 2680 3782 2750 prophe-

2264 2768 2393 2823 tavit
2420 2769 2484 2823 de
2507 2770 2614 2824 filio
2640 2785 2737 2825 suo
2773 2772 2953 2826 dicens
3008 2772 3093 2827 hic
3135 2774 3288 2826 nobis
3319 2773 3462 2827 dabit
3497 2773 3706 2841 requiem
3734 2768 3786 2823 ab

2263 2863 2509 2917 omnibus
2546 2864 2796 2928 operibus
2833 2864 3071 2929 nostris;
3112 2880 3232 2919 nam
3275 2867 3393 2934 ipse
3432 2864 3538 2920 Noe
3573 2865 3693 2919 idest
3716 2876 3785 2917 re-

2263 2953 2415 3022 q-zies
2435 2952 2751 3022 appellatur.

2751 3042 2939 3114 Incipit
2986 3046 3127 3114 origo
3175 3043 3325 3099 Cain.

2330 3134 2686 3188 Transeamus
2708 3134 2772 3188 ad
2806 3135 3061 3203 originem
3083 3132 3234 3202 Ca'n,
3269 3143 3321 3189 et
3353 3143 3476 3189 tunc
3505 3133 3565 3189 ad
3598 3145 3784 3203 genera-

2260 3225 2461 3279 tionem
2514 3226 2624 3278 Noe
2664 3233 3017 3279 revertemur.
3069 3225 3425 3294 Posteaquam
3463 3225 3597 3279 enim
3630 3224 3736 3279 Cain
3763 3236 3785 3274 a

2263 3313 2371 3368 Deo
2400 3314 2712 3369 maledictus
2744 3315 2962 3381 fu‘ssc-t,
3012 3324 3067 3369 ut
3102 3331 3201 3371 nec
3231 3318 3510 3386 quisquam
3543 3330 3651 3370 cum
3677 3312 3787 3365 occi-

2259 3403 2409 3457 deret
2437 3404 2641 3473 signum
2685 3406 2909 3475 adeptus
2935 3414 3018 3461 est
3045 3408 3266 3472 malum,
3299 3408 3441 3477 quod
3476 3421 3607 3460 nunc
3631 3406 3669 3459 si
3696 3403 3789 3471 quis

2259 3497 2526 3565 acceperit
2564 3499 2614 3550 in
2653 3496 2824 3551 fronte
2865 3512 2960 3553 sua
2995 3507 3084 3552 aut
3125 3500 3175 3552 in
3209 3515 3371 3552 manu
3420 3499 3632 3552 dextera
3676 3494 3788 3547 bibat

2261 3586 2374 3654 ipse
2398 3587 2463 3640 de
2489 3588 2610 3641 vino
2636 3587 2747 3642 irae
2775 3588 2865 3642 Dei
2894 3589 3061 3642 mixto
3085 3589 3136 3642 in
3168 3589 3363 3658 poculo
3389 3588 3497 3643 irae
3527 3588 3632 3657 ejus
3653 3594 3698 3640 et
3717 3598 3790 3651 pu-

2260 3679 2433 3731 nietur
2460 3679 2510 3731 in
2543 3690 2831 3747 conspectu
2857 3680 3146 3734 electorum
3180 3680 3505 3747 Angelorum
3546 3681 3667 3745 ejus,
3693 3688 3789 3728 nam

2262 3782 2452 3822 nomen
2480 3769 2595 3837 ejus
2630 3769 2801 3839 lingua
2843 3770 3003 3823 latina
3038 3772 3087 3823 in
3118 3778 3436 3838 perpetuum
3462 3780 3689 3823 crescens
3712 3763 3780 3817 die

2258 3864 2429 3922 citur;
2463 3861 2600 3914 idem
2622 3862 2759 3915 enim
2788 3862 2886 3916 hoc
2911 3876 3102 3917 nomen
3129 3871 3431 3930 acceperat,
3467 3860 3695 3930 quoniam
3713 3868 3785 3909 us-

2259 3964 2361 4016 que
2390 3948 2454 4001 ad
2482 3949 2676 4002 Christi
2712 3949 2995 4004 adventum
3024 3950 3116 4003 filii
3148 3949 3274 4004 Cain
3298 3950 3417 4018 ejus
3441 3956 3697 4006 consortes
3718 3955 3790 3996 oc-

2258 4038 2418 4092 cisuri
2460 4048 2639 4093 essent
2676 4039 3027 4104 christianos,
3078 4041 3299 4108 vestigia
3339 4040 3472 4095 Abel
3516 4036 3680 4093 fratris
3698 4033 3790 4100 ejus

2257 4141 2556 4200 sequentes.
2610 4132 2771 4201 Igitur
2822 4132 2921 4186 iste
2966 4131 3092 4185 Cain
3152 4133 3337 4200 genuit
3388 4132 3551 4185 filium
3604 4124 3787 4182 nomine

2257 4222 2417 4283 Enos,
2435 4222 2523 4290 qui
2550 4222 2678 4275 Cain
2708 4222 2831 4275 dum
2859 4236 2923 4276 ex
2955 4231 3205 4292 serpente
3228 4223 3465 4277 nascitur
3490 4218 3700 4274 Lollium
3715 4228 3789 4281 ge-

2261 4329 2475 4369 nerasse
2503 4315 2871 4383 cognoscitur,
2922 4325 3047 4369 tunc
3089 4313 3398 4367 aedificavit
3435 4312 3716 4370 civitatem,
3749 4311 3789 4353 ct

584 4412 638 4464 in
667 4425 853 4477 campo
882 4410 1155 4464 exurresit
1193 4410 1318 4464 Cain
1348 4423 1507 4476 super
1544 4407 1675 4462 Abel
1716 4407 1931 4460 fratrem
1974 4418 2149 4469 suum,
2178 4377 2225 4438 ί)
2259 4405 2432 4470 posuit
2456 4404 2503 4457 ei
2536 4419 2726 4458 nomen
2752 4405 2839 4457 filii
2867 4403 3186 4466 Su....nos;
3221 4402 3351 4456 haec
3381 4412 3461 4456 est
3484 4400 3661 4454 civitas
3692 4408 3789 4446 sau-

582 4509 635 4553 et
657 4500 850 4553 occidit
886 4513 1031 4553 eum.
1076 4498 1140 4551 Et
1176 4498 1367 4565 adjecit
1399 4497 1572 4551 adhuc
1611 4496 1777 4549 Adam
1831 4506 2153 4562 cognoscere

587 4589 865 4643 mulierem
893 4593 1062 4651 suam,
1094 4598 1147 4641 et
1171 4588 1411 4655 concepit
1441 4597 1493 4642 et
1525 4580 1731 4656 peperit
1758 4586 1805 4640 ei
1843 4585 2005 4639 filium
2036 4584 2151 4637 loco

580 4675 737 4741 Abel,
770 4677 857 4744 qui
890 4675 1083 4731 dicitur
1105 4677 1253 4741 Setli,
1289 4677 1439 4743 cujus
1461 4691 1654 4729 nomen
1684 4675 1861 4743 lingua
1888 4674 2046 4726 latina
2069 4687 2152 4726 re-

579 4768 839 4821 surrectio
865 4766 1073 4830 dicitur,
1108 4768 1227 4833 quia
1271 4768 1337 4819 ab
1370 4767 1483 4833 ipso
1526 4765 1860 4818 resuscitavit
1897 4762 2152 4815 Dominus

582 4871 764 4909 semen
790 4858 1013 4923 justum,
1052 4870 1079 4909 a
1112 4857 1261 4923 cujus
1294 4858 1545 4924 progenie
1579 4856 1947 4922 perveniemus
1984 4868 2151 4921 u-que

581 4948 643 5001 ad
677 4947 955 5000 Dominum
996 4957 1233 5001 nostrum
1270 4948 1451 5000 .lesum
1494 4948 1761 5000 Christum
1804 4961 1892 5014 per
1930 4961 2150 5013 genera-

583 5042 754 5094 tiones
784 5039 1019 5109 singulas
1044 5041 1143 5093 sibi
1186 5041 1410 5093 invicem
1456 5039 1647 5093 succed
1688 5042 1875 5091 ntinm.
1916 5040 2029 5105 lps:
2069 5045 2149 5091 est

583 5132 709 5190 Seth
740 5134 829 5202 qui
868 5133 1049 5202 genuit
1078 5134 1285 5196 Aenas;
1330 5132 1525 5183 Aenum
1574 5130 1714 5183 enim
1766 5131 1937 5197 lingua
1987 5129 2143 5181 latina

580 5225 901 5280 obliviscens
930 5224 1141 5278 dicitur.
1180 5224 1252 5277 De
1277 5226 1390 5291 ipso
1421 5233 1574 5276 natus
1601 5232 1679 5275 est
1703 5221 1963 5283 Chaiuan,
1994 5221 2144 5288 cujus

580 5333 772 5371 nomen
797 5318 1093 5386 appellatur
1125 5318 1378 5371 nativitas
1424 5314 1535 5369 Dei.
1582 5315 1710 5367 Nam
1756 5315 1868 5378 ipse
1911 5312 2146 5365 Cliainan

577 5407 759 5476 genuit
785 5407 1009 5471 Malelel,
1040 5409 1191 5473 cuius
1228 5421 1419 5459 nomen
1460 5405 1655 5459 dicitur
1687 5404 1905 5456 mutatio
1940 5403 2048 5454 Dei.
2085 5402 2148 5454 Et

578 5496 782 5551 Malelel
814 5499 993 5565 genuit
1014 5497 1180 5559 Jarot,
1218 5498 1368 5563 rnjus
1400 5511 1591 5550 nomen
1628 5493 1904 5547 descendo
1931 5492 2144 5545 dicitur.

578 5590 650 5642 De
679 5588 793 5654 ipso
834 5598 983 5643 natus
1015 5601 1093 5645 ρει
1129 5589 1333 5653 Iiuoelt,
1377 5587 1528 5656 cujus
1560 5600 1751 5639 nomen
1780 5585 1940 5638 latina
1972 5584 2143 5654 lingua

2252 4498 2446 4565 guinis,
2486 4512 2624 4566 quae
2661 4505 2715 4551 et
2758 4510 2898 4550 nunc
2937 4495 3161 4549 effundit
3213 4493 3524 4561 sanguinem
3563 4485 3788 4545 Christia-

2256 4604 2410 4649 num;
2444 4588 2575 4641 haec
2605 4589 2744 4642 enim
2776 4588 2962 4643 civitas
2982 4588 3034 4640 in
3066 4597 3205 4640 terra
3247 4586 3378 4638 Naid
3422 4583 3663 4637 fabricata
3688 4588 3788 4642 ecs-

2256 4682 2511 4747 noscitur,
2545 4690 2596 4733 et
2627 4680 2740 4732 viva
2777 4688 2877 4733 est.
2922 4679 3035 4746 Ipsa
3066 4686 3205 4731 terra
3253 4677 3646 4743 interpretatur,
3682 4674 3789 4735 quae

2255 4771 2305 4823 in
2338 4772 2441 4825 fine
2466 4786 2629 4837 usque
2665 4770 2995 4824 Cluistianos
3032 4770 3388 4836 persequitur,
3430 4766 3519 4835 qui
3554 4760 3680 4817 lideTi
3715 4772 3788 4808 v0-

2258 4859 2445 4912 cabulo
2495 4860 2850 4911 nominantur.
2884 4857 3012 4911 Nam
3048 4858 3160 4926 ipse
3211 4858 3350 4909 Eoos
3380 4855 3560 4924 genuit
3601 4851 3786 4905 Cedant.

2260 4949 2376 5016 Ipse
2417 4949 2599 5003 habuit
2644 4965 2914 5002 murorum
2959 4948 3257 5002 scientiam.
3313 4947 3388 5001 De
3419 4947 3534 5014 ipso
3567 4951 3703 4997 natus
3727 4943 3791 4990 est

2258 5042 2484 5105 Male'el,
2519 5042 2667 5109 cujus
2696 5057 2889 5095 nomen
2922 5042 3303 5108 interpretatur
3337 5038 3537 5091 audtio
3570 5032 3726 5091 fortis.
3748 5036 3789 5079 ει

2255 5134 2322 5186 tle
2354 5133 2394 5185 Μ
2419 5134 2552 5187 »Ιρῐρι
2586 5142 2741 5186 ηιιιιιε
2780 5142 2861 5185 est
2900 5132 3213 5196 Milllifnhll,
3248 5132 3332 5199 qui
3370 5131 3551 5199 genuit
3590 5119 3788 5179 Lamrch

2257 5224 2422 5284 illum,
2446 5225 2533 5290 qui
2560 5224 2737 5275 lubuit
2764 5236 2955 5276 uxores
2984 5221 3137 5285 duas,
3167 5237 3266 5273 una
3294 5220 3507 5273 nemine
3535 5216 3783 5279 Ada,qlme

2253 5314 2628 5380 interpretatur
2652 5311 3038 5373 testimoniata,
3063 5311 3161 5361 alia
3186 5310 3400 5362 nomine
3417 5306 3553 5362 Sella
3580 5316 3702 5371 qme
3720 5298 3781 5347 in‘

2252 5408 2571 5469 terpretatur
2606 5402 2927 5454 adumbratis
2973 5415 3029 5454 se
3074 5401 3264 5468 ipsam.
3315 5399 3427 5464 Ipse
3475 5402 3557 5449 est
3589 5381 3787 5446 Lamer

2248 5492 2337 5559 qui
2367 5492 2500 5546 dixit
2530 5492 2842 5546 mulieribus
2874 5491 2984 5545 suis
3019 5508 3032 5543 :
3068 5491 3256 5545 Audite
3290 5503 3471 5542 vocem
3501 5489 3784 5539 meam,mu-

2251 5584 2406 5638 lieres
2424 5582 2671 5642 Lameeh.
2689 5592 2737 5638 et
2761 5585 3030 5637 continete
3051 5584 3267 5638 auribus
3290 5579 3475 5636 vestris
3499 5576 3647 5631 verba
3668 5581 3780 5625 mea.
