4000 6176
1042 325 1128 382 DE
1165 323 1623 383 GENEALOGIIS
1663 320 2249 382 PATRIARCIIARUBI
2281 320 2509 380 LIBER.
3293 314 3395 377 596

209 450 305 518 quia
338 444 482 497 virum
521 438 685 493 orcidi
730 438 1059 494 invulnerem
1085 450 1138 495 et
1174 440 1421 510 juvenem
1471 442 1522 494 in
1554 440 1721 494 livore
1750 441 1799 501 Λ
1830 440 1985 493 Aram
2012 440 2118 494 nati
2146 449 2270 495 sunt
2293 440 2383 495 ﬁlii
2411 445 2653 507 quatuor.
2688 434 2993 495 Primitivus
3020 436 3240 493 nomine
3264 437 3396 505 Ohs,

210 551 319 598 meo,
349 532 490 586 virum
519 528 743 584 dicendo
769 528 1039 583 Christum
1062 528 1392 584 Christianos
1431 531 1603 583 dictos
1634 530 1721 599 ju-
1824 532 1915 599 qui
1950 532 2143 585 dicitur
2170 532 2383 585 chorus.
2426 528 2703 584 Secundus
2735 526 2795 582 El
2834 532 2921 598 qui
2953 531 3146 584 dicitur
3192 531 3244 584 in
3277 541 3397 599 per-

211 640 358 681 venem
384 634 541 677 autem
573 621 823 690 pupulum
850 635 968 676 esse
998 637 1023 675 a
1055 622 1252 676 Judaeis
1271 624 1543 678 Christum
1571 639 1601 678 a
1631 640 1719 692 pa-
1827 633 2075 691 pctttum;
2124 623 2184 676 El
2213 623 2353 676 enim
2383 622 2519 676 Deus
2549 621 2721 675 dictus
2751 621 2887 675 idest
2923 631 3231 691 perpetuus.
3265 625 3400 678 Ter-

207 717 325 784 ganis
348 720 394 767 et
432 710 687 765 hrcreticis
724 711 1074 765 christianum
1113 713 1309 777 occidi,
1344 715 1424 767 vel
1464 715 1537 767 uti
1571 730 1719 769 reum
1826 718 1929 767 tius
1952 714 2166 781 Gatera,
2191 713 2280 782 qui
2314 714 2509 766 dicitur
2531 727 2851 780 exuperans,
2880 724 3099 782 quartus
3121 730 3250 768 vero
3282 714 3399 769 Mue

208 817 325 858 versa
349 802 449 855 vice
472 800 840 871 videmus(sic)
874 810 929 853 ut
960 815 1053 869 pro
1071 801 1199 856 Abel
1222 804 1596 867 Caindicatur,
1625 805 1715 874 qui
1824 803 1951 856 soch
1975 802 2134 869 quiet
2163 802 2490 871 sagittarius.
2521 800 2651 855 Nam
2687 801 2822 856 ﬁlius
2851 802 2974 858 Sero
3002 812 3182 857 sextus
3204 804 3292 872 qui
3311 803 3398 857 di-

205 908 283 962 pro
299 892 464 945 Christi
495 891 706 943 nomine
737 890 980 943 laniatur.
1025 890 1086 943 Et
1112 893 1352 960 sequitur
1381 892 1563 947 dicens
1590 908 1723 962 quo-
1820 894 1959 945 citur
1986 892 2251 947 Chanaam
2284 894 2666 963 interpretatur
2708 897 2955 949 nativitas
2982 895 3099 949 Dei.
3159 895 3220 949 lli
3268 902 3396 949 sunt

205 987 314 1038 niam
339 982 517 1050 septies
547 981 839 1036 vindicatus
870 993 951 1036 est
977 982 1043 1037 de
1071 982 1221 1047 Cain,
1255 985 1323 1038 de
1356 984 1586 1040 Lameeh
1628 1000 1723 1038 au-
1826 996 1919 1035 sex
1953 981 2045 1034 lilii
2074 985 2195 1036 Sem
2224 991 2278 1035 et
2307 982 2478 1037 Norea
2507 998 2627 1038 cum
2664 984 2947 1051 nepotibus
2968 984 3098 1038 suis.
3138 985 3268 1038 Nam
3303 984 3402 1038 Ar-

207 1086 287 1127 tem
313 1071 587 1140 Septuagies
617 1072 814 1140 septies
845 1087 861 1136 ;
900 1071 1024 1124 hinc
1051 1086 1171 1125 eum
1211 1084 1429 1142 apparet
1463 1074 1724 1130 occidisse
1829 1070 2024 1136 phaxat
2054 1071 2188 1123 ﬁlius
2217 1070 2340 1124 Sem
2364 1072 2550 1125 tertius
2572 1072 2658 1139 qui
2690 1073 2864 1127 dictus
2894 1084 2973 1128 est
3002 1073 3112 1128 Leo
3135 1074 3400 1141 veniens;

198 1163 323 1226 Cain,
343 1174 450 1215 nam
480 1160 543 1214 de
566 1160 786 1214 muliere
805 1173 899 1213 sua
923 1160 1089 1213 Adam
1118 1163 1300 1230 genuit
1328 1162 1512 1228 llobel,
1532 1163 1618 1231 qui
1643 1172 1728 1217 est
1829 1159 1949 1213 ideo
1972 1161 2117 1214 enim
2148 1161 2248 1214 hoc
2269 1176 2459 1215 nomen
2490 1172 2791 1231 acceperat,
2819 1164 2939 1232 quia
2970 1177 3033 1217 ex
3060 1164 3176 1230 ipso
3200 1164 3284 1217 leo
3312 1176 3403 1218 vc-

206 1262 323 1321 pater
349 1250 678 1304 habitantium
713 1251 764 1303 in
804 1251 1193 1317 tavernaenlis,
1244 1261 1297 1305 et
1323 1252 1481 1304 alium
1510 1253 1726 1307 nomine
1825 1263 1919 1301 rus
1956 1249 2162 1302 futurus
2202 1260 2316 1303 erat
2358 1250 2612 1305 Dominus
2655 1251 2809 1306 Jesus
2858 1252 3121 1305 Christus.
3169 1254 3245 1307 De
3284 1254 3402 1321 ipso

203 1344 342 1400 Juhal.
371 1342 476 1413 Ipse
502 1352 584 1396 est
622 1341 797 1417 Jubal,
829 1342 920 1411 qui
949 1342 1183 1396 ostendit
1222 1343 1527 1412 psalterium
1565 1354 1618 1397 et
1648 1343 1725 1398 ei-
1826 1340 1967 1393 enim
2001 1339 2222 1395 Arl‘axat
2257 1351 2410 1395 natus
2436 1350 2526 1395 est
2554 1342 2670 1396 Sala
2703 1342 2791 1410 qui
2823 1343 3016 1396 dicitur
3048 1342 3283 1397 nuntius.
3320 1343 3396 1397 Ex

207 1438 395 1487 tharam.
419 1432 539 1485 Nam
572 1432 639 1484 de
672 1431 808 1486 Sella
833 1441 985 1486 natus
1015 1439 1097 1486 est
1122 1433 1168 1485 ei
1191 1432 1393 1487 Thohel
1435 1434 1521 1499 qui
1555 1432 1725 1488 fuerat
1828 1428 1943 1497 ipso
1975 1428 2093 1484 Sala
2108 1442 2262 1484 natus
2278 1440 2358 1484 est
2381 1432 2521 1486 Eber
2549 1432 2635 1500 qui
2660 1432 3239 1486 dieitur’transllumen.
3270 1433 3400 1485 Nam

202 1525 319 1577 l'aher
346 1524 585 1576 ferrarius
613 1530 666 1574 et
694 1522 949 1587 aerarius,
979 1532 1033 1577 et
1062 1538 1213 1577 Soror
1240 1522 1354 1591 ejus
1378 1524 1472 1577 fuit
1502 1523 1725 1581 Noema.
1830 1521 1941 1588 ipse
1972 1522 2191 1575 Arfaxat
2214 1522 2353 1575 ﬁlius
2396 1522 2518 1575 Sem
2555 1521 2687 1574 vixit
2708 1522 2862 1574 annis
2883 1529 3095 1576 centum
3130 1523 3399 1590 sexaginta

214 337 293 390 ηδ

204 1614 294 1680 Ipsa
314 1622 403 1674 est,
427 1625 556 1679 quae
585 1610 842 1678 psallebat
862 1625 994 1665 Voce
1021 1626 1123 1663 non
1156 1626 1250 1681 org
1268 1627 1378 1675 inn,
1416 1627 1509 1679 per
1536 1611 1722 1665 harum

198 1701 312 1756 enim
352 1704 715 1770 generationes
790 1700 1010 1757 increvit
1066 1703 1336 1757 hominum
1392 1702 1719 1770 multitudo,

1827 1612 2063 1679 quinque
2103 1619 2154 1665 ct
2199 1612 2383 1680 genuit
2421 1611 2569 1665 Sala.
2616 1612 2682 1663 Et
2728 1611 2860 1663 vixit
2898 1618 3176 1678 postquam
3223 1610 3407 1679 genuit

1829 1700 1949 1753 Sala
1968 1701 2122 1753 annis
2150 1700 2555 1768 quadringentis
2578 1715 2703 1752 xxx.
2731 1708 2784 1752 ct
2800 1700 2986 1769 genuit
3013 1700 3147 1760 ﬁlios
3170 1710 3221 1753 ct
3249 1699 3407 1766 ﬁlias,

199 1792 495 1860 quoadusque
545 1805 709 1860 super
737 1805 828 1845 eos
886 1792 1103 1846 advenit
1137 1792 1362 1847 orrenda
1394 1794 1514 1846 cath
1535 1808 1646 1862 ign;
1678 1803 1731 1847 et
1760 1786 1807 1851 Β
1836 1798 1890 1843 et
1921 1789 2155 1844 decessit
2184 1789 2363 1857 quinta
2392 1789 2759 1857 generatione.

196 1883 371 1951 aperuit
405 1896 492 1936 eos
520 1882 915 1952 cathaclysmns
935 1892 989 1937 et
1006 1883 1322 1950 disperdidit
1347 1898 1458 1947 eos,
1483 1886 1732 1953 quoniam

196 1975 477 2027 miscuerant
510 1987 571 2027 se
603 1973 693 2026 lilii
725 1973 814 2027 Dei
845 1988 965 2027 cum
999 1974 1205 2029 ﬁliabus
1235 1974 1528 2038 ho'ninum,
1553 1987 1605 2030 et
1628 1976 1753 2029 non'

195 2066 495 2131 intenderant
524 2068 822 2136 praeceptis
838 2067 972 2136 ejus,
996 2068 1117 2138 quia
1140 2081 1486 2125 exeecavcrat
1508 2087 1602 2127 eos
1623 2086 1737 2126 ma-

196 2151 284 2212 litia
312 2160 553 2227 ipsorum,
577 2170 631 2214 et
665 2175 771 2215 non
802 2169 1156 2229 speraverant
1184 2161 1286 2216 sibi
1313 2162 1589 2217 interitum
1613 2178 1734 2220 esse

192 2249 421 2308 futurum.

248 2342 485 2411 Incipiunt
522 2344 898 2413 generationes
941 2344 1072 2401 Noe.
1119 2344 1421 2403 Redeamus
1466 2347 1626 2417 igitur
1668 2348 1735 2404 ad

192 2431 313 2497 Noe,
350 2437 432 2503 qui
470 2435 651 2505 genuit
694 2445 820 2491 ante
861 2436 1114 2490 diluvium
1150 2438 1287 2492 ﬁlios
1327 2448 1468 2503 tres,
1492 2447 1546 2494 et
1566 2442 1737 2496 sortiti

191 2534 293 2577 sunt
316 2540 521 2595 uxores,
555 2528 769 2580 luerunt
796 2527 937 2581 enim
958 2527 1010 2580 in
1035 2527 1196 2580 domo
1218 2528 1334 2596 ejus
1364 2531 1573 2583 animae
1597 2529 1736 2584 Vlll.

192 2614 337 2671 Deeis
357 2617 660 2671 meminisse
685 2616 929 2684 dignatus
953 2627 1033 2671 est
1068 2616 1357 2686 ApOS’ulus
1379 2618 1564 2673 dicens
1589 2635 1601 2669 :
1629 2628 1739 2671 octo

191 2708 348 2760 anima:
364 2710 512 2762 salve
536 2708 688 2775 factm
715 2717 828 2761 sunt
858 2724 948 2775 per
975 2725 1180 2775 aquam,
1222 2710 1349 2762 sicut
1376 2718 1423 2763 et
1462 2726 1547 2764 vos
1586 2710 1737 2762 modo

190 2799 405 2864 baptisma
445 2799 614 2852 salvas
664 2799 835 2868 faciet.
889 2797 1045 2851 Fiunt
1088 2800 1246 2867 igitur
1291 2813 1318 2851 a
1372 2801 1738 2867 protOpIausto

193 2888 334 2941 Adam
362 2902 525 2957 usque
559 2887 629 2940 ad
662 2888 795 2951 Noe,
846 2886 981 2941 idest
1013 2903 1177 2957 usque
1224 2889 1289 2942 ad
1335 2889 1737 2957 generationem

190 2977 293 3030 Setn
315 2976 397 3031 ﬁlii
424 2977 668 3044 ejusdem
704 2977 812 3030 Noe
832 2979 954 3030 anni
978 2976 1084 3030 duo
1107 2977 1251 3031 milia
1276 2989 1490 3032 centum
1514 2979 1741 3044 quadra-

187 3068 309 3135 ginta
328 3069 449 3135 duo,
478 3078 531 3122 et
556 3082 587 3121 a
624 3068 965 3135 generatione
989 3068 1112 3123 Sem
1143 3084 1307 3137 usque
1337 3070 1401 3122 ad
1436 3070 1738 3139 cathaclys-

2049 1938 2311 2012 Incipiunt
2353 1939 2699 2012 generationes
2732 1936 2893 1994 Clmm
2931 1938 3027 2008 ﬁlii
3054 1938 3192 1993 Noe.

1908 2075 2208 2131 Redeamus
2245 2084 2299 2130 et
2334 2075 2398 2130 ad
2439 2074 2517 2129 Ch
2541 2091 2606 2129 im
2641 2074 2805 2129 ﬁlium
2851 2075 2983 2139 Noe,
3008 2075 3096 2143 qui
3127 2074 3302 2129 dictus
3327 2080 3408 2129 est

1836 2167 2081 2233 callidus,
2098 2175 2151 2221 et
2170 2168 2390 2222 sortitus
2410 2176 2491 2223 est
2506 2180 2721 2220 uxorem
2742 2166 2958 2220 nomine
2973 2170 3188 2220 Auseex
3204 2165 3410 2221 semine

1839 2258 2130 2328 gigantum,
2155 2259 2243 2327 qui
2266 2259 2451 2327 genuit
2473 2257 2634 2311 ﬁlium
2662 2256 2986 2322 primitivum
3010 2256 3228 2310 nomine
3246 2252 3411 2309 Chus.

1841 2350 1938 2405 llic
1959 2350 2192 2404 obtinuit
2214 2349 2542 2417 IElthpialn
2566 2356 2749 2402 contra
2780 2348 3083 2417 IEgyptum,
3107 2356 3163 2401 et
3196 2347 3263 2400 de
3288 2347 3405 2414 ipso

1841 2442 1949 2494 nati
1984 2450 2108 2494 sunt
2138 2440 2364 2507 ﬁliisex,
2392 2450 2443 2494 et
2470 2440 2567 2493 ista
2603 2439 2815 2494 nomina
2852 2452 3074 2494 eorum:
3105 2438 3411 2507 primit'vus

1843 2529 1980 2583 Saba
2003 2530 2381 2597 interpretatur
2410 2529 2541 2583 Tote
2562 2539 2616 2584 et
2648 2529 2798 2585 venit
2832 2529 2958 2583 inde
2986 2529 3122 2584 Saba
3159 2542 3310 2597 gens,
3347 2527 3415 2582 de

1841 2636 1941 2689 qua
1965 2630 2123 2689 gente
2145 2621 2241 2674 fuit
2274 2621 2362 2674 illa
2386 2622 2566 2689 regina
2593 2621 2794 2686 Austri,
2818 2632 2954 2690 quae
2984 2627 3204 2672 venerat
3230 2618 3416 2673 audire

1842 2712 2159 2777 sapientiam
2203 2708 2539 2775 Salomonis,
2580 2709 2851 2764 secundus
2898 2722 3031 2764 vero
3071 2708 3280 2771 Evilad,
3324 2709 3414 2778 qui

1842 2801 2043 2856 dicitur
2078 2801 2420 2870 parturiens,
2462 2802 2653 2854 tertius
2697 2801 2891 2857 Sabata
2916 2841 2932 2865 ,
2983 2801 3123 2856 idest
3156 2802 3282 2857 tolle
3326 2812 3415 2867 tu;

1843 2899 2062 2959 quartus
2095 2889 2295 2959 Regina
2340 2888 2477 2943 idest
2511 2889 2792 2954 clamatus,
2827 2889 2950 2943 huic
2975 2898 3131 2944 erant
3162 2890 3257 2942 ﬁlii
3288 2889 3414 2955 duo,

1844 2981 2148 3048 primitivus
2177 2980 2397 3043 Saham,
2449 2979 2586 3033 idest
2612 2979 3020 3044 condemnatus,
3054 2986 3108 3033 et
3142 2979 3415 3033 secundus

1843 3069 2027 3135 .ludas,
2054 3070 2190 3123 idest
2214 3068 2518 3123 conﬁtetur.
2548 3068 2774 3135 Quintus
2803 3084 2932 3124 vero
2969 3068 3111 3123 ﬁlius
3139 3069 3282 3123 Chus
3321 3070 3417 3125 Sac

190 3170 313 3210 mum
344 3159 476 3212 idest
506 3157 572 3212 ad
604 3159 1001 3225 generationem
1034 3157 1305 3226 Arphaxat
1340 3159 1429 3227 lilij
1464 3159 1610 3223 Sem,
1645 3161 1732 3228 qui
1764 3140 1810 3202 (ἶ
1849 3162 2069 3215 haeatha
2100 3162 2197 3215 luit
2226 3175 2416 3213 nomen
2448 3160 2585 3226 ejus,
2630 3159 2769 3214 idest
2802 3168 3041 3214 ornatus.
3072 3160 3263 3215 Sextus
3287 3177 3417 3215 vero

185 3251 339 3302 statim
372 3259 491 3321 post
524 3250 948 3318 cathaelysmum
984 3249 1219 3303 nascitur
1245 3264 1387 3303 anno
1419 3254 1736 3306 centesimo.

188 3342 326 3396 Fiunt
347 3359 531 3398 omnes
566 3342 696 3395 anni
725 3342 831 3396 duo
864 3342 1008 3396 milia
1045 3341 1259 3396 ducenti
1307 3358 1374 3395 ιι,
1404 3341 1531 3395 duo.
1559 3341 1745 3395 Catho-

184 3432 393 3502 elysmus
417 3436 563 3490 enim
608 3434 771 3488 latina
801 3433 977 3502 lingua
1015 3434 1305 3487 secundum
1351 3432 1609 3502 judicium
1649 3448 1745 3503 ap-

185 3524 411 3588 pellatur.

242 3612 497 3682 lncipinnt
536 3612 915 3685 generationes
941 3610 1063 3665 Sem
1106 3610 1194 3665 ﬁ'ii
1236 3610 1367 3665 Noe.
1419 3610 1528 3665 Noe
1568 3620 1743 3665 autem

184 3706 347 3769 genuit
372 3706 517 3768 Sem,
554 3704 651 3773 qui
681 3704 873 3756 dicitur
897 3701 1057 3756 latine
1083 3716 1299 3765 nomen,
1329 3710 1381 3753 et
1416 3704 1637 3755 sortitus
1659 3711 1742 3754 est

183 3804 378 3844 uxorem
402 3794 629 3847 nomine
656 3793 845 3856 Norea,
870 3790 936 3844 de
973 3791 1083 3853 ipsa
1112 3800 1265 3843 natus
1294 3802 1376 3844 est
1402 3791 1566 3843 Elam.
1596 3790 1747 3843 Elam

185 3879 546 3949 interpretatur
584 3881 882 3935 saeculum.
911 3881 1037 3933 Inde
1070 3879 1177 3932 nati
1209 3888 1330 3932 sunt
1372 3879 1650 3944 Elamit-te,
1693 3891 1748 3933 et

182 3968 331 4025 frater
364 3973 481 4039 ejus
515 3970 788 4025 secundus
815 3970 1005 4023 dicitur
1028 3968 1199 4032 As~ir,
1226 3984 1383 4037 quem
1420 3968 1630 4022 Nebrod
1665 3969 1715 4035 gi

181 4076 294 4127 gans
318 4079 482 4131 nepos
507 4064 687 4130 patrui
718 4064 796 4115 sui
830 4062 993 4114 Cham
1020 4061 1084 4114 de
1113 4072 1249 4114 terra
1272 4062 1478 4116 Sennar
1501 4060 1745 4123 exclusit,

181 4150 300 4206 idest
335 4154 402 4209 de
440 4164 586 4209 terra
624 4154 827 4207 servili.
854 4152 1002 4206 Tunc
1037 4151 1243 4221 fugiens
1272 4153 1511 4206 condidit
1550 4154 1751 4209 Nineve

178 4254 229 4295 et
256 4246 457 4300 Boboth
489 4247 767 4301 civitatem
802 4252 858 4297 et
893 4243 1127 4297 Chalech
1168 4252 1222 4297 et
1252 4243 1452 4297 Dasseu
1490 4245 1630 4298 inter
1664 4246 1754 4299 Ni-

180 4347 301 4390 neve
319 4345 370 4390 et
395 4335 657 4390 Cbalech.
687 4335 827 4389 llaec
863 4341 943 4387 est
981 4334 1169 4387 civitas
1204 4334 1291 4386 illa
1324 4349 1509 4402 magna
1542 4351 1749 4399 eorum,

177 4436 319 4485 unum
342 4424 473 4477 .Iona
513 4424 777 4490 propheta
806 4438 897 4491 per
927 4423 1025 4476 iter
1060 4424 1215 4477 trium
1254 4423 1455 4476 dierum
1481 4426 1745 4478 circuit-it.

1850 3252 2066 3316 Nebrot,
2108 3251 2246 3305 idest
2284 3251 2576 3316 rebellans;
2616 3251 2705 3305 hic
2744 3257 2827 3305 est
2859 3251 3061 3304 Nebrot
3099 3251 3288 3320 gigans
3321 3254 3413 3316 qui

1848 3346 1946 3399 luit
1978 3351 2199 3399 \enrttor
2237 3351 2361 3396 ante
2401 3342 2715 3406 Dominum,
2764 3341 2889 3395 inde
2929 3350 3223 3396 nascuntur
3250 3341 3412 3398 Chal.

1847 3434 1955 3488 dei.

1918 3524 2035 3593 Ipse
2072 3532 2172 3590 est,
2203 3524 2290 3593 qui
2320 3523 2543 3578 exclusit
2573 3523 2738 3595 Assyr
2770 3523 2933 3578 ﬁlium
2978 3523 3126 3592 Sem,
3178 3522 3318 3579 idest
3356 3524 3418 3579 ll-

1849 3614 1978 3669 lium
2004 3616 2176 3684 patrui
2208 3616 2371 3685 patris
2402 3616 2517 3680 sui,
2557 3622 2612 3669 et
2656 3616 2707 3671 in
2747 3616 2865 3685 ejus
2904 3626 3099 3670 terram
3142 3618 3422 3673 adiﬁcavit

1852 3705 2110 3775 Bobylon,
2138 3714 2189 3758 et
2219 3703 2413 3763 Urcch.
2446 3711 2501 3759 et
2529 3704 2764 3771 Archad,
2801 3714 2853 3758 et
2895 3704 3130 3760 Cbalaue
3171 3705 3424 3761 intrinse-

1849 3807 1943 3845 eus
1971 3792 2021 3847 in
2048 3792 2081 3845 ﬁ
2108 3792 2240 3846 .ibus
2270 3792 2503 3845 Canaan.
2528 3791 2690 3845 Sedet
2710 3802 2884 3846 autem
2915 3792 3202 3863 Babylonia
3231 3794 3283 3847 in
3305 3796 3423 3849 mil-

1851 3886 1988 3940 libus
2010 3883 2301 3952 sexaginta.
2333 3882 2468 3935 muri
2491 3881 2607 3944 ejus
2636 3884 2728 3936 alti
2756 3882 2981 3950 pedibus
3007 3883 3220 3938 ducenti
3253 3893 3307 3938 et
3330 3886 3421 3939 lati

1855 3973 2018 4040 pedes
2042 3988 2163 4025 ιιι.
2192 3982 2247 4025 et
2294 3971 2395 4025 hoc
2443 3971 2657 4025 Solinus
2703 3972 2932 4025 asseruit
2977 3971 3065 4040 qui
3111 3980 3278 4026 totum
3326 3974 3423 4028 de-

1853 4060 2033 4115 Scribit
2062 4060 2318 4113 ambitum
2348 4059 2549 4113 mundi.
2581 4060 2854 4113 Secundus
2877 4070 3053 4114 autem
3092 4060 3231 4115 ﬁlius
3253 4063 3419 4117 Cham

1855 4161 2109 4206 tnestrem
2141 4150 2236 4203 fuit
2267 4164 2459 4204 nomen
2501 4148 2638 4218 ejus,
2679 4150 2811 4205 idest
2855 4158 3021 4203 tutum
3058 4152 3282 4205 molens.
3325 4154 3422 4209 llic

1854 4245 2083 4298 obtinuit
2115 4245 2425 4314 Egyptum.
2480 4244 2602 4297 huic
2632 4245 2737 4297 nati
2769 4254 2923 4297 erant
2963 4244 3055 4297 ﬁlii
3086 4259 3203 4313 sex,
3237 4256 3292 4300 et
3320 4247 3419 4302 ista

1856 4335 2069 4388 nomina
2104 4349 2325 4398 eorum;
2367 4334 2661 4402 primitivns
2706 4334 2878 4388 Lutlin
2927 4334 3065 4390 idest
3093 4337 3175 4390 sui
3222 4340 3420 4407 negotii

1862 4428 2042 4488 homo,
2072 4427 2335 4481 secundus
2382 4425 2717 4495 Emimegim,
2753 4426 2891 4479 idest
2926 4426 3272 4495 prophetatus
3317 4439 3421 4496 est,

181 4484 246 4564 De
271 4512 383 4581 ipso
409 4484 562 4567 Assir
595 4484 765 4567 Assiri
802 4484 907 4565 nati
941 4522 1105 4577 sunt,
1134 4514 1223 4581 qui
1266 4514 1316 4566 in
1345 4514 1746 4589 epitulationem
1776 4484 1829 4544 D
1858 4484 2041 4571 tertius
2086 4517 2306 4581 Lalisin,
2354 4516 2491 4569 idest
2537 4484 2857 4581 iracundus,
2899 4484 3120 4585 q'uar'tus
3159 4484 3420 4587 Neplabin

181 4617 419 4660 venerant
437 4608 665 4661 Caldeis
690 4605 944 4659 adversus
968 4606 1102 4658 ﬁlios
1128 4606 1285 4659 Israel
1309 4605 1373 4658 ad
1401 4607 1749 4660 llieru-zalem.

180 4693 474 4751 Continetur
495 4704 686 4751 autem
710 4712 894 4750 eorum
928 4696 1074 4763 regio
1108 4696 1189 4748 his
1212 4697 1385 4749 modis
1418 4698 1485 4750 ah
1516 4698 1659 4750 lntlia
1683 4699 1747 4751 ad

177 4784 404 4843 Htlicum
447 4791 688 4843 insulam
722 4788 968 4842 adﬁrmat
1008 4803 1126 4844 esse
1170 4789 1483 4859 quindecies
1522 4800 1751 4845 centena

178 4877 302 4929 mi‘ia
327 4894 541 4949 passus.
575 4879 822 4933 Malieum
845 4880 1188 4955 vero‘scenio
1219 4879 1447 4933 ducenta
1472 4896 1562 4934 xx.
1592 4880 1752 4949 quin-

174 4981 265 5033 que
304 4972 471 5024 milia.
514 4970 651 5025 Inde
685 4970 749 5022 ad
784 4968 1005 5022 insulam
1045 4968 1266 5021 Madauo
1303 4969 1419 5039 (sic)
1463 4971 1650 5025 conﬁci
1684 4970 1747 5024 ad

177 5068 403 5123 apertum
429 5075 590 5113 mare
622 5059 809 5113 decem
832 5066 884 5111 et
910 5059 1076 5111 octies
1098 5068 1318 5111 centena
1338 5069 1388 5112 et
1410 5061 1669 5126 septuagi‘
1698 5068 1744 5113 ta

175 5151 397 5220 quinque
424 5153 583 5204 milia
624 5160 833 5218 praeter
863 5149 1108 5217 regiones
1136 5148 1365 5201 humano
1391 5151 1571 5217 generi
1600 5150 1746 5203 inac-

175 5254 361 5295 ccssas.
397 5243 515 5297 Hoc
551 5242 778 5297 Solinus
805 5241 1061 5305 adseruit,
1089 5248 1140 5294 et
1178 5241 1457 5309 adtingnnt
1484 5257 1650 5311 usque
1680 5243 1745 5294 ad

173 5332 495 5400 £thiopiam
526 5347 631 5401 per
657 5341 865 5386 centutn
889 5331 1070 5399 viginti
1094 5342 1294 5398 septem
1320 5332 1562 5397 regiones
1583 5341 1750 5385 satra-

176 5437 314 5485 putn.
352 5423 503 5476 llaec
534 5429 670 5475 sunt
702 5421 1054 5474 habitationes
1101 5420 1380 5472 Persarum
1428 5422 1666 5488 gentium
1700 5429 1755 5472 et

170 5512 464 5567 Medorum.
498 5514 661 5567 Alius
698 5527 823 5563 vero
857 5511 1074 5564 Arl'axat
1099 5509 1285 5563 tertius
1317 5509 1455 5563 ﬁlius
1483 5510 1627 5571 Scin,
1661 5514 1749 5579 qui

170 5603 339 5656 dictus
365 5614 453 5657 est
480 5604 601 5657 Leo
635 5601 870 5660 veniens,
899 5608 1120 5665 quartus
1150 5614 1274 5651 vero
1303 5600 1413 5654 Lttd
1445 5601 1531 5670 qui
1564 5602 1755 5655 dicitur

169 5712 390 5753 nascens
418 5739 435 5763 ,
488 5694 719 5763 quintus
751 5693 922 5747 'Aram
962 5693 1049 5763 qui
1091 5691 1283 5747 dicitur
1312 5693 1468 5749 altus.
1520 5693 1593 5746 De
1642 5693 1756 5764 ipso

1858 4608 1994 4661 idest
2032 4606 2262 4669 inﬂatus,
2295 4606 2507 4674 quintus
2529 4605 2795 4668 Patrosin,
2820 4606 2959 4659 ide-t
2997 4607 3213 4671 crudus,
3243 4616 3427 4663 sextus

1859 4699 2129 4762 l'aslnnin,
2155 4698 2289 4750 idest
2322 4707 2598 4751 cornutus.
2630 4697 2703 4750 De
2732 4697 2848 4764 ipso
2878 4696 3125 4750 Caslonin
3155 4700 3264 4752 nati
3303 4709 3427 4754 sunt

1858 4788 2088 4844 Filistini
2120 4796 2172 4841 et
2196 4788 2527 4855 Chapterini.
2552 4789 2646 4842 Tct
2662 4791 2764 4841 tius
2786 4802 2913 4843 vero
2936 4788 3078 4840 ﬁlius
3101 4788 3268 4842 Chatn
3292 4788 3430 4843 l’hut

1864 4880 1954 4933 fuit
1986 4893 2177 4931 nomen
2207 4878 2344 4945 ejus,
2379 4878 2513 4931 idest
2558 4877 2845 4946 pellectus,
2879 4875 2965 4930 bic
2995 4891 3251 4946 nusquam
3278 4892 3426 4931 eom-

1860 4966 2060 5035 paruit;
2090 4975 2309 5035 quartus
2338 4981 2468 5018 vero
2494 4965 2731 5028 Chanan,
2759 4965 2895 5019 idest
2925 4965 3156 5019 adorans
3181 4966 3433 5034 iniquita-

1858 5066 1987 5121 tem,
2019 5073 2137 5109 nam
2168 5056 2267 5123 ipsi
2300 5055 2546 5109 Chanaan
2581 5057 2688 5109 nati
2716 5065 2836 5110 sunt
2868 5056 2957 5109 ﬁlii
2986 5056 3268 5121 undecim;
3314 5056 3425 5124 pri-

1858 5150 2070 5203 mitivus
2098 5146 2320 5213 Sidona,
2369 5148 2507 5202 idest
2553 5148 2715 5201 exivit
2763 5147 2814 5200 in
2857 5146 3117 5215 judicium
3157 5146 3425 5200 venatrix.

1858 5242 1932 5296 De
1960 5243 2061 5295 isto
2088 5241 2194 5293 nati
2224 5248 2348 5293 sunt
2368 5240 2733 5301 Sidonienses,
2759 5238 2899 5291 unde
2926 5236 3027 5291 fuit
3052 5237 3287 5298 Jezabel,
3312 5250 3431 5304 qua:

1859 5332 2068 5385 colebat
2099 5330 2295 5382 ilolutn
2347 5330 2741 5384 Sidoniensiuut
2793 5328 2949 5393 Daci,
2995 5327 3260 5380 secundus
3304 5340 3433 5380 vero

1861 5424 2135 5483 Cetthens,
2171 5421 2305 5473 idest
2332 5434 2588 5484 peccans;
2621 5420 2810 5471 tertius
2833 5419 3114 5483 .lebusens,
3142 5419 3277 5471 idest
3298 5431 3427 5470 con-

1863 5514 2031 5568 lusus.
2079 5512 2171 5563 llic
2216 5510 2499 5561 a-dilicat-it
2544 5508 2895 5570 Hierusalem,
2935 5516 3104 5575 pt‘Oplt
3128 5523 3213 5561 rea
3268 5505 3431 5559 Jebus

1860 5601 2001 5657 dicta
2033 5610 2113 5654 est
2144 5598 2435 5653 seenndum
2464 5612 2653 5649 nomen
2689 5597 2838 5665 ejus;
2870 5609 3089 5667 quartus
3120 5600 3427 5659 Amorreuc,

1867 5697 1999 5750 idest
2035 5688 2403 5754 biliahundus;
2448 5688 2660 5759 quintus
2699 5689 3049 5760 Gergesseus,
3092 5689 3227 5744 idest
3258 5687 3431 5745 credi-
