4000 6176
549 364 649 418 5‘27
1815 360 1992 416 ANON
2004 360 2119 415 YMI
2162 360 2431 417 AUCTOR
2442 362 2497 416 i5
3684 366 3771 420 5:28

550 488 668 543 tus;
699 484 880 531 sextus
926 474 1147 537 Evveus,
1201 471 1337 525 idest
1383 470 1629 535 coluber;
1682 473 1940 539 septimus
1985 474 2117 524 Aru-
2149 481 2196 530 Α
2228 473 2497 537 uuhiluut;
2552 491 2721 529 nouus
2765 474 2939 540 Soha,
2975 477 3109 529 idest
3161 478 3319 542 tolle,
3372 478 3527 539 veni;
3560 477 3777 531 decimus

550 583 699 633 ceus,
723 567 859 620 idest
888 567 1251 626 Seutomatus;
1279 573 1497 617 octavus
1518 564 1819 625 Asenneus,
1854 563 1995 615 idest
2021 579 2124 613 non
2236 560 2396 626 Ufcr,
2430 565 2561 616 idest
2610 565 2784 618 lumen
2826 566 3148 631 curationis;
3190 568 3501 622 undecimus
3548 567 3776 629 Evilath,

549 653 1923 726 cstejus;nonusAziriusidestiracundus,dccimus
1940 653 2128 707 Saina-
2233 653 2367 706 idest
2389 654 2610 708 ostende
2642 654 2781 719 hoc;
2823 655 3172 709 duodecimus
3202 655 3390 718 Johab,
3424 656 3476 710 id
3505 666 3584 710 ist
3611 672 3781 711 amans

552 763 673 803 reus
701 748 835 801 idest
861 745 1064 799 audivit
1082 758 1252 805 reum,
1284 741 1601 795 undecimus
1624 741 1959 804 Amattheus,
1991 739 2128 797 idest
2231 742 2419 798 Deum.
2459 744 2521 797 Hi
2552 752 2676 797 sunt
2717 744 2996 799 duodecim
3048 744 3141 798 ﬁlii
3164 746 3410 800 Jeetban.
3446 747 3511 799 Et
3553 746 3682 799 laeta
3711 760 3779 801 est

550 838 882 906 delinquens.
919 836 985 889 lli
1015 843 1139 889 sunt
1185 833 1277 886 lilii
1317 831 1566 886 Chanaan
1597 834 1866 886 undecim.
1913 834 1976 886 Et
2010 840 2129 899 post
2228 832 2662 886 commemoratio
2690 848 2821 887 coru
2844 853 2872 884 η
2902 849 2930 886 a
2955 834 3122 889 Masse
3149 850 3314 904 usque
3339 849 3447 904 quo
3482 836 3666 890 venias
3688 836 3758 889 ϐο

551 931 652 983 hoc
689 927 944 995 dispersa:
992 932 1118 978 sunt
1165 922 1335 977 tribus
1384 922 1817 987 Cliaaaneorum,
1865 931 1922 976 et
1976 922 2129 974 facta:
2230 920 2330 985 fer,
2361 938 2389 975 a
2420 932 2588 977 morte
2619 924 2817 978 Salma.
2855 925 2915 976 Et
2945 927 3190 991 regnavit
3225 944 3318 995 pro
3351 941 3416 979 eo
3440 926 3565 980 Saul
3595 943 3660 979 ex
3691 926 3773 979 llo

549 1027 673 1074 sunt
702 1015 832 1070 ﬁnes
867 1013 1275 1069 Chananeorum
1306 1026 1336 1065 a
1359 1010 1559 1067 S.done
1608 1023 1774 1079 usque
1802 1023 1907 1080 quo
1947 1010 2130 1064 venias
2230 1011 2356 1066 both
2378 1010 2590 1066 civitate
2612 1028 2729 1081 quae
2752 1012 3001 1081 estiusta
3024 1014 3243 1068 ﬁumen.
3272 1014 3509 1068 Mortuus
3525 1023 3607 1068 est
3622 1024 3768 1068 aut-1!

549 1121 579 1161 λ
602 1105 799 1162 Gerara
828 1113 883 1159 et
918 1103 1078 1168 Gaza,
1120 1100 1406 1165 Ascalona,
1443 1099 1635 1165 Azotu,
1673 1106 1725 1152 ct
1754 1098 1913 1163 Geth,
1958 1108 2011 1151 et
2042 1111 2129 1152 us-
2230 1101 2383 1169 Saul,
2416 1110 2471 1157 et
2521 1103 2762 1172 regnavit
2808 1118 2903 1172 pro
2952 1119 3017 1158 eo
3061 1106 3314 1160 Ballenon
3364 1104 3503 1159 ﬁlius
3530 1106 3765 1172 Aguobor

547 1213 649 1270 que
669 1213 775 1268 quo
804 1196 986 1251 venias
1015 1193 1266 1261 Sodoma,
1298 1202 1353 1247 et
1373 1191 1658 1253 Gomorra,
1690 1190 1913 1251 Adama,
1947 1198 1998 1242 et
2027 1188 2123 1244 Se-
2229 1192 2467 1246 Mortuus
2503 1203 2584 1246 est
2608 1202 2782 1246 autem
2816 1192 3067 1247 Ballenon
3088 1202 3142 1247 et
3180 1193 3421 1262 regnavit
3450 1207 3547 1259 pro
3568 1206 3633 1246 eo
3658 1192 3781 1246 Ατεά

551 1289 693 1355 boin,
727 1296 783 1342 et
830 1299 995 1355 usque
1032 1284 1242 1346 Laban,
1269 1297 1388 1351 qua:
1414 1280 1607 1335 dicitur
1640 1278 1829 1349 Segor,
1861 1279 1949 1333 ubi
1992 1294 2125 1333 con-
2232 1282 2372 1336 ﬁlius
2400 1281 2591 1348 Barad,
2626 1292 2679 1337 et
2709 1298 2899 1337 nomen
2950 1285 3181 1338 civitatis
3211 1285 3324 1351 eius
3362 1282 3574 1351 Fogor;
3607 1296 3782 1336 nomen

549 1381 753 1449 fugerat
777 1376 913 1431 Loth
945 1383 997 1431 et
1023 1374 1089 1429 ad
1117 1387 1327 1428 omnem
1360 1382 1555 1427 terram
1578 1369 1854 1427 Chanaan.
1910 1371 1975 1424 lli
2014 1379 2125 1424 tur-
2230 1382 2312 1428 est
2342 1375 2519 1428 uxoris
2544 1374 2660 1441 ejus
2702 1374 2926 1429 Metebcl
2977 1373 3083 1429 ﬁlia
3126 1374 3329 1427 Matrab
3359 1374 3453 1426 ﬁlii
3507 1373 3703 1427 Mezob.
3730 1372 3784 1425 Et

551 1485 662 1526 rem
689 1468 1088 1523 tediﬁcavcrant
1108 1482 1174 1520 ex
1199 1465 1457 1521 lateribus
1479 1464 1671 1530 coctis,
1703 1473 1759 1519 et
1786 1463 2025 1517 bitumen
2050 1464 2129 1517 eis
2231 1462 2283 1515 lii
2312 1463 2473 1518 duces
2501 1478 2686 1518 eorum
2705 1503 2720 1529 ,
2752 1463 2992 1518 Theman
3013 1504 3028 1529 ,
3070 1463 3250 1527 Galla,
3289 1463 3512 1531 Jephte,
3545 1462 3779 1526 Telimas,

552 1559 719 1616 luerat
752 1573 845 1627 pro
872 1558 1002 1612 luto.
1035 1557 1101 1610 Et
1135 1556 1209 1611 ibi
1251 1554 1492 1609 confudit
1515 1553 1657 1607 Deus
1686 1553 1892 1623 linguas
1918 1567 2123 1615 eorum,
2232 1554 2382 1621 Elas,
2418 1555 2600 1624 I’ynon
2622 1595 2637 1621 ,
2668 1555 2906 1611 chethz
2926 1597 2941 1621 ,
2974 1555 3234 1622 Tlicmna,
3278 1555 3453 1609 Μηρι-
3477 1596 3492 1619 ,
3523 1553 3781 1622 Magedicl,

553 1660 608 1705 ut
629 1649 773 1720 quod
800 1649 917 1718 quis
946 1646 1247 1717 postulabat
1270 1659 1374 1699 non
1408 1645 1508 1699 hoc
1537 1644 1827 1712 acciperet.
1859 1642 1968 1698 Hoc
1994 1652 2127 1697 tem~
2232 1642 2411 1707 Eram,
2446 1641 2662 1699 Fazoin.
2698 1644 2759 1697 Ili
2783 1645 2948 1699 duces
2984 1643 3150 1697 Edom
3189 1643 3240 1697 in
3282 1652 3422 1698 terra
3453 1642 3783 1712 possessionis

553 1741 772 1808 poribus
794 1739 933 1793 Eber
965 1738 1159 1791 factum
1189 1744 1288 1800 est,
1330 1734 1472 1791 unde
1504 1734 1686 1805 lingua
1728 1734 1942 1790 hebriea
1984 1737 2124 1788 dcta
2230 1750 2439 1792 eurum.
2475 1737 2570 1792 Hic
2608 1745 2691 1791 est
2720 1736 2858 1790 Esau
2888 1737 2977 1805 qui
3021 1736 3195 1790 dictus
3243 1745 3326 1790 est
3354 1735 3557 1799 Edom,
3589 1744 3782 1802 propter

552 1842 653 1901 est,
685 1830 974 1885 secundum
1003 1829 1275 1884 Hebrteos.
2160 1824 2204 1883 Β
2231 1826 2531 1881 aviditatem
2559 1841 2734 1892 escae,
2767 1841 2862 1895 pro
2890 1841 2992 1896 qua
3020 1839 3143 1879 suos
3176 1825 3432 1893 primatus
3462 1823 3639 1878 amisit
3666 1824 3780 1875 dum

762 1920 1024 1989 Incipiunt
1048 1920 1391 1990 gamrationcs
1417 1916 1607 1989 Japlite
1636 1917 1733 1987 ﬁlii
1775 1917 1902 1974 Noe.
2226 1918 2408 1972 ederet
2453 1914 2753 1972 lenticulam
2792 1933 2912 1972 cum
2939 1919 3006 1973 de
3035 1917 3157 1973 frito
3204 1930 3409 1973 coctam
3461 1919 3561 1973 hoc
3605 1920 3781 1971 nomen

622 2013 835 2067 Tertius
860 2027 990 2067 vero
1018 2011 1155 2064 ﬁlius
1196 2010 1306 2064 Noe
1336 2011 1548 2064 nomine
1574 2008 1785 2078 Japhet,
1817 2009 1904 2077 qui
1936 2007 2123 2062 dila‘io
2227 2013 2454 2081 accepit.
2483 2010 2605 2064 llaec
2632 2018 2711 2065 est
2739 2025 2891 2079 gens,
2924 2026 3042 2078 qua:
3064 2010 3291 2066 exclusit
3315 2010 3604 2066 Chorreos.

555 2106 951 2171 interpretatur.
987 2101 1119 2156 lIuic
1148 2109 1264 2155 erat
1304 2116 1438 2155 uxor
1466 2102 1681 2156 nomine
1733 2101 1897 2170 Ruth,
1932 2116 1995 2156 ex
2027 2100 2126 2153 hac
2581 2102 2649 2156 Et
2684 2106 2790 2157 [nec
2822 2113 2891 2156 est
2931 2120 3049 2173 gens
3080 2103 3439 2157 Chorreorum.

554 2194 736 2263 genuit
780 2190 1104 2261 primitivum
1157 2191 1383 2257 Gamer,
1439 2189 1575 2243 idest
1622 2204 1943 2244 tnensuram.
1995 2190 2126 2244 lluic
2297 2192 2516 2262 Septem
2546 2193 2686 2247 enim
2720 2192 2931 2246 fuerunt
2967 2192 3056 2245 lilii
3109 2192 3209 2247 Ser
3255 2191 3439 2246 Corrci
3487 2198 3542 2245 et
3586 2199 3786 2258 nepotes

554 2293 706 2337 erant
728 2282 969 2347 ﬁliitres,
992 2280 1288 2348 primitivus
1311 2279 1525 2334 nomine
1547 2279 1813 2349 Agganaz,
1838 2278 1973 2333 ideSt
1994 2280 2127 2348 ignis
2233 2283 2393 2336 XXII.
2424 2294 2475 2337 et
2509 2282 2608 2336 ista
2649 2283 2863 2335 nomina
2895 2297 3123 2347 eorum;
3179 2282 3484 2350 primitivus
3531 2280 3722 2335 Lothan
3740 2289 3788 2334 et

556 2374 786 2438 ardens,
835 2371 1098 2427 secundus
1129 2370 1291 2436 Rifat,
1321 2369 1460 2424 idest
1500 2369 1631 2423 visio
1678 2369 1907 2433 fervens,
1941 2370 2128 2423 tertius
2232 2373 2324 2426 ﬁli
2375 2374 2492 2441 ejus
2534 2373 2699 2426 Eman
2732 2381 2785 2426 et
2828 2371 3039 2426 Chorri.
3097 2372 3376 2426 Secundus
3427 2371 3588 2425 Sobal
3631 2381 3681 2424 et
3707 2369 3789 2423 ﬁlii

557 2464 815 2532 Zhargam
843 2461 982 2516 idest
1016 2461 1279 2515 uberatio.
1330 2459 1609 2514 Secundus
1637 2474 1766 2514 vero
1816 2458 1954 2513 ﬁlius
1991 2459 2131 2513 Jalet
2231 2467 2347 2535 ejus
2376 2480 2492 2531 sex,
2524 2466 2699 2530 colla,
2733 2466 3094 2530 Mauachacai,
3118 2463 3293 2521 Gelu,
3335 2464 3522 2527 solun,
3553 2474 3606 2517 et
3634 2464 3788 2517 Onau.

559 2555 741 2621 Magog
786 2552 882 2605 fuit
925 2565 1116 2604 nomen
1160 2551 1312 2619 eius;
1347 2550 1432 2604 hic
1478 2549 1712 2604 obtinuit
1741 2548 2125 2619 Pamphyliam.
2235 2557 2329 2611 llic
2358 2566 2439 2610 est
2460 2556 2623 2620 Onas,
2652 2557 2739 2624 qui
2769 2556 2973 2609 invenit
2999 2556 3236 2608 Laminir
3258 2555 3308 2607 in
3336 2568 3520 2607 eremo
3548 2553 3669 2606 Elas
3685 2566 3788 2605 cum

560 2643 770 2696 Tertius
798 2654 923 2695 vero
960 2640 1160 2694 Madias
1186 2678 1200 2703 ,
1232 2639 1318 2694 hic
1347 2639 1574 2693 obtinuit
1604 2640 1860 2693 Pariiam.
1900 2640 2131 2706 Quartus
2236 2653 2477 2713 pasceret
2516 2645 2752 2712 juinenta
2799 2644 3043 2712 Sebegnn
3087 2644 3255 2712 patris
3293 2643 3401 2696 sui.
3431 2643 3659 2709 Quartus
3699 2642 3788 2694 Au-

561 2728 807 2797 Lotham,
844 2731 927 2786 hic
956 2730 1184 2786 obtinuit
1216 2729 1519 2795 Graeciam;
1567 2730 1653 2783 hic
1680 2739 1763 2785 est
1794 2739 1944 2798 pater
1973 2731 2131 2799 Syro-
2236 2751 2380 2801 nam,
2415 2744 2468 2789 et
2496 2735 2588 2788 ﬁlii
2633 2735 2748 2802 ejus
2779 2734 2916 2799 duo,
2952 2735 3125 2787 Deson
3156 2741 3209 2786 et
3251 2732 3510 2786 Elibathe.
3557 2729 3789 2783 Filiorum

560 2840 680 2878 rum
709 2822 1131 2887 Palmstinoxum,
1164 2828 1217 2875 et
1240 2820 1307 2875 de
1334 2820 1448 2889 ipso
1474 2819 1581 2873 nati
1607 2827 1731 2873 sunt
1758 2820 1846 2873 ﬁlii
1875 2831 2131 2889 quatuor:
2236 2835 2413 2878 autem
2458 2824 2631 2878 Deson
2663 2826 2794 2878 haec
2832 2831 2956 2878 sunt
2983 2822 3219 2889 nomina,
3250 2831 3522 2890 quattuor.
3555 2818 3788 2881 Emadan,

558 2914 867 2985 primitivus
893 2913 1031 2967 Elisa
1054 2953 1069 2977 ,
1101 2912 1236 2967 idest
1273 2912 1338 2966 ad
1369 2926 1455 2966 me
1476 2911 1621 2966 veni.
1656 2910 1934 2964 Secundus
1962 2910 2134 2963 Tltar-
2239 2916 2439 2978 Asban,
2470 2914 2670 2968 Tltasra
2693 2957 2706 2981 ,
2752 2921 2809 2968 et
2837 2912 3095 2967 Cliorram
3117 2952 3131 2975 ,
3169 2922 3388 2981 quartus
3435 2912 3605 2973 Arari,
3629 2918 3681 2962 et
3714 2907 3791 2960 liii

562 3007 658 3067 eis,
695 3004 829 3059 idest
857 3003 1150 3071 gladiator,
1185 3001 1267 3055 hic
1295 3000 1571 3056 aediﬁcavit
1611 3000 1880 3055 civitatem
1922 3001 2138 3055 nomine
2241 3006 2358 3074 ejus
2379 3015 2654 3075 quattuor,
2690 3004 2948 3069 Emadan,
2972 3002 3415 3067 Asban,Thasra,
3435 3010 3491 3055 et
3518 2999 3789 3059 Cborraiu;

548 3093 789 3157 .‘i‘harso,
830 3092 1119 3147 secundum
1154 3105 1345 3145 nomen
1384 3105 1561 3158 suum,
1596 3092 1646 3144 in
1679 3106 1782 3159 qua
1814 3090 2023 3144 volebat
2056 3090 2135 3143 l'uo
2243 3105 2425 3150 sextus
2453 3102 2611 3151 Asam
2635 3138 2649 3163 ,
2676 3106 2727 3149 et
2762 3094 2853 3147 ﬁlii
2891 3094 3008 3163 ejus
3050 3101 3295 3161 quatuor,
3330 3092 3506 3145 Balam
3531 3131 3545 3155 ,
3586 3089 3788 3150 Zucam,

540 3202 691 3253 .gere
716 3187 849 3241 Jona
879 3201 909 3240 a
940 3185 1071 3240 facie
1103 3184 1329 3239 Domini.
1359 3184 1572 3240 Tertius
1602 3182 1726 3249 Citi,
1752 3184 1890 3238 idest
1921 3182 2140 3236 calcabo
2165 3166 2210 3226 (ἶ
2243 3185 2437 3241 Juscha
2469 3195 2521 3241 et
2550 3184 2783 3240 luscum
2810 3201 2824 3249 ;
2857 3185 3116 3251 septimus
3143 3181 3327 3243 Rison,
3354 3190 3406 3233 et
3447 3180 3540 3233 ﬁlii
3568 3178 3678 3246 ejus
3704 3177 3791 3228 duo

568 3287 643 3332 te.
685 3278 913 3343 Quartus
943 3274 1079 3328 Rodi
1099 3314 1113 3335 ,
1157 3274 1293 3329 idest
1322 3274 1735 3329 condemnatus.
1768 3272 1847 3351 Ab
1889 3272 1972 3326 bis
2000 3271 2141 3325 desi-

2244 3279 2319 3333 Oe
2346 3286 2401 3332 et
2426 3278 2629 3331 Arranh
2654 3316 2668 3340 ,
2698 3277 2748 3330 lii
2774 3285 2895 3330 sunt
2926 3275 3013 3329 ﬁlii
3038 3276 3158 3330 Seir
3186 3273 3408 3328 Chi-rrei
3446 3271 3555 3325 \'ll.
3582 3280 3635 3324 et
3664 3282 3791 3322 soror

568 3378 744 3437 gnatae
773 3374 897 3420 sunt
919 3364 1104 3418 insulae
1134 3364 1367 3433 gentium
1405 3364 1457 3417 in
1487 3374 1629 3417 terra
1658 3362 1892 3425 illorum,
1919 3370 1973 3416 et
2002 3361 2141 3415 feve-

2243 3382 2431 3423 corum
2454 3367 2715 3434 Tliamiia,
2745 3375 2797 3421 et
2822 3375 3041 3433 nepotes
3070 3363 3231 3418 XXII.
3280 3363 3423 3416 Haec
3445 3370 3529 3415 est
3557 3376 3681 3430 gens
3705 3358 3790 3411 Zo-

574 3465 698 3509 runt
725 3455 823 3509 sibi
846 3468 1149 3509 sermonem
1193 3454 1552 3520 unusquisque
1582 3453 1633 3506 in
1664 3465 1762 3504 suo
1790 3465 1984 3518 genere
2003 3460 2059 3504 et
2088 3451 2139 3503 in

2242 3459 2443 3521 20min,
2463 3473 2619 3526 quam
2643 3457 2902 3526 disperdit
2927 3457 3065 3510 Esau
3092 3471 3119 3508 a
3149 3456 3279 3509 faeie
3302 3469 3395 3507 sua
3417 3453 3484 3506 de
3513 3463 3651 3507 terra
3673 3451 3791 3509 Seir,

572 3546 686 3599 suis
706 3543 974 3611 gentibus.
1007 3543 1231 3608 Quintus
1261 3541 1399 3595 ﬁlius
1437 3540 1577 3594 lafet
1611 3541 1749 3594 Elisa
1781 3541 1971 3604 d'iCIUS,
2006 3542 2142 3595 itiESl
2244 3558 2301 3604 ιιι
2331 3550 2633 3617 possideret
2662 3563 2778 3601 eam
2800 3588 2814 3611 ,
2838 3557 2890 3600 ει
2921 3546 3045 3600 facli
3076 3554 3199 3599 sum,
3227 3545 3567 3599 Gabaonime‘
3591 3543 3705 3597 dum
3732 3540 3790 3591 [uo

560 3635 637 3688 ad
669 3649 753 3688 me
782 3633 996 3688 venisti.
1022 3634 1214 3686 Sextus
1245 3631 1486 3697 Tbober,
1530 3632 1666 3685 idest
1693 3633 1941 3686 uberans.
1968 3633 2140 3701 Septi-

2243 3650 2430 3712 gerent
2472 3656 2498 3693 a
2529 3641 2661 3694 facie
2691 3640 2805 3706 eius
2836 3638 2937 3693 hoc
2979 3637 3030 3691 in
3058 3637 3278 3691 .lhesum
3304 3635 3440 3688 idest
3481 3641 3729 3688 servatus.
3760 3628 3790 3680 li

566 3738 689 3777 mus
718 3722 882 3777 Moise
923 3722 1060 3776 idest
1098 3722 1424 3789 sagittarius.
1473 3722 1705 3777 Octavus
1742 3723 1932 3778 Thiras
1959 3764 1973 3790 ,
2006 3725 2141 3778 idest

2244 3742 2365 3786 sunt
2391 3740 2617 3801 quatuor
2665 3729 2758 3782 ﬁlii
2800 3729 3031 3781 lsachar.
3066 3726 3323 3780 Filiorum
3360 3732 3538 3776 autem
3579 3718 3790 3774 Zabulon

560 3813 850 3866 lanciator.
881 3812 942 3864 Ili
969 3810 1309 3878 Kartagiuem
1343 3810 1683 3865 obtinuerunt
1711 3812 2001 3866 secundum
2042 3828 2139 3865 au-

2244 3823 2375 3877 haec
2395 3832 2517 3876 sunt
2539 3820 2751 3873 nomina
2774 3834 2983 3883 eorum,
3007 3814 3310 3886 primitivus
3336 3812 3534 3874 Seder,
3563 3810 3689 3863 idest
3714 3807 3790 3859 do-

569 3904 733 3957 ctoris
763 3902 983 3955 dictum.
1019 3900 1161 3971 Tyrii
1202 3911 1401 3955 tenuere
1430 3902 1615 3955 coloni.
1646 3902 1880 3975 Kartago
1908 3904 2025 3957 urbs
2048 3921 2142 3957 an-
2241 3921 2396 3975 eius;
2452 3910 2720 3964 secundus
2767 3909 2957 3971 Anon,
3003 3906 3143 3960 idest
3191 3902 3583 3970 sempiternus;
3632 3895 3788 3950 Mlius

571 3997 712 4066 tiqua
744 3996 859 4063 fuit,
890 3995 1071 4062 utique
1098 3994 1377 4063 Tyrorum.
1410 3992 1471 4046 Ili
1503 4004 1623 4046 sunt
1651 4004 1772 4048 octo
1819 3995 1910 4048 lilii
1940 3995 2135 4062 Jafelh,
2243 4001 2390 4068 Scin,
2417 4000 2552 4053 idest
2582 4000 2840 4053 nubilum.
2885 3997 2947 4051 lli
2995 4006 3102 4049 tres
3130 3995 3225 4047 ﬁlii
3271 3990 3532 4045 Zabulon.
3560 3997 3614 4043 et
3650 3986 3791 4041 Dinae

572 4095 793 4154 nepotes
811 4084 941 4138 Noe.
976 4083 1075 4151 Ipsi
1107 4082 1449 4136 obtinuerunt
1472 4082 1841 4152 Pampliiliam,
1871 4083 2138 4139 Parthiam

2244 4093 2335 4146 ﬁlii
2355 4108 2460 4146 non
2490 4102 2610 4145 Sunt
2639 4088 2766 4143 nati.
2796 4088 2914 4142 Filii
2936 4095 3110 4140 autem
3142 4084 3253 4140 (iad
3286 4082 3394 4136 VII.
3431 4082 3565 4134 haec
3586 4086 3699 4132 sunt
3719 4088 3789 4127 na-

572 4188 626 4231 ct
654 4191 866 4230 omnem
896 4175 1152 4231 Graiciam
1176 4216 1189 4237 ,
1224 4173 1446 4227 Rodiam
1485 4182 1538 4229 et
1566 4174 1754 4229 Citium
1790 4192 1803 4228 :
1832 4176 1954 4231 inde
1983 4176 2143 4229 Rodi-
2243 4185 2384 4236 mina
2407 4196 2615 4245 eorum,
2641 4179 2827 4240 Sofan,
2856 4179 3052 4247 AngeS,
3078 4175 3293 4237 Saunis,
3319 4173 3522 4234 Soban,
3545 4179 3597 4223 et
3620 4169 3712 4223 lsm
3741 4178 3786 4218 θ·

569 4267 693 4331 citi,
726 4263 1017 4319 Mazianitze
1059 4278 1179 4318 cum
1221 4262 1736 4333 Kartaginiensibus,
1778 4274 1833 4319 et
1872 4266 2141 4320 Tharsen-
2244 4273 2307 4326 lis
2328 4271 2621 4335 etAriolis,
2661 4272 2711 4322 ili
2745 4277 2868 4323 sunt
2917 4274 3121 4334 septem
3164 4264 3256 4317 lilii
3300 4262 3437 4315 Gad.
3478 4260 3595 4315 Filii
3636 4264 3785 4309 autem

571 4357 741 4410 εῖιηιει·
2244 4369 2376 4417 Aser
2420 4362 2472 4416 lii
2513 4369 2666 4426 sunt,
2715 4369 2769 4414 et
2828 4359 2957 4413 haec
2997 4358 3211 4411 nomina
3258 4369 3443 4409 eorum
3474 4370 3487 4405 :
3523 4349 3786 4420 primitivus

638 4446 828 4519 Incpit
868 4445 1219 4500 rememoratio
1260 4445 1404 4500 Salo:
1429 4445 1622 4516 nepotis
1664 4444 1785 4498 Sent
1808 4444 1906 4513 ﬁlii
1938 4444 2067 4497 Νοϐο
2173 4513 2209 4519 Α
2243 4457 2458 4517 Senum,
2489 4454 2622 4508 idcsi
2662 4463 3006 4516 numeratus;
3038 4450 3303 4505 secundus
3334 4450 3526 4509 Sesua,
3563 4446 3689 4500 idest
3713 4456 3782 4511 pe-

641 4513 942 4591 ιῖθάέδηὶυθ
970 4536 1033 4590 ad
1064 4537 1182 4590 S313
1215 4546 1461 4604 ηθῐιοῑθηὶ
1490 4513 1614 4591 εοηι
1641 4536 1731 4589 {illi
1761 4536 1893 4590 Νυθ·
1921 4537 2035 4603 Illse
2058 4545 2140 4589 εει
2172 4513 2221 4572 D
2250 4556 2406 4609 ttus;
2432 4513 2618 4599 tertius
2644 4543 2811 4608 Zievi,
2846 4544 2975 4597 ideSI
2995 4513 3173 4595 honor
3193 4554 3371 4602 meus;
3396 4548 3615 4606 quartus
3640 4533 3777 4589 naria,

567 4628 689 4684 Sala
720 4629 807 4695 qui
840 4626 970 4680 vixit
995 4628 1147 4679 annis
1174 4637 1385 4679 centum
1423 4628 1801 4696 quinquaginta
1834 4626 1941 4680 VII.
1975 4635 2140 4696 etge-
2248 4636 2384 4689 idest
2415 4642 2621 4704 petens,
2654 4642 2708 4688 et
2749 4647 2902 4687 soror
2932 4634 3046 4701 ejus
3086 4632 3237 4691 Sara,
3278 4631 3436 4683 idest.
3484 4628 3547 4681 lli
3575 4635 3688 4682 sunt
3712 4622 3781 4673 ﬁlii

570 4721 685 4772 nuit
711 4718 871 4781 Ebcr,
902 4725 956 4771 et
985 4717 1114 4769 vixit
1139 4725 1412 4784 pestquam
1455 4717 1637 4786 genuit
1662 4717 1800 4771 Eber
1830 4717 1981 4770 annis
2012 4733 2140 4786 qua-

2249 4731 2383 4783 A~er
2409 4737 2655 4796 quatuor,
2691 4734 2745 4780 et
2774 4738 2927 4779 soror
2972 4738 3178 4777 eorum.
3206 4722 3320 4775 Filii
3344 4729 3524 4774 autem
3554 4718 3719 4771 Barine
3740 4712 3781 4763 hi

570 4807 866 4876 dringcntis
900 4822 1025 4859 xxx.
1052 4816 1104 4860 et
1130 4815 1370 4860 mortuus
1400 4816 1510 4861 est:
1542 4807 1629 4876 qui
1656 4808 1791 4862 Eber
1823 4808 1957 4861 vixit
1985 4808 2139 4865 annis
2174 4876 2179 4881 _
2248 4825 2375 4873 sunt
2401 4817 2528 4883 duo,
2560 4827 2613 4870 et
2640 4815 2771 4870 haec
2797 4814 3009 4868 nomina
3036 4828 3220 4865 eorum
3250 4827 3261 4863 :
3292 4810 3539 4877 Cliober,
3573 4808 3652 4861 ide
3680 4816 3783 4857 te!-

571 4910 783 4952 centum
825 4896 1171 4965 quadraginta
1210 4905 1468 4964 quatuor,
1503 4905 1553 4950 et
1584 4898 1765 4964 genuit
1794 4897 1931 4951 ﬁlios
1961 4898 2094 4953 duos
2122 4915 2138 4964 ;

2249 4920 2540 4975 superans;
2565 4913 2618 4958 et
2646 4904 2913 4959 secundus
2936 4901 3201 4969 Melchiel,
3238 4900 3375 4954 idest
3401 4899 3596 4952 missus
3621 4912 3647 4948 a
3678 4896 3781 4952 Dea.

571 4988 892 5058 primitivum
918 4988 1128 5040 nomine
1156 4986 1371 5050 Falech,
1390 4987 1526 5040 idest
1549 4987 1791 5052 partitus.
1817 4987 1992 5053 Quare
2016 5003 2137 5056 par-
2246 4998 2298 5051 lii
2324 4997 2430 5051 duo
2459 4996 2550 5050 ﬁlii
2583 4996 2791 5049 Bariae.
2832 4994 2963 5049 Nam
3010 4994 3241 5047 ﬁliorum
3270 4991 3471 5059 Juseph
3512 5006 3578 5044 ex
3610 4994 3785 5041 Asetine

571 5078 741 5133 titus?
768 5079 889 5147 quia
914 5076 1011 5130 sub
1042 5078 1157 5142 ipso
1201 5075 1354 5129 divisi
1393 5084 1517 5129 sunt
1548 5076 1639 5129 lilii
1671 5086 1726 5131 et
1751 5088 1973 5147 nepotes
2004 5081 2135 5134 Noe.

2244 5105 2309 5145 ex
2339 5089 2444 5143 ﬁlia
2476 5089 2714 5143 Petelres
2744 5089 2795 5142 hi
2822 5095 2965 5150 sunt,
2994 5096 3047 5140 et
3070 5088 3201 5141 haec
3228 5086 3439 5139 nomina
3473 5099 3673 5144 eorum,
3698 5078 3785 5132 lla-

570 5167 850 5226 δεουιιάιιε
894 5182 1018 5220 vero
1055 5166 1197 5220 ﬁlius
1242 5165 1383 5219 Eber
1403 5206 1417 5230 ,
1458 5166 1604 5221 Jecta
1653 5168 1822 5222 diClllS
1854 5180 1933 5224 est
1956 5210 1971 5235 ,
2003 5169 2140 5225 idest
2244 5196 2450 5243 "asses,
2485 5180 2620 5235 idest
2651 5180 2849 5234 oblivio
2872 5225 2881 5235 _
2912 5188 2964 5233 ει
2992 5177 3151 5232 Efren
3192 5178 3277 5246 qui
3303 5177 3498 5230 dicitur
3528 5176 3693 5231 Satns,
3721 5170 3780 5220 EX

570 5262 815 5328 pusillus.
865 5258 997 5311 Ilufc
1036 5266 1189 5311 erant
1230 5256 1319 5308 ﬁlii
1360 5256 1668 5321 duodecim;
1712 5260 2009 5327 primitivus
2042 5275 2137 5314 tro-

2215 5333 2218 5337 ,
2243 5272 2491 5326 Manasse
2516 5272 2622 5325 nati
2670 5279 2795 5325 sunt
2834 5271 3034 5324 Machir
3053 5312 3065 5333 ,
3096 5269 3235 5322 illest
3261 5270 3533 5333 venditus,
3560 5276 3611 5318 et
3633 5258 3780 5318 Gaad.

568 5352 712 5407 tuine
740 5350 1039 5413 Ehnodam,
1070 5348 1206 5403 idest
1234 5348 1490 5416 agitatus;
1521 5350 1783 5403 secundus
1806 5350 1967 5416 Salel,
2002 5351 2139 5405 idest
2243 5362 2379 5416 idest
2409 5360 2800 5415 testimonium;
2832 5359 2956 5414 inde
3000 5370 3153 5413 "aius
3191 5366 3279 5411 est
3318 5358 3473 5422 sust,
3510 5365 3564 5410 ει
3588 5355 3649 5408 de
3685 5350 3764 5403 Sus

570 5444 868 5507 aiienatus;
926 5442 1113 5497 tertius
1166 5442 1452 5508 Sarmoth,
1508 5440 1643 5497 idest
1683 5443 1872 5498 d'omus
1915 5446 2133 5509 mortis;

2244 5463 2398 5508 natus
2425 5462 2505 5508 est
2529 5452 2695 5507 Gaddi
2719 5493 2733 5517 ,
2766 5452 2854 5521 qui
2884 5453 3077 5506 missus
3095 5459 3211 5505 erat
3240 5465 3267 5503 a
3300 5450 3482 5519 Moyse
3510 5457 3564 5501 ut
3593 5446 3777 5499 Terram

572 5545 788 5607 quartus
834 5534 1067 5599 Seruch,
1114 5533 1248 5588 idest
1278 5532 1530 5599 visibilis;
1580 5532 1797 5604 quintus
1839 5534 2095 5590 OtiOI‘I‘CIII
2116 5573 2132 5598 ,
2243 5544 2613 5614 promissionis
2646 5544 2992 5613 prospiceret.
3021 5542 3086 5596 Et
3120 5543 3186 5595 de
3220 5540 3380 5595 Effci]
3429 5539 3536 5592 nali
3565 5542 3676 5591 sunt
3699 5529 3776 5583 lii'

573 5630 708 5683 idest
728 5629 858 5682 satis
889 5625 1051 5679 altum
1078 5639 1091 5688 ;
1116 5634 1295 5679 sextus
1320 5626 1510 5692 Azaer,
1534 5625 1671 5681 idest
1695 5626 1853 5691 levis;
1880 5628 2137 5694 septimus
2242 5636 2489 5690 suthalan
2508 5677 2522 5701 ,
2559 5636 2698 5690 idest
2733 5636 2965 5703 dignitas
2990 5633 3298 5703 Apostolica
3319 5672 3333 5697 ,
3362 5642 3416 5686 et
3440 5631 3638 5692 Thaan,
3665 5622 3779 5676 idest

568 5721 762 5773 Declax
784 5760 797 5785 ,
840 5718 978 5774 idest
1006 5728 1149 5773 trans
1197 5717 1281 5772 hic
1309 5734 1322 5783 ;
1352 5729 1573 5793 octavus
1613 5719 1920 5774 Abimelcch
1949 5761 1961 5785 ,
1999 5720 2134 5777 idest
2206 5796 2211 5807 ι
2239 5727 2509 5795 nubilum;
2541 5737 2592 5784 ει
2622 5729 2685 5785 de
2716 5728 2972 5785 suumn"
3006 5738 3161 5783 "aius
3191 5736 3273 5782 esi
3304 5725 3493 5790 ﬁdem,
3518 5722 3643 5778 idest
3666 5727 3779 5770 tem-
