4000 6176
202 299 296 355 529

1091 297 1178 352 DE
1216 292 1665 353 GENEALUGIIS
1705 292 2288 352 PATRIARCHARUM
2328 296 2551 352 LIBER.

3332 303 3434 357 530

200 417 359 484 plum.
398 416 494 469 llic
522 414 701 484 genuit
746 413 920 479 Ause,
952 423 1004 467 et
1036 414 1176 469 Ause
1222 412 1402 483 genuit
1431 410 1639 473 Navve,
1672 408 1760 475 qui
1792 409 1835 465 Α
1867 421 2032 461 nurus
2080 408 2357 463 Noemmin
2383 448 2401 476 ,
2432 424 2550 478 qua:
2595 409 2692 464 fuit
2733 425 2865 466 uxor
2912 411 3131 468 Chellon
3164 414 3257 471 ﬁlii
3292 417 3429 486 ejus.

199 505 387 558 .Ihesus
417 505 589 573 appr-ll
628 514 713 558 tus
738 512 838 557 est.
864 502 993 557 Ossa
1026 513 1200 556 autem
1225 501 1419 570 .Ioseph
1448 513 1628 552 secum
1662 498 1765 550 im-

201 606 486 663 posuerunt
518 594 632 648 Filii
677 594 835 648 Israel
865 595 931 646 ab
955 594 1201 664 Aigypto,
1238 594 1375 647 idest
1395 595 1461 648 de
1493 605 1631 649 terra
1664 595 1766 665 Sy-

199 685 368 748 t-hem,
404 693 459 737 et
488 692 782 753 posuerunt
820 698 879 737 ea
931 682 982 736 in
1031 683 1293 753 Sychimis
1335 687 1385 737 in
1435 687 1764 753 portiuncula

197 774 323 837 agri,
348 788 510 841 quam
540 773 777 840 possedit
823 772 986 826 Jacob
1010 772 1075 825 ab
1106 774 1395 837 Antnrreis,
1424 774 1513 842 qui
1561 774 1766 828 inhabi-

199 859 379 913 tabant
410 860 657 929 Sychima
697 861 845 929 agnis
896 868 1131 913 centum.
1179 860 1293 914 Hoc
1341 862 1393 914 in
1433 861 1590 915 linem
1647 861 1765 914 libri

196 950 356 1003 .lhesu
382 949 533 1002 Nave
558 949 804 1017 legimus,
834 958 889 1003 et
913 949 1059 1002 dedit
1086 964 1200 1003 eam
1232 948 1429 1018 Joseph
1454 949 1505 1003 iu
1541 950 1767 1017 particu-

197 1040 314 1101 lam,
342 1046 402 1092 et
431 1038 570 1092 unde
594 1052 878 1105 possumus
899 1039 1123 1106 probare
1155 1038 1255 1092 loci
1276 1038 1390 1106 ejus
1418 1038 1763 1107 sepulturam,

197 1127 522 1196 proferimus
542 1127 808 1191 Genesen,
837 1137 888 1182 et
914 1128 1273 1195 inveniemus,
1291 1128 1456 1183 Jacob
1485 1129 1693 1183 venisse
1715 1131 1767 1182 in

196 1219 420 1271 atteram
445 1217 712 1270 civitatem
744 1216 1071 1287 Sychimam,
1099 1234 1233 1287 quae
1265 1226 1347 1273 est
1382 1218 1432 1271 in
1456 1226 1595 1272 terra
1625 1218 1766 1271 Cha-

196 1324 353 1375 naan,
388 1323 516 1362 cum
547 1310 781 1363 venisset
808 1309 874 1363 de
903 1309 1276 1378 Mesopotamia
1309 1306 1517 1378 Syriae,
1550 1318 1604 1364 et
1626 1310 1772 1363 indu-

196 1398 265 1451 xit
310 1406 449 1451 ante
480 1398 665 1451 faciem
696 1397 926 1453 civitatis
956 1407 1011 1453 et
1032 1399 1157 1452 emit
1188 1410 1390 1468 partem
1423 1402 1557 1469 agri,
1587 1401 1635 1453 in
1668 1416 1767 1469 qua

196 1488 381 1542 statuit
409 1488 812 1542 tabernaculum
831 1504 982 1541 suum
1001 1490 1067 1541 ab
1090 1490 1305 1542 Emmor
1334 1498 1532 1556 patrem
1561 1491 1768 1558 Sychen

194 1590 415 1633 centum
444 1581 615 1646 agnis,
642 1588 695 1634 et
724 1580 909 1634 statuit
952 1580 1059 1634 illic
1078 1596 1222 1634 aram
1253 1582 1377 1648 Deo,
1411 1588 1466 1635 et
1510 1582 1772 1635 invocavit

195 1671 368 1740 ipsum
396 1672 566 1725 Deum
588 1671 772 1725 Israel.
800 1671 876 1726 Ne
903 1672 1019 1741 quis
1047 1671 1190 1726 dicat
1218 1672 1357 1742 quod
1388 1673 1441 1725 in
1471 1672 1660 1727 eodem
1687 1686 1772 1727 se-

1871 498 1996 553 Ilmc
2024 497 2121 552 fuit
2150 499 2289 552 Ruth
2319 500 2586 565 Moabitis,
2621 516 2683 554 ex
2736 503 2820 555 illa
2858 504 3038 571 genuit
3087 507 3265 575 Uhed,
3298 508 3435 563 idest

1867 590 2105 643 serviens
2123 629 2137 654 ,
2159 590 2304 645 Obed
2328 593 2510 660 genuit
2548 592 2723 656 Iesse,
2753 592 2890 647 idest
2917 596 3258 664 obliviscens,
3282 600 3435 654 Jesse

1866 690 2048 751 genuit
2070 685 2206 737 tilios
2230 700 2321 738 vn.
2353 694 2407 739 et
2434 686 2567 740 tilias
2588 686 2738 751 duas,
2772 697 2825 741 et
2848 688 2961 741 haec.
2984 689 3199 743 nomina
3228 705 3431 756 eorum,

1869 775 2040 841 Eliah,
2074 776 2402 844 Aminadab,
2435 779 2624 843 Sama,
2653 778 2977 844 Nathaneel,
3021 779 3265 847 Jadeum,
3298 784 3434 835 Aso-

1868 878 2032 927 mum,
2068 873 2120 919 et
2160 865 2323 918 David
2353 867 2639 934 septimus;
2678 877 2733 921 et
2772 883 2985 922 sorores
3014 883 3198 923 eorum
3228 871 3434 935 Sarbia,

1867 962 1921 1007 et
1951 954 2169 1022 Abigea,
2199 966 2253 1010 et
2275 956 2364 1010 lilii
2401 957 2624 1023 Sarbire,
2657 959 2879 1026 Abesse,
2910 958 3065 1027 .Ioah,
3096 960 3311 1031 Elagel;
3351 962 3436 1017 hic

1868 1054 1952 1099 est
1973 1044 2105 1099 Joab
2131 1048 2217 1113 qui
2243 1048 2596 1103 dinumeravit
2622 1051 2869 1119 populum
2891 1052 2957 1104 ab
2976 1053 3085 1105 Dan
3108 1067 3273 1121 usque
3307 1053 3433 1107 Ber-

1868 1134 2051 1199 sabee,
2072 1143 2126 1187 et
2155 1135 2251 1189 luit
2282 1151 2534 1191 numerus
2566 1136 2726 1192 Israel
2752 1139 3003 1194 undecies
3031 1149 3253 1195 centena
3272 1141 3431 1196 millia

1868 1223 2102 1277 virorum
2134 1226 2527 1291 evaginantium
2560 1227 2813 1296 gladium,
2845 1238 2899 1283 et
2925 1228 3057 1283 Juda
3080 1230 3434 1300 quadringen-

1871 1319 1920 1365 ta
1944 1314 2275 1382 septuaginta
2304 1315 2465 1367 millia
2494 1317 2731 1369 virorum
2760 1317 3148 1386 evaginautium
3172 1321 3431 1388 gladium;

1870 1410 1923 1457 ct
1947 1401 2069 1456 Levi
2100 1413 2151 1457 et
2184 1403 2457 1457 Iieuiamin
2489 1420 2594 1459 non
2631 1405 2989 1459 dinumeravit
3020 1407 3073 1459 in
3096 1408 3272 1463 medio
3297 1410 3436 1478 ipso-

1872 1509 2020 1557 rum,
2054 1494 2176 1562 quia
2201 1496 2567 1564 praeapitavit
2609 1511 2786 1551 sermo
2817 1500 2958 1567 regis
3000 1496 3170 1566 ipsum
3200 1498 3352 1563 Joab,
3384 1509 3438 1553 et

1873 1586 2067 1640 malum
2101 1587 2273 1639 visum
2306 1596 2387 1640 est
2417 1588 2466 1640 in
2499 1598 2790 1658 conspectu
2829 1590 3061 1655 Domini,
3097 1591 3164 1645 de
3190 1605 3438 1644 sermone

1877 1675 1999 1739 hoc,
2046 1685 2099 1728 et
2130 1677 2391 1744 percussit
2424 1678 2648 1731 eundem
2686 1678 2843 1732 Israel
2867 1722 2881 1745 ,
2920 1688 2972 1732 et
3007 1678 3138 1732 dixit
3180 1678 3343 1732 David
3372 1680 3437 1731 ad

196 1764 430 1831 pulchro
461 1762 652 1832 sepulti
684 1773 809 1816 sunt
832 1762 1120 1825 Abraham,
1152 1762 1319 1830 lsaac,
1350 1762 1517 1817 Jacob
1550 1771 1603 1815 et
1639 1762 1767 1816 Sar-
1808 1748 1850 1806 Β
1878 1763 2156 1816 Dominum
2182 1781 2193 1815 :
2233 1765 2432 1830 peccavi
2458 1766 2611 1817 nimis
2648 1767 2766 1834 quia
2791 1766 2888 1834 feci
2926 1782 3029 1821 rem
3059 1764 3208 1831 hanc,
3230 1775 3278 1819 et
3306 1783 3439 1819 ttttuc

195 1869 272 1918 ra,
315 1855 463 1908 liber
504 1869 600 1908 nos
639 1867 989 1922 geneseorum
1025 1854 1317 1923 perdocet,
1367 1853 1502 1909 sicut
1546 1854 1770 1922 legimus

193 1943 463 2013 scriptum
490 1960 502 1996 :
527 1952 572 1998 et
599 1942 843 2010 sepellivit
874 1942 1125 1995 Abraham
1156 1942 1366 1996 Sarram
1386 1960 1594 1996 uxorem
1625 1960 1769 1997 suam

192 2034 245 2086 in
270 2034 525 2102 spelunca
552 2034 741 2103 duplici
770 2048 882 2102 qua:
904 2040 977 2086 est
1007 2043 1184 2087 contra
1215 2033 1461 2087 Mambre.
1495 2034 1634 2087 Haec
1663 2042 1766 2101 est,

191 2123 455 2178 Chebron
500 2124 553 2178 in
586 2132 724 2179 terra
776 2124 1026 2177 Chanaan
1051 2165 1065 2189 ,
1096 2133 1151 2179 et
1197 2125 1440 2194 proprius
1490 2125 1663 2181 factus
1689 2137 1771 2182 est

192 2228 341 2281 ager,
375 2224 435 2267 et
457 2216 721 2284 possessio
751 2223 802 2269 et
832 2216 1103 2283 spelunca,
1133 2231 1268 2283 quae
1294 2217 1343 2268 in
1368 2231 1432 2271 eo
1461 2225 1575 2271 erat
1604 2218 1772 2272 Abra-

192 2302 291 2357 hae
323 2303 379 2356 in
408 2316 597 2371 posses
629 2303 747 2357 ioue
771 2304 1075 2372 sepulturae
1095 2319 1123 2355 a
1146 2303 1267 2357 filiis
1293 2302 1448 2371 Ceth,
1480 2306 1619 2375 quod
1642 2308 1770 2362 emit

193 2392 304 2445 XL.
338 2393 623 2460 didragma
665 2394 869 2462 argenti
900 2394 966 2446 ab
1001 2392 1162 2447 Efron
1192 2393 1357 2447 lilium
1388 2395 1520 2450 Saar
1548 2396 1769 2451 Cettbeo

190 2494 381 2540 contra
417 2485 656 2539 liierieo.
686 2485 829 2539 llaec
857 2493 939 2539 est
976 2486 1248 2554 sepultura
1279 2500 1484 2539 eorum.
1534 2486 1651 2541 Filii
1678 2503 1770 2541 au-

189 2583 297 2628 tem
332 2576 617 2629 Beniamin
647 2574 699 2627 hi
725 2584 866 2638 sunt,
904 2584 960 2629 et
992 2575 1120 2628 haec
1150 2577 1365 2629 nomina
1394 2590 1576 2629 eorum
1603 2594 1616 2628 :
1657 2579 1768 2646 pri-

187 2666 417 2718 mitivus
451 2665 660 2719 Beilach
682 2705 697 2730 ,
732 2665 869 2719 idest
916 2665 1193 2735 gluttitus;
1227 2666 1490 2721 secundus
1518 2667 1764 2735 Choher,

188 2754 331 2811 idest
375 2755 713 2825 primitivus;
760 2755 945 2809 tertius
984 2756 1199 2820 Asibvl,
1238 2752 1378 2811 illest
1418 2756 1552 2827 ignis
1577 2773 1604 2810 a
1637 2757 1767 2811 Deo.

186 2845 249 2899 lli
272 2856 406 2900 sunt
438 2846 532 2899 lilii
560 2845 850 2899 Ben‘amin.
878 2845 1010 2900 Tres
1039 2847 1130 2899 lilii
1167 2856 1342 2902 autem
1386 2848 1561 2903 Bcllae
1592 2848 1770 2916 primi-

185 2940 278 2992 tivi
310 2938 598 2993 Beniamin
632 2938 683 2991 hi
722 2946 845 2991 sunt
872 2954 882 2987 :
913 2938 1213 3007 primitivus
1246 2940 1405 3005 Adar,
1436 2939 1526 3009 qui
1572 2940 1770 2994 dicitur

183 3028 491 3097 ospitatin;
521 3029 783 3082 sei-unius
805 3028 1059 3093 Noeman,
1090 3028 1226 3083 idest
1254 3030 1482 3097 psallens
1506 3029 1763 3096 libenter;

189 3121 391 3174 tertius
444 3118 687 3182 Jachim,
727 3118 865 3171 idest
893 3118 1056 3172 frater
1097 3133 1282 3183 meus;
1334 3128 1553 3188 quartus
1600 3120 1769 3188 Boos,

185 3208 333 3264 idest
362 3207 645 3272 initiator;
675 3208 887 3275 quintus
919 3207 1076 3270 Alim,
1121 3207 1258 3262 idest
1288 3208 1611 3273 similitudo;
1649 3224 1774 3264 sex-

186 3306 276 3351 tus
300 3299 476 3361 Alim,
504 3296 641 3349 idest
668 3297 960 3350 secundum
991 3297 1176 3350 faciem
1205 3312 1376 3351 meam
1404 3314 1419 3364 ;
1454 3298 1505 3351 hi
1551 3314 1646 3353 sex
1682 3300 1775 3353 lilii

188 3388 401 3442 Bellac.
451 3386 627 3455 Nepos
663 3397 837 3441 autem
867 3387 982 3455 ejus
1011 3401 1073 3441 ex
1117 3386 1260 3441 Arad
1285 3387 1457 3442 dictus
1489 3398 1571 3442 est
1601 3390 1773 3457 Arad,

187 3482 333 3534 idest
362 3480 669 3533 descensio.
703 3478 891 3533 Filium
925 3488 1099 3533 autem
1131 3495 1293 3533 unum
1338 3480 1520 3534 habuit
1565 3481 1778 3536 Dauno-

189 3571 344 3625 rnine
367 3572 545 3633 Ason,
572 3570 659 3637 qui
689 3569 1073 3638 interpretatur
1111 3584 1269 3639 grece
1293 3585 1357 3625 ex
1401 3572 1572 3641 lingua
1615 3572 1774 3628 Chal-

189 3661 295 3715 dea
322 3702 341 3728 ,
374 3661 664 3729 episc0pus
684 3700 699 3724 ,
730 3659 796 3713 de
827 3659 1039 3714 hebrazo
1066 3674 1194 3714 vero
1234 3663 1283 3714 in
1316 3660 1512 3725 latino,
1546 3664 1781 3731 specula-

188 3758 318 3813 tor,
354 3749 542 3802 subtili
574 3748 758 3803 fraude
801 3764 993 3802 nomen
1044 3749 1445 3817 subinvolatur,
1475 3767 1596 3805 nam
1642 3762 1697 3807 et
1726 3756 1777 3807 in

186 3841 345 3893 malo
375 3840 684 3908 speculatur
730 3840 1084 3894 Antichristus
1104 3883 1118 3908 ,
1167 3841 1390 3910 legimus
1416 3842 1559 3896 enim
1607 3843 1658 3895 in
1689 3859 1776 3899 se-

187 3931 390 3994 cretis,
414 3929 559 3998 quod
604 3944 669 3982 ex
700 3929 798 3982 hac
825 3930 965 3983 tribu
988 3931 1197 3984 venisse
1220 3931 1511 3985 nuntiatur.
1542 3932 1659 3988 Filii
1684 3948 1778 3987 au-

187 4028 303 4072 tem
340 4017 613 4086 Neptalim
647 4017 699 4071 hi
749 4027 896 4078 sunt,
922 4028 975 4071 et
1006 4020 1138 4073 haec
1165 4021 1378 4073 nomina
1425 4036 1645 4087 eorum;
1680 4025 1781 4091 pri-

188 4111 425 4162 ntitivus
481 4106 664 4163 blas’iel
690 4151 704 4175 ,
736 4110 827 4177 qui
875 4110 1258 4177 interpretatur
1298 4111 1450 4163 fortis
1489 4111 1655 4177 Deus;
1699 4127 1783 4167 se-

187 4202 416 4254 cundus
458 4200 594 4254 Guni
622 4239 635 4264 ,
679 4201 816 4255 idest
865 4200 1150 4265 fortitudo;
1190 4202 1375 4255 tertius
1407 4203 1610 4269 Enzer,
1649 4202 1786 4257 idest

190 4304 493 4355 aeternus;
524 4299 743 4360 quartus
784 4292 988 4356 Sillem,
1032 4292 1168 4346 idest
1197 4293 1438 4346 debitum
1463 4308 1478 4356 ;
1505 4298 1636 4347 haec
1663 4303 1785 4348 sunt

189 4386 425 4437 nomina
458 4382 685 4436 ﬁliorum
714 4390 768 4436 et
811 4394 1060 4450 nepotum
1111 4383 1292 4448 Israel,
1326 4399 1533 4448 eorum,
1567 4386 1656 4452 qui
1702 4385 1783 4439 in-

1869 1852 2014 1922 aufer
2040 1853 2341 1921 injustitiam
2368 1855 2511 1922 pueri
2533 1854 2626 1919 tui,
2657 1855 2774 1921 quia
2791 1856 2973 1908 evanui
2992 1856 3161 1908 nimis.
3194 1855 3257 1908 Et
3288 1856 3432 1910 locu-

1872 1951 1951 1994 tus
1972 1951 2043 1994 est
2068 1941 2315 1994 Dominus
2341 1942 2410 1993 ad
2435 1940 2548 1995 Cod
2581 1943 2828 1996 videntem
2858 1945 3033 1997 dicens
3056 1959 3074 1996 :
3115 1944 3259 1999 Vade
3280 1956 3326 1999 et
3362 1947 3436 1999 lo-

1868 2045 2020 2099 quere
2044 2031 2111 2082 ad
2145 2028 2221 2083 Da
2253 2030 2324 2083 id.
2352 2029 2481 2084 licet:
2503 2032 2623 2084 dicit
2656 2030 2906 2087 Dominus
2931 2049 2949 2087 :
2976 2035 3073 2087 tria
3101 2051 3193 2103 ego
3221 2035 3434 2088 decerno

1868 2122 2129 2175 adversum
2159 2132 2224 2187 te,
2250 2123 2378 2192 elige
2407 2123 2496 2175 tibi
2525 2139 2682 2176 unum
2715 2139 2777 2177 ea:
2812 2125 2937 2191 illis,
2970 2134 3016 2179 et
3057 2127 3303 2194 prwstabo
3349 2128 3439 2179 tibi

1869 2221 1957 2264 aut
1980 2213 2253 2265 triennium
2279 2213 2450 2281 finitis,
2478 2222 2566 2265 aut
2596 2213 2752 2266 tribus
2784 2215 3036 2269 mensibus
3061 2217 3233 2286 fugere
3254 2233 3283 2269 a
3310 2217 3441 2286 {acie

1868 2300 2191 2354 inimicorum
2231 2310 2434 2355 tuorum
2464 2304 2531 2356 ad
2570 2313 2618 2359 te
2643 2304 3065 2375 disperdendum,
3096 2320 3181 2361 aut
3218 2310 3440 2362 triduum

1868 2392 2097 2461 gladium
2131 2390 2334 2443 Domini
2364 2407 2683 2462 corrumpere
2710 2393 2763 2445 in
2792 2394 3020 2448 omnibus
3042 2397 3225 2464 finibus
3252 2396 3437 2459 Israel,

1868 2492 1916 2537 et
1953 2500 2083 2537 nunc
2115 2482 2244 2542 vide.
2278 2484 2415 2549 quod
2435 2485 2638 2537 verbum
2660 2485 2989 2551 respondeam
3017 2488 3063 2539 ei
3088 2488 3171 2554 qui
3202 2488 3336 2541 misit
3362 2504 3440 2540 me

1869 2575 1937 2626 ad
1960 2584 2025 2627 te.
2054 2574 2119 2628 Et
2150 2576 2278 2629 dixit
2311 2575 2474 2629 David
2498 2577 2564 2628 ad
2596 2576 2733 2641 God,
2761 2578 3012 2648 angustia:
3043 2584 3159 2630 sunt
3190 2577 3335 2643 mihi,
3361 2578 3441 2629 in-

1868 2662 2037 2715 cidam
2066 2664 2235 2730 potius
2259 2664 2311 2716 in
2340 2680 2493 2717 manu
2521 2663 2749 2729 Domini,
2790 2667 2910 2733 quia
2938 2665 3085 2717 nimis
3117 2664 3290 2718 multm
3326 2674 3443 2717 sunt

1868 2755 2215 2809 miserationes
2239 2757 2369 2824 ejus,
2392 2765 2441 2808 et
2473 2756 2523 2807 in
2553 2771 2711 2808 manu
2753 2755 2973 2807 hominis
3020 2769 3121 2807 non
3160 2755 3438 2808 incurram.

1869 2842 1935 2896 Et
1962 2844 2217 2912 inrogavit
2245 2843 2494 2896 Dominus
2540 2853 2747 2896 mortcnt
2773 2844 2826 2896 in
2874 2841 3037 2896 Israel
3056 2860 3087 2895 a
3112 2859 3256 2895 mane
3285 2858 3448 2911 usque

1868 2936 1936 2988 ad
1961 2936 2139 2987 horam
2169 2935 2401 3001 prandii,
2431 2943 2476 2988 et
2504 2936 2692 2988 mortui
2726 2944 2841 2987 sunt
2872 2936 2933 2987 de
2970 2933 3131 3001 plebe.
3161 2934 3405 2985 Abdanus
3425 2974 3440 2996 ,

1873 3026 1959 3094 qui
1987 3024 2205 3078 Bersabe
2225 3025 2546 3095 septuaginta
2586 3025 2749 3077 millia
2792 3026 3013 3078 virerum
3033 3064 3046 3088 ,
3078 3033 3123 3076 et
3148 3024 3283 3077 misit
3309 3023 3443 3076 Deus

1876 3114 2111 3183 angelunt
2140 3114 2193 3167 in
2223 3113 2566 3178 Hierusalem,
2597 3123 2650 3166 ut
2688 3114 3004 3184 disperderet
3032 3130 3141 3167 eam
3160 3127 3442 3177 ,morsau-

1877 3218 1976 3262 tem
1999 3209 2242 3261 vastabat.
2281 3207 2521 3261 Paenituit
2543 3206 2858 3269 Dominunt;
2891 3217 2935 3260 et
2972 3206 3284 3275 Arcliangelo
3320 3208 3444 3259 satis

1876 3300 1960 3359 sit,
1994 3300 2083 3352 tibi
2104 3315 2253 3368 parce
2291 3315 2440 3351 manu
2468 3306 2555 3351 tua
2574 3315 2597 3363 ;
2619 3307 2667 3353 et
2694 3298 2905 3369 angelus
2938 3296 3144 3349 Domini
3172 3305 3313 3348 stans
3337 3306 3449 3347 crat

1878 3390 1929 3442 in
1952 3405 2070 3442 area
2101 3389 2255 3442 Ornei
2282 3388 2507 3453 Jebusci,
2535 3398 2579 3441 et
2602 3389 2722 3441 vidit
2764 3388 2937 3440 David
2969 3387 3205 3457 angelum
3238 3384 3449 3437 Dom'ni

1877 3489 2090 3533 stantem
2118 3478 2250 3531 inter
2271 3487 2457 3531 (errant
2477 3486 2524 3531 et
2556 3479 2756 3541 corium,
2787 3488 2832 3528 et
2860 3475 3062 3545 gladius
3093 3475 3201 3544 ejus
3226 3484 3330 3527 erat
3361 3489 3450 3527 cx-

1879 3581 2049 3626 tensus
2072 3571 2136 3623 ad
2157 3568 2476 3635 Jerusalem;
2505 3579 2549 3622 et
2571 3571 2749 3622 cecidit
2779 3568 2941 3621 David
2968 3577 3014 3621 et
3040 3568 3264 3620 seniores
3289 3567 3452 3634 operti

1880 3664 1944 3715 de
1964 3664 2141 3716 ciliciis
2161 3663 2211 3714 in
2238 3661 2393 3730 facies
2415 3677 2555 3714 suas.
2588 3661 2650 3714 Et
2687 3660 2822 3714 dixit
2845 3660 3009 3713 David
3037 3659 3102 3713 ad
3131 3660 3444 3713 Dominum:

1882 3769 2047 3806 nonne
2072 3768 2162 3822 ego
2213 3752 2321 3805 dixi
2350 3751 2683 3803 dinumerare
2724 3752 2965 3821 papulum
2986 3790 2998 3810 ,
3027 3760 3074 3802 et
3103 3765 3192 3819 ego
3219 3766 3329 3801 sum
3368 3749 3455 3816 qui

1882 3845 2103 3913 peccavi,
2132 3854 2176 3897 et
2204 3844 2336 3896 male
2368 3843 2603 3911 faciendo
2634 3842 2821 3894 malam
2848 3859 2948 3895 rem
2975 3842 3122 3910 gessi,
3154 3849 3201 3894 et
3237 3841 3315 3893 Ιιιε
3344 3856 3455 3891 oves

1882 3935 2006 4004 quid
2029 3934 2151 3985 ntali
2182 3934 2431 4001 fecerunt,
2467 3932 2682 3985 Domine
2714 3931 2846 3985 Deus
2873 3934 3049 3985 meus?
3076 3933 3138 3984 sit
3164 3932 3318 4000 igitur
3347 3946 3455 3981 ma-

1886 4042 1979 4078 nus
2020 4032 2104 4075 tua
2131 4025 2181 4075 in
2213 4040 2289 4075 me
2310 4036 2355 4077 ct
2384 4023 2436 4074 in
2467 4023 2620 4074 donto
2652 4018 2812 4090 patris
2840 4024 2965 4083 mei;
2996 4022 3045 4072 in
3072 4020 3259 4088 papula
3289 4025 3457 4070 autent

1887 4124 1981 4168 tuo
2007 4128 2107 4165 nou
2133 4113 2196 4165 sit
2224 4112 2291 4164 ad
2322 4111 2663 4164 obtritioncm.
2706 4111 2767 4163 Et
2813 4110 3031 4176 angelus
3076 4109 3285 4163 Domini
3322 4108 3459 4163 dixit

1885 4203 1950 4256 ad
1982 4201 2093 4255 Gad
2127 4202 2247 4254 :dic
2277 4202 2344 4253 ad
2377 4198 2541 4251 David
2564 4210 2615 4251 ut
2644 4207 2829 4251 statuat
2858 4200 3019 4251 altare
3059 4199 3111 4250 in
3139 4215 3258 4250 arca
3302 4198 3458 4250 Urnti

1884 4290 2108 4344 Jebusei.
2135 4291 2198 4343 Et
2226 4290 2349 4342 fecit
2379 4288 2540 4340 David
2567 4290 2853 4342 secundum
2880 4288 3022 4357 quod
3053 4289 3101 4341 ei
3132 4298 3460 4356 praeceperat

1890 4382 2166 4435 Dominus.
2194 4382 2260 4434 Et
2291 4391 2414 4433 tunc
2436 4379 2578 4433 dixit
2613 4380 2867 4433 Dominus
2905 4380 3096 4448 angelo
3120 4397 3135 4436 :
3158 4393 3322 4433 averte
3341 4380 3458 4449 gla—
3484 4430 3485 4433 η

192 4472 481 4525 troierunt
523 4472 575 4524 in
606 4470 893 4541 Egyptum
938 4472 1095 4525 simul
1122 4486 1239 4525 cum
1267 4473 1432 4527 Jacob
1479 4485 1630 4542 patre
1685 4490 1783 4530 suo
1817 4444 1858 4495 Ι)
1890 4475 2031 4525 dium
2067 4482 2246 4538 tuum;
2281 4481 2326 4525 et
2357 4471 2531 4524 avertit
2560 4470 2787 4540 gladium
2824 4486 2967 4522 suum
3010 4471 3063 4522 in
3101 4471 3285 4539 vagina
3328 4472 3456 4541 ejus.

190 4566 423 4618 animae
451 4564 784 4632 septuaginta
809 4564 1060 4633 quinque.
1086 4563 1250 4618 Filius
1274 4573 1452 4618 autem
1483 4566 1598 4633 ejus
1628 4581 1786 4635 quar-

193 4664 289 4707 tus
312 4654 575 4720 Juda,vir
599 4654 703 4708 fuit
731 4663 917 4723 potens
941 4656 992 4708 in
1019 4656 1252 4721 virtute;
1283 4655 1367 4710 hic
1391 4658 1573 4724 genuit
1597 4658 1781 4723 Fures,

190 4748 291 4815 qui
330 4748 714 4815 interpretatur
744 4747 967 4801 divisus.
998 4747 1161 4802 Fares
1186 4750 1368 4817 genuit
1402 4749 1613 4815 Esrom,
1644 4750 1785 4804 idest

192 4834 378 4896 altus,
413 4833 599 4887 Esrom
622 4833 800 4901 genuit
826 4834 1008 4895 Aram,
1055 4831 1193 4887 idest
1220 4848 1390 4902 gens;
1424 4840 1581 4887 Aram
1606 4837 1787 4904 genuit

192 4921 544 4985 Aminadab;
585 4922 881 4976 Aminadab
926 4923 1307 4990 interpretatur
1347 4925 1783 4992 concupiscentia

192 5029 425 5068 amans.
456 5014 753 5068 Aminadab
776 5013 957 5082 genuit
980 5013 1231 5081 Naasipn,
1275 5016 1361 5082 qni
1395 5014 1594 5068 dicitur
1636 5015 1793 5069 refri-

190 5106 446 5175 gerium,
481 5114 534 5157 et
568 5119 725 5158 soror
749 5106 865 5172 ejus
893 5103 1141 5168 Elisafat,
1166 5119 1301 5172 quae
1328 5104 1467 5157 dicti
1510 5114 1590 5159 est
1621 5106 1788 5173 gratia

189 5197 339 5258 Dei;
389 5196 551 5263 ipsam
595 5196 815 5248 sortitus
860 5204 943 5249 est
973 5197 1170 5259 Aaron,
1203 5211 1265 5251 ex
1293 5196 1381 5249 illa
1406 5198 1515 5250 nati
1548 5208 1670 5251 sunt
1699 5213 1788 5253 sa-

188 5288 481 5344 ecrdotcs.
508 5287 713 5341 Nasson
756 5296 931 5340 autem
962 5288 1145 5357 genuit
1193 5287 1431 5349 Salmou,
1477 5289 1614 5343 idest
1642 5290 1790 5344 forti-

187 5380 341 5435 tudo
365 5395 385 5444 ;
416 5380 629 5435 Salmon
652 5380 834 5447 genuit
860 5379 1018 5443 Boos,
1044 5379 1179 5432 idest
1204 5378 1469 5448 perfectus
1493 5395 1557 5434 ex
1586 5380 1784 5434 Iiacab.

187 5474 265 5527 Et
301 5487 478 5539 quare
509 5471 776 5539 perfectus
801 5471 1032 5526 dicitur?
1056 5471 1303 5539 quoniam
1338 5471 1391 5524 in
1422 5472 1537 5540 ipso
1564 5472 1790 5538 perfecit

182 5564 496 5630 DOmiuus,
519 5565 656 5632 quod
684 5565 735 5617 in
756 5564 1162 5618 Deuteronomio
1186 5564 1445 5632 legimus:
1472 5573 1519 5616 et
1539 5574 1590 5615 tu
1610 5548 1787 5625 Moab,

181 5656 465 5719 dicimus,
501 5657 623 5709 mihi
651 5656 921 5723 apparebis
949 5656 1000 5708 in
1031 5654 1180 5708 domo
1206 5670 1329 5719 utea,
1364 5653 1499 5708 idest
1526 5669 1615 5723 per
1646 5654 1787 5707 Ruth

1892 4565 2016 4620 Haec
2054 4566 2199 4619 enim
2250 4564 2579 4627 Jerusalem,
2613 4570 2737 4616 ante
2772 4561 2931 4616 Jebus
2963 4561 3273 4627 dicebatur,
3304 4575 3460 4629 quam

1892 4656 2113 4709 sortitus
2136 4664 2217 4709 est
2243 4652 2398 4708 Juda.
2427 4653 2571 4706 Abiit
2595 4661 2771 4706 autem
2795 4652 2859 4705 ad
2885 4650 3224 4706 Cbauaneum
3256 4651 3466 4706 inhabiw

1894 4754 2091 4798 tantem
2119 4744 2386 4811 Chebron,
2415 4751 2468 4797 et
2494 4742 2725 4797 concidit
2764 4742 2908 4796 illum
2948 4742 3095 4798 Sessi
3122 4752 3176 4797 et
3204 4743 3505 4821 Acbinansl

1892 4843 1946 4889 et
1974 4834 2181 4888 Thalmi
2215 4842 2364 4889 natos
2394 4849 2457 4888 ex
2490 4834 2649 4897 Enac,
2683 4833 2770 4902 qui
2820 4833 2998 4888 Euach
3026 4849 3091 4888 ex
3118 4832 3333 4887 Chanau
3367 4849 3467 4888 na-
3502 4831 3508 4903 ξ

1893 4928 2076 4981 scitur.
2118 4925 2553 4981 Iuhabitavcrunt
2580 4938 2756 4980 autem
2805 4927 3017 4982 Jcbusei
3048 4928 3096 4982 in
3130 4929 3303 4983 medio
3335 4930 3467 4985 ﬁlio-

1892 5033 2010 5072 rum
2045 5018 2315 5072 Beniamiu
2340 5028 2394 5073 et
2422 5018 2553 5073 Juda
2600 5020 2652 5073 in
2684 5020 2977 5074 Jerusalem
3009 5020 3353 5090 quoadusque
3375 5039 3468 5076 ex~

1891 5110 2233 5163 eluderentur
2284 5117 2402 5177 post
2446 5125 2615 5164 annos
2647 5111 2789 5163 mille
2835 5113 3150 5179 quingentos
3182 5125 3208 5163 a
3240 5111 3467 5165 Jonatha

1895 5204 2004 5259 lilio
2055 5204 2342 5260 lilatatbiae.
2398 5206 2597 5275 Abigea
2647 5222 2774 5261 vero
2830 5221 2983 5260 soror
3048 5206 3208 5259 David
3265 5210 3467 5275 peperit

1895 5295 2132 5351 Amessa.
2170 5297 2232 5349 Et
2264 5307 2411 5363 pater
2437 5301 2724 5353 Amesscaz.
2755 5297 2905 5351 Aiter
2943 5298 3197 5351 ismaelita
3228 5298 3467 5352 dinume-

1900 5394 2043 5438 ratus
2065 5393 2147 5439 est
2176 5399 2293 5437 cum
2329 5385 2522 5452 popqu
2566 5383 2724 5438 Israel
2752 5399 2765 5447 ;
2799 5384 2879 5436 cui
2906 5384 3102 5451 populo
3148 5399 3268 5437 cum
3298 5383 3467 5451 Reges

1898 5476 2169 5537 darentur,
2201 5474 2370 5527 factus
2409 5483 2508 5536 est,
2554 5473 2778 5525 Domino
2823 5470 3104 5537 irascente,
3139 5474 3338 5542 primus
3372 5488 3466 5526 rex

1897 5565 2042 5622 Saul.
2076 5565 2227 5617 Tunc
2253 5562 2387 5615 dixit
2414 5561 2705 5617 Dominus:
2739 5562 3042 5628 clamabitis,
3076 5564 3264 5631 inquit,
3298 5564 3365 5615 ad
3397 5581 3474 5615 mc

1902 5674 1932 5708 (ι
1958 5656 2090 5724 facie
2112 5654 2241 5721 regis
2262 5653 2430 5723 vestri,
2465 5662 2511 5704 ct
2542 5668 2638 5706 nou
2668 5655 2932 5707 exaudiam
2967 5672 3070 5719 vos,
3120 5656 3357 5722 quoniam
3389 5672 3475 5708 νας
