4000 6176
511 360 609 416 551

1789 343 2084 401 ΑΝΟΝῩΜἸ

2186 341 2471 403 UCTORIS
3657 355 3749 410 532

510 475 646 531 vobis
676 471 870 542 petistis
898 484 1100 542 regem;
1134 476 1185 523 et
1216 467 1403 522 iterum
1433 464 1597 519 dicit:
1628 462 1757 515 dabo
1794 461 1883 517 tibi
1908 472 2073 528 regem
2106 459 2149 514 Α
2181 468 2333 513 cutus
2362 467 2442 513 est
2469 459 2532 512 ad
2587 458 2925 514 llieccouiam
2976 459 3114 515 bona
3138 503 3152 526 ,
3186 468 3239 515 et
3276 461 3453 530 posuit
3506 460 3750 519 thronum

507 567 560 621 in
588 568 666 620 ira
695 580 822 617 mea.
852 558 959 617 Sub
987 575 1087 630 qua
1133 560 1209 614 ira
1237 557 1477 625 regnavit
1514 555 1667 609 annis
1697 551 2041 622 quadraginta
2063 592 2077 617 ,

508 657 716 714 occisus
742 662 823 709 est
850 654 902 706 in
941 661 1121 706 monte
1149 650 1370 705 Gelboe.
1395 648 1543 701 Tunc
1565 646 1699 699 dixit
1721 642 1883 698 David
1910 643 1959 696 in
1986 642 2081 695 do:

509 747 651 800 lere:
679 751 872 799 montes
891 741 976 809 qui
995 741 1114 793 estis
1136 739 1186 792 in
1217 737 1424 801 Gelboe,
1442 751 1600 804 neque
1624 750 1709 787 ros
1729 749 1887 802 neque
1911 730 2082 796 pluvia

508 835 658 885 cadat
682 846 835 901 super
861 845 967 893 vos,
991 829 1078 883 ubi
1105 828 1299 895 eﬁ‘usus
1324 836 1396 881 est
1435 825 1643 897 sanguis
1672 832 1938 876 auctorum
1961 819 2078 873 Dei.

508 922 606 976 llic
631 929 712 975 est
734 919 899 974 David
923 919 1010 989 qui
1032 918 1224 973 dicitur
1248 916 1571 976 misericors.
1595 923 1647 968 et
1664 911 1900 983 regnavit
1928 909 2081 964 annis

507 1028 599 1068 ιι..
627 1020 683 1069 et
704 1012 886 1080 genuit
914 1009 1279 1073 Salomonem,
1305 1009 1391 1079 qui
1418 1007 1615 1061 dicitur
1642 1013 1895 1074 pacatus;
1919 1009 1972 1056 et
1999 1016 2083 1055 re-

505 1106 685 1175 gnavit
736 1112 789 1159 et
836 1104 949 1173 ipse
995 1104 1148 1157 annis
1178 1118 1264 1156 ιι.
1300 1102 1441 1155 llaec
1484 1107 1659 1153 autem
1706 1104 1832 1151 sunt
1867 1097 2080 1150 nomina

505 1208 731 1248 uxorum
762 1192 1218 1259 David,.Acbima,
1248 1190 1471 1257 Abigea,
1501 1189 1651 1257 Agal,
1676 1186 1900 1249 Habitat,
1930 1186 2078 1255 Agla,

507 1282 757 1347 Bersabe,
782 1281 1025 1336 Melcbol.
1061 1279 1171 1336 Sed
1192 1294 1312 1335 cum
1342 1286 1700 1333 reverteretur
1727 1276 1791 1330 de
1817 1276 2079 1331 Cembron

509 1376 771 1431 recusavit
792 1374 1040 1437 Melehol,
1070 1381 1123 1427 et
1151 1371 1365 1425 tradidit
1387 1384 1505 1426 eam
1527 1370 1641 1423 viro
1661 1367 1773 1432 alii,
1803 1367 1925 1437 quia
1953 1368 2082 1420 ode‘

509 1473 589 1519 rat
612 1479 726 1519 eam
759 1463 935 1517 nimis.
959 1461 1121 1515 Natus
1144 1469 1224 1514 est
1249 1470 1428 1513 autem
1453 1458 1706 1511 Salomon
1731 1472 1795 1512 ex
1829 1456 2077 1511 Bersabe.

508 1556 608 1624 Qui
655 1556 906 1610 Salomon
952 1554 1131 1622 genuit
1158 1553 1393 1606 Roboam
1431 1566 1497 1606 ex
1548 1550 1716 1604 Naatb
1747 1550 1852 1604 ﬁlia
1895 1550 2079 1605 Annae

509 1646 650 1715 regis
684 1646 913 1700 ﬁliorum
961 1644 1212 1710 Ammon,
1253 1644 1339 1712 qui
1373 1642 1608 1696 Boboam
1641 1641 1814 1695 dictus
1839 1648 1920 1695 est
1946 1640 2080 1693 mul-

511 1737 679 1790 titudo
718 1735 974 1806 gentium.
1016 1733 1369 1803 Temporibus
1395 1734 1511 1809 ejus
1540 1732 1753 1786 sustulit
1796 1745 1889 1785 rex
1918 1731 2081 1787 Susa-

2181 550 2297 618 ejus
2321 566 2483 617 super
2503 566 2713 604 omnem
2748 550 2998 605 thronum
3020 566 3224 620 regum,
3243 554 3330 620 qui
3360 567 3481 607 cum
3514 566 3588 607 eo
3617 564 3752 609 erant

2183 640 2233 692 in
2265 641 2591 709 Babylonia,
2623 648 2678 696 et
2721 642 2943 695 mutavit
2987 643 3301 697 vestimenta
3342 643 3459 711 ejus
3500 652 3560 698 et
3608 644 3751 699 simul

2183 731 2407 785 cenabat
2435 747 2555 785 cum
2586 747 2650 787 eo
2680 733 2926 787 omnibus
2943 733 3133 787 diebus
3158 733 3296 790 vitae
3321 750 3471 802 suae,
3506 742 3569 789 et
3593 736 3751 792 victos

2182 823 2499 876 constitutus
2524 832 2639 877 erat
2666 824 2764 890 illi,
2785 832 2843 879 et
2858 835 2976 879 erat
2998 826 3136 880 illius
3155 827 3493 881 consiliarius
3516 829 3757 885 omnibus

2180 910 2367 965 diebus
2400 912 2559 967 vitae.
2593 913 2687 967 Hic
2714 914 3002 969 Jechonias
3022 916 3210 985 genuit
3225 916 3462 981 Salatiel,
3492 917 3641 972 idest
3671 918 3757 973 mi-

2181 1004 2251 1058 sit
2281 1004 2419 1058 Deus
2444 1020 2458 1067 ;
2488 1005 2574 1075 qui
2610 1005 2831 1061 Salatiel
2859 1007 2910 1061 in
2943 1007 3229 1077 Babylonia
3256 1008 3439 1078 genuit
3458 1009 3757 1065 Zorobabel

2180 1096 2269 1165 qui
2299 1095 2370 1149 dit
2392 1104 2476 1150 tus
2500 1105 2581 1151 est
2610 1096 2834 1153 victoria
2881 1097 2995 1152 Dei.
3037 1097 3151 1153 Hoc
3180 1098 3232 1153 in
3265 1108 3510 1169 tempore
3541 1113 3757 1169 regnum

2179 1187 2403 1255 adeptos
2422 1196 2505 1241 est
2532 1185 2700 1259 Cyrus
2733 1204 2823 1243 rex
2856 1189 3160 1244 Persarum.
3206 1192 3364 1244 Anno
3393 1199 3584 1245 autem
3616 1193 3759 1259 quin-

2180 1281 2490 1347 quagesimo
2513 1292 2563 1335 et
2593 1282 2830 1336 secundo
2847 1283 3169 1352 captivitatis
3192 1282 3362 1339 Judae
3383 1294 3481 1339 rex
3503 1285 3761 1353 Astyaces

2179 1372 2283 1440 adp
2307 1373 2453 1427 tsitus
2486 1383 2568 1427 est
2590 1373 2654 1427 ad
2687 1385 2864 1443 patres
2889 1389 3038 1441 suos,
3071 1383 3125 1430 et
3158 1372 3325 1445 Cyrus
3349 1391 3444 1430 rex
3478 1376 3757 1431 Persarum

2179 1463 2383 1529 accepit
2416 1478 2637 1530 regnum
2673 1464 2813 1532 ejus,
2845 1465 2933 1533 qui
2962 1466 3013 1518 in
3045 1464 3286 1520 secundo
3323 1480 3465 1519 anno
3498 1467 3657 1534 regni
3685 1467 3759 1520 sui

2180 1551 2479 1622 subjugavit
2503 1552 2845 1623 Babyloniam
2868 1555 2933 1607 ad
2956 1552 3211 1609 Ninevem
3234 1555 3508 1610 civitatem
3533 1555 3755 1613 Medico.

2180 1642 2332 1697 Tunc
2360 1659 2605 1699 vasorum
2650 1644 3038 1698 dominicoer
3082 1645 3529 1701 rethibendorum
3575 1648 3758 1715 promi-

2181 1743 2325 1789 serat
2352 1746 2555 1800 vomm,
2580 1751 2715 1805 quae
2758 1737 2950 1790 tulerat
2978 1737 3468 1793 Nabuchodonosor
3494 1754 3529 1793 e
3550 1738 3759 1793 Jerusa-

509 1826 649 1882 chim
680 1800 774 1883 rex
793 1800 1179 1896 Egyptiatma
1208 1838 1388 1886 aurea.
1418 1800 1553 1877 idest
1582 1823 1819 1877 Lanceas
1848 1832 1900 1876 et
1926 1831 2085 1876 scuta
2112 1800 2155 1859 Β
2182 1826 2284 1880 lem
2309 1824 2374 1879 de
2397 1827 2595 1895 templo
2623 1828 2852 1890 Domini.
2870 1838 2921 1881 et
2950 1836 3260 1896 reposuerat
3281 1841 3340 1883 ea
3359 1829 3410 1883 in
3436 1845 3541 1883 suo
3561 1830 3756 1896 idolio;

511 1926 742 1974 trecenta
770 1917 837 1970 ab
866 1918 1062 1970 Arazar
1084 1931 1207 1985 rege
1236 1914 1422 1984 Syriae
1451 1913 1580 1967 hace
1603 1912 1791 1967 tulerat
1816 1912 1999 1979 David,
2025 1922 2080 1967 et

510 2008 634 2064 iccit
663 2022 757 2076 pro
785 2021 847 2061 ea
887 2021 1043 2061 aerea
1091 2004 1326 2060 Roboam
1378 2002 1514 2057 ﬁlius
1546 2002 1871 2069 Salomonis,
1911 2012 1964 2057 et
1995 2017 2079 2056 re-

508 2102 687 2169 gnavit
730 2096 884 2151 annis
928 2096 1111 2152 decem
1158 2104 1214 2150 et
1268 2102 1428 2158 octo;
1478 2094 1565 2164 qui
1614 2092 1850 2147 Roboam
1897 2093 2081 2163 genuit

506 2184 706 2255 Abiud,
736 2189 875 2244 idest
914 2189 1046 2257 patri
1076 2187 1206 2251 Deo,
1231 2202 1295 2241 ex
1332 2184 1544 2239 Maccba
1576 2183 1679 2237 ﬁlia
1703 2183 1849 2238 Ariel
1880 2198 1942 2236 ex
1976 2181 2081 2235 Ga-

508 2278 603 2342 ba;
633 2286 685 2333 et
712 2279 953 2348 regnavit
993 2278 1145 2332 anuis
1188 2277 1375 2331 tribus.
1416 2275 1588 2329 Abiud
1629 2276 1810 2344 genuit
1859 2273 2076 2341 Asaph,

508 2368 645 2423 idest
688 2370 849 2434 volat,
895 2385 960 2424 ex
1004 2370 1193 2432 Anna,
1243 2378 1297 2424 et
1334 2367 1577 2436 regnavit
1621 2368 1773 2421 annis
1817 2383 1905 2420 xL.
1947 2381 2074 2420 uno.

508 2460 691 2530 Asrtph
729 2461 913 2531 genuit
937 2461 1191 2530 Josapbat
1225 2460 1361 2515 idest
1404 2459 1563 2527 iudex
1599 2474 1666 2512 ex
1713 2457 1927 2513 Gazuba
1972 2457 2077 2510 lilia

509 2549 708 2613 Seltbi;
735 2560 787 2604 et
813 2552 1049 2618 regnavit
1073 2551 1225 2606 annis
1253 2566 1373 2604 xxv.
1397 2549 1652 2618 Josaphat
1671 2550 1856 2618 genuit
1875 2548 2078 2613 Joram,

510 2641 643 2696 idest
689 2640 942 2708 visibilis,
973 2658 1036 2695 ex
1082 2641 1258 2696 Facbe
1306 2656 1512 2706 uxore;
1544 2651 1598 2695 et
1639 2640 1881 2708 regnavit
1925 2638 2081 2692 annis

511 2740 650 2788 ueto.
683 2733 863 2789 Joram
894 2733 1073 2802 genuit
1120 2734 1403 2787 Ochoziam
1429 2774 1443 2799 ,
1492 2733 1632 2787 idest
1682 2731 1933 2786 fortitudo
1958 2772 1973 2795 ,
2012 2746 2075 2785 ex

510 2823 752 2879 Cotholia
783 2823 887 2878 ﬁlia
911 2825 1095 2879 Achab
1120 2838 1181 2878 ex
1212 2824 1458 2888 Zezabel,
1484 2838 1618 2893 quae
1646 2821 1893 2877 Gotbolia
1924 2821 2081 2875 vidua

510 2915 748 2984 regnavit
776 2915 927 2968 annis
948 2924 1094 2980 octo,
1121 2926 1176 2969 et
1205 2914 1293 2968 ille
1321 2914 1560 2983 regnavit
1585 2927 1727 2967 anno
1757 2926 1882 2966 uno.
1907 2911 2082 2966 0eho«

511 3003 621 3056 aias
649 3004 831 3073 genuit
856 3003 1002 3066 Joas,
1033 3004 1166 3059 idest
1198 3013 1537 3069 mansuetus;
1586 3018 1656 3058 ex
1680 3001 1998 3067 Chobodda;
2028 3010 2082 3057 ct

511 3094 754 3162 regnavit
779 3096 933 3149 annis
962 3111 1048 3149 ιι..
1079 3095 1250 3150 Josias
1278 3097 1463 3165 genuit
1493 3093 1790 3160 Amessian,
1830 3095 1964 3149 idest
1994 3109 2084 3148 ro-

2183 1914 2460 1983 proferens
2489 1930 2549 1970 ea
2575 1915 2744 1986 Cyrus
2785 1932 2879 1970 rex
2918 1917 3230 1982 Persarum,
3257 1917 3561 1987 adsignavit
3594 1919 3757 1976 Mitri-

2180 2005 2288 2060 dati
2312 2007 2611 2075 praeposito
2632 2008 3001 2062 thesaurorum
3026 2022 3274 2073 suorum;
3300 2024 3394 2078 per
3418 2009 3565 2065 hunc
3586 2019 3761 2065 autem

2188 2098 2380 2152 tradita
2410 2108 2532 2153 sunt
2553 2099 2934 2156 Salmanasaro
2952 2102 3254 2170 praeposito
3274 2101 3462 2157 Judae.
3496 2102 3764 2157 Numerus

2180 2197 2360 2243 autem
2405 2204 2591 2244 eorum
2622 2199 2768 2254 erat,
2814 2191 3059 2246 libatoria
3098 2207 3259 2246 aurea
3306 2192 3476 2257 mille,
3512 2201 3761 2262 argentea

2180 2278 2491 2347 quingenta,
2540 2280 2844 2333 murtatiola
2891 2290 3143 2350 argentea
3193 2297 3335 2335 xxix.
3376 2281 3529 2343 ﬁalae
3567 2297 3764 2337 aureae

2181 2366 2585 2435 quinquaginta,
2622 2377 2905 2434 argenteae
2944 2379 3125 2423 autem
3164 2370 3271 2424 duo
3301 2370 3461 2424 millia
3510 2372 3765 2441 quadrin-

2180 2465 2339 2525 genta
2375 2457 2585 2523 decem,
2611 2466 2663 2512 et
2685 2459 2787 2512 alia
2818 2474 2944 2513 vasa
2988 2459 3162 2526 mille;
3194 2461 3375 2515 omnia
3423 2471 3609 2517 autem
3652 2477 3769 2519 vasa

2181 2561 2340 2602 aurea
2358 2558 2411 2602 et
2430 2558 2679 2617 argentea
2703 2557 2927 2618 quatuor
2948 2551 3111 2604 millia
3136 2562 3399 2619 nongenta
3424 2554 3767 2622 septuaginta

2183 2652 2394 2706 novem,
2427 2646 2481 2691 et
2512 2639 2712 2705 perlata
2757 2649 2882 2692 sunt
2913 2655 3007 2707 per
3050 2640 3394 2695 Salmanasar
3428 2649 3483 2695 et
3514 2658 3617 2709 per
3651 2658 3759 2708 eos,

2182 2728 2272 2796 qui
2321 2729 2387 2782 de
2430 2731 2739 2798 captivitate
2788 2731 3114 2800 Babyloniae
3156 2733 3625 2801 regrediebantur.
3678 2734 3768 2788 llic

2183 2819 2351 2888 Cyrus
2376 2822 2617 2889 regnavit
2661 2822 2814 2876 annis
2843 2823 3027 2877 decem
3066 2840 3145 2877 tr.
3189 2832 3244 2878 et
3273 2825 3592 2880 interfectus
3624 2836 3710 2881 est
3734 2840 3761 2879 a

2185 2909 2374 2965 Miride
2404 2910 2456 2964 in
2488 2910 2656 2964 Massa
2679 2910 2809 2965 Jada
2837 2912 3142 2982 Olympiade
3163 2915 3503 2982 sexagesimo
3538 2923 3600 2969 et
3627 2926 3769 2968 octa-

2186 3011 2289 3062 vo,
2314 3004 2369 3051 et
2391 2999 2629 3067 sepultus
2652 3007 2734 3053 est
2778 2999 2829 3053 in
2880 2999 3117 3055 Castello
3161 3003 3303 3071 quod
3338 3002 3479 3071 magi
3526 3003 3769 3059 obtinent

2185 3087 2529 3145 Thiasareida
2555 3091 2791 3157 nomine,
2822 3091 2907 3147 hic
2926 3090 3048 3162 Cyri
3076 3094 3444 3162 sepulchrum.
3469 3094 3618 3164 Cyro
3647 3111 3771 3165 ergo

511 3188 663 3255 gaus,
692 3204 758 3243 ex
787 3190 955 3256 Jode;
981 3199 1035 3246 et
1058 3193 1295 3261 regnavit
1332 3191 1487 3246 annis
1516 3206 1659 3245 XXIX.
1693 3190 1963 3246 Amessias
1991 3205 2083 3259 ge-
2108 3156 2154 3219 C
2186 3180 2466 3250 defuncto,
2516 3183 2656 3237 sicut
2697 3183 2930 3237 diximus
2968 3183 3273 3254 olympiade
3330 3186 3678 3254 sexagesimo
3720 3194 3770 3240 et

512 3280 628 3332 nuit
652 3280 869 3345 Odiarm,
901 3281 1040 3336 idest
1081 3295 1300 3346 amans,
1342 3296 1405 3335 ex
1446 3281 1715 3349 Jeccelia;
1745 3289 1798 3335 et
1843 3279 2086 3349 regnavit

512 3370 663 3423 annis
692 3387 796 3426 ιιι.
820 3371 978 3426 Odias
1005 3374 1186 3439 genuit
1207 3372 1510 3438 Jonatbam,
1540 3374 1675 3429 idest
1701 3372 1990 3441 perfectus,
2016 3385 2086 3426 ex

512 3458 705 3513 Darbia
760 3462 867 3514 ﬁlia
914 3463 1161 3527 Sadduc,
1215 3471 1269 3517 et
1323 3464 1563 3527 regnavit
1616 3464 1771 3515 annis
1825 3462 2080 3518 sedecim.

514 3548 738 3603 Jonatba
762 3551 945 3619 genuit
974 3550 1167 3617 Acbaz,
1202 3552 1250 3605 id
1280 3562 1364 3606 est
1387 3561 1592 3618 tenens,
1626 3568 1688 3607 ex
1722 3551 1858 3607 Saba
1883 3569 1896 3617 ;
1921 3559 1976 3607 et
2002 3568 2088 3606 re-

514 3636 696 3706 gnavit
723 3641 877 3693 annis
907 3640 1158 3695 sedecim.
1196 3641 1371 3695 At-haz
1409 3642 1588 3710 genuit
1619 3642 1921 3709 Ezechiam,
1949 3642 2087 3697 idest

516 3744 733 3797 regnum
765 3731 878 3825 Dgi,
907 3746 972 3787 ex
1005 3731 1231 3786 Rabbnti
1268 3732 1371 3786 ﬁlia
1399 3732 1721 3798 Zachariae;
1750 3740 1805 3786 et
1848 3734 2087 3802 regnavit

515 3820 667 3872 annis
696 3820 839 3874 xxtx'.
885 3822 1075 3875 Ezecbi
1112 3835 1138 3875 s
1164 3822 1346 3889 genuit
1389 3823 1677 3888 Manasses,
1708 3823 1845 3877 idest
1885 3824 2086 3879 oblivio

516 3909 714 3963 doloris
737 3951 754 3978 ,
796 3927 858 3965 ex
893 3910 1118 3969 Ebsiba:
1151 3922 1202 3967 et
1249 3912 1486 3980 regnavit
1524 3914 1678 3967 annis
1709 3916 2083 3983 quinquaginta

514 4003 765 4069 quinque.
795 4001 1061 4057 Manasses
1096 4004 1276 4072 genuit
1307 4007 1497 4070 Amos,
1530 4005 1666 4059 idest
1713 4008 2047 4060 verecundus
2068 4048 2083 4072 ,

515 4108 576 4145 ex
608 4092 1101 4160 Masthclamitaba;
1133 4105 1187 4151 et
1216 4098 1455 4166 regnavit
1481 4098 1635 4152 annis
1662 4097 1890 4153 duobus.
1922 4102 2086 4153 Amos

514 4182 688 4251 genuit
720 4181 942 4250 Josiam,
969 4185 1103 4239 idest
1129 4202 1426 4256 rogans,ex
1456 4185 1745 4242 Jeddadida
1771 4189 1873 4241 lilia
1897 4188 2082 4253 ()ziae;

514 4281 565 4325 et
593 4274 833 4341 regnavit
861 4278 1015 4329 annis
1041 4292 1188 4329 xxxi.
1216 4276 1390 4330 Josias
1428 4279 1607 4346 genuit
1634 4279 1830 4333 Jochaz
1855 4279 1990 4334 idest
2015 4280 2087 4332 si-

511 4361 685 4429 milis,
727 4378 791 4416 ex
819 4362 1040 4429 Jecora;
1084 4374 1139 4420 et
1186 4368 1426 4435 regnavit
1475 4368 1663 4423 diebus
1705 4370 1987 4439 nonaginta
2032 4380 2087 4425 et

510 4454 775 4509 Εκπιηίιηί
801 4455 980 4523 genuit
1003 4454 1127 4510 Joas
1153 4466 1205 4509 et
1232 4457 1528 4521 Sedeciam,
1558 4458 1708 4527 cujus
1728 4460 2081 4535 Nabucbo_.lo-

512 4560 676 4600 nosor
706 4546 889 4601 oeulos
916 4547 1187 4600 excecavit
1209 4548 1258 4600 in
1290 4557 1576 4616 conspectu
1609 4549 1837 4603 ﬁliorum
1866 4532 1999 4619 ejus,
2031 4562 2086 4606 et
2115 4517 2164 4576 υ

512 4641 564 4693 in
595 4638 943 4707 compedibus
976 4639 1149 4693 aereis
1196 4639 1358 4694 vinxit
1389 4656 1540 4708 cum,
1574 4652 1627 4697 et
1657 4644 1708 4697 in
1739 4643 2083 4714 Babyloniam

512 4733 629 4787 duci
658 4732 842 4801 jussit,
863 4741 915 4784 et
947 4731 998 4784 in
1028 4730 1338 4785 molundino
1366 4734 1637 4796 constitui,
1665 4743 1718 4787 et
1742 4734 1811 4788 ibi
1844 4747 2086 4789 mortuus

513 4832 616 4884 cst,
647 4823 798 4890 cujus
846 4836 988 4875 anno
1026 4822 1307 4877 undecimo
1347 4826 1495 4892 regni
1537 4825 1831 4880 Jerusalem
1862 4840 1890 4876 a
1921 4825 2088 4880 Nabu-
2130 4867 2133 4869 μ

514 4912 851 4966 chodonosor
892 4927 1017 4980 rege
1058 4912 1374 4979 depraedata
1418 4924 1519 4968 est.
1571 4916 1636 4968 Et
1682 4916 1919 4970 ct-nclusi
1964 4927 2089 4972 sunt

518 5002 718 5070 [legum
740 5001 864 5053 anni
893 5002 1425 5075 quingentiquinque,
1457 5018 1672 5058 menses
1695 5020 1807 5066 sex,
1848 5005 1962 5061 die;
1992 5008 2089 5062 de-

513 5105 662 5155 cem,
696 5100 747 5144 et
781 5091 1183 5159 lransmigratus
1213 5101 1289 5146 est
1341 5093 1564 5160 populus
1593 5094 1644 5148 in
1695 5094 2002 5162 Babylonia,
2035 5106 2090 5152 et

513 5182 853 5237 constituitur
891 5197 986 5236 rex
1012 5197 1040 5235 a
1072 5198 1196 5252 rege
1238 5182 1731 5239 Nabuchodonosor
1773 5184 2089 5243 Jeccbonias

513 5277 652 5329 ﬁlius
678 5275 941 5343 Joacbim,
969 5276 1056 5345 qui
1080 5275 1252 5329 dictus
1274 5284 1354 5329 est
1376 5276 1736 5345 praeparatio;
1767 5286 1821 5332 et
1848 5280 2087 5346 regnavit

512 5368 701 5422 diebus
729 5377 962 5420 centum.
986 5367 1137 5421 Tunc
1161 5378 1215 5421 et
1238 5367 1351 5436 ipse
1376 5367 1564 5422 ductus
1591 5379 1672 5423 est
1694 5372 1743 5423 in
1771 5370 2084 5441 Babylonia,

513 5468 569 5513 et
598 5458 649 5513 iu
682 5458 954 5526 trigesimo
979 5472 1118 5511 anno
1164 5458 1651 5527 transmigrationis
1679 5466 1862 5513 tonsus
1893 5469 1971 5513 est
2000 5459 2089 5514 Je-

513 5552 767 5615 cbOoias,
797 5551 921 5605 dum
966 5551 1032 5603 de
1081 5564 1297 5605 carcere
1345 5566 1465 5605 eum
1498 5550 1782 5604 Ulemadar
1809 5552 2082 5606 educeret.

518 5644 613 5698 llic
658 5651 740 5698 est
775 5642 1090 5707 Ulcmadar,
1121 5641 1210 5711 qui
1255 5641 1379 5696 dum
1436 5640 1925 5696 Nabuchodonosor
1962 5656 2084 5696 cum

518 5736 627 5803 agri
658 5734 840 5791 bestiis
887 5745 1186 5792 moraretur
1216 5735 1312 5789 luit
1340 5734 1452 5803 ejus
1499 5749 1793 5791 successor.
1833 5734 1982 5790 Tunc
2010 5734 2089 5793 lo-

2187 3282 2399 3339 octavo,
2427 3275 2663 3329 succedit
2686 3276 2736 3329 in
2762 3290 2926 3345 regno
2952 3276 3070 3341 ejus
3093 3291 3182 3331 rex
3210 3276 3418 3331 Darius.
3443 3277 3543 3332 ilic
3563 3288 3651 3332 est
3681 3278 3769 3332 Da.

2187 3365 2298 3421 rius
2321 3365 2460 3419 ﬁlius
2486 3364 2658 3421 Asieri
2691 3366 2925 3421 nascitur
2944 3381 3007 3420 ex
3042 3366 3227 3421 Bastin
3259 3369 3310 3421 in
3342 3366 3558 3423 civitate
3593 3367 3768 3424 Suaim

2187 3465 2240 3513 et
2267 3458 2503 3528 regnavit
2527 3457 2579 3511 in
2596 3473 2760 3528 regno
2783 3458 3169 3525 Chaldeorum;
3196 3475 3224 3513 a
3252 3459 3404 3529 cujus
3432 3470 3578 3515 anno
3612 3461 3768 3515 tertio

2186 3550 2332 3619 regni
2360 3549 2620 3616 incipiunt
2660 3549 2991 3604 ebdomadae
3022 3549 3263 3605 Daniheli
3302 3566 3331 3603 a
3362 3551 3541 3620 capite
3582 3551 3766 3607 circuli

2186 3640 2427 3696 secundi.
2460 3640 2576 3694 iam
2605 3648 2729 3694 tunc
2757 3640 2982 3694 Romani
3014 3640 3488 3708 magniﬁcabantur
3512 3650 3767 3710 regnante

2188 3736 2481 3803 Tarquinio
2507 3734 2769 3802 Supervo,
2789 3734 2877 3802 qui
2912 3734 3009 3787 fuit
3035 3734 3396 3788 Romanorum
3431 3749 3525 3789 rex
3550 3744 3767 3789 octavas

2187 3827 2254 3881 ab
2307 3826 2439 3881 urbe
2482 3824 2715 3890 condita,
2747 3834 2800 3879 et
2854 3824 3095 3889 regnavit
3142 3825 3297 3878 annis
3345 3838 3492 3878 xxtv.
3537 3824 3764 3879 Condita

2188 3931 2316 3972 vero
2354 3926 2436 3971 est
2490 3916 2655 3970 Roma
2688 3931 2714 3969 a
2760 3916 2882 3972 ﬁliis
2936 3917 3138 3971 Martiis
3176 3924 3231 3971 et
3270 3916 3440 3971 lliliae
3488 3917 3767 3971 undecimo

2188 4009 2305 4063 Kal.
2333 4008 2498 4076 Majas
2516 4008 2643 4062 feria
2670 4009 2872 4076 quinta,
2900 4018 2953 4064 et
2974 4021 3095 4063 sunt
3117 4009 3275 4063 hodie
3301 4023 3465 4077 usque
3495 4011 3549 4063 in
3572 4022 3766 4061 annum

2186 4101 2496 4170 vigesimum
2514 4108 2757 4169 quartum
2786 4100 2931 4169 regis
2955 4100 3210 4154 Geiserici
3232 4099 3359 4154 auui
3385 4100 3532 4155 mille
3554 4098 3764 4168 degenti

2187 4204 2413 4260 sep'em.
2447 4191 2603 4245 Anno
2627 4200 2753 4244 tunc
2783 4191 2992 4245 decimo
3034 4204 3279 4245 mensum
3314 4205 3598 4244 numerum
3624 4188 3765 4253 apud

2188 4279 2458 4335 Retnanos
2482 4279 2711 4334 habente
2737 4290 2995 4348 regnante
3017 4281 3067 4332 in
3087 4280 3253 4334 Jndea
3272 4280 3436 4334 lluzia
3458 4280 3566 4335 ﬁlio
3585 4282 3765 4334 Amas-

2188 4369 2297 4422 siae
2326 4383 2467 4421 anno
2484 4385 2624 4422 xxuv.
2643 4370 2791 4436 regni
2807 4370 2943 4439 ejus.
2973 4368 3180 4425 Exinde
3203 4386 3374 4440 usque
3389 4372 3453 4426 ad
3470 4372 3763 4426 conclusio-

2189 4471 2310 4511 nem
2328 4472 2587 4512 annorum
2607 4460 2942 4527 septuaginta
2959 4458 3277 4527 captivitati
3302 4460 3510 4529 impleti
3531 4470 3649 4515 sunt
3667 4474 3759 4528 per

2190 4548 2582 4603 successionem
2612 4548 2936 4617 singulorum
2990 4563 3171 4617 regum
3218 4550 3584 4606 Romanorum
3635 4548 3753 4603 anni

2191 4639 2403 4692 ducenti
2435 4640 2814 4708 quinquaginta
2844 4648 2965 4693 octo
3001 4641 3069 4693 ab
3096 4654 3236 4693 anno
3277 4642 3542 4710 vigesimo
3581 4647 3759 4710 quarto

2192 4729 2387 4782 lloziae
2410 4729 2503 4782 ﬁlii
2537 4729 3009 4784 Amcsiae.Verum
3031 4740 3087 4785 ut
3118 4746 3239 4785 cum
3261 4731 3555 4787 Judeorum
3586 4745 3755 4801 ngam
3782 4800 3787 4804 _

2190 4827 2245 4873 et
2274 4818 2634 4873 Remauorum
2681 4831 2843 4889 temp:
2867 4835 2926 4873 ra
2962 4830 3292 4891 coequentur
3320 4825 3555 4892 ipsorum
3584 4835 3755 4891 regum

2197 4911 2560 4965 Romanorum
2582 4926 2840 4966 annorum
2864 4929 3119 4968 numerus
3137 4915 3463 4983 requiratur,
3479 4924 3536 4970 et
3554 4931 3581 4967 a
3599 4915 3757 4968 Bemu

2193 5014 2245 5060 et
2274 5005 2496 5059 Romulo
2517 5005 2755 5073 ejusdem
2784 5005 3159 5059 conditoribus
3189 5021 3287 5060 suo
3334 5008 3388 5061 in
3419 5007 3606 5061 ordine
3630 5002 3759 5060 rcci-
3787 5002 3801 5012 '

2196 5104 2395 5150 tentur.
2428 5097 2530 5163 Ipsi
2563 5096 2711 5149 enim
2743 5097 2916 5163 primo
2964 5106 3324 5164 regnaverunt
3371 5098 3571 5153 Romae
3610 5093 3759 5151 simul

2195 5186 2349 5239 annis
2378 5201 2598 5239 xxvvtu.
2633 5186 2758 5240 Post
2790 5185 2888 5240 hos
2913 5187 3068 5240 Titus
3105 5187 3289 5241 Tatius
3318 5189 3424 5243 dux
3451 5189 3755 5245 Sabinorum

2195 5277 2438 5343 regnavit
2468 5277 2624 5330 anuis
2649 5277 2998 5347 quadrginta
3031 5293 3168 5344 uno;
3198 5279 3397 5334 dehinc
3423 5281 3587 5335 Numa
3616 5281 3757 5333 Potu~

2196 5366 2355 5437 pilius
2400 5370 2559 5422 annis
2605 5369 2951 5439 quadraginta
3011 5370 3217 5435 tribus;
3273 5370 3481 5426 Tullius
3523 5370 3757 5426 Hostilius

2194 5460 2349 5514 anuis
2396 5475 2520 5512 xxx.
2555 5459 2794 5525 duobus;
2845 5459 3061 5515 Ant-bus
3106 5460 3313 5515 Marcus
3356 5462 3585 5531 Filippus
3613 5458 3757 5513 annis

2200 5566 2389 5605 xxvm.
2440 5549 2766 5618 Tarquinius
2818 5550 3033 5606 Priscus
3086 5553 3241 5606 annis
3277 5569 3401 5608 xxx.
3435 5552 3753 5617 octo;cujus

2195 5659 2338 5697 anno
2366 5653 2524 5698 sexto
2555 5642 2703 5711 regni
2735 5657 2762 5694 a
2796 5642 3292 5700 Nabuchodonosor
3320 5658 3448 5716 rege
3476 5642 3751 5701 Jerusalem

2195 5736 2493 5793 ostenditur
2542 5733 2820 5804 captivari.
2853 5734 3056 5791 Servus
3111 5734 3333 5804 Tulius,
3389 5751 3539 5793 serva
3576 5743 3749 5794 natus.
