4000 6176
1080 352 1166 407 DE
1204 350 1659 409 GENEALOGIIS
1701 350 2282 407 PATRIARCIIARUM
2326 351 2539 409 LIBER.

3329 358 3429 414 531

209 470 354 525 annls
386 481 568 523 xxxvr.
611 465 775 521 Fiunt
807 479 993 520 omnes
1028 467 1080 518 in
1110 478 1170 520 se
1208 466 1333 519 anni
1365 463 1581 519 ducenti
1611 464 1768 531 quin-
1796 469 1841 526 Α
1871 464 1983 519 Rex
2006 474 2064 520 et
2089 464 2346 519 dederunt
2374 465 2423 518 ei
2463 464 2679 533 scripta,
2712 474 2763 520 et
2807 468 2933 537 legit
2975 476 3028 523 et
3057 471 3277 526 misitet
3304 486 3430 526 con-

208 558 451 626 quaginta
500 570 592 609 sex
636 557 805 622 usque
841 554 908 607 ad
950 555 1178 618 primum
1226 567 1425 608 annum
1459 552 1632 615 Darii,
1662 565 1765 620 quo

206 646 369 716 Cyrus
391 644 671 699 defunctus
692 651 793 696 est.
822 642 939 708 Quo
967 652 1207 710 tempore
1246 657 1471 711 regnum
1493 642 1764 695 Romano-

206 753 315 792 rum
346 736 722 790 administrare
750 740 1001 802 coeperat
1034 732 1354 802 Tarquinius
1385 732 1674 802 Superbus.
1708 731 1763 785 ln

203 829 346 893 cujus
375 826 578 881 scilicet
602 839 741 878 anno
767 823 999 878 secundo
1027 823 1276 893 completi
1307 832 1431 879 sunt
1458 838 1644 891 regum
1674 838 1765 878 nr-

202 914 273 971 bfs
295 917 427 969 anni
454 915 666 970 ducenti
698 914 1075 983 quinquaginta
1105 922 1227 969 octo
1257 928 1423 984 usque
1457 915 1522 969 ad
1546 915 1766 969 conclu-

201 1009 402 1062 sionem
444 1019 702 1059 annorum
727 1006 1059 1074 septuaginta
1095 1005 1445 1074 captivitatis,
1478 1006 1766 1059 succeden-

203 1099 337 1152 tibus
365 1096 528 1151 etiam
560 1094 982 1150 hebdomadibus
1012 1094 1285 1149 Danhielis
1312 1103 1537 1164 septem,
1570 1094 1622 1148 in
1653 1093 1769 1163 qui-

198 1188 288 1241 bus
320 1189 442 1255 ipse
475 1186 713 1254 regnavit
744 1187 899 1241 anuis
944 1186 1132 1255 viginti
1171 1186 1399 1241 duobus.
1441 1186 1604 1242 Fiunt
1640 1200 1767 1257 ergo

199 1278 343 1333 urbis
376 1278 581 1346 Regum
612 1278 736 1331 anni
764 1277 978 1331 ducenti
1025 1277 1315 1346 octoginta.
1348 1278 1469 1333 Post
1502 1278 1635 1331 istos
1671 1290 1769 1330 au-

197 1378 293 1423 tem
327 1382 486 1437 reges
513 1367 757 1423 consules
784 1366 1002 1421 Tribuni
1047 1368 1129 1421 vel
1158 1367 1338 1421 tediles
1368 1381 1536 1436 usque
1573 1366 1640 1421 ad
1667 1366 1767 1422 Ga-

196 1458 293 1527 jum
322 1458 525 1512 JulLum
554 1456 817 1523 Cmsarem
843 1456 1219 1526 jndicaverunt
1245 1456 1398 1512 annis
1448 1457 1768 1528 quadrigen-

196 1550 258 1604 Iis
307 1548 585 1603 undecim.
627 1548 671 1602 A
712 1548 840 1617 Gajo
880 1564 1008 1603 vero
1050 1548 1185 1603 Iulio
1236 1548 1447 1603 Caesare
1491 1564 1656 1617 usque
1700 1547 1766 1603 ad

195 1637 559 1692 Va'entiniani
601 1646 896 1692 extremum
937 1637 1058 1691 vitm
1107 1637 1438 1708 naufragium
1486 1639 1611 1693 anni
1642 1645 1768 1694 sunt

193 1729 463 1797 quingenti
497 1736 636 1791 octo,
668 1728 861 1796 quibus
888 1727 941 1781 in
981 1727 1335 1782 similitudine
1377 1728 1503 1783 ferri
1533 1728 1657 1784 licet
1685 1744 1768 1783 ar-

1869 553 2075 607 vocavit
2099 568 2284 608 omnes
2312 554 2642 622 praepositos
2666 564 2716 609 et
2764 557 3013 626 majores.
3043 560 3302 616 Sederunt
3332 576 3430 618 au-

1868 652 1973 697 tem
2005 651 2059 697 et
2082 657 2270 697 omnes
2301 644 2587 713 principes,
2617 653 2671 700 et
2706 645 2900 701 lectum
2930 658 3011 704 est
3053 653 3307 720 scriptum
3335 669 3429 709 co.

1866 749 1980 789 ram
2008 734 2129 801 illis,
2162 742 2214 788 et
2243 734 2374 788 dixit
2406 751 2419 787 :
2451 744 2633 790 vocate
2676 737 2931 805 juvenes;
2974 751 3025 794 et
3067 741 3165 811 ipsi
3211 744 3430 800 mani’e-

1867 823 2082 877 stabunt
2105 822 2260 877 nobis
2282 836 2561 879 sermones
2587 839 2741 891 suos;
2774 836 2826 882 et
2856 828 3196 898 introjerunt,
3226 842 3276 887 et
3298 833 3432 889 dixit

1866 914 1988 970 eis:
2037 916 2340 971 renuntiate
2370 916 2524 971 nobis
2559 917 2628 972 de
2669 917 2881 987 scriptis
2909 922 3119 977 vestris.
3166 923 3226 977 Et
3266 926 3429 995 cmpit

1866 1003 1958 1075 qui
2012 1005 2157 1073 prior
2177 1004 2311 1059 dixit
2335 1005 2399 1060 tle
2422 1006 2617 1062 virtute
2638 1009 2766 1071 vini,
2798 1018 2852 1065 et
2873 1011 2949 1065 sic
2969 1012 3077 1066 ait:
3112 1012 3241 1079 Viri,
3272 1030 3425 1085 quam
3448 1032 3451 1034 ·

1866 1095 1972 1150 cito
1995 1096 2463 1163 praevaletvinum
2493 1098 2739 1153 omnibus
2785 1098 3110 1169 hominibus,
3142 1104 3230 1171 qui
3280 1106 3425 1159 illum

1867 1185 2083 1251 bibunt;
2105 1186 2311 1241 seducit
2337 1201 2549 1241 sensum
2581 1189 2740 1257 regis,
2760 1198 2813 1245 et
2833 1191 3103 1260 orphanis,
3139 1191 3263 1248 facit
3283 1210 3427 1249 men-

1867 1285 1975 1329 tem
2009 1275 2375 1344 vanam,servi
2399 1284 2451 1331 et
2478 1276 2630 1332 liberi
2659 1280 2907 1349 pauperis
2934 1288 2987 1335 et
3014 1281 3213 1349 divitis,
3236 1293 3290 1337 et
3314 1298 3428 1338 om-

1868 1379 1989 1419 nem
2022 1379 2238 1420 sensum
2270 1365 2511 1420 demutat
2548 1366 2599 1421 in
2632 1366 2954 1425 hilaritatem
2985 1380 3037 1426 et
3076 1373 3347 1441 gaudium,
3378 1383 3430 1428 et

1868 1470 1971 1510 non
1996 1457 2239 1511 meminit
2259 1470 2470 1512 omnem
2502 1459 2769 1522 tristitiam
2800 1468 2855 1515 et
2879 1460 3134 1529 debitum,
3162 1471 3215 1518 et
3243 1478 3431 1519 omnes

1867 1543 2072 1600 animas
2119 1545 2240 1599 facit
2266 1545 2475 1610 divites,
2509 1558 2561 1604 et
2607 1564 2712 1602 non
2755 1551 2994 1605 meminit
3037 1565 3212 1620 regem
3263 1567 3431 1621 neque

1868 1635 2212 1703 praefectum,
2245 1644 2307 1703 et
2326 1637 2501 1691 omnia
2550 1654 2644 1707 per
2674 1640 2867 1694 talenta
2895 1640 3016 1695 facit
3043 1642 3215 1710 loqui;
3246 1652 3299 1696 ct
3326 1659 3431 1697 non

1870 1726 2227 1779 meminerunt
2261 1726 2472 1793 quando
2516 1728 2701 1783 bibunt
2744 1729 3095 1785 amicitiarum
3141 1734 3431 1787 amicorum

193 1819 368 1887 gillatn
397 1826 538 1873 testo
562 1818 929 1883 commixtum,
963 1828 1137 1873 tamen
1168 1818 1429 1873 divinitus
1463 1820 1757 1874 Romanum
1792 1816 1836 1875 Β
1866 1821 1917 1867 Gl
1948 1815 2192 1877 fralrum.
2223 1823 2275 1869 el
2300 1815 2456 1883 Paulo
2491 1825 2611 1884 post
2639 1818 2901 1887 arripiunt
2928 1819 3150 1887 gladiOS,
3175 1830 3227 1875 et
3258 1836 3375 1876 cum
3404 1837 3432 1875 a

188 1925 401 1979 semper
430 1912 575 1965 stetit
602 1911 897 1977 imperium.
934 1911 1146 1965 Dan'ele
1172 1919 1361 1965 statuae
1412 1912 1555 1966 illius
1586 1912 1758 1965 inter-

189 2011 420 2069 pretem,
452 2016 607 2069 quam
635 2000 1123 2056 Nabuchodonosor
1155 2005 1534 2068 somniaverat,
1562 2004 1651 2073 qui
1686 2004 1763 2057 le-

185 2090 273 2159 git,
310 2091 596 2158 intelligat.
629 2088 697 2143 Et
731 2091 1039 2144 conclusum
1059 2101 1140 2145 est
1170 2092 1219 2145 in
1246 2093 1360 2161 ipso
1391 2094 1634 2162 ingressu
1665 2108 1764 2147 an-

186 2197 372 2235 norum
406 2182 557 2235 mille
584 2181 954 2245 ducentorum,
986 2182 1227 2236 decursis
1254 2190 1552 2252 temporum
1578 2186 1758 2248 metis,

184 2270 470 2325 Romaniae
490 2286 726 2339 regnum,
760 2271 1117 2340 propterquud
1150 2272 1260 2340 jam
1292 2288 1427 2340 pene
1459 2288 1553 2340 per
1591 2282 1760 2328 totum

184 2361 450 2415 ambitum
491 2368 648 2414 terra:
690 2362 940 2415 mortium
970 2376 1127 2416 neces
1164 2369 1219 2416 et
1268 2362 1534 2416 cruciatus
1580 2376 1762 2417 accre-

183 2460 358 2515 scunt,
398 2451 659 2505 bell'irum
685 2466 911 2519 namque
941 2453 1175 2520 fragores
1202 2467 1594 2521 poenarumque
1648 2453 1762 2508 lues

182 2540 277 2593 sibi
308 2541 547 2595 invicem
578 2541 933 2609 congetninati
976 2541 1301 2607 succedunt;
1335 2543 1576 2611 planctus
1609 2557 1758 2608 vero,

183 2630 357 2700 dolos,
385 2630 579 2700 plagae
604 2632 760 2684 simul
799 2631 1037 2685 etluctus
1068 2632 1262 2700 ubique
1285 2632 1591 2685 funduntur.
1628 2632 1760 2687 Dum

182 2720 311 2774 haec
351 2718 524 2790 igitur
548 2721 720 2773 omnia
746 2721 867 2776 huic
912 2722 1111 2775 mundo
1144 2721 1473 2791 frequentius
1513 2724 1759 2792 inrogan~

182 2816 297 2876 tur,
355 2825 489 2864 cum
534 2810 865 2865 oceisoribus
906 2821 960 2866 et
1010 2812 1203 2868 occisis
1248 2813 1390 2866 illico
1442 2813 1649 2883 singula
1700 2813 1761 2866 ll-

183 2904 438 2955 niuntur.

247 3003 273 3031 ⁸
305 2994 527 3049 Interea
562 2994 856 3050 anohabel
903 2994 1044 3050 filius
1082 2995 1323 3061 Salatiel,
1362 2995 1449 3050 hic
1490 2984 1572 3051 est
1616 2995 1703 3064 qui
1734 3009 1765 3048 a

179 3082 339 3138 Dario
363 3099 499 3153 rege
516 3086 807 3154 sapientior
833 3090 1230 3154 pronuntiatur;
1251 3095 1334 3141 est
1355 3087 1495 3141 enim
1516 3088 1581 3141 de
1606 3086 1765 3141 domo

1864 1904 1987 1957 vino
2029 1903 2224 1959 fuerint
2250 1914 2303 1959 et
2330 1908 2751 1970 exsurrexerint,
2780 1922 2883 1961 non
2916 1909 3271 1988 meminerunt
3298 1925 3433 1980 quae

1861 1994 2143 2063 gesserint.
2173 1996 2216 2049 Ο
2246 1995 2343 2049 viri
2370 2012 2474 2050 non
2502 1997 2768 2065 praevalet
2790 1998 2989 2065 vinutn,
3022 1999 3161 2067 quod
3194 2001 3271 2055 sic
3293 2002 3434 2070 cogit

1862 2087 2058 2152 facere,
2092 2097 2144 2140 et
2175 2087 2359 2141 tacuit.
2386 2087 2486 2143 Ubi
2520 2089 2589 2142 ita
2619 2087 2757 2141 dixit
2782 2099 2833 2143 et
2859 2090 3020 2158 erepit
3050 2091 3315 2145 secundus
3355 2092 3433 2145 lo-

1864 2178 1970 2244 qui,
2001 2178 2089 2246 qui
2113 2177 2244 2231 dixit
2263 2177 2331 2234 de
2358 2178 2551 2231 virtute
2588 2177 2746 2246 Regis
2774 2196 2786 2231 :
2811 2178 2854 2232 0
2878 2180 2997 2244 viri,
3024 2195 3127 2234 non
3160 2182 3433 2249 prevalcnt

1864 2267 2104 2321 homines
2135 2274 2275 2321 terra
2316 2276 2371 2322 et
2399 2282 2547 2323 mare
2577 2278 2755 2323 tenent
2796 2280 2849 2323 et
2892 2270 3070 2324 omnia
3112 2285 3246 2338 quae
3272 2270 3323 2325 in
3355 2272 3432 2326 eis

1860 2366 2005 2419 sunt,
2040 2357 2149 2411 Rex
2195 2367 2371 2412 autem
2400 2360 2692 2428 praevalet,
2725 2368 2780 2415 et
2801 2360 3103 2414 dominatur
3144 2374 3349 2425 eorum,
3378 2372 3431 2415 et

1862 2460 2019 2500 omne
2048 2448 2417 2518 quodcumque
2454 2448 2652 2505 dixerit
2680 2453 2757 2506 eis
2794 2450 3022 2515 faciunt;
3051 2450 3105 2505 Si
3128 2460 3304 2505 autem
3335 2453 3438 2505 ini-5

1861 2539 1991 2592 serit
2020 2553 2130 2603 eos,
2161 2539 2224 2592 ad
2276 2542 2478 2607 hostes,
2510 2550 2659 2606 eunt,
2696 2552 2753 2595 et
2796 2541 3086 2595 conficiunt
3124 2551 3336 2596 montes
3381 2550 3436 2597 et

1865 2642 2045 2681 muros
2072 2638 2123 2683 et
2159 2637 2350 2693 turres,
2382 2640 2613 2684 mactant
2633 2640 2683 2686 et
2715 2640 3037 2695 mactantur,
3064 2642 3118 2687 et
3146 2633 3307 2702 Regis
3330 2648 3435 2688 non

1864 2717 2459 2784 pi'aetercuntvcrbum.
2489 2718 2545 2773 Si
2568 2726 2743 2775 autem
2771 2722 3010 2790 vincunt,
3034 2723 3278 2777 adferunt
3307 2722 3435 2792 Regi

1864 2819 2223 2874 quaecumque
2241 2807 2499 2873 ceperint,
2517 2817 2568 2861 et
2589 2809 2676 2877 qui
2696 2825 2800 2863 non
2817 2811 3043 2865 militant
3065 2827 3162 2866 nec
3180 2821 3432 2882 pugnant,

1865 2899 1957 2950 sed
1987 2906 2179 2950 terram
2213 2900 2419 2964 colunt,
2451 2910 2503 2954 et
2530 2916 2650 2954 cum
2679 2904 2944 2957 araverint
2971 2912 3028 2959 et
3052 2919 3282 2959 messem
3306 2918 3435 2971 ege-

1867 2989 1973 3041 rint
2002 2987 2245 3040 adferunt
2276 2989 2407 3057 regi,
2435 2999 2488 3042 et
2521 2990 2633 3056 ipse
2675 2992 2822 3044 solus
2848 3002 2957 3056 est;
3006 3002 3060 3047 et
3099 2994 3142 3045 si
3194 2992 3433 3047 dixerit»:

1868 3078 2120 3141 occidite;
2146 3078 2422 3141 occidunt;
2465 3088 2520 3133 et
2560 3080 2602 3132 si
2639 3079 2927 3147 dimittere,
2960 3082 3244 3148 dimittunt,
3277 3082 3323 3135 si
3344 3096 3436 3137 ce-

180 3173 345 3230 David
380 3146 462 3230 ex
479 3146 672 3243 genere
713 3146 910 3233 Phares
936 3178 1001 3233 de
1026 3180 1161 3232 tribu
1208 3146 1362 3246 .luda,
1387 3179 1536 3246 cujus
1558 3178 1765 3246 petitio-

1872 3168 1999 3222 derc
2046 3168 2264 3231 cedunt;
2312 3169 2353 3221 si
2387 3169 2686 3238 devastare,
2719 3172 3025 3235 devasmnt;
3056 3173 3099 3225 si
3150 3172 3435 3226 aediﬁcare

176 3265 258 3318 nis
285 3266 405 3320 Rex
446 3267 636 3321 Darius
661 3268 917 3335 templum
949 3269 1222 3324 aeJificari
1246 3270 1494 3337 jussit,et
1522 3270 1766 3322 universa

178 3369 302 3406 vasa
333 3357 577 3410 restitui.
608 3358 721 3426 Ipse
753 3360 840 3413 est
873 3358 1079 3423 Darius,
1113 3360 1202 3428 qui
1233 3358 1548 3413 Artaxerses
1573 3373 1765 3412 secun-

178 3444 301 3501 dum
335 3448 612 3503 Chaldeos
643 3451 943 3505 nominatus
972 3460 1074 3517 est,
1106 3451 1395 3505 secundum
1432 3449 1613 3503 Medos
1641 3462 1768 3502 vero

178 3536 371 3593 Darius
413 3540 713 3608 appellatus
754 3549 856 3596 est.
900 3540 999 3595 llic
1052 3541 1177 3594 fecit
1223 3540 1523 3594 convivium
1568 3538 1768 3608 grande

176 3630 439 3683 omnibus
471 3632 554 3698 qui
587 3630 687 3684 sub
708 3644 772 3684 eo
792 3639 965 3698 erant,
984 3631 1230 3685 omnibus
1250 3629 1555 3685 domesticis
1581 3637 1635 3682 et
1654 3643 1769 3681 om-

180 3720 345 3773 nibus
376 3720 703 3787 praepositis
728 3719 931 3773 Mediae
961 3729 1013 3772 et
1042 3719 1296 3785 Persidis,
1324 3719 1391 3772 ab
1423 3718 1569 3773 India
1602 3733 1767 3787 usque

175 3809 486 3878 Etiopiam
517 3820 728 3861 centum
758 3810 938 3878 v'giuti
966 3818 1167 3878 septem
1193 3808 1515 3875 regionibus.
1552 3808 1618 3861 Et
1647 3822 1764 3861 cum

176 3902 451 3954 bibissent
504 3908 559 3953 et
602 3900 1015 3954 nianducassent
1054 3901 1239 3969 repleti
1292 3900 1765 3970 regrediebantur;

173 3989 377 4045 Darius
409 3988 525 4042 Rex
560 3990 799 4043 ascendit
826 3990 1124 4045 cubiculum
1155 4006 1329 4054 suum,
1359 4001 1407 4045 et
1425 3990 1769 4055 dormivit,et

172 4096 378 4149 expers
411 4081 587 4134 factus
615 4090 716 4135 est.
744 4081 891 4135 Tunc
920 4091 1025 4135 tres
1048 4082 1270 4149 juvenes
1296 4080 1543 4135 custodes
1571 4094 1766 4148 corpo-

173 4172 249 4225 ris
292 4172 451 4241 regis
484 4171 733 4224 dixerunt
757 4171 821 4224 ad
850 4172 1184 4234 alterutrum,
1218 4171 1359 4224 dicat
1406 4168 1767 4238 unusquisque

171 4272 437 4316 nostrum
473 4276 772 4315 sermonem
815 4277 967 4315 suum
1000 4263 1088 4328 qui
1141 4261 1464 4328 praevaleat,
1493 4270 1545 4313 et
1590 4259 1767 4325 cujus-

174 4365 421 4420 cumque
473 4349 628 4404 fucrit
663 4351 880 4404 verbum
925 4350 1234 4419 Sapienticr,
1270 4349 1417 4402 dabit
1444 4351 1492 4402 ei
1533 4363 1627 4402 rex
1668 4349 1765 4401 Da-

172 4445 287 4497 rius
333 4457 565 4495 munera
596 4457 808 4510 magna,
837 4450 890 4496 et
912 4457 1070 4511 super
1092 4441 1369 4495 victoriam
1404 4454 1631 4508 purpura
1660 4439 1763 4492 ciro

172 4533 457 4597 cumdari,
480 4541 533 4586 et
556 4531 609 4585 in
639 4547 769 4585 auro
796 4531 997 4597 bibere,
1023 4540 1078 4586 et
1106 4547 1266 4601 super
1294 4545 1480 4583 aurum
1504 4529 1763 4596 dormire,

170 4630 226 4674 et
247 4620 581 4689 quadrigam
608 4621 924 4684 inauratam,
948 4630 1000 4675 et
1022 4621 1238 4690 cydarin
1270 4619 1564 4692 byssinam,
1590 4630 1641 4674 et
1667 4628 1769 4673 tur-

170 4725 335 4777 quem
379 4724 606 4764 auream
636 4709 777 4763 circa
804 4709 994 4765 collum
1022 4710 1161 4778 ejus,
1188 4718 1242 4763 et
1270 4710 1537 4765 secundus
1565 4708 1770 4763 sedebit

167 4816 196 4853 a
243 4802 445 4865 Dario,
474 4809 690 4869 propter
733 4801 1043 4870 sapientiam
1095 4817 1267 4869 suam,
1302 4812 1351 4855 et
1397 4800 1590 4855 adfinis
1624 4800 1763 4855 Darii

170 4894 490 4944 vocabitur.
522 4891 671 4944 Tunc
692 4893 1020 4959 scripserunt
1060 4893 1251 4961 singuli
1283 4907 1583 4947 sermonem
1608 4908 1761 4946 suum

166 4991 221 5035 et
268 4990 586 5051 posuerunt
630 4982 731 5036 sub
778 4983 993 5050 pulvino
1042 4984 1202 5050 Darii,
1252 4994 1304 5038 et
1331 4983 1618 5038 dixerunt:
1649 5001 1769 5039 cum

171 5072 458 5125 levaverit
491 5086 550 5126 se
583 5072 717 5138 Rex,
749 5072 992 5127 dabimus
1018 5074 1296 5142 scriptum,
1325 5084 1379 5128 et
1400 5074 1536 5144 quod
1564 5074 1771 5143 judica-

164 5162 309 5215 verit
337 5161 490 5225 Rex,
522 5170 575 5215 et
617 5172 724 5218 tres
762 5163 988 5233 majores
1018 5164 1270 5228 Persidis,
1303 5175 1356 5220 et
1405 5165 1557 5235 cujus
1595 5180 1772 5219 sermo

162 5252 489 5320 sapientior
512 5253 692 5319 fuerit,
717 5254 814 5323 ipsi
842 5254 1054 5308 dabitur
1085 5256 1325 5321 victoria,
1350 5257 1485 5311 sicut
1514 5259 1768 5326 scriptum

160 5355 268 5398 Bst.
310 5344 478 5399 Unus
525 5346 772 5413 scripsit,
805 5348 937 5400 forte
988 5358 1069 5401 est
1100 5348 1303 5402 viuum.
1337 5348 1485 5402 Alius
1534 5351 1766 5417 scripsit,

160 5435 431 5502 prcvalet
469 5434 597 5488 Rex.
630 5435 840 5489 Tertius
891 5452 948 5491 sc
983 5436 1127 5504 ipsit,
1163 5438 1474 5505 praevalent
1498 5439 1771 5505 mulieres,

160 5528 343 5597 super
390 5527 576 5581 uninia
606 5537 781 5582 autem
816 5532 1048 5597 prevalet
1095 5530 1309 5584 veritas.
1344 5531 1490 5585 Tunc
1531 5530 1772 5587 surrexit

234 5718 261 5748 ⁸
296 5707 451 5764 Haec
486 5713 537 5763 et
564 5708 832 5777 sequentia
864 5714 986 5763 sunt
1023 5721 1085 5761 ex
1118 5706 1208 5761 lib.
1244 5722 1297 5761 ιιι
1324 5705 1523 5762 Esdrae.

1868 3256 2180 3319 aedificant;
2213 3258 2255 3309 si
2284 3256 2531 3312 excidere
2571 3258 2848 3319 excidunt;
2877 3260 2919 3312 si
2973 3260 3234 3328 plantare,
3286 3260 3438 3328 plan-

1867 3354 1999 3414 tant,
2033 3356 2085 3399 et
2113 3347 2285 3400 omnis
2314 3348 2460 3415 plch
2504 3357 2556 3401 et
2584 3357 2816 3417 potestas
2844 3351 3008 3418 ipsius
3040 3359 3203 3404 sunt:
3246 3365 3440 3419 super-

1870 3437 1949 3491 bis
1979 3446 2154 3491 autem
2207 3440 2523 3493 recumbens
2552 3440 2833 3495 manducat
2879 3450 2933 3497 et
2963 3443 3093 3497 bibit
3122 3450 3177 3497 et
3219 3442 3438 3505 dormit,

1869 3526 1919 3578 hi
1943 3537 2119 3582 autem
2162 3536 2375 3582 servant
2417 3529 2469 3583 in
2522 3530 2747 3584 circuitu
2774 3531 2910 3600 ejus,
2942 3547 3039 3586 nec
3089 3540 3312 3600 possunt
3360 3531 3440 3585 ire

1868 3619 2055 3689 singuli
2079 3632 2130 3674 et
2163 3620 2337 3676 facere
2364 3636 2522 3690 opera
2542 3636 2657 3688 sua,
2684 3630 2737 3676 et
2766 3639 2867 3677 non
2894 3624 2939 3676 ci
2963 3624 3237 3678 obaudire.
3258 3623 3299 3677 0
3319 3622 3438 3687 viri,

1868 3708 2134 3777 quomodo
2165 3726 2270 3764 non
2317 3711 2620 3779 supervalet
2669 3712 2800 3767 Rex.
2829 3712 3039 3767 Tertius
3083 3714 3174 3781 qui
3218 3713 3347 3767 dixit
3374 3711 3443 3767 de

1869 3800 2176 3855 mulirribus
2197 3811 2251 3856 et
2278 3803 2522 3868 veritate,
2560 3801 2645 3855 hic
2677 3802 3070 3857 estZoiobabel
3112 3802 3251 3856 ﬁlius
3296 3803 3441 3855 sala-

1868 3891 1995 3944 thiel
2026 3894 2092 3945 de
2118 3892 2277 3946 domo
2309 3892 2472 3946 David
2511 3907 2574 3947 ex
2599 3906 2793 3961 genere
2822 3891 2983 3947 Fares
3026 3893 3091 3946 de
3117 3892 3252 3945 tribu
3281 3889 3437 3956 Juda,

1867 3985 2028 4052 coepit
2055 3985 2196 4054 loqui
2230 4005 2243 4039 :
2278 3986 2410 4053 Viri,
2443 3972 2547 4041 non
2591 4002 2814 4055 magnus
2845 3987 2955 4041 Rex
2986 3994 3040 4042 et
3068 3987 3217 4041 multi
3263 3987 3438 4041 humi-

1867 4089 1963 4131 nes
2004 4084 2057 4130 et
2106 4078 2287 4130 vinum
2330 4077 2485 4142 forte,
2526 4077 2644 4146 quis
2698 4091 2828 4147 ergo
2879 4077 3181 4131 dominatur
3228 4092 3436 4143 eorum,

1868 4179 2044 4219 nonne
2088 4165 2379 4220 mulieres?
2423 4165 2675 4220 mulieres
2723 4172 3117 4235 generaverunt
3154 4180 3355 4233 regem,
3387 4176 3442 4220 et

1867 4271 2077 4311 omnem
2124 4256 2329 4325 plebem
2366 4272 2504 4327 quae
2555 4257 2856 4311 dominatur
2890 4257 3025 4311 mari
3072 4265 3125 4311 et
3183 4256 3340 4311 terris
3388 4266 3441 4311 et

1866 4361 1929 4400 ex
1964 4347 2092 4414 ipsis
2123 4346 2242 4401 facti
2273 4355 2489 4407 sunt.ct
2509 4347 2905 4416 ipsaealnerunt
2932 4362 3026 4403 eos
3053 4348 3139 4416 qui
3164 4347 3439 4416 plantave-

1869 4446 1992 4489 runt
2023 4438 2222 4503 vineas,
2246 4437 2314 4491 de
2344 4438 2531 4507 quibus
2553 4437 2730 4492 viuum
2764 4438 2847 4503 ﬁt;
2876 4438 3021 4506 ipsae
3062 4438 3261 4491 faciunt
3291 4437 3444 4491 indu-

1873 4537 2049 4581 menta
2092 4526 2337 4581 omnibus
2368 4525 2693 4591 hominibus,
2725 4536 2777 4582 et
2805 4526 2952 4596 ipsae
2994 4526 3190 4581 faciunt
3220 4526 3443 4596 gloriam

1873 4620 2198 4683 hominibus,
2228 4628 2280 4673 et
2298 4633 2403 4672 non
2424 4626 2646 4687 possunt
2665 4618 2902 4687 separari
2936 4616 3177 4671 homines
3198 4631 3226 4669 a
3254 4615 3443 4670 mulie-

1871 4710 2046 4775 ribus;
2074 4708 2212 4763 sicut
2256 4709 2462 4777 egerint
2509 4722 2696 4761 aurum
2733 4716 2788 4762 et
2818 4713 3093 4777 argentum
3133 4713 3189 4761 et
3234 4720 3446 4761 omnem

1830 4870 1834 4874 _
1871 4818 1982 4858 rem
2006 4802 2320 4871 speciosam,
2341 4812 2395 4857 et
2417 4801 2645 4856 viderint
2666 4802 2945 4857 mulierem
2973 4816 3132 4856 unam
3159 4800 3295 4855 bona
3326 4814 3450 4870 spe-

1872 4893 1953 4948 cie
1973 4904 2023 4946 et
2055 4893 2190 4946 bona
2222 4892 2409 4959 forma,
2429 4901 2483 4946 et
2514 4892 2645 4947 haec
2669 4893 2847 4946 omnia
2875 4892 3150 4946 dimittunt
3178 4899 3234 4947 et
3264 4891 3455 4959 inipsa

1880 4982 2187 5052 respiciunt,
2221 4991 2273 5037 et
2311 4997 2404 5036 ore
2453 4983 2651 5052 patenti
2697 4982 2970 5038 intuentur
3009 4998 3149 5053 eam,
3181 4993 3232 5038 et
3262 4996 3452 5037 omnes

1879 5091 1993 5129 eam
2026 5076 2261 5141 laudant,
2295 5076 2460 5145 magis
2503 5090 2659 5145 quam
2704 5091 2889 5131 aurum
2938 5084 2992 5130 et
3038 5084 3316 5145 argentum
3360 5083 3454 5128 aut

1878 5183 2036 5223 omne
2062 5183 2196 5236 Opus
2226 5169 2570 5235 praetiosum.
2596 5168 2755 5223 homo
2795 5175 2998 5237 patrem
3025 5181 3178 5221 suum
3223 5164 3450 5219 derelin-

1879 5270 1998 5328 qnet
2024 5259 2109 5329 qui
2140 5274 2259 5313 eum
2290 5259 2506 5313 nutrivit
2531 5267 2585 5313 et
2613 5266 2813 5313 terram
2838 5271 2986 5311 suam
3009 5265 3064 5310 ct
3083 5256 3147 5310 ad
3174 5254 3452 5310 mulierem

1880 5364 2028 5405 suam
2080 5349 2409 5418 adhaerebit,
2444 5358 2497 5403 ct
2538 5364 2658 5403 eum
2700 5349 2922 5403 muliere
2963 5345 3183 5401 dimittit
3219 5346 3453 5399 animam

1880 5456 2051 5505 suam,
2077 5450 2131 5494 et
2160 5456 2331 5509 neque
2363 5439 2524 5507 patris
2552 5438 2814 5501 meminit,
2851 5451 3024 5507 neque
3051 5437 3256 5503 matris,
3280 5447 3455 5501 neque

1884 5540 2079 5587 terrae.
2118 5531 2181 5585 Et
2210 5532 2294 5585 hic
2324 5530 2529 5586 debetis
2552 5543 2891 5599 cognoscere,
2926 5530 3172 5600 quoniam
3205 5526 3453 5583 maderes
