4016 6168
537 385 645 453 5'55

1814 374 2114 432 kNONYMI
2152 372 2502 434 AUCTORISL

3693 378 3800 437 55$

537 495 883 550 dominantur
920 489 1105 547 vestri.
1128 486 1318 545 Nonne
1349 486 1603 544 laboratis
1626 496 1681 543 et
1701 488 1894 545 doletis
1920 496 1976 545 et
2004 502 2117 543 om-
2146 491 2197 549 A
2217 490 2429 560 juvenis
2451 506 2480 545 a
2507 492 2637 545 facie
2667 489 2825 560 Regis
2856 489 3119 561 aspiciens
3143 490 3334 546 cmlum
3356 497 3539 545 contra
3581 488 3789 547 Jerusa-

535 585 623 640 nia
647 583 957 639 mulieribus
984 580 1204 635 adfertis
1232 587 1284 635 et
1312 578 1481 641 datis;
1506 588 1559 634 et
1592 579 1784 648 accipit
1810 580 1971 633 homo
2000 579 2113 649 gla-

533 674 681 727 dium
708 686 861 726 suum
889 676 943 725 et
967 668 1112 723 vadit
1138 667 1489 738 peregrinari,
1523 676 1577 722 et
1607 668 1660 721 in
1691 667 2107 737 navinavigare,

533 772 588 817 et
616 763 667 816 in
690 760 870 831 ﬁuvijs
887 759 1135 827 transire,
1164 768 1219 812 et
1239 757 1678 822 leonemvidere,
1709 766 1763 811 et
1798 758 1850 811 in
1875 757 2110 812 tenebris

530 854 789 918 ambulat,
814 860 868 907 et
897 865 1017 906 cum
1044 848 1250 906 furatus
1278 847 1441 902 fuerit
1470 860 1524 901 ct
1551 847 1888 901 latrocinium
1924 846 2113 901 fecerit

529 956 582 999 ct
621 943 847 1014 eruperit
879 942 1086 997 amicae
1114 953 1244 995 suae
1273 938 1484 993 aﬁ‘erre.
1514 936 1583 991 Et
1614 937 1808 992 iterum
1839 935 2001 991 homo
2025 937 2109 991 di-

530 1038 645 1107 ligit
666 1035 944 1091 mulierem
966 1047 1117 1088 suam
1145 1031 1314 1101 magis
1334 1046 1491 1101 quam
1520 1037 1725 1100 patrem
1754 1038 2107 1097 autmatrem,

526 1140 579 1184 et
612 1126 767 1182 multi
789 1124 1165 1194 desperatione
1193 1121 1318 1179 tacti
1357 1132 1479 1176 sunt
1504 1131 1723 1191 prepter
1768 1121 2111 1185 mulieres,et

528 1220 671 1275 servi
700 1218 821 1273 facti
852 1225 977 1271 sunt
1004 1223 1223 1285 propter
1238 1228 1349 1279 eas,
1375 1223 1427 1268 et
1457 1212 1607 1267 multi
1638 1212 1909 1281 perierunt
1937 1221 1991 1266 et
2021 1226 2109 1267 oc-

527 1309 623 1361 cisi
648 1315 772 1360 sunt
788 1316 839 1361 et
862 1312 1447 1374 peccaveruntpropter
1471 1302 1746 1368 mulieres,
1767 1310 1819 1355 et
1841 1316 1980 1356 nunc
2004 1317 2108 1355 non

529 1399 746 1453 creditis
787 1396 918 1451 mihi
946 1395 1197 1465 quoniam
1242 1408 1465 1461 magnus
1494 1401 1575 1447 est
1602 1389 1715 1445 Rex
1747 1390 1809 1445 ins
1842 1400 2109 1459 poteState

529 1505 623 1544 sua
654 1500 708 1544 et
728 1502 913 1543 omnes
932 1487 1180 1556 regiones
1208 1485 1394 1540 timent
1423 1483 1734 1550 contingere
1764 1496 1907 1535 eum.
1927 1482 1989 1534 Et
2016 1482 2107 1536 de-

530 1581 700 1635 banna
738 1595 831 1648 per
879 1580 1044 1632 Emen
1094 1577 1195 1630 ﬁlia
1248 1574 1500 1629 Bezzaehi
1545 1573 1697 1628 iliius
1718 1572 1978 1628 mirabilis
2010 1572 2108 1627 viri

530 1672 820 1726 concubina
860 1670 1020 1737 Regis
1057 1683 1116 1723 se
1134 1670 1331 1723 lentem
1364 1665 1469 1721 vidi
1496 1666 1636 1719 circa
1670 1666 1894 1735 Regem,
1928 1677 1978 1717 et
2011 1680 2107 1719 ac-

529 1761 813 1825 cipientem
857 1758 1099 1813 diadema
1143 1757 1211 1812 de
1240 1757 1412 1825 capite
1440 1753 1623 1824 Regis,
1663 1763 1717 1810 et
1746 1756 2108 1823 imponentem

2213 584 2317 638 lem
2346 582 2617 638 benedixit
2638 583 2865 637 Domino
2888 590 2945 637 et
2984 581 3121 635 dixit
3144 597 3159 637 :
3184 598 3209 630 a
3244 590 3295 636 te
3326 580 3574 647 victoria,
3604 590 3659 634 et
3693 596 3719 633 a
3742 589 3794 635 te

2211 667 2579 744 sapieutia,'et
2607 682 2694 727 tua
2720 674 2909 744 gloria,
2941 682 2994 728 et
3021 687 3122 742 ego
3157 686 3344 727 servus
3384 678 3546 727 tuus:
3574 671 3787 728 benedi-

2209 774 2327 819 ctus
2353 779 2411 819 es
2440 765 2529 833 qui
2559 765 2750 821 dedisti
2797 764 2925 818 mihi
2953 762 3285 834 sapientiam,
3316 772 3376 821 et
3402 765 3626 820 domine
3650 746 3825 832 pater"

2212 857 2304 911 tibi
2335 857 2619 912 conﬁteor.
2650 857 2716 911 Et
2758 856 2966 925 accepit
2992 854 3301 923 aepistulas,
3329 864 3383 910 et
3412 856 3692 925 profectus
3716 862 3791 907 est

2211 946 2264 1001 in
2290 946 2620 1002 Babiloniam
2653 956 2705 1002 et
2738 945 3058 1002 renuntiavit
3084 945 3339 1001 fratribus
3365 946 3476 1000 Suis
3518 944 3790 1009 omnibus,

2210 1044 2264 1091 et
2290 1035 2679 1092 benedicebant
2712 1037 2875 1091 Deum
2909 1044 3114 1104 patrum
3144 1050 3388 1100 suorum,
3418 1036 3676 1105 quoniam
3704 1034 3793 1088 de-

2209 1126 2287 1181 dit
2315 1128 2393 1183 eis
2415 1127 2787 1183 remissionem
2810 1127 3099 1183 ascendere
3121 1136 3174 1183 et
3194 1126 3473 1182 aediﬁcare
3494 1126 3793 1182 Jerusalem

2211 1225 2265 1271 et
2310 1217 2584 1282 templum,
2618 1217 2705 1272 ubi
2756 1218 3059 1273 invocatum
3102 1227 3186 1273 est
3236 1231 3429 1272 nomen
3479 1217 3601 1285 ejus
3631 1218 3684 1270 in
3713 1232 3791 1269 eo.

2212 1305 2308 1359 Est
2332 1318 2507 1361 autem
2552 1322 2810 1362 numerus
2841 1322 3025 1361 eorum
3056 1306 3145 1376 qui
3186 1307 3253 1362 de
3294 1306 3610 1374 captivitate
3646 1306 3793 1360 Babi-

2212 1396 2386 1451 Ioniae
2438 1398 2666 1466 regressi
2716 1407 2841 1452 sunt
2889 1398 2939 1452 in
2986 1406 3125 1453 terra
3179 1397 3311 1452 Iuda
3343 1406 3398 1452 et
3434 1396 3736 1452 Jerusalem
3766 1412 3794 1452 a

2211 1490 2531 1548 duodecimo
2556 1507 2700 1547 anno
2726 1500 2780 1546 et
2808 1507 2990 1561 supra,
3023 1500 3453 1561 praeterpueros
3490 1500 3545 1545 et
3595 1492 3798 1557 puellas

2212 1580 2661 1649 quadragintatria
2689 1582 2830 1636 milia
2862 1583 3085 1636 trecenti
3117 1580 3589 1648 sexaginta.Pueri
3620 1592 3796 1634 autem

2208 1681 2267 1726 et
2293 1674 2499 1740 puellae
2559 1673 2875 1741 septemillia
2923 1674 3147 1728 tricenti
3186 1672 3372 1741 viginti
3419 1680 3629 1742 septem
3661 1671 3795 1739 psal-

2214 1764 2642 1824 lentes.maseuli
2666 1776 2717 1820 et
2745 1765 2994 1821 fattninae
3019 1766 3233 1835 dugenti
3263 1764 3614 1833 quadraginta
3648 1763 3797 1831 quin-

528 1851 628 1904 “ibi
655 1861 709 1905 et
752 1849 1114 1917 alattizanlem
1150 1847 1347 1915 “030m
1388 1845 1456 1900 de
1484 1859 1645 1899 manu
1691 1844 1928 1908 είηίεῐτθι
1962 1853 2016 1898 ει
2043 1844 2108 1898 ad
2146 1832 2189 1891 Β
2214 1872 2336 1926 que,
2367 1856 2592 1913 CamelIi
2623 1859 2992 1928 quadringenti
3022 1832 3180 1912 xxxv.
3213 1832 3453 1926 subjugia
3476 1832 3797 1924 promiscua

529 1941 671 1995 haec
703 1939 879 2007 omnia
926 1939 1040 1993 Rex
1072 1937 1235 1991 hebes
1265 1935 1463 2004 patenti
1494 1950 1589 1988 ore
1620 1934 1924 1989 intuebatur
1955 1949 2023 1989 ea
2042 1952 2101 1996 n,

526 2038 583 2084 et
619 2030 672 2084 si
690 2029 969 2083 adrisisset
1004 2027 1051 2083 ei
1084 2026 1289 2081 ridebat
1332 2025 1475 2089 Rex,
1500 2024 1584 2079 vel
1632 2024 1675 2077 si
1707 2025 1838 2077 irata
1883 2034 2028 2078 esset
2057 2032 2111 2077 et

528 2117 901 2174 blandiebatur
943 2116 990 2170 ei
1019 2115 1201 2185 quoad
1224 2128 1393 2183 usque
1424 2114 1475 2167 in
1507 2112 1732 2183 gratiam
1769 2113 1970 2168 rediret
1989 2129 2108 2167 cuin

529 2225 619 2265 ea.
644 2209 688 2264 Ο
710 2210 811 2263 viri
839 2207 1107 2278 quomodo
1149 2221 1253 2260 non
1284 2207 1447 2260 fortes
1475 2214 1621 2269 sunt,
1652 2218 1788 2274 quae
1811 2205 1889 2258 sic
1914 2202 2108 2272 agnati

529 2300 592 2354 Et
623 2308 751 2353 tunc
779 2299 893 2354 Rex
922 2305 979 2353 et
1018 2305 1251 2365 potestas
1298 2295 1414 2349 eius
1458 2294 1795 2363 aspiciebant
1836 2293 1909 2348 ad
1949 2294 2112 2347 alter-

530 2398 727 2454 utrum,
751 2397 805 2444 et
832 2389 997 2457 empit
1038 2387 1185 2453 loqui
1211 2386 1279 2440 de
1302 2387 1553 2450 veritate,
1583 2384 1723 2452 Viri,
1758 2400 1863 2439 non
1906 2400 1974 2441 ne
2005 2386 2111 2440 for-

530 2490 618 2535 tes
647 2488 773 2533 sunt
797 2479 1072 2545 mulieres,
1097 2485 1151 2532 et
1174 2492 1362 2546 magna
1391 2484 1475 2531 est
1501 2485 1640 2530 terra
1680 2486 1736 2531 et
1764 2476 1993 2531 sublime
2027 2486 2112 2532 est

530 2570 795 2634 celum,et
816 2570 1010 2623 citatus
1026 2583 1213 2622 cursus
1234 2567 1366 2622 solis
1391 2566 1725 2636 regredietur
1756 2567 1813 2620 in
1828 2568 2108 2623 circuitum

531 2660 676 2724 cali,
700 2667 756 2713 et
787 2660 982 2713 iterum
1008 2659 1238 2712 recurrit
1268 2658 1321 2711 in
1349 2656 1577 2712 eundem
1604 2657 1781 2713 locum
1812 2659 1869 2711 in
1894 2674 1994 2712 una
2024 2658 2111 2714 die

532 2766 641 2805 non
665 2764 888 2819 magnus
921 2751 1012 2819 qui
1041 2750 1139 2805 ista
1168 2750 1293 2805 fecit
1323 2757 1377 2804 et
1396 2749 1592 2805 veritas
1634 2765 1822 2818 magna
1848 2761 1901 2806 et
1925 2751 2112 2807 fortior

532 2856 658 2910 prae
683 2841 951 2895 omnibus.
982 2840 1169 2895 Omnis
1197 2849 1337 2896 terra
1358 2842 1641 2896 veritatem
1668 2843 1903 2910 invocat,
1934 2844 2108 2898 celum

532 2946 657 2984 eam
691 2930 964 2985 benedicit
1009 2940 1063 2986 et
1096 2931 1276 2984 omnia
1317 2945 1482 2999 opera
1521 2945 1657 3001 quae
1688 2941 1968 2987 moventur
1999 2944 2109 2989 tre-

532 3029 701 3087 ntent,
743 3030 799 3076 et
848 3037 951 3076 non
999 3022 1157 3077 estin
1201 3035 1275 3077 eo
1316 3021 1593 3091 iniqu'tas.
1628 3020 1872 3090 Iniquum
1904 3023 2108 3088 vinum,

533 3113 747 3179 iniquus
788 3114 924 3178 Rex,
974 3114 1190 3184 iniquae
1228 3112 1505 3180 mulieres,
1545 3114 1717 3183 iniqui
1747 3128 1938 3171 omnes
1984 3115 2111 3171 ﬁliis

534 3203 831 3269 hominum,
860 3204 1040 3273 iniqua
1073 3203 1249 3258 omnia
1276 3217 1440 3273 opera
1469 3218 1679 3270 eorum,
1713 3213 1768 3259 et
1795 3221 1898 3259 non
1928 3217 2011 3261 est
2056 3208 2109 3261 in

534 3292 664 3362 ipsis
684 3295 904 3361 veritas,
927 3294 1052 3349 etin
1075 3293 1360 3363 iniquitate
1385 3307 1479 3347 sua
1510 3293 1764 3363 peribunt
1788 3311 1802 3349 :
1831 3306 1882 3352 et
1913 3298 2111 3351 veritas

534 3393 717 3439 manet
743 3385 805 3437 in
825 3393 1124 3450 aeternum,
1141 3392 1196 3439 et
1217 3384 1345 3440 vivit
1364 3393 1418 3439 et
1445 3392 1595 3441 tenet
1611 3384 1663 3439 in
1691 3387 1962 3441 saeculum
1994 3402 2113 3442 sae-

534 3474 663 3528 culi.
696 3473 765 3527 Et
790 3488 894 3528 non
917 3484 1001 3529 est
1028 3474 1168 3543 apud
1189 3475 1359 3543 ipsam
1399 3474 1645 3544 accipere
1676 3490 1983 3546 personam,
2015 3477 2111 3532 sed

535 3566 860 3636 aequitatem
887 3564 1030 3630 facit,
1045 3564 1113 3618 ab
1137 3562 1384 3618 omnibus
1405 3563 1603 3633 iniquis
1624 3571 1679 3618 et
1698 3558 1852 3620 malis
1878 3566 2113 3621 abstinet

533 3673 618 3722 se,
645 3666 701 3712 et
729 3672 833 3710 non
860 3664 940 3711 est
969 3656 1021 3711 in
1063 3656 1321 3726 judicium
1352 3656 1467 3726 ejus
1498 3657 1743 3723 iniquus;
1784 3665 1839 3711 et
1868 3658 1971 3725 ipsi
2002 3657 2113 3713 for-

536 3747 716 3803 titudo
740 3756 792 3803 et
822 3760 1042 3816 regnum
1069 3756 1124 3802 et
1165 3755 1402 3816 potestas
1448 3756 1502 3801 et
1552 3747 1947 3816 magnificentia
1997 3762 2113 3803 om-

536 3840 689 3894 nium
712 3838 1015 3893 seculorum
1049 3837 1360 3896 benedictus
1392 3837 1534 3893 Deus
1563 3838 1828 3893 veritatis.
1862 3841 1923 3894 Et
1947 3842 2114 3897 tacuit

535 3932 824 4002 loquendo.
860 3932 924 3986 Et
951 3932 1124 3986 omnis
1154 3930 1305 3999 plebs
1331 3932 1716 3997 clamaverunt,
1752 3941 1803 3986 et
1825 3933 2113 3989 dixerunt:

534 4039 726 4095 magna
755 4023 956 4078 veritas
982 4030 1036 4076 et
1058 4021 1380 4091 supervalet.
1412 4021 1562 4076 Tunc
1587 4021 1721 4076 dixit
1750 4024 1797 4077 ei
1833 4023 1965 4089 Rex,
1993 4035 2113 4092 pete

533 4131 675 4188 quae
688 4116 821 4171 velis
844 4115 961 4184 plus
976 4130 1135 4184 quam
1151 4129 1293 4183 quae
1303 4114 1498 4183 scripta
1520 4124 1643 4169 sunt
1668 4124 1725 4169 et
1744 4115 1904 4182 dabo,
1922 4132 2112 4187 quem-

533 4207 819 4262 admodum
862 4208 1111 4262 inveutus
1144 4220 1204 4261 es
1237 4206 1548 4275 Sapientior,
1577 4212 1633 4261 et
1673 4206 1946 4275 proximus
1984 4207 2112 4261 mihi

533 4298 747 4355 sedebis
775 4307 828 4352 et
856 4297 1049 4352 adﬁnis
1090 4311 1241 4350 meus
1272 4296 1570 4349 vocaberis.
1600 4295 1750 4350 Tunc
1778 4297 1909 4365 Regi
1934 4296 2069 4351 dixit
2096 4314 2111 4352 :

533 4403 834 4445 memorare
858 4389 969 4443 voti
996 4387 1135 4457 quod
1170 4387 1384 4451 vovisti,
1416 4386 1697 4442 aediﬁcare
1731 4386 2026 4444 Jerusalem
2061 4390 2113 4444 in

533 4484 621 4540 die
641 4498 746 4555 quo
769 4484 1010 4551 Regnum
1041 4481 1314 4549 acecpisﬁ,
1347 4489 1399 4535 ct
1422 4481 1596 4534 omnia
1623 4496 1748 4535 vasa
1778 4497 1914 4550 quae
1934 4482 2108 4538 ablata

529 4586 657 4634 sunt
701 4575 990 4640 dimittere,
1034 4585 1170 4642 quae
1201 4572 1470 4639 separavit
1508 4572 1679 4643 Cyrus
1721 4572 1831 4627 Rex
1870 4588 1992 4628 cum
2028 4590 2111 4629 me

529 4667 809 4724 excideret
857 4665 1208 4720 Rabi’loniam.
1262 4664 1325 4718 Et
1353 4664 1497 4718 vovit
1550 4666 1821 4719 remittere
1846 4681 1909 4720 ea
1942 4666 1992 4720 in
2020 4667 2114 4722 Je-

534 4758 884 4816 rusalem.Et
926 4766 981 4810 tu
1031 4757 1219 4810 vovisti
1267 4764 1447 4810 votum
1500 4757 1783 4813 aedificare
1834 4759 2112 4825 templum.

532 4850 673 4919 quod
698 4848 1051 4903 incenderunt
1079 4847 1326 4902 Chaldaei
1350 4862 1469 4901 cum
1492 4846 1727 4901 desolata
1750 4859 1891 4902 esset
1914 4847 2077 4902 Judea
2100 4866 2113 4913 ;

535 4955 590 4998 et
614 4956 755 4997 nunc
784 4941 885 4996 hoc
916 4951 998 4996 est
1042 4940 1184 5009 quod
1228 4939 1484 5008 deprecor
1514 4947 1588 5007 te,
1626 4938 1847 4992 Domine
1896 4938 2029 5008 Rex,
2063 4951 2118 4995 et

530 5035 672 5103 quod
707 5042 848 5103 peto,
886 5042 940 5087 et
970 5033 1099 5085 haec
1129 5037 1211 5084 est
1255 5028 1644 5095 magnificentia
1676 5038 1785 5093 tua,
1816 5043 1973 5098 quam
2004 5047 2030 5082 a
2064 5041 2113 5085 te

530 5140 722 5192 precor
744 5133 800 5178 ut
843 5121 1023 5177 facias.
1056 5120 1249 5174 Votum
1297 5118 1436 5188 quod
1468 5118 1655 5171 vovisti
1709 5118 1935 5174 Domino
1985 5118 2115 5190 Regi

529 5219 645 5274 (ἔριί
675 5232 740 5273 ex
770 5230 865 5270 ore
905 5222 1016 5268 tuo.
1051 5212 1202 5267 Tunc
1243 5210 1479 5265 surrexit
1515 5209 1701 5264 Darius
1731 5208 1846 5265 Rex
1879 5220 1929 5265 et
1958 5226 2116 5265 oscu-

533 5315 669 5367 latus
699 5318 782 5363 est
806 5321 951 5372 cum,
974 5314 1027 5360 et
1066 5302 1281 5370 scripsit
1307 5311 1362 5357 et
1404 5300 1654 5370 epistolas
1692 5300 1759 5356 ad
1791 5316 1976 5357 omnes
2004 5303 2113 5359 dis-

532 5411 845 5475 pensatores
875 5407 929 5453 et
953 5397 1116 5452 duces
1147 5405 1199 5451 et
1226 5394 1545 5464 praefectos,
1567 5402 1622 5448 ut
1650 5409 1772 5450 eum
1795 5396 2110 5463 educerent,

531 5507 581 5550 et
613 5507 801 5550 omnes
822 5490 911 5562 qui
942 5505 1062 5545 eum
1092 5503 1159 5544 eo
1186 5497 1336 5544 erant
1365 5501 1552 5542 omnes
1580 5488 1932 5544 ascendentes
1961 5492 2109 5546 ae.li-

535 5588 756 5640 ficarent
782 5580 1106 5644 Jerusalem,
1134 5589 1189 5634 et
1220 5578 1466 5633 omnibus
1495 5578 1779 5647 propositis
1803 5579 1983 5635 thlac
2012 5580 2114 5651 Sy-

534 5677 665 5741 riae,
693 5674 956 5738 I‘mnieis;
981 5679 1034 5726 et
1063 5670 1276 5724 Libanis
1305 5670 1517 5738 scripsit
1551 5670 1807 5738 epistolas
1840 5673 2111 5727 transferri

539 5762 675 5815 liena
718 5762 935 5818 ccdrina
965 5771 1016 5817 et
1048 5758 1230 5815 Libani
1277 5759 1329 5814 in
1376 5756 1695 5814 Jerusalem.
1739 5757 1870 5815 Cum
1917 5760 2115 5819 exisset

2214 1949 2453 2015 quinque
2476 1948 2645 2002 millia
2672 1948 3005 2016 septingenta
3028 1950 3281 2015 quinque.
3303 1947 3435 2001 Cum
3464 1957 3653 1999 autem
3684 1960 3799 2015 pro«

2216 2037 2583 2092 ﬁciscerentur
2609 2053 2639 2092 e
2664 2038 2879 2107 regione
2908 2038 3261 2108 Babyloniae,
3289 2046 3414 2091 tunc
3441 2037 3606 2091 etiam
3637 2036 3802 2090 Esdra

2215 2128 2475 2195 propheta
2501 2138 2553 2182 et
2583 2112 2715 2196 legis
2746 2126 2931 2183 doctor
2960 2138 3012 2181 et
3041 2128 3155 2194 ipse
3184 2141 3303 2181 cum
3334 2126 3412 2181 eis
3438 2126 3708 2189 ascendit,
3739 2125 3802 2177 ad

2213 2231 2370 2286 quem
2403 2216 2584 2272 literas
2618 2217 2813 2273 direxit
2838 2217 2948 2271 Rex
2978 2216 3314 2281 Artaxerses,
3344 2231 3569 2285 quarum
3621 2229 3801 2270 exem-

2215 2310 2359 2377 plum
2404 2310 2505 2364 hoe
2533 2309 2789 2365 continet.
2817 2309 2929 2365 Rex
2952 2309 3269 2364 Artaxerses
3303 2309 3500 2363 Esdrae
3526 2309 3803 2364 sacerdoti

2213 2410 2266 2456 et
2291 2400 2475 2455 lectori
2510 2400 2641 2469 legis
2666 2401 2871 2455 Domini
2902 2400 3152 2456 salutem.
3180 2400 3492 2454 Amicaliter
3513 2414 3624 2468 ego
3663 2400 3803 2468 judi-

2212 2507 2359 2558 cans,
2378 2493 2644 2562 praecipio
2660 2507 2774 2556 eos,
2788 2493 2875 2561 qui
2900 2492 3163 2547 voluerint
3184 2508 3245 2545 ex
3268 2506 3461 2561 genere
3480 2490 3805 2555 Judeorum,

2211 2590 2266 2636 et
2298 2583 2633 2637 sacerdotum
2665 2589 2721 2636 et.-
2747 2582 3072 2647 chitarum,
3099 2595 3306 2645 eorum,
3340 2581 3427 2649 qui
3453 2590 3584 2634 sunt
3614 2581 3670 2634 in
3712 2595 3805 2633 no-

2215 2683 2329 2730 stro
2354 2689 2517 2744 regno
2548 2681 2719 2727 tecum
2750 2672 3042 2729 ascendere
3072 2673 3123 2726 in
3150 2672 3478 2735 Jerusalem;
3510 2669 3807 2740 quodquod

2213 2780 2342 2832 ergo
2371 2765 2602 2835 cogitant
2630 2763 2914 2834 proﬁcisci,
2947 2763 3377 2835 proﬁciscantur,
3414 2762 3583 2816 sicuti
3605 2763 3807 2831 placuit

2214 2855 2343 2910 mihi
2372 2866 2421 2910 et
2474 2863 2679 2925 septem
2728 2853 2913 2909 amicis
2954 2854 3086 2908 meis
3115 2853 3455 2917 consiliariis,
3481 2861 3537 2905 ut
3587 2850 3805 2921 possitis

2214 2947 2393 2999 omnia
2430 2946 2723 3015 inspicere,
2742 2960 2878 3015 quae
2910 2943 2963 2998 in
2993 2943 3195 3000 Iudaea
3244 2951 3369 2997 sunt
3415 2943 3551 2997 etin
3587 2941 3806 2997 Jerusa-

2216 3036 2344 3098 lem,
2373 3035 2511 3104 quod
2564 3049 2900 3104 consequens
2950 3044 3031 3089 est
3080 3034 3370 3089 secundum
3418 3034 3589 3099 legem
3644 3046 3807 3100 quam

2217 3125 2398 3191 habes,
2435 3126 2623 3180 tollere
2653 3140 2874 3180 munera
2927 3124 3153 3178 Domino
3184 3122 3295 3177 Deo
3333 3120 3519 3188 Israel,
3571 3122 3809 3179 novissi-

2214 3228 2332 3268 mus
2360 3229 2459 3285 cgo
2487 3224 2541 3270 et
2566 3214 2722 3268 amici
2769 3214 2895 3283 mei,
2938 3215 3063 3283 quia
3111 3213 3249 3267 Deus
3293 3210 3497 3265 habitat
3543 3210 3599 3265 in
3643 3209 3815 3276 Sion,

2212 3319 2373 3360 omne
2420 3320 2609 3359 aurum
2656 3312 2711 3359 et
2758 3312 3040 3371 argenturm
3095 3300 3467 3371 quodcumque
3520 3298 3813 3355 inventum

2213 3393 2373 3449 fuerit
2400 3395 2450 3448 in
2479 3393 2762 3465 Babylonia
2791 3393 3101 3448 restituetur
3130 3393 3182 3445 in
3214 3390 3413 3458 templo
3445 3384 3543 3444 Dei
3564 3399 3617 3444 et
3640 3389 3809 3444 Jeru-

2212 3484 2403 3539 salem.
2431 3484 2512 3538 Tu
2546 3483 2763 3549 Esdras,
2800 3482 3096 3555 secundum
3144 3480 3460 3547 sapientiam
3506 3479 3604 3534 Dei
3650 3494 3812 3534 com-

2214 3590 2352 3644 pone
2369 3574 2580 3644 judices
2602 3588 2880 3630 causarum
2909 3573 3169 3628 ecclesiae
3212 3570 3264 3625 in
3306 3579 3471 3624 totam
3505 3568 3724 3639 Syriam
3755 3578 3817 3625 et

2215 3664 2485 3731 Fenicetn,
2526 3680 2714 3719 omnes
2744 3665 2832 3733 qui
2880 3662 3092 3719 noveris
3139 3661 3381 3726 docebis,
3411 3668 3465 3715 et
3510 3659 3812 3729 quodquod

2216 3755 2505 3824 praeterint
2533 3754 2702 3824 legem
2732 3753 2826 3807 Dei
2850 3752 2924 3807 tui
2964 3760 3018 3806 et
3046 3752 3207 3821 regis,
3243 3750 3524 3818 dLligenter
3572 3749 3811 3817 punien-

2216 3856 2323 3913 tur,
2347 3847 2464 3903 sive
2488 3855 2680 3913 morte,
2714 3846 2827 3899 sive
2874 3858 3031 3913 poena
3060 3842 3143 3896 vel
3169 3841 3366 3895 damno
3411 3840 3731 3909 pecuniario
3760 3848 3815 3895 et

2214 3941 2399 3995 exil'o.
2431 3938 2783 3993 Benevaleas.
2809 3937 2874 3991 Et
2897 3935 3027 3990 dixit
3055 3934 3221 3989 E~dra
3250 3932 3456 3987 scriba:
3482 3930 3815 3987 Benedictus

2216 4029 2479 4084 Dominus
2508 4028 2649 4082 Deus
2680 4035 2888 4096 patrum
2916 4038 3181 4088 meorum,
3210 4020 3472 4092 qui-dedit
3500 4021 3600 4075 ista
3623 4021 3681 4073 in
3714 4035 3814 4076 eor

2216 4120 2359 4189 regis
2377 4118 2680 4188 gloriﬁcare
2707 4117 2924 4171 domum
2959 4114 3096 4183 ejus,
3120 4127 3256 4183 quae
3283 4120 3368 4168 est
3396 4112 3448 4165 in
3476 4110 3819 4175 Jerusalem,

2219 4219 2273 4265 et
2318 4224 2405 4264 me
2445 4207 2820 4263 honoriﬁcavit
2860 4207 2912 4260 in
2953 4213 3245 4274 conspectu
3277 4203 3439 4271 regis,
3468 4209 3525 4256 et
3552 4200 3814 4256 consilia-

2216 4301 2417 4356 riorum
2446 4300 2582 4369 ejus,
2613 4308 2667 4354 et
2689 4312 2790 4368 ego
2820 4296 2948 4351 forti
2966 4298 3146 4350 animo
3165 4296 3334 4349 factus
3363 4307 3481 4349 sum
3504 4291 3817 4347 secundum

2217 4392 2539 4462 adjutorium
2572 4390 2783 4445 Domini
2814 4388 2909 4443 Dei
2943 4388 3067 4444 mei.
3104 4387 3165 4441 Et
3190 4385 3415 4454 profecti
3444 4392 3717 4439 venerunt
3741 4383 3815 4437 ad

2217 4486 2535 4552 Jerusalem,
2561 4492 2615 4539 et
2635 4483 3042 4540 celebraverunt
3065 4478 3264 4534 Pascha
3292 4492 3434 4531 nono
3456 4476 3583 4533 Kal.
3605 4478 3821 4546 April:

2218 4579 2347 4636 feria
2371 4594 2422 4632 v.
2441 4593 2469 4631 a
2494 4575 2690 4645 pascha
2710 4572 2879 4643 Moysi
2901 4572 2951 4626 in
2982 4571 3215 4640 Egypto
3236 4582 3405 4639 annos
3422 4567 3571 4622 mille
3587 4576 3812 4623 centum

2219 4668 2552 4741 septuaginta
2586 4680 2702 4722 sex.
2731 4663 2879 4717 Tunc
2919 4660 3264 4715 fundamenta
3295 4657 3477 4726 templi
3511 4657 3608 4712 Dei
3639 4672 3666 4709 a
3697 4656 3801 4710 Zo-

2222 4760 2436 4814 robabel
2471 4758 2635 4827 posita
2678 4762 3071 4820 restauranlur,
3104 4750 3244 4820 quod
3278 4749 3533 4819 templum
3574 4748 3813 4817 quadra-

2222 4852 2366 4920 ginta
2410 4864 2502 4905 sex
2535 4848 2690 4902 annis
2727 4846 3066 4901 aediﬁcatum
3097 4851 3177 4897 est
3204 4857 3222 4898 :
3253 4856 3359 4895 non
3406 4840 3548 4893 enim
3601 4839 3819 4892 Zonam

2223 4956 2372 4996 suam
2402 4939 2583 5004 solvit,
2611 4951 2781 5007 neque
2812 4935 3032 5005 capillos
3060 4934 3251 5001 capitis
3289 4930 3370 4986 sui
3409 4930 3556 4994 fecit,
3586 4928 3676 4983 sed
3706 4942 3822 4983 nec

2224 5030 2584 5085 calceamenta
2609 5028 2857 5096 deposuit
2888 5026 3060 5079 donec
3102 5038 3197 5092 per
3224 5021 3446 5075 Esdratn
3480 5018 3822 5090 Prophetam

2224 5133 2278 5176 et
2303 5120 2640 5176 sacerdotem
2671 5118 2910 5188 legisque
2950 5114 3313 5169 innovatorem
3346 5110 3570 5180 supletis
3600 5119 3822 5176 septem

2226 5211 2646 5267 hebdomadibus
2681 5207 2914 5263 Danielis
2956 5204 3222 5260 dedicatio
3265 5204 3416 5258 fieret
3447 5202 3652 5269 templi.
3679 5197 3825 5269 Ipse

2225 5315 2304 5359 est
2335 5302 2632 5358 Zorobabel
2661 5301 2747 5372 qui
2777 5300 2960 5371 genuit
2986 5296 3181 5361 Abiud,
3204 5294 3292 5364 qui
3320 5293 3619 5361 appellatur
3648 5292 3822 5347 Pater

2223 5394 2594 5450 confessionis.
2617 5390 2792 5447 Abiud
2831 5389 3012 5461 genuit
3039 5386 3302 5453 Eliacliin,
3328 5384 3467 5440 idest
3494 5396 3821 5451 resurgens.

2223 5486 2462 5542 Eliachin
2498 5485 2680 5554 genuit
2709 5484 2908 5547 Azzor,
2941 5481 3082 5535 idest
3120 5479 3349 5534 occisus.
3398 5476 3571 5531 Azzor
3618 5476 3827 5543 genuit

2220 5579 2453 5645 Saddoc,
2484 5577 2622 5632 idest
2644 5572 3072 5646 jussus.Saddoe
3103 5570 3285 5640 genuit
3306 5568 3517 5633 Achim,
3544 5565 3674 5619 idest
3707 5579 3825 5632 pa.-

2224 5681 2389 5724 ratus.
2431 5668 2618 5724 Achim
2665 5666 2851 5736 genuit
2903 5662 3083 5728 Eliud,
3135 5662 3276 5717 idest
3324 5660 3579 5714 Dominus
3620 5654 3820 5710 fortis.

2230 5761 2385 5818 Eliud
2415 5758 2595 5831 genuit
2630 5757 2854 5824 Eliaxar,
2882 5755 3018 5812 idest
3042 5754 3183 5810 Deus
3214 5752 3449 5809 adiutor.
3480 5749 3676 5807 Eliazar
3703 5759 3822 5815 xc.
