  <div class='ocr_page' id='page_1' title='image "/cluster/home/n/w/nwhite01/storage/ocr_20150623/59/hvd.32044073505117/276.png"; bbox 0 0 4000 6176; ppageno 0'>
   <div class='ocr_carea' id='block_1_1' title="bbox 242 356 349 414">
    <p class='ocr_par' dir='ltr' id='par_1_1' title="bbox 242 356 349 414">
     <span class='ocr_line' id='line_1_1' title="bbox 242 356 349 414; baseline -0.019 0"><span class='ocrx_word' id='word_1_1' title='bbox 242 356 349 414; x_wconf 75' lang='lat'><strong>537</strong></span> 
     </span>
    </p>
   </div>
   <div class='ocr_carea' id='block_1_2' title="bbox 1131 334 2594 398">
    <p class='ocr_par' dir='ltr' id='par_1_2' title="bbox 1131 334 2594 398">
     <span class='ocr_line' id='line_1_2' title="bbox 1131 334 2594 398; baseline -0.003 0"><span class='ocrx_word' id='word_1_2' title='bbox 1131 344 1216 398; x_wconf 80' lang='lat' dir='ltr'><strong>DE</strong></span> <span class='ocrx_word' id='word_1_3' title='bbox 1253 334 1708 398; x_wconf 76' lang='lat' dir='ltr'><strong>GENEALOGIIS</strong></span> <span class='ocrx_word' id='word_1_4' title='bbox 1746 334 2334 394; x_wconf 74' lang='lat' dir='ltr'><strong>PATRIARCHARUM</strong></span> <span class='ocrx_word' id='word_1_5' title='bbox 2374 337 2594 394; x_wconf 71' lang='lat' dir='ltr'><strong>LIBER.</strong></span> 
     </span>
    </p>
   </div>
   <div class='ocr_carea' id='block_1_3' title="bbox 3387 337 3491 393">
    <p class='ocr_par' dir='ltr' id='par_1_3' title="bbox 3387 337 3491 393">
     <span class='ocr_line' id='line_1_3' title="bbox 3387 337 3491 393; baseline 0 0"><span class='ocrx_word' id='word_1_6' title='bbox 3387 337 3491 393; x_wconf 76' lang='lat'><strong>538</strong></span> 
     </span>
    </p>
   </div>
   <div class='ocr_carea' id='block_1_4' title="bbox 240 448 3487 526">
    <p class='ocr_par' dir='ltr' id='par_1_4' title="bbox 240 448 3487 526">
     <span class='ocr_line' id='line_1_4' title="bbox 240 448 3487 526; baseline -0.007 -1"><span class='ocrx_word' id='word_1_7' title='bbox 240 470 351 524; x_wconf 77' lang='lat' dir='ltr'><strong>nuit</strong></span> <span class='ocrx_word' id='word_1_8' title='bbox 394 464 649 526; x_wconf 78' lang='lat' dir='ltr'><strong>Matham.</strong></span> <span class='ocrx_word' id='word_1_9' title='bbox 698 461 833 516; x_wconf 60' lang='lat' dir='ltr'><strong>illest</strong></span> <span class='ocrx_word' id='word_1_10' title='bbox 862 471 1074 512; x_wconf 85' lang='lat' dir='ltr'><strong>munus.</strong></span> <span class='ocrx_word' id='word_1_11' title='bbox 1107 455 1336 509; x_wconf 78' lang='lat' dir='ltr'><strong>Matham</strong></span> <span class='ocrx_word' id='word_1_12' title='bbox 1377 456 1561 523; x_wconf 81' lang='lat' dir='ltr'><strong>genuit</strong></span> <span class='ocrx_word' id='word_1_13' title='bbox 1607 450 1772 506; x_wconf 81' lang='lat' dir='ltr'><strong>Iacob</strong></span> <span class='ocrx_word' id='word_1_14' title='bbox 1796 489 1809 513; x_wconf 94' lang='lat'><strong>,</strong></span> <span class='ocrx_word' id='word_1_15' title='bbox 1840 450 1883 505; x_wconf 79' lang='grc' dir='ltr'><strong>Α</strong></span> <span class='ocrx_word' id='word_1_16' title='bbox 1918 450 2058 503; x_wconf 86' lang='lat' dir='ltr'><strong>niam</strong></span> <span class='ocrx_word' id='word_1_17' title='bbox 2082 450 2203 505; x_wconf 90' lang='lat' dir='ltr'><strong>inde</strong></span> <span class='ocrx_word' id='word_1_18' title='bbox 2229 460 2354 506; x_wconf 86' lang='lat' dir='ltr'><strong>sunt</strong></span> <span class='ocrx_word' id='word_1_19' title='bbox 2374 450 2684 506; x_wconf 87' lang='lat' dir='ltr'><strong>sacerdotes</strong></span> <span class='ocrx_word' id='word_1_20' title='bbox 2703 449 3003 519; x_wconf 81' lang='lat' dir='ltr'><strong>quialtario</strong></span> <span class='ocrx_word' id='word_1_21' title='bbox 3026 449 3119 504; x_wconf 89' lang='lat' dir='ltr'><strong>Dei</strong></span> <span class='ocrx_word' id='word_1_22' title='bbox 3150 448 3487 504; x_wconf 83' lang='lat' dir='ltr'><strong>deserviunt:</strong></span> 
     </span>
    </p>
   </div>
   <div class='ocr_carea' id='block_1_5' title="bbox 240 545 1810 617">
    <p class='ocr_par' dir='ltr' id='par_1_5' title="bbox 240 545 1810 617">
     <span class='ocr_line' id='line_1_5' title="bbox 240 545 1810 617; baseline -0.014 -5"><span class='ocrx_word' id='word_1_23' title='bbox 240 561 373 614; x_wconf 82' lang='lat' dir='ltr'><strong>idest</strong></span> <span class='ocrx_word' id='word_1_24' title='bbox 405 558 649 611; x_wconf 87' lang='lat' dir='ltr'><strong>dilectus.</strong></span> <span class='ocrx_word' id='word_1_25' title='bbox 681 551 848 607; x_wconf 83' lang='lat' dir='ltr'><strong>Jacob</strong></span> <span class='ocrx_word' id='word_1_26' title='bbox 875 547 1059 617; x_wconf 87' lang='lat' dir='ltr'><strong>genuit</strong></span> <span class='ocrx_word' id='word_1_27' title='bbox 1087 546 1306 614; x_wconf 81' lang='lat' dir='ltr'><strong>Ioseph,</strong></span> <span class='ocrx_word' id='word_1_28' title='bbox 1343 545 1481 599; x_wconf 90' lang='lat' dir='ltr'><strong>idest</strong></span> <span class='ocrx_word' id='word_1_29' title='bbox 1505 550 1810 610; x_wconf 78' lang='lat' dir='ltr'><strong>congregat,</strong></span> 
     </span>
    </p>
   </div>
   <div class='ocr_carea' id='block_1_6' title="bbox 239 633 1816 717">
    <p class='ocr_par' dir='ltr' id='par_1_6' title="bbox 239 633 1816 717">
     <span class='ocr_line' id='line_1_6' title="bbox 239 633 1816 717; baseline -0.011 -15"><span class='ocrx_word' id='word_1_30' title='bbox 239 651 409 717; x_wconf 83' lang='lat' dir='ltr'><strong>cujus,</strong></span> <span class='ocrx_word' id='word_1_31' title='bbox 438 655 497 700; x_wconf 86' lang='lat' dir='ltr'><strong>ut</strong></span> <span class='ocrx_word' id='word_1_32' title='bbox 520 638 1088 712; x_wconf 84' lang='lat' dir='ltr'><strong>putabatur,domiuus</strong></span> <span class='ocrx_word' id='word_1_33' title='bbox 1111 636 1356 690; x_wconf 79' lang='lat' dir='ltr'><strong>Christus</strong></span> <span class='ocrx_word' id='word_1_34' title='bbox 1377 633 1668 690; x_wconf 86' lang='lat' dir='ltr'><strong>secundum</strong></span> <span class='ocrx_word' id='word_1_35' title='bbox 1697 647 1816 686; x_wconf 83' lang='lat' dir='ltr'><strong>car-</strong></span> 
     </span>
    </p>
   </div>
   <div class='ocr_carea' id='block_1_7' title="bbox 238 735 1531 791">
    <p class='ocr_par' dir='ltr' id='par_1_7' title="bbox 238 735 1531 791">
     <span class='ocr_line' id='line_1_7' title="bbox 238 735 1531 791; baseline -0.017 0"><span class='ocrx_word' id='word_1_36' title='bbox 238 752 364 791; x_wconf 82' lang='lat' dir='ltr'><strong>nem</strong></span> <span class='ocrx_word' id='word_1_37' title='bbox 388 735 531 787; x_wconf 86' lang='lat' dir='ltr'><strong>ﬁlius</strong></span> <span class='ocrx_word' id='word_1_38' title='bbox 557 746 700 786; x_wconf 89' lang='lat' dir='ltr'><strong>esse.</strong></span> <span class='ocrx_word' id='word_1_39' title='bbox 1528 768 1531 769; x_wconf 30' lang='grc' dir='ltr'><em>ν</em></span> 
     </span>
    </p>
   </div>
   <div class='ocr_carea' id='block_1_8' title="bbox 309 810 1813 892">
    <p class='ocr_par' dir='ltr' id='par_1_8' title="bbox 309 810 1813 892">
     <span class='ocr_line' id='line_1_8' title="bbox 309 810 1813 892; baseline -0.008 -14"><span class='ocrx_word' id='word_1_40' title='bbox 309 824 618 892; x_wconf 83' lang='lat' dir='ltr'><strong>Expliciunt</strong></span> <span class='ocrx_word' id='word_1_41' title='bbox 647 819 1023 889; x_wconf 76' lang='lat' dir='ltr'><strong>generationes</strong></span> <span class='ocrx_word' id='word_1_42' title='bbox 1051 830 1183 886; x_wconf 88' lang='lat' dir='ltr'><strong>quas</strong></span> <span class='ocrx_word' id='word_1_43' title='bbox 1214 814 1451 869; x_wconf 82' lang='lat' dir='ltr'><strong>Matheus</strong></span> <span class='ocrx_word' id='word_1_44' title='bbox 1476 810 1813 885; x_wconf 87' lang='lat' dir='ltr'><strong>Evangelista</strong></span> 
     </span>
    </p>
   </div>
   <div class='ocr_carea' id='block_1_9' title="bbox 235 900 1810 981">
    <p class='ocr_par' dir='ltr' id='par_1_9' title="bbox 235 900 1810 981">
     <span class='ocr_line' id='line_1_9' title="bbox 235 900 1810 981; baseline -0.006 -17"><span class='ocrx_word' id='word_1_45' title='bbox 235 920 408 981; x_wconf 80' lang='lat' dir='ltr'><strong>usque</strong></span> <span class='ocrx_word' id='word_1_46' title='bbox 434 911 499 964; x_wconf 89' lang='lat' dir='ltr'><strong>ad</strong></span> <span class='ocrx_word' id='word_1_47' title='bbox 523 908 722 977; x_wconf 76' lang='lat' dir='ltr'><strong>Ioseph</strong></span> <span class='ocrx_word' id='word_1_48' title='bbox 752 906 837 963; x_wconf 86' lang='lat' dir='ltr'><strong>cui</strong></span> <span class='ocrx_word' id='word_1_49' title='bbox 866 906 965 961; x_wconf 91' lang='lat' dir='ltr'><strong>fuit</strong></span> <span class='ocrx_word' id='word_1_50' title='bbox 993 906 1318 970; x_wconf 80' lang='lat' dir='ltr'><strong>desponsata</strong></span> <span class='ocrx_word' id='word_1_51' title='bbox 1348 903 1507 956; x_wconf 76' lang='lat' dir='ltr'><strong>Maria</strong></span> <span class='ocrx_word' id='word_1_52' title='bbox 1536 900 1810 956; x_wconf 85' lang='lat' dir='ltr'><strong>describit.</strong></span> 
     </span>
    </p>
   </div>
   <div class='ocr_carea' id='block_1_10' title="bbox 234 990 1818 1073">
    <p class='ocr_par' dir='ltr' id='par_1_10' title="bbox 234 990 1818 1073">
     <span class='ocr_line' id='line_1_10' title="bbox 234 990 1818 1073; baseline -0.008 -16"><span class='ocrx_word' id='word_1_53' title='bbox 234 1003 505 1073; x_wconf 89' lang='lat' dir='ltr'><strong>Incipiunt</strong></span> <span class='ocrx_word' id='word_1_54' title='bbox 530 1000 669 1055; x_wconf 85' lang='lat' dir='ltr'><strong>aliae</strong></span> <span class='ocrx_word' id='word_1_55' title='bbox 692 1012 825 1067; x_wconf 90' lang='lat' dir='ltr'><strong>quas</strong></span> <span class='ocrx_word' id='word_1_56' title='bbox 853 997 1023 1051; x_wconf 88' lang='lat' dir='ltr'><strong>Lucas</strong></span> <span class='ocrx_word' id='word_1_57' title='bbox 1062 994 1127 1048; x_wconf 82' lang='lat' dir='ltr'><strong>ad</strong></span> <span class='ocrx_word' id='word_1_58' title='bbox 1168 993 1388 1047; x_wconf 83' lang='lat' dir='ltr'><strong>Mariam</strong></span> <span class='ocrx_word' id='word_1_59' title='bbox 1416 1007 1585 1062; x_wconf 84' lang='lat' dir='ltr'><strong>usque</strong></span> <span class='ocrx_word' id='word_1_60' title='bbox 1615 990 1818 1046; x_wconf 85' lang='lat' dir='ltr'><strong>descri-</strong></span> 
     </span>
    </p>
   </div>
   <div class='ocr_carea' id='block_1_11' title="bbox 235 1084 1812 1160">
    <p class='ocr_par' dir='ltr' id='par_1_11' title="bbox 235 1084 1812 1160">
     <span class='ocr_line' id='line_1_11' title="bbox 235 1084 1812 1160; baseline -0.005 -11"><span class='ocrx_word' id='word_1_61' title='bbox 235 1091 335 1160; x_wconf 87' lang='lat' dir='ltr'><strong>bit,</strong></span> <span class='ocrx_word' id='word_1_62' title='bbox 365 1092 462 1147; x_wconf 86' lang='lat' dir='ltr'><strong>sed</strong></span> <span class='ocrx_word' id='word_1_63' title='bbox 487 1107 646 1146; x_wconf 87' lang='lat' dir='ltr'><strong>cursu</strong></span> <span class='ocrx_word' id='word_1_64' title='bbox 685 1088 753 1144; x_wconf 90' lang='lat' dir='ltr'><strong>ab</strong></span> <span class='ocrx_word' id='word_1_65' title='bbox 781 1089 968 1144; x_wconf 90' lang='lat' dir='ltr'><strong>eadem</strong></span> <span class='ocrx_word' id='word_1_66' title='bbox 999 1087 1066 1142; x_wconf 87' lang='lat' dir='ltr'><strong>ad</strong></span> <span class='ocrx_word' id='word_1_67' title='bbox 1095 1087 1325 1157; x_wconf 84' lang='lat' dir='ltr'><strong>primum</strong></span> <span class='ocrx_word' id='word_1_68' title='bbox 1356 1084 1628 1141; x_wconf 82' lang='lat' dir='ltr'><strong>hominem</strong></span> <span class='ocrx_word' id='word_1_69' title='bbox 1658 1098 1812 1141; x_wconf 84' lang='lat' dir='ltr'><strong>reca-</strong></span> 
     </span>
    </p>
   </div>
   <div class='ocr_carea' id='block_1_12' title="bbox 234 1181 680 1237">
    <p class='ocr_par' dir='ltr' id='par_1_12' title="bbox 234 1181 680 1237">
     <span class='ocr_line' id='line_1_12' title="bbox 234 1181 680 1237; baseline -0.009 0"><span class='ocrx_word' id='word_1_70' title='bbox 234 1181 350 1237; x_wconf 87' lang='lat' dir='ltr'><strong>lato</strong></span> <span class='ocrx_word' id='word_1_71' title='bbox 370 1181 680 1237; x_wconf 82' lang='lat' dir='ltr'><strong>revertitur.</strong></span> 
     </span>
    </p>
   </div>
   <div class='ocr_carea' id='block_1_13' title="bbox 302 1265 1815 1335">
    <p class='ocr_par' dir='ltr' id='par_1_13' title="bbox 302 1265 1815 1335">
     <span class='ocr_line' id='line_1_13' title="bbox 302 1265 1815 1335; baseline -0.005 -8"><span class='ocrx_word' id='word_1_72' title='bbox 302 1272 614 1327; x_wconf 78' lang='lat' dir='ltr'><strong>Redeamus</strong></span> <span class='ocrx_word' id='word_1_73' title='bbox 642 1270 715 1324; x_wconf 87' lang='lat' dir='ltr'><strong>ad</strong></span> <span class='ocrx_word' id='word_1_74' title='bbox 742 1267 989 1323; x_wconf 87' lang='lat' dir='ltr'><strong>Exodum</strong></span> <span class='ocrx_word' id='word_1_75' title='bbox 1020 1274 1073 1322; x_wconf 88' lang='lat' dir='ltr'><strong>et</strong></span> <span class='ocrx_word' id='word_1_76' title='bbox 1095 1265 1414 1335; x_wconf 82' lang='lat' dir='ltr'><strong>proferimus</strong></span> <span class='ocrx_word' id='word_1_77' title='bbox 1440 1266 1815 1334; x_wconf 76' lang='lat' dir='ltr'><strong>generationes</strong></span> 
     </span>
    </p>
   </div>
   <div class='ocr_carea' id='block_1_14' title="bbox 234 1355 1814 1427">
    <p class='ocr_par' dir='ltr' id='par_1_14' title="bbox 234 1355 1814 1427">
     <span class='ocr_line' id='line_1_14' title="bbox 234 1355 1814 1427; baseline -0.007 -9"><span class='ocrx_word' id='word_1_78' title='bbox 234 1363 564 1418; x_wconf 83' lang='lat' dir='ltr'><strong>Levitarum.</strong></span> <span class='ocrx_word' id='word_1_79' title='bbox 598 1362 721 1416; x_wconf 81' lang='lat' dir='ltr'><strong>Levi</strong></span> <span class='ocrx_word' id='word_1_80' title='bbox 747 1359 886 1413; x_wconf 90' lang='lat' dir='ltr'><strong>enim</strong></span> <span class='ocrx_word' id='word_1_81' title='bbox 915 1357 1097 1427; x_wconf 79' lang='lat' dir='ltr'><strong>genuit</strong></span> <span class='ocrx_word' id='word_1_82' title='bbox 1123 1356 1280 1424; x_wconf 87' lang='lat' dir='ltr'><strong>Chat,</strong></span> <span class='ocrx_word' id='word_1_83' title='bbox 1311 1355 1538 1421; x_wconf 86' lang='lat' dir='ltr'><strong>Gesson,</strong></span> <span class='ocrx_word' id='word_1_84' title='bbox 1566 1364 1617 1409; x_wconf 93' lang='lat' dir='ltr'><strong>et</strong></span> <span class='ocrx_word' id='word_1_85' title='bbox 1646 1355 1814 1409; x_wconf 76' lang='lat' dir='ltr'><strong>Meta-</strong></span> 
     </span>
    </p>
   </div>
   <div class='ocr_carea' id='block_1_15' title="bbox 237 1444 1814 1522">
    <p class='ocr_par' dir='ltr' id='par_1_15' title="bbox 237 1444 1814 1522">
     <span class='ocr_line' id='line_1_15' title="bbox 237 1444 1814 1522; baseline -0.005 -16"><span class='ocrx_word' id='word_1_86' title='bbox 237 1453 328 1520; x_wconf 84' lang='lat' dir='ltr'><strong>rij,</strong></span> <span class='ocrx_word' id='word_1_87' title='bbox 359 1454 448 1522; x_wconf 87' lang='lat' dir='ltr'><strong>qui</strong></span> <span class='ocrx_word' id='word_1_88' title='bbox 476 1451 612 1505; x_wconf 88' lang='lat' dir='ltr'><strong>Chat</strong></span> <span class='ocrx_word' id='word_1_89' title='bbox 637 1449 821 1520; x_wconf 90' lang='lat' dir='ltr'><strong>genuit</strong></span> <span class='ocrx_word' id='word_1_90' title='bbox 847 1448 1123 1510; x_wconf 83' lang='lat' dir='ltr'><strong>Ambram,</strong></span> <span class='ocrx_word' id='word_1_91' title='bbox 1152 1446 1242 1515; x_wconf 91' lang='lat' dir='ltr'><strong>qui</strong></span> <span class='ocrx_word' id='word_1_92' title='bbox 1264 1446 1460 1499; x_wconf 90' lang='lat' dir='ltr'><strong>dicitur</strong></span> <span class='ocrx_word' id='word_1_93' title='bbox 1491 1444 1726 1509; x_wconf 86' lang='lat' dir='ltr'><strong>dilectio,</strong></span> <span class='ocrx_word' id='word_1_94' title='bbox 1758 1453 1814 1499; x_wconf 94' lang='lat' dir='ltr'><strong>et</strong></span> 
     </span>
    </p>
   </div>
   <div class='ocr_carea' id='block_1_16' title="bbox 234 1536 1815 1612">
    <p class='ocr_par' dir='ltr' id='par_1_16' title="bbox 234 1536 1815 1612">
     <span class='ocr_line' id='line_1_16' title="bbox 234 1536 1815 1612; baseline -0.006 -13"><span class='ocrx_word' id='word_1_95' title='bbox 234 1543 397 1608; x_wconf 79' lang='lat' dir='ltr'><strong>Issar,</strong></span> <span class='ocrx_word' id='word_1_96' title='bbox 432 1545 519 1612; x_wconf 89' lang='lat' dir='ltr'><strong>qui</strong></span> <span class='ocrx_word' id='word_1_97' title='bbox 550 1542 745 1595; x_wconf 88' lang='lat' dir='ltr'><strong>dicitur</strong></span> <span class='ocrx_word' id='word_1_98' title='bbox 774 1541 924 1596; x_wconf 87' lang='lat' dir='ltr'><strong>fortis</strong></span> <span class='ocrx_word' id='word_1_99' title='bbox 945 1540 1009 1593; x_wconf 90' lang='lat' dir='ltr'><strong>ad</strong></span> <span class='ocrx_word' id='word_1_100' title='bbox 1036 1538 1250 1604; x_wconf 82' lang='lat' dir='ltr'><strong>fortem,</strong></span> <span class='ocrx_word' id='word_1_101' title='bbox 1273 1547 1326 1593; x_wconf 90' lang='lat' dir='ltr'><strong>et</strong></span> <span class='ocrx_word' id='word_1_102' title='bbox 1353 1536 1586 1603; x_wconf 87' lang='lat' dir='ltr'><strong>Cebron,</strong></span> <span class='ocrx_word' id='word_1_103' title='bbox 1614 1539 1701 1607; x_wconf 91' lang='lat' dir='ltr'><strong>qui</strong></span> <span class='ocrx_word' id='word_1_104' title='bbox 1732 1537 1815 1591; x_wconf 87' lang='lat' dir='ltr'><strong>di-</strong></span> 
     </span>
    </p>
   </div>
   <div class='ocr_carea' id='block_1_17' title="bbox 235 1628 1810 1697">
    <p class='ocr_par' dir='ltr' id='par_1_17' title="bbox 235 1628 1810 1697">
     <span class='ocr_line' id='line_1_17' title="bbox 235 1628 1810 1697; baseline -0.004 -10"><span class='ocrx_word' id='word_1_105' title='bbox 235 1635 379 1687; x_wconf 88' lang='lat' dir='ltr'><strong>citur</strong></span> <span class='ocrx_word' id='word_1_106' title='bbox 398 1635 600 1686; x_wconf 91' lang='lat' dir='ltr'><strong>amicus</strong></span> <span class='ocrx_word' id='word_1_107' title='bbox 625 1641 960 1695; x_wconf 88' lang='lat' dir='ltr'><strong>aeternus,et</strong></span> <span class='ocrx_word' id='word_1_108' title='bbox 979 1629 1154 1692; x_wconf 88' lang='lat' dir='ltr'><strong>0diel,</strong></span> <span class='ocrx_word' id='word_1_109' title='bbox 1172 1629 1259 1697; x_wconf 91' lang='lat' dir='ltr'><strong>qui</strong></span> <span class='ocrx_word' id='word_1_110' title='bbox 1276 1629 1467 1683; x_wconf 90' lang='lat' dir='ltr'><strong>dicitur</strong></span> <span class='ocrx_word' id='word_1_111' title='bbox 1484 1628 1637 1682; x_wconf 90' lang='lat' dir='ltr'><strong>fortis</strong></span> <span class='ocrx_word' id='word_1_112' title='bbox 1653 1628 1810 1692; x_wconf 89' lang='lat' dir='ltr'><strong>Deus;</strong></span> 
     </span>
    </p>
   </div>
   <div class='ocr_carea' id='block_1_18' title="bbox 234 1718 1815 1791">
    <p class='ocr_par' dir='ltr' id='par_1_18' title="bbox 234 1718 1815 1791">
     <span class='ocr_line' id='line_1_18' title="bbox 234 1718 1815 1791; baseline -0.006 -13"><span class='ocrx_word' id='word_1_113' title='bbox 234 1724 326 1791; x_wconf 79' lang='lat' dir='ltr'><strong>qui</strong></span> <span class='ocrx_word' id='word_1_114' title='bbox 356 1722 512 1777; x_wconf 88' lang='lat' dir='ltr'><strong>Odiel</strong></span> <span class='ocrx_word' id='word_1_115' title='bbox 561 1723 743 1789; x_wconf 89' lang='lat' dir='ltr'><strong>genuit</strong></span> <span class='ocrx_word' id='word_1_116' title='bbox 789 1720 955 1785; x_wconf 83' lang='lat' dir='ltr'><strong>Elisa,</strong></span> <span class='ocrx_word' id='word_1_117' title='bbox 986 1720 1076 1787; x_wconf 91' lang='lat' dir='ltr'><strong>qui</strong></span> <span class='ocrx_word' id='word_1_118' title='bbox 1116 1719 1308 1774; x_wconf 89' lang='lat' dir='ltr'><strong>dicitur</strong></span> <span class='ocrx_word' id='word_1_119' title='bbox 1338 1719 1592 1784; x_wconf 78' lang='lat' dir='ltr'><strong>visitatio,</strong></span> <span class='ocrx_word' id='word_1_120' title='bbox 1623 1728 1674 1771; x_wconf 88' lang='lat' dir='ltr'><strong>et</strong></span> <span class='ocrx_word' id='word_1_121' title='bbox 1715 1718 1815 1769; x_wconf 78' lang='lat' dir='ltr'><strong>ilia-</strong></span> 
     </span>
    </p>
   </div>
   <div class='ocr_carea' id='block_1_19' title="bbox 1918 540 3491 596">
    <p class='ocr_par' dir='ltr' id='par_1_19' title="bbox 1918 540 3491 596">
     <span class='ocr_line' id='line_1_19' title="bbox 1918 540 3491 596; baseline -0.001 -1"><span class='ocrx_word' id='word_1_122' title='bbox 1918 542 2178 596; x_wconf 89' lang='lat' dir='ltr'><strong>Dominus</strong></span> <span class='ocrx_word' id='word_1_123' title='bbox 2214 551 2296 595; x_wconf 92' lang='lat' dir='ltr'><strong>est</strong></span> <span class='ocrx_word' id='word_1_124' title='bbox 2335 543 2478 596; x_wconf 87' lang='lat' dir='ltr'><strong>enim</strong></span> <span class='ocrx_word' id='word_1_125' title='bbox 2506 554 2623 595; x_wconf 88' lang='lat' dir='ltr'><strong>sors</strong></span> <span class='ocrx_word' id='word_1_126' title='bbox 2651 555 2859 596; x_wconf 86' lang='lat' dir='ltr'><strong>eorum.</strong></span> <span class='ocrx_word' id='word_1_127' title='bbox 2909 540 3035 594; x_wconf 88' lang='lat' dir='ltr'><strong>Ideo</strong></span> <span class='ocrx_word' id='word_1_128' title='bbox 3081 554 3221 593; x_wconf 90' lang='lat' dir='ltr'><strong>nunc</strong></span> <span class='ocrx_word' id='word_1_129' title='bbox 3249 540 3491 593; x_wconf 85' lang='lat' dir='ltr'><strong>decimae</strong></span> 
     </span>
    </p>
   </div>
   <div class='ocr_carea' id='block_1_20' title="bbox 1918 629 3483 688">
    <p class='ocr_par' dir='ltr' id='par_1_20' title="bbox 1918 629 3483 688">
     <span class='ocr_line' id='line_1_20' title="bbox 1918 629 3483 688; baseline -0.003 -2"><span class='ocrx_word' id='word_1_130' title='bbox 1918 632 2170 687; x_wconf 88' lang='lat' dir='ltr'><strong>sufﬁcere</strong></span> <span class='ocrx_word' id='word_1_131' title='bbox 2196 633 2391 688; x_wconf 75' lang='lat' dir='ltr'><strong>debent</strong></span> <span class='ocrx_word' id='word_1_132' title='bbox 2420 631 2788 685; x_wconf 84' lang='lat' dir='ltr'><strong>sacerdotibus</strong></span> <span class='ocrx_word' id='word_1_133' title='bbox 2813 640 2869 684; x_wconf 92' lang='lat' dir='ltr'><strong>ut</strong></span> <span class='ocrx_word' id='word_1_134' title='bbox 2897 630 3056 684; x_wconf 84' lang='lat' dir='ltr'><strong>alieni</strong></span> <span class='ocrx_word' id='word_1_135' title='bbox 3096 630 3205 683; x_wconf 88' lang='lat' dir='ltr'><strong>sint</strong></span> <span class='ocrx_word' id='word_1_136' title='bbox 3228 646 3257 683; x_wconf 92' lang='lat' dir='ltr'><strong>a</strong></span> <span class='ocrx_word' id='word_1_137' title='bbox 3286 629 3483 683; x_wconf 88' lang='lat' dir='ltr'><strong>saeculi</strong></span> 
     </span>
    </p>
   </div>
   <div class='ocr_carea' id='block_1_21' title="bbox 1917 718 3493 792">
    <p class='ocr_par' dir='ltr' id='par_1_21' title="bbox 1917 718 3493 792">
     <span class='ocr_line' id='line_1_21' title="bbox 1917 718 3493 792; baseline -0.003 -17"><span class='ocrx_word' id='word_1_138' title='bbox 1917 722 2297 791; x_wconf 85' lang='lat' dir='ltr'><strong>voluptatibus,</strong></span> <span class='ocrx_word' id='word_1_139' title='bbox 2341 721 2428 792; x_wconf 93' lang='lat' dir='ltr'><strong>qui</strong></span> <span class='ocrx_word' id='word_1_140' title='bbox 2455 720 2648 775; x_wconf 90' lang='lat' dir='ltr'><strong>alienis</strong></span> <span class='ocrx_word' id='word_1_141' title='bbox 2684 720 2938 775; x_wconf 84' lang='lat' dir='ltr'><strong>incubare</strong></span> <span class='ocrx_word' id='word_1_142' title='bbox 2974 718 3281 775; x_wconf 83' lang='lat' dir='ltr'><strong>desiderant</strong></span> <span class='ocrx_word' id='word_1_143' title='bbox 3306 718 3493 772; x_wconf 84' lang='lat' dir='ltr'><strong>rebus.</strong></span> 
     </span>
    </p>
   </div>
   <div class='ocr_carea' id='block_1_22' title="bbox 1919 808 3491 883">
    <p class='ocr_par' dir='ltr' id='par_1_22' title="bbox 1919 808 3491 883">
     <span class='ocr_line' id='line_1_22' title="bbox 1919 808 3491 883; baseline -0.002 -16"><span class='ocrx_word' id='word_1_144' title='bbox 1919 813 2121 869; x_wconf 80' lang='lat' dir='ltr'><strong>Deinde</strong></span> <span class='ocrx_word' id='word_1_145' title='bbox 2162 813 2374 883; x_wconf 80' lang='lat' dir='ltr'><strong>Moyses</strong></span> <span class='ocrx_word' id='word_1_146' title='bbox 2404 811 2718 882; x_wconf 57' lang='lat' dir='ltr'><strong>{Egyptiaca</strong></span> <span class='ocrx_word' id='word_1_147' title='bbox 2777 811 2953 879; x_wconf 86' lang='lat' dir='ltr'><strong>lingua</strong></span> <span class='ocrx_word' id='word_1_148' title='bbox 3002 810 3383 879; x_wconf 79' lang='lat' dir='ltr'><strong>interpretatur</strong></span> <span class='ocrx_word' id='word_1_149' title='bbox 3423 808 3491 864; x_wconf 78' lang='lat' dir='ltr'><strong>de</strong></span> 
     </span>
    </p>
   </div>
   <div class='ocr_carea' id='block_1_23' title="bbox 1918 900 3490 976">
    <p class='ocr_par' dir='ltr' id='par_1_23' title="bbox 1918 900 3490 976">
     <span class='ocr_line' id='line_1_23' title="bbox 1918 900 3490 976; baseline -0.003 -18"><span class='ocrx_word' id='word_1_150' title='bbox 1918 919 2050 976; x_wconf 88' lang='lat' dir='ltr'><strong>aqua</strong></span> <span class='ocrx_word' id='word_1_151' title='bbox 2088 916 2359 973; x_wconf 75' lang='lat' dir='ltr'><strong>acceptus,</strong></span> <span class='ocrx_word' id='word_1_152' title='bbox 2411 914 2467 959; x_wconf 91' lang='lat' dir='ltr'><strong>et</strong></span> <span class='ocrx_word' id='word_1_153' title='bbox 2515 903 2743 958; x_wconf 90' lang='lat' dir='ltr'><strong>haebrea</strong></span> <span class='ocrx_word' id='word_1_154' title='bbox 2796 902 2997 972; x_wconf 81' lang='lat' dir='ltr'><strong>lingua,</strong></span> <span class='ocrx_word' id='word_1_155' title='bbox 3041 911 3218 957; x_wconf 83' lang='lat' dir='ltr'><strong>servat</strong></span> <span class='ocrx_word' id='word_1_156' title='bbox 3251 900 3490 956; x_wconf 83' lang='lat' dir='ltr'><strong>domino.</strong></span> 
     </span>
    </p>
   </div>
   <div class='ocr_carea' id='block_1_24' title="bbox 1918 989 3491 1065">
    <p class='ocr_par' dir='ltr' id='par_1_24' title="bbox 1918 989 3491 1065">
     <span class='ocr_line' id='line_1_24' title="bbox 1918 989 3491 1065; baseline -0.003 -17"><span class='ocrx_word' id='word_1_157' title='bbox 1918 994 2037 1064; x_wconf 90' lang='lat' dir='ltr'><strong>Ipse</strong></span> <span class='ocrx_word' id='word_1_158' title='bbox 2081 996 2265 1065; x_wconf 82' lang='lat' dir='ltr'><strong>genuit</strong></span> <span class='ocrx_word' id='word_1_159' title='bbox 2306 994 2529 1050; x_wconf 85' lang='lat' dir='ltr'><strong>Gersam</strong></span> <span class='ocrx_word' id='word_1_160' title='bbox 2576 1003 2631 1048; x_wconf 91' lang='lat' dir='ltr'><strong>et</strong></span> <span class='ocrx_word' id='word_1_161' title='bbox 2672 993 2981 1047; x_wconf 86' lang='lat' dir='ltr'><strong>Eleazarum</strong></span> <span class='ocrx_word' id='word_1_162' title='bbox 3015 991 3234 1046; x_wconf 78' lang='lat' dir='ltr'><strong>fratrem</strong></span> <span class='ocrx_word' id='word_1_163' title='bbox 3282 989 3397 1060; x_wconf 84' lang='lat' dir='ltr'><strong>ejus</strong></span> <span class='ocrx_word' id='word_1_164' title='bbox 3425 1004 3491 1044; x_wconf 86' lang='lat' dir='ltr'><strong>ex</strong></span> 
     </span>
    </p>
   </div>
   <div class='ocr_carea' id='block_1_25' title="bbox 1916 1078 3492 1153">
    <p class='ocr_par' dir='ltr' id='par_1_25' title="bbox 1916 1078 3492 1153">
     <span class='ocr_line' id='line_1_25' title="bbox 1916 1078 3492 1153; baseline -0.006 -11"><span class='ocrx_word' id='word_1_165' title='bbox 1916 1085 2122 1142; x_wconf 81' lang='lat' dir='ltr'><strong>Seﬁ‘ora</strong></span> <span class='ocrx_word' id='word_1_166' title='bbox 2169 1100 2304 1153; x_wconf 91' lang='lat' dir='ltr'><strong>quae</strong></span> <span class='ocrx_word' id='word_1_167' title='bbox 2329 1084 2524 1138; x_wconf 93' lang='lat' dir='ltr'><strong>dicitur</strong></span> <span class='ocrx_word' id='word_1_168' title='bbox 2550 1084 2802 1138; x_wconf 73' lang='lat' dir='ltr'><strong>visitatin.</strong></span> <span class='ocrx_word' id='word_1_169' title='bbox 2838 1082 2931 1137; x_wconf 88' lang='lat' dir='ltr'><strong>llic</strong></span> <span class='ocrx_word' id='word_1_170' title='bbox 2964 1082 3174 1151; x_wconf 79' lang='lat' dir='ltr'><strong>Moyses</strong></span> <span class='ocrx_word' id='word_1_171' title='bbox 3198 1081 3366 1135; x_wconf 89' lang='lat' dir='ltr'><strong>fuitin</strong></span> <span class='ocrx_word' id='word_1_172' title='bbox 3397 1078 3492 1133; x_wconf 76' lang='lat' dir='ltr'><strong>de-</strong></span> 
     </span>
    </p>
   </div>
   <div class='ocr_carea' id='block_1_26' title="bbox 1916 1168 3492 1244">
    <p class='ocr_par' dir='ltr' id='par_1_26' title="bbox 1916 1168 3492 1244">
     <span class='ocr_line' id='line_1_26' title="bbox 1916 1168 3492 1244; baseline -0.005 -13"><span class='ocrx_word' id='word_1_173' title='bbox 1916 1183 2062 1231; x_wconf 88' lang='lat' dir='ltr'><strong>serto</strong></span> <span class='ocrx_word' id='word_1_174' title='bbox 2102 1175 2242 1244; x_wconf 72' lang='lat' dir='ltr'><strong>Syna</strong></span> <span class='ocrx_word' id='word_1_175' title='bbox 2292 1174 2448 1227; x_wconf 88' lang='lat' dir='ltr'><strong>annis</strong></span> <span class='ocrx_word' id='word_1_176' title='bbox 2492 1189 2652 1227; x_wconf 82' lang='lat' dir='ltr'><strong>xxxx.</strong></span> <span class='ocrx_word' id='word_1_177' title='bbox 2694 1180 2748 1226; x_wconf 87' lang='lat' dir='ltr'><strong>et</strong></span> <span class='ocrx_word' id='word_1_178' title='bbox 2798 1174 2923 1225; x_wconf 92' lang='lat' dir='ltr'><strong>dum</strong></span> <span class='ocrx_word' id='word_1_179' title='bbox 2969 1171 3150 1240; x_wconf 89' lang='lat' dir='ltr'><strong>jussus</strong></span> <span class='ocrx_word' id='word_1_180' title='bbox 3185 1185 3214 1223; x_wconf 85' lang='lat' dir='ltr'><strong>a</strong></span> <span class='ocrx_word' id='word_1_181' title='bbox 3268 1168 3492 1226; x_wconf 89' lang='lat' dir='ltr'><strong>Domino</strong></span> 
     </span>
    </p>
   </div>
   <div class='ocr_carea' id='block_1_27' title="bbox 1917 1258 3491 1330">
    <p class='ocr_par' dir='ltr' id='par_1_27' title="bbox 1917 1258 3491 1330">
     <span class='ocr_line' id='line_1_27' title="bbox 1917 1258 3491 1330; baseline -0.004 -12"><span class='ocrx_word' id='word_1_182' title='bbox 1917 1263 2230 1319; x_wconf 78' lang='lat' dir='ltr'><strong>ascenderet</strong></span> <span class='ocrx_word' id='word_1_183' title='bbox 2257 1263 2307 1317; x_wconf 90' lang='lat' dir='ltr'><strong>in</strong></span> <span class='ocrx_word' id='word_1_184' title='bbox 2340 1261 2720 1317; x_wconf 78' lang='lat' dir='ltr'><strong>Robotlttnoab</strong></span> <span class='ocrx_word' id='word_1_185' title='bbox 2737 1275 2897 1330; x_wconf 85' lang='lat' dir='ltr'><strong>super</strong></span> <span class='ocrx_word' id='word_1_186' title='bbox 2930 1268 3161 1314; x_wconf 90' lang='lat' dir='ltr'><strong>montem</strong></span> <span class='ocrx_word' id='word_1_187' title='bbox 3192 1258 3361 1313; x_wconf 68' lang='lat' dir='ltr'><strong>Nubat</strong></span> <span class='ocrx_word' id='word_1_188' title='bbox 3402 1272 3491 1312; x_wconf 82' lang='lat' dir='ltr'><strong>su-</strong></span> 
     </span>
    </p>
   </div>
   <div class='ocr_carea' id='block_1_28' title="bbox 1919 1350 3484 1425">
    <p class='ocr_par' dir='ltr' id='par_1_28' title="bbox 1919 1350 3484 1425">
     <span class='ocr_line' id='line_1_28' title="bbox 1919 1350 3484 1425; baseline -0.006 -14"><span class='ocrx_word' id='word_1_189' title='bbox 1919 1373 2014 1425; x_wconf 88' lang='lat' dir='ltr'><strong>per</strong></span> <span class='ocrx_word' id='word_1_190' title='bbox 2038 1356 2290 1411; x_wconf 85' lang='lat' dir='ltr'><strong>verticem</strong></span> <span class='ocrx_word' id='word_1_191' title='bbox 2320 1355 2508 1423; x_wconf 84' lang='lat' dir='ltr'><strong>Fasga,</strong></span> <span class='ocrx_word' id='word_1_192' title='bbox 2540 1368 2676 1423; x_wconf 89' lang='lat' dir='ltr'><strong>quae</strong></span> <span class='ocrx_word' id='word_1_193' title='bbox 2701 1363 2783 1407; x_wconf 89' lang='lat' dir='ltr'><strong>est</strong></span> <span class='ocrx_word' id='word_1_194' title='bbox 2814 1360 2998 1406; x_wconf 91' lang='lat' dir='ltr'><strong>contra</strong></span> <span class='ocrx_word' id='word_1_195' title='bbox 3031 1351 3219 1407; x_wconf 83' lang='lat' dir='ltr'><strong>faciem</strong></span> <span class='ocrx_word' id='word_1_196' title='bbox 3248 1350 3484 1414; x_wconf 80' lang='lat' dir='ltr'><strong>Hierico,</strong></span> 
     </span>
    </p>
   </div>
   <div class='ocr_carea' id='block_1_29' title="bbox 1918 1440 3492 1511">
    <p class='ocr_par' dir='ltr' id='par_1_29' title="bbox 1918 1440 3492 1511">
     <span class='ocr_line' id='line_1_29' title="bbox 1918 1440 3492 1511; baseline -0.006 -8"><span class='ocrx_word' id='word_1_197' title='bbox 1918 1456 1971 1502; x_wconf 83' lang='lat' dir='ltr'><strong>et</strong></span> <span class='ocrx_word' id='word_1_198' title='bbox 1995 1446 2230 1502; x_wconf 86' lang='lat' dir='ltr'><strong>ostendit</strong></span> <span class='ocrx_word' id='word_1_199' title='bbox 2257 1446 2305 1499; x_wconf 93' lang='lat' dir='ltr'><strong>ei</strong></span> <span class='ocrx_word' id='word_1_200' title='bbox 2334 1459 2548 1499; x_wconf 88' lang='lat' dir='ltr'><strong>omnem</strong></span> <span class='ocrx_word' id='word_1_201' title='bbox 2578 1453 2770 1498; x_wconf 90' lang='lat' dir='ltr'><strong>terram</strong></span> <span class='ocrx_word' id='word_1_202' title='bbox 2812 1443 3052 1511; x_wconf 84' lang='lat' dir='ltr'><strong>Neptalin</strong></span> <span class='ocrx_word' id='word_1_203' title='bbox 3093 1442 3270 1497; x_wconf 83' lang='lat' dir='ltr'><strong>Efrcm</strong></span> <span class='ocrx_word' id='word_1_204' title='bbox 3307 1450 3359 1497; x_wconf 92' lang='lat' dir='ltr'><strong>et</strong></span> <span class='ocrx_word' id='word_1_205' title='bbox 3386 1440 3492 1494; x_wconf 80' lang='lat' dir='ltr'><strong>Ma-</strong></span> 
     </span>
    </p>
   </div>
   <div class='ocr_carea' id='block_1_30' title="bbox 1920 1533 3494 1606">
    <p class='ocr_par' dir='ltr' id='par_1_30' title="bbox 1920 1533 3494 1606">
     <span class='ocr_line' id='line_1_30' title="bbox 1920 1533 3494 1606; baseline -0.006 -12"><span class='ocrx_word' id='word_1_206' title='bbox 1920 1555 2097 1606; x_wconf 87' lang='lat' dir='ltr'><strong>nasse,</strong></span> <span class='ocrx_word' id='word_1_207' title='bbox 2132 1548 2187 1594; x_wconf 91' lang='lat' dir='ltr'><strong>et</strong></span> <span class='ocrx_word' id='word_1_208' title='bbox 2213 1552 2426 1593; x_wconf 88' lang='lat' dir='ltr'><strong>omnem</strong></span> <span class='ocrx_word' id='word_1_209' title='bbox 2459 1546 2655 1591; x_wconf 89' lang='lat' dir='ltr'><strong>terram</strong></span> <span class='ocrx_word' id='word_1_210' title='bbox 2693 1534 2882 1591; x_wconf 82' lang='lat' dir='ltr'><strong>Judam</strong></span> <span class='ocrx_word' id='word_1_211' title='bbox 2925 1548 3095 1603; x_wconf 87' lang='lat' dir='ltr'><strong>usque</strong></span> <span class='ocrx_word' id='word_1_212' title='bbox 3124 1533 3195 1587; x_wconf 90' lang='lat' dir='ltr'><strong>ad</strong></span> <span class='ocrx_word' id='word_1_213' title='bbox 3224 1547 3369 1585; x_wconf 89' lang='lat' dir='ltr'><strong>mare</strong></span> <span class='ocrx_word' id='word_1_214' title='bbox 3397 1544 3494 1585; x_wconf 83' lang='lat' dir='ltr'><strong>no-</strong></span> 
     </span>
    </p>
   </div>
   <div class='ocr_carea' id='block_1_31' title="bbox 1920 1618 3496 1693">
    <p class='ocr_par' dir='ltr' id='par_1_31' title="bbox 1920 1618 3496 1693">
     <span class='ocr_line' id='line_1_31' title="bbox 1920 1618 3496 1693; baseline -0.006 -10"><span class='ocrx_word' id='word_1_215' title='bbox 1920 1629 2215 1693; x_wconf 65' lang='lat' dir='ltr'><strong>vissimum,</strong></span> <span class='ocrx_word' id='word_1_216' title='bbox 2242 1638 2295 1682; x_wconf 86' lang='lat' dir='ltr'><strong>et</strong></span> <span class='ocrx_word' id='word_1_217' title='bbox 2316 1628 2587 1681; x_wconf 90' lang='lat' dir='ltr'><strong>desertum</strong></span> <span class='ocrx_word' id='word_1_218' title='bbox 2612 1625 2974 1690; x_wconf 82' lang='lat' dir='ltr'><strong>etadjacentia</strong></span> <span class='ocrx_word' id='word_1_219' title='bbox 2992 1622 3223 1692; x_wconf 77' lang='lat' dir='ltr'><strong>regionis</strong></span> <span class='ocrx_word' id='word_1_220' title='bbox 3247 1618 3496 1674; x_wconf 83' lang='lat' dir='ltr'><strong>Hiericho</strong></span> 
     </span>
    </p>
   </div>
   <div class='ocr_carea' id='block_1_32' title="bbox 1922 1712 3501 1786">
    <p class='ocr_par' dir='ltr' id='par_1_32' title="bbox 1922 1712 3501 1786">
     <span class='ocr_line' id='line_1_32' title="bbox 1922 1712 3501 1786; baseline -0.005 -12"><span class='ocrx_word' id='word_1_221' title='bbox 1922 1721 2196 1776; x_wconf 88' lang='lat' dir='ltr'><strong>civitatem</strong></span> <span class='ocrx_word' id='word_1_222' title='bbox 2242 1719 2518 1773; x_wconf 72' lang='lat' dir='ltr'><strong>anicum</strong></span> <span class='ocrx_word' id='word_1_223' title='bbox 2552 1732 2720 1786; x_wconf 88' lang='lat' dir='ltr'><strong>usque</strong></span> <span class='ocrx_word' id='word_1_224' title='bbox 2756 1716 2948 1783; x_wconf 82' lang='lat' dir='ltr'><strong>Fogor,</strong></span> <span class='ocrx_word' id='word_1_225' title='bbox 2984 1723 3037 1769; x_wconf 88' lang='lat' dir='ltr'><strong>et</strong></span> <span class='ocrx_word' id='word_1_226' title='bbox 3075 1714 3207 1767; x_wconf 75' lang='lat' dir='ltr'><strong>dixit</strong></span> <span class='ocrx_word' id='word_1_227' title='bbox 3242 1712 3501 1767; x_wconf 76' lang='lat' dir='ltr'><strong>Dominus</strong></span> 
     </span>
    </p>
   </div>
   <div class='ocr_carea' id='block_1_33' title="bbox 235 1801 3495 1881">
    <p class='ocr_par' dir='ltr' id='par_1_33' title="bbox 235 1801 3495 1881">
     <span class='ocr_line' id='line_1_33' title="bbox 235 1801 3495 1881; baseline -0.004 -15"><span class='ocrx_word' id='word_1_228' title='bbox 235 1813 362 1879; x_wconf 87' lang='lat' dir='ltr'><strong>siel,</strong></span> <span class='ocrx_word' id='word_1_229' title='bbox 393 1813 483 1881; x_wconf 90' lang='lat' dir='ltr'><strong>qui</strong></span> <span class='ocrx_word' id='word_1_230' title='bbox 533 1811 727 1865; x_wconf 87' lang='lat' dir='ltr'><strong>dicitur</strong></span> <span class='ocrx_word' id='word_1_231' title='bbox 780 1810 967 1880; x_wconf 91' lang='lat' dir='ltr'><strong>petitio</strong></span> <span class='ocrx_word' id='word_1_232' title='bbox 1014 1808 1129 1871; x_wconf 85' lang='lat' dir='ltr'><strong>Dei,</strong></span> <span class='ocrx_word' id='word_1_233' title='bbox 1159 1817 1213 1863; x_wconf 90' lang='lat' dir='ltr'><strong>et</strong></span> <span class='ocrx_word' id='word_1_234' title='bbox 1248 1808 1424 1863; x_wconf 88' lang='lat' dir='ltr'><strong>Soseri</strong></span> <span class='ocrx_word' id='word_1_235' title='bbox 1444 1848 1458 1871; x_wconf 88' lang='lat'><strong>,</strong></span> <span class='ocrx_word' id='word_1_236' title='bbox 1489 1808 1579 1877; x_wconf 91' lang='lat' dir='ltr'><strong>qui</strong></span> <span class='ocrx_word' id='word_1_237' title='bbox 1624 1807 1817 1862; x_wconf 87' lang='lat' dir='ltr'><strong>dicitur</strong></span> <span class='ocrx_word' id='word_1_238' title='bbox 1851 1801 1896 1870; x_wconf 71' lang='grc' dir='ltr'><strong>Β</strong></span> <span class='ocrx_word' id='word_1_239' title='bbox 1922 1813 1986 1866; x_wconf 87' lang='lat' dir='ltr'><strong>ad</strong></span> <span class='ocrx_word' id='word_1_240' title='bbox 2015 1812 2253 1881; x_wconf 80' lang='lat' dir='ltr'><strong>Moysen.</strong></span> <span class='ocrx_word' id='word_1_241' title='bbox 2284 1811 2390 1862; x_wconf 76' lang='lat' dir='ltr'><strong>[nec</strong></span> <span class='ocrx_word' id='word_1_242' title='bbox 2420 1818 2491 1863; x_wconf 87' lang='lat' dir='ltr'><strong>est</strong></span> <span class='ocrx_word' id='word_1_243' title='bbox 2522 1819 2679 1875; x_wconf 83' lang='lat' dir='ltr'><strong>terra,</strong></span> <span class='ocrx_word' id='word_1_244' title='bbox 2704 1824 2860 1877; x_wconf 87' lang='lat' dir='ltr'><strong>quam</strong></span> <span class='ocrx_word' id='word_1_245' title='bbox 2877 1802 3495 1875; x_wconf 71' lang='lat' dir='ltr'><strong>juraviAbra/szsaac,</strong></span> 
     </span>
    </p>
   </div>
   <div class='ocr_carea' id='block_1_34' title="bbox 234 1897 1819 1966">
    <p class='ocr_par' dir='ltr' id='par_1_34' title="bbox 234 1897 1819 1966">
     <span class='ocr_line' id='line_1_34' title="bbox 234 1897 1819 1966; baseline -0.003 -10"><span class='ocrx_word' id='word_1_246' title='bbox 234 1903 556 1957; x_wconf 83' lang='lat' dir='ltr'><strong>absconsus.</strong></span> <span class='ocrx_word' id='word_1_247' title='bbox 606 1900 811 1955; x_wconf 88' lang='lat' dir='ltr'><strong>Gcsson</strong></span> <span class='ocrx_word' id='word_1_248' title='bbox 841 1914 968 1954; x_wconf 91' lang='lat' dir='ltr'><strong>vero</strong></span> <span class='ocrx_word' id='word_1_249' title='bbox 1000 1899 1140 1954; x_wconf 84' lang='lat' dir='ltr'><strong>ﬁlius</strong></span> <span class='ocrx_word' id='word_1_250' title='bbox 1166 1899 1289 1953; x_wconf 85' lang='lat' dir='ltr'><strong>Levi</strong></span> <span class='ocrx_word' id='word_1_251' title='bbox 1315 1898 1600 1965; x_wconf 89' lang='lat' dir='ltr'><strong>secundus,</strong></span> <span class='ocrx_word' id='word_1_252' title='bbox 1621 1897 1709 1966; x_wconf 89' lang='lat' dir='ltr'><strong>qui</strong></span> <span class='ocrx_word' id='word_1_253' title='bbox 1739 1897 1819 1951; x_wconf 87' lang='lat' dir='ltr'><strong>di-</strong></span> 
     </span>
    </p>
   </div>
   <div class='ocr_carea' id='block_1_35' title="bbox 234 1986 1818 2060">
    <p class='ocr_par' dir='ltr' id='par_1_35' title="bbox 234 1986 1818 2060">
     <span class='ocr_line' id='line_1_35' title="bbox 234 1986 1818 2060; baseline -0.004 -14"><span class='ocrx_word' id='word_1_254' title='bbox 234 2002 361 2047; x_wconf 89' lang='lat' dir='ltr'><strong>ctus</strong></span> <span class='ocrx_word' id='word_1_255' title='bbox 379 1999 465 2046; x_wconf 88' lang='lat' dir='ltr'><strong>est</strong></span> <span class='ocrx_word' id='word_1_256' title='bbox 491 1991 799 2060; x_wconf 83' lang='lat' dir='ltr'><strong>inquilinus,</strong></span> <span class='ocrx_word' id='word_1_257' title='bbox 814 1991 994 2060; x_wconf 80' lang='lat' dir='ltr'><strong>genuit</strong></span> <span class='ocrx_word' id='word_1_258' title='bbox 1015 1988 1222 2053; x_wconf 87' lang='lat' dir='ltr'><strong>Lobon,</strong></span> <span class='ocrx_word' id='word_1_259' title='bbox 1240 1988 1374 2043; x_wconf 87' lang='lat' dir='ltr'><strong>idest</strong></span> <span class='ocrx_word' id='word_1_260' title='bbox 1394 1987 1515 2053; x_wconf 84' lang='lat' dir='ltr'><strong>Las,</strong></span> <span class='ocrx_word' id='word_1_261' title='bbox 1531 2001 1593 2041; x_wconf 89' lang='lat' dir='ltr'><strong>ex</strong></span> <span class='ocrx_word' id='word_1_262' title='bbox 1617 1986 1818 2052; x_wconf 90' lang='lat' dir='ltr'><strong>Semei,</strong></span> 
     </span>
    </p>
   </div>
   <div class='ocr_carea' id='block_1_36' title="bbox 234 2079 1817 2154">
    <p class='ocr_par' dir='ltr' id='par_1_36' title="bbox 234 2079 1817 2154">
     <span class='ocr_line' id='line_1_36' title="bbox 234 2079 1817 2154; baseline -0.003 -17"><span class='ocrx_word' id='word_1_263' title='bbox 234 2084 329 2154; x_wconf 88' lang='lat' dir='ltr'><strong>qui</strong></span> <span class='ocrx_word' id='word_1_264' title='bbox 369 2084 566 2138; x_wconf 90' lang='lat' dir='ltr'><strong>dicitur</strong></span> <span class='ocrx_word' id='word_1_265' title='bbox 602 2084 822 2137; x_wconf 87' lang='lat' dir='ltr'><strong>auditio.</strong></span> <span class='ocrx_word' id='word_1_266' title='bbox 854 2083 1068 2137; x_wconf 83' lang='lat' dir='ltr'><strong>Merarii</strong></span> <span class='ocrx_word' id='word_1_267' title='bbox 1104 2090 1280 2136; x_wconf 87' lang='lat' dir='ltr'><strong>autem</strong></span> <span class='ocrx_word' id='word_1_268' title='bbox 1307 2082 1493 2135; x_wconf 86' lang='lat' dir='ltr'><strong>tertius</strong></span> <span class='ocrx_word' id='word_1_269' title='bbox 1523 2080 1662 2134; x_wconf 87' lang='lat' dir='ltr'><strong>ﬁlius</strong></span> <span class='ocrx_word' id='word_1_270' title='bbox 1690 2079 1817 2134; x_wconf 88' lang='lat' dir='ltr'><strong>Levi</strong></span> 
     </span>
    </p>
   </div>
   <div class='ocr_carea' id='block_1_37' title="bbox 234 2170 1817 2246">
    <p class='ocr_par' dir='ltr' id='par_1_37' title="bbox 234 2170 1817 2246">
     <span class='ocr_line' id='line_1_37' title="bbox 234 2170 1817 2246; baseline -0.005 -17"><span class='ocrx_word' id='word_1_271' title='bbox 234 2176 429 2246; x_wconf 84' lang='lat' dir='ltr'><strong>genuit</strong></span> <span class='ocrx_word' id='word_1_272' title='bbox 467 2175 666 2243; x_wconf 82' lang='lat' dir='ltr'><strong>Moolli,</strong></span> <span class='ocrx_word' id='word_1_273' title='bbox 703 2176 791 2244; x_wconf 90' lang='lat' dir='ltr'><strong>qui</strong></span> <span class='ocrx_word' id='word_1_274' title='bbox 847 2173 1042 2227; x_wconf 80' lang='lat' dir='ltr'><strong>dicitur</strong></span> <span class='ocrx_word' id='word_1_275' title='bbox 1082 2173 1326 2237; x_wconf 88' lang='lat' dir='ltr'><strong>mutatio,</strong></span> <span class='ocrx_word' id='word_1_276' title='bbox 1363 2179 1417 2226; x_wconf 86' lang='lat' dir='ltr'><strong>et</strong></span> <span class='ocrx_word' id='word_1_277' title='bbox 1460 2170 1700 2234; x_wconf 89' lang='lat' dir='ltr'><strong>Omousi,</strong></span> <span class='ocrx_word' id='word_1_278' title='bbox 1730 2174 1817 2239; x_wconf 90' lang='lat' dir='ltr'><strong>qui</strong></span> 
     </span>
    </p>
   </div>
   <div class='ocr_carea' id='block_1_38' title="bbox 234 2261 1821 2331">
    <p class='ocr_par' dir='ltr' id='par_1_38' title="bbox 234 2261 1821 2331">
     <span class='ocr_line' id='line_1_38' title="bbox 234 2261 1821 2331; baseline -0.002 -13"><span class='ocrx_word' id='word_1_279' title='bbox 234 2268 439 2321; x_wconf 76' lang='lat' dir='ltr'><strong>dicitur</strong></span> <span class='ocrx_word' id='word_1_280' title='bbox 477 2266 592 2320; x_wconf 88' lang='lat' dir='ltr'><strong>fons</strong></span> <span class='ocrx_word' id='word_1_281' title='bbox 617 2279 787 2321; x_wconf 92' lang='lat' dir='ltr'><strong>meus.</strong></span> <span class='ocrx_word' id='word_1_282' title='bbox 820 2266 1073 2320; x_wconf 87' lang='lat' dir='ltr'><strong>Atnbram</strong></span> <span class='ocrx_word' id='word_1_283' title='bbox 1107 2278 1236 2318; x_wconf 86' lang='lat' dir='ltr'><strong>vero</strong></span> <span class='ocrx_word' id='word_1_284' title='bbox 1272 2264 1412 2317; x_wconf 87' lang='lat' dir='ltr'><strong>ﬁlius</strong></span> <span class='ocrx_word' id='word_1_285' title='bbox 1441 2261 1610 2317; x_wconf 81' lang='lat' dir='ltr'><strong>Cliaat</strong></span> <span class='ocrx_word' id='word_1_286' title='bbox 1642 2262 1821 2331; x_wconf 87' lang='lat' dir='ltr'><strong>genuit</strong></span> 
     </span>
    </p>
   </div>
   <div class='ocr_carea' id='block_1_39' title="bbox 235 2353 1817 2427">
    <p class='ocr_par' dir='ltr' id='par_1_39' title="bbox 235 2353 1817 2427">
     <span class='ocr_line' id='line_1_39' title="bbox 235 2353 1817 2427; baseline -0.006 -12"><span class='ocrx_word' id='word_1_287' title='bbox 235 2358 422 2415; x_wconf 79' lang='lat' dir='ltr'><strong>Aaron</strong></span> <span class='ocrx_word' id='word_1_288' title='bbox 455 2357 670 2427; x_wconf 81' lang='lat' dir='ltr'><strong>Moysen</strong></span> <span class='ocrx_word' id='word_1_289' title='bbox 693 2369 741 2411; x_wconf 89' lang='lat' dir='ltr'><strong>et</strong></span> <span class='ocrx_word' id='word_1_290' title='bbox 778 2355 1019 2422; x_wconf 81' lang='lat' dir='ltr'><strong>Mariam,</strong></span> <span class='ocrx_word' id='word_1_291' title='bbox 1068 2370 1209 2423; x_wconf 87' lang='lat' dir='ltr'><strong>quae</strong></span> <span class='ocrx_word' id='word_1_292' title='bbox 1234 2355 1433 2409; x_wconf 88' lang='lat' dir='ltr'><strong>dicitur</strong></span> <span class='ocrx_word' id='word_1_293' title='bbox 1470 2353 1817 2420; x_wconf 85' lang='lat' dir='ltr'><strong>dominatrix,</strong></span> 
     </span>
    </p>
   </div>
   <div class='ocr_carea' id='block_1_40' title="bbox 234 2443 1821 2515">
    <p class='ocr_par' dir='ltr' id='par_1_40' title="bbox 234 2443 1821 2515">
     <span class='ocr_line' id='line_1_40' title="bbox 234 2443 1821 2515; baseline -0.003 -13"><span class='ocrx_word' id='word_1_294' title='bbox 234 2462 302 2502; x_wconf 89' lang='lat' dir='ltr'><strong>ex</strong></span> <span class='ocrx_word' id='word_1_295' title='bbox 348 2445 633 2511; x_wconf 84' lang='lat' dir='ltr'><strong>Jochabet,</strong></span> <span class='ocrx_word' id='word_1_296' title='bbox 680 2461 817 2515; x_wconf 88' lang='lat' dir='ltr'><strong>quae</strong></span> <span class='ocrx_word' id='word_1_297' title='bbox 860 2446 1003 2499; x_wconf 91' lang='lat' dir='ltr'><strong>dicta</strong></span> <span class='ocrx_word' id='word_1_298' title='bbox 1045 2454 1128 2499; x_wconf 88' lang='lat' dir='ltr'><strong>est</strong></span> <span class='ocrx_word' id='word_1_299' title='bbox 1159 2444 1391 2512; x_wconf 80' lang='lat' dir='ltr'><strong>dignitas</strong></span> <span class='ocrx_word' id='word_1_300' title='bbox 1427 2444 1667 2509; x_wconf 90' lang='lat' dir='ltr'><strong>Domini,</strong></span> <span class='ocrx_word' id='word_1_301' title='bbox 1714 2443 1821 2498; x_wconf 87' lang='lat' dir='ltr'><strong>ﬁlia</strong></span> 
     </span>
    </p>
   </div>
   <div class='ocr_carea' id='block_1_41' title="bbox 235 2532 1823 2592">
    <p class='ocr_par' dir='ltr' id='par_1_41' title="bbox 235 2532 1823 2592">
     <span class='ocr_line' id='line_1_41' title="bbox 235 2532 1823 2592; baseline -0.002 -2"><span class='ocrx_word' id='word_1_302' title='bbox 235 2536 427 2592; x_wconf 78' lang='lat' dir='ltr'><strong>fratris</strong></span> <span class='ocrx_word' id='word_1_303' title='bbox 456 2536 755 2591; x_wconf 82' lang='lat' dir='ltr'><strong>Patrissui.</strong></span> <span class='ocrx_word' id='word_1_304' title='bbox 804 2536 947 2590; x_wconf 88' lang='lat' dir='ltr'><strong>lsaar</strong></span> <span class='ocrx_word' id='word_1_305' title='bbox 988 2544 1167 2589; x_wconf 92' lang='lat' dir='ltr'><strong>autem</strong></span> <span class='ocrx_word' id='word_1_306' title='bbox 1210 2535 1351 2588; x_wconf 90' lang='lat' dir='ltr'><strong>ﬁlius</strong></span> <span class='ocrx_word' id='word_1_307' title='bbox 1377 2532 1517 2588; x_wconf 88' lang='lat' dir='ltr'><strong>Chat</strong></span> <span class='ocrx_word' id='word_1_308' title='bbox 1556 2535 1823 2589; x_wconf 85' lang='lat' dir='ltr'><strong>secundus</strong></span> 
     </span>
    </p>
   </div>
   <div class='ocr_carea' id='block_1_42' title="bbox 231 2625 1826 2698">
    <p class='ocr_par' dir='ltr' id='par_1_42' title="bbox 231 2625 1826 2698">
     <span class='ocr_line' id='line_1_42' title="bbox 231 2625 1826 2698; baseline -0.001 -16"><span class='ocrx_word' id='word_1_309' title='bbox 231 2629 432 2698; x_wconf 78' lang='lat' dir='ltr'><strong>genuit</strong></span> <span class='ocrx_word' id='word_1_310' title='bbox 458 2629 635 2684; x_wconf 88' lang='lat' dir='ltr'><strong>Chore</strong></span> <span class='ocrx_word' id='word_1_311' title='bbox 664 2627 757 2697; x_wconf 87' lang='lat' dir='ltr'><strong>qui</strong></span> <span class='ocrx_word' id='word_1_312' title='bbox 778 2627 952 2682; x_wconf 90' lang='lat' dir='ltr'><strong>dictus</strong></span> <span class='ocrx_word' id='word_1_313' title='bbox 981 2636 1065 2682; x_wconf 89' lang='lat' dir='ltr'><strong>est</strong></span> <span class='ocrx_word' id='word_1_314' title='bbox 1094 2626 1296 2690; x_wconf 89' lang='lat' dir='ltr'><strong>nudus;</strong></span> <span class='ocrx_word' id='word_1_315' title='bbox 1332 2627 1417 2681; x_wconf 86' lang='lat' dir='ltr'><strong>hic</strong></span> <span class='ocrx_word' id='word_1_316' title='bbox 1438 2625 1615 2680; x_wconf 86' lang='lat' dir='ltr'><strong>Chore</strong></span> <span class='ocrx_word' id='word_1_317' title='bbox 1642 2628 1826 2695; x_wconf 79' lang='lat' dir='ltr'><strong>genuit</strong></span> 
     </span>
    </p>
   </div>
   <div class='ocr_carea' id='block_1_43' title="bbox 235 2715 1827 2788">
    <p class='ocr_par' dir='ltr' id='par_1_43' title="bbox 235 2715 1827 2788">
     <span class='ocr_line' id='line_1_43' title="bbox 235 2715 1827 2788; baseline -0.002 -14"><span class='ocrx_word' id='word_1_318' title='bbox 235 2721 401 2775; x_wconf 80' lang='lat' dir='ltr'><strong>Assir</strong></span> <span class='ocrx_word' id='word_1_319' title='bbox 427 2719 517 2788; x_wconf 91' lang='lat' dir='ltr'><strong>qui</strong></span> <span class='ocrx_word' id='word_1_320' title='bbox 546 2718 740 2774; x_wconf 84' lang='lat' dir='ltr'><strong>dicitur</strong></span> <span class='ocrx_word' id='word_1_321' title='bbox 769 2732 983 2787; x_wconf 85' lang='lat' dir='ltr'><strong>rogans,</strong></span> <span class='ocrx_word' id='word_1_322' title='bbox 1008 2724 1062 2771; x_wconf 90' lang='lat' dir='ltr'><strong>et</strong></span> <span class='ocrx_word' id='word_1_323' title='bbox 1090 2716 1353 2770; x_wconf 83' lang='lat' dir='ltr'><strong>Belcliaua</strong></span> <span class='ocrx_word' id='word_1_324' title='bbox 1393 2715 1483 2786; x_wconf 92' lang='lat' dir='ltr'><strong>qui</strong></span> <span class='ocrx_word' id='word_1_325' title='bbox 1517 2715 1710 2771; x_wconf 89' lang='lat' dir='ltr'><strong>dicitur</strong></span> <span class='ocrx_word' id='word_1_326' title='bbox 1737 2733 1827 2771; x_wconf 87' lang='lat' dir='ltr'><strong>ze-</strong></span> 
     </span>
    </p>
   </div>
   <div class='ocr_carea' id='block_1_44' title="bbox 234 2807 1823 2880">
    <p class='ocr_par' dir='ltr' id='par_1_44' title="bbox 234 2807 1823 2880">
     <span class='ocr_line' id='line_1_44' title="bbox 234 2807 1823 2880; baseline -0.004 -13"><span class='ocrx_word' id='word_1_327' title='bbox 234 2812 352 2878; x_wconf 78' lang='lat' dir='ltr'><strong>lus,</strong></span> <span class='ocrx_word' id='word_1_328' title='bbox 377 2820 437 2865; x_wconf 89' lang='lat' dir='ltr'><strong>et</strong></span> <span class='ocrx_word' id='word_1_329' title='bbox 464 2810 690 2865; x_wconf 84' lang='lat' dir='ltr'><strong>Abiasar</strong></span> <span class='ocrx_word' id='word_1_330' title='bbox 726 2809 814 2880; x_wconf 88' lang='lat' dir='ltr'><strong>qui</strong></span> <span class='ocrx_word' id='word_1_331' title='bbox 844 2808 1039 2863; x_wconf 86' lang='lat' dir='ltr'><strong>dicitur</strong></span> <span class='ocrx_word' id='word_1_332' title='bbox 1060 2817 1210 2876; x_wconf 83' lang='lat' dir='ltr'><strong>pater</strong></span> <span class='ocrx_word' id='word_1_333' title='bbox 1244 2822 1414 2861; x_wconf 89' lang='lat' dir='ltr'><strong>meus.</strong></span> <span class='ocrx_word' id='word_1_334' title='bbox 1469 2807 1533 2862; x_wconf 86' lang='lat' dir='ltr'><strong>IIi</strong></span> <span class='ocrx_word' id='word_1_335' title='bbox 1574 2816 1697 2862; x_wconf 91' lang='lat' dir='ltr'><strong>sunt</strong></span> <span class='ocrx_word' id='word_1_336' title='bbox 1732 2808 1823 2861; x_wconf 81' lang='lat' dir='ltr'><strong>filii</strong></span> 
     </span>
    </p>
   </div>
   <div class='ocr_carea' id='block_1_45' title="bbox 233 2900 1826 2974">
    <p class='ocr_par' dir='ltr' id='par_1_45' title="bbox 233 2900 1826 2974">
     <span class='ocr_line' id='line_1_45' title="bbox 233 2900 1826 2974; baseline -0.003 -15"><span class='ocrx_word' id='word_1_337' title='bbox 233 2905 477 2967; x_wconf 84' lang='lat' dir='ltr'><strong>Chorae,</strong></span> <span class='ocrx_word' id='word_1_338' title='bbox 523 2920 589 2957; x_wconf 79' lang='lat' dir='ltr'><strong>ex</strong></span> <span class='ocrx_word' id='word_1_339' title='bbox 621 2918 728 2974; x_wconf 93' lang='lat' dir='ltr'><strong>quo</strong></span> <span class='ocrx_word' id='word_1_340' title='bbox 756 2917 952 2971; x_wconf 87' lang='lat' dir='ltr'><strong>genere</strong></span> <span class='ocrx_word' id='word_1_341' title='bbox 982 2901 1197 2956; x_wconf 80' lang='lat' dir='ltr'><strong>fuerunt</strong></span> <span class='ocrx_word' id='word_1_342' title='bbox 1225 2901 1325 2967; x_wconf 76' lang='lat' dir='ltr'><strong>illi,</strong></span> <span class='ocrx_word' id='word_1_343' title='bbox 1366 2900 1456 2969; x_wconf 90' lang='lat' dir='ltr'><strong>qui</strong></span> <span class='ocrx_word' id='word_1_344' title='bbox 1496 2901 1826 2969; x_wconf 84' lang='lat' dir='ltr'><strong>temporibus</strong></span> 
     </span>
    </p>
   </div>
   <div class='ocr_carea' id='block_1_46' title="bbox 234 2990 1828 3059">
    <p class='ocr_par' dir='ltr' id='par_1_46' title="bbox 234 2990 1828 3059">
     <span class='ocr_line' id='line_1_46' title="bbox 234 2990 1828 3059; baseline -0.002 -11"><span class='ocrx_word' id='word_1_345' title='bbox 234 2994 411 3048; x_wconf 75' lang='lat' dir='ltr'><strong>David</strong></span> <span class='ocrx_word' id='word_1_346' title='bbox 441 3002 564 3048; x_wconf 87' lang='lat' dir='ltr'><strong>ante</strong></span> <span class='ocrx_word' id='word_1_347' title='bbox 589 3007 768 3048; x_wconf 87' lang='lat' dir='ltr'><strong>arcam</strong></span> <span class='ocrx_word' id='word_1_348' title='bbox 793 2992 1095 3047; x_wconf 88' lang='lat' dir='ltr'><strong>testamenti</strong></span> <span class='ocrx_word' id='word_1_349' title='bbox 1121 2990 1419 3059; x_wconf 80' lang='lat' dir='ltr'><strong>psallebant</strong></span> <span class='ocrx_word' id='word_1_350' title='bbox 1449 3005 1569 3045; x_wconf 90' lang='lat' dir='ltr'><strong>cum</strong></span> <span class='ocrx_word' id='word_1_351' title='bbox 1602 2991 1828 3046; x_wconf 88' lang='lat' dir='ltr'><strong>caeteris</strong></span> 
     </span>
    </p>
   </div>
   <div class='ocr_carea' id='block_1_47' title="bbox 234 3082 1825 3152">
    <p class='ocr_par' dir='ltr' id='par_1_47' title="bbox 234 3082 1825 3152">
     <span class='ocr_line' id='line_1_47' title="bbox 234 3082 1825 3152; baseline -0.004 -9"><span class='ocrx_word' id='word_1_352' title='bbox 234 3087 450 3143; x_wconf 79' lang='lat' dir='ltr'><strong>Levitis</strong></span> <span class='ocrx_word' id='word_1_353' title='bbox 487 3096 543 3141; x_wconf 91' lang='lat' dir='ltr'><strong>et</strong></span> <span class='ocrx_word' id='word_1_354' title='bbox 569 3086 654 3141; x_wconf 58' lang='lat' dir='ltr'><strong>Sa:</strong></span> <span class='ocrx_word' id='word_1_355' title='bbox 674 3085 948 3139; x_wconf 71' lang='lat' dir='ltr'><strong>erdotilius</strong></span> <span class='ocrx_word' id='word_1_356' title='bbox 971 3083 1195 3138; x_wconf 89' lang='lat' dir='ltr'><strong>sortium</strong></span> <span class='ocrx_word' id='word_1_357' title='bbox 1223 3082 1405 3152; x_wconf 87' lang='lat' dir='ltr'><strong>viginti</strong></span> <span class='ocrx_word' id='word_1_358' title='bbox 1450 3094 1678 3152; x_wconf 89' lang='lat' dir='ltr'><strong>quatuor</strong></span> <span class='ocrx_word' id='word_1_359' title='bbox 1705 3097 1825 3136; x_wconf 90' lang='lat' dir='ltr'><strong>cum</strong></span> 
     </span>
    </p>
   </div>
   <div class='ocr_carea' id='block_1_48' title="bbox 1920 1895 3495 1967">
    <p class='ocr_par' dir='ltr' id='par_1_48' title="bbox 1920 1895 3495 1967">
     <span class='ocr_line' id='line_1_48' title="bbox 1920 1895 3495 1967; baseline -0.007 -11"><span class='ocrx_word' id='word_1_360' title='bbox 1920 1910 1965 1956; x_wconf 89' lang='lat' dir='ltr'><strong>et</strong></span> <span class='ocrx_word' id='word_1_361' title='bbox 1995 1901 2179 1967; x_wconf 83' lang='lat' dir='ltr'><strong>Jacob,</strong></span> <span class='ocrx_word' id='word_1_362' title='bbox 2211 1901 2384 1953; x_wconf 85' lang='lat' dir='ltr'><strong>dicens</strong></span> <span class='ocrx_word' id='word_1_363' title='bbox 2415 1899 2595 1960; x_wconf 67' lang='lat' dir='ltr'><strong>semini</strong></span> <span class='ocrx_word' id='word_1_364' title='bbox 2624 1908 2783 1952; x_wconf 82' lang='lat' dir='ltr'><strong>vestro</strong></span> <span class='ocrx_word' id='word_1_365' title='bbox 2805 1897 2939 1948; x_wconf 80' lang='lat' dir='ltr'><strong>dabo</strong></span> <span class='ocrx_word' id='word_1_366' title='bbox 2962 1895 3131 1959; x_wconf 79' lang='lat' dir='ltr'><strong>illam,</strong></span> <span class='ocrx_word' id='word_1_367' title='bbox 3150 1910 3302 1963; x_wconf 85' lang='lat' dir='ltr'><strong>quam</strong></span> <span class='ocrx_word' id='word_1_368' title='bbox 3325 1906 3495 1946; x_wconf 75' lang='lat' dir='ltr'><strong>osten-</strong></span> 
     </span>
    </p>
   </div>
   <div class='ocr_carea' id='block_1_49' title="bbox 1920 1985 3495 2057">
    <p class='ocr_par' dir='ltr' id='par_1_49' title="bbox 1920 1985 3495 2057">
     <span class='ocr_line' id='line_1_49' title="bbox 1920 1985 3495 2057; baseline -0.009 -9"><span class='ocrx_word' id='word_1_369' title='bbox 1920 1996 1975 2048; x_wconf 88' lang='lat' dir='ltr'><strong>di</strong></span> <span class='ocrx_word' id='word_1_370' title='bbox 1994 1994 2151 2049; x_wconf 84' lang='lat' dir='ltr'><strong>oculis</strong></span> <span class='ocrx_word' id='word_1_371' title='bbox 2183 1994 2319 2057; x_wconf 85' lang='lat' dir='ltr'><strong>tuis;</strong></span> <span class='ocrx_word' id='word_1_372' title='bbox 2372 1992 2459 2045; x_wconf 76' lang='lat' dir='ltr'><strong>sed</strong></span> <span class='ocrx_word' id='word_1_373' title='bbox 2498 1990 2590 2043; x_wconf 83' lang='lat' dir='ltr'><strong>illo</strong></span> <span class='ocrx_word' id='word_1_374' title='bbox 2627 2005 2733 2042; x_wconf 78' lang='lat' dir='ltr'><strong>non</strong></span> <span class='ocrx_word' id='word_1_375' title='bbox 2762 1987 3012 2041; x_wconf 76' lang='lat' dir='ltr'><strong>introibis.</strong></span> <span class='ocrx_word' id='word_1_376' title='bbox 3058 1985 3123 2038; x_wconf 84' lang='lat' dir='ltr'><strong>Et</strong></span> <span class='ocrx_word' id='word_1_377' title='bbox 3161 1993 3387 2036; x_wconf 75' lang='lat' dir='ltr'><strong>mortuus</strong></span> <span class='ocrx_word' id='word_1_378' title='bbox 3425 1991 3495 2035; x_wconf 79' lang='lat' dir='ltr'><strong>est</strong></span> 
     </span>
    </p>
   </div>
   <div class='ocr_carea' id='block_1_50' title="bbox 1916 2073 3496 2153">
    <p class='ocr_par' dir='ltr' id='par_1_50' title="bbox 1916 2073 3496 2153">
     <span class='ocr_line' id='line_1_50' title="bbox 1916 2073 3496 2153; baseline -0.009 -16"><span class='ocrx_word' id='word_1_379' title='bbox 1916 2082 2117 2153; x_wconf 77' lang='lat' dir='ltr'><strong>Moyses</strong></span> <span class='ocrx_word' id='word_1_380' title='bbox 2140 2082 2364 2152; x_wconf 68' lang='lat' dir='ltr'><strong>[arranius</strong></span> <span class='ocrx_word' id='word_1_381' title='bbox 2388 2079 2612 2144; x_wconf 82' lang='lat' dir='ltr'><strong>Domini,</strong></span> <span class='ocrx_word' id='word_1_382' title='bbox 2643 2078 2695 2130; x_wconf 85' lang='lat' dir='ltr'><strong>in</strong></span> <span class='ocrx_word' id='word_1_383' title='bbox 2718 2086 2851 2129; x_wconf 85' lang='lat' dir='ltr'><strong>terra</strong></span> <span class='ocrx_word' id='word_1_384' title='bbox 2880 2074 3053 2137; x_wconf 78' lang='lat' dir='ltr'><strong>Moab,</strong></span> <span class='ocrx_word' id='word_1_385' title='bbox 3078 2073 3355 2126; x_wconf 83' lang='lat' dir='ltr'><strong>secundum</strong></span> <span class='ocrx_word' id='word_1_386' title='bbox 3384 2087 3496 2123; x_wconf 69' lang='lat' dir='ltr'><strong>vcr—</strong></span> 
     </span>
    </p>
   </div>
   <div class='ocr_carea' id='block_1_51' title="bbox 1922 2162 3494 2235">
    <p class='ocr_par' dir='ltr' id='par_1_51' title="bbox 1922 2162 3494 2235">
     <span class='ocr_line' id='line_1_51' title="bbox 1922 2162 3494 2235; baseline -0.009 -8"><span class='ocrx_word' id='word_1_387' title='bbox 1922 2173 2039 2227; x_wconf 87' lang='lat' dir='ltr'><strong>bum</strong></span> <span class='ocrx_word' id='word_1_388' title='bbox 2070 2171 2300 2235; x_wconf 85' lang='lat' dir='ltr'><strong>Domini,</strong></span> <span class='ocrx_word' id='word_1_389' title='bbox 2329 2179 2375 2223; x_wconf 90' lang='lat' dir='ltr'><strong>et</strong></span> <span class='ocrx_word' id='word_1_390' title='bbox 2397 2169 2702 2235; x_wconf 83' lang='lat' dir='ltr'><strong>sepelierunt</strong></span> <span class='ocrx_word' id='word_1_391' title='bbox 2730 2182 2845 2219; x_wconf 86' lang='lat' dir='ltr'><strong>eum</strong></span> <span class='ocrx_word' id='word_1_392' title='bbox 2880 2164 2933 2216; x_wconf 88' lang='lat' dir='ltr'><strong>in</strong></span> <span class='ocrx_word' id='word_1_393' title='bbox 2963 2162 3090 2217; x_wconf 84' lang='lat' dir='ltr'><strong>Geth</strong></span> <span class='ocrx_word' id='word_1_394' title='bbox 3105 2165 3259 2234; x_wconf 79' lang='lat' dir='ltr'><strong>juxta</strong></span> <span class='ocrx_word' id='word_1_395' title='bbox 3287 2162 3494 2213; x_wconf 87' lang='lat' dir='ltr'><strong>domum</strong></span> 
     </span>
    </p>
   </div>
   <div class='ocr_carea' id='block_1_52' title="bbox 1922 2248 3496 2332">
    <p class='ocr_par' dir='ltr' id='par_1_52' title="bbox 1922 2248 3496 2332">
     <span class='ocr_line' id='line_1_52' title="bbox 1922 2248 3496 2332; baseline -0.01 -18"><span class='ocrx_word' id='word_1_396' title='bbox 1922 2261 2122 2332; x_wconf 87' lang='lat' dir='ltr'><strong>Fogor,</strong></span> <span class='ocrx_word' id='word_1_397' title='bbox 2152 2268 2199 2314; x_wconf 90' lang='lat' dir='ltr'><strong>et</strong></span> <span class='ocrx_word' id='word_1_398' title='bbox 2231 2274 2375 2311; x_wconf 79' lang='lat' dir='ltr'><strong>nemo</strong></span> <span class='ocrx_word' id='word_1_399' title='bbox 2401 2258 2495 2311; x_wconf 79' lang='lat' dir='ltr'><strong>scit</strong></span> <span class='ocrx_word' id='word_1_400' title='bbox 2528 2256 2841 2325; x_wconf 78' lang='lat' dir='ltr'><strong>sepulturam</strong></span> <span class='ocrx_word' id='word_1_401' title='bbox 2870 2254 2978 2320; x_wconf 78' lang='lat' dir='ltr'><strong>eius</strong></span> <span class='ocrx_word' id='word_1_402' title='bbox 3009 2267 3163 2317; x_wconf 78' lang='lat' dir='ltr'><strong>usque</strong></span> <span class='ocrx_word' id='word_1_403' title='bbox 3196 2249 3248 2301; x_wconf 86' lang='lat' dir='ltr'><strong>in</strong></span> <span class='ocrx_word' id='word_1_404' title='bbox 3292 2248 3496 2301; x_wconf 45' lang='lat' dir='ltr'><strong>hodier‘</strong></span> 
     </span>
    </p>
   </div>
   <div class='ocr_carea' id='block_1_53' title="bbox 1921 2337 3503 2412">
    <p class='ocr_par' dir='ltr' id='par_1_53' title="bbox 1921 2337 3503 2412">
     <span class='ocr_line' id='line_1_53' title="bbox 1921 2337 3503 2412; baseline -0.011 -8"><span class='ocrx_word' id='word_1_405' title='bbox 1921 2367 2045 2405; x_wconf 82' lang='lat' dir='ltr'><strong>num</strong></span> <span class='ocrx_word' id='word_1_406' title='bbox 2071 2350 2226 2412; x_wconf 75' lang='lat' dir='ltr'><strong>diem,</strong></span> <span class='ocrx_word' id='word_1_407' title='bbox 2266 2362 2335 2401; x_wconf 88' lang='lat' dir='ltr'><strong>ne</strong></span> <span class='ocrx_word' id='word_1_408' title='bbox 2370 2356 2421 2399; x_wconf 93' lang='lat' dir='ltr'><strong>ut</strong></span> <span class='ocrx_word' id='word_1_409' title='bbox 2456 2345 2596 2399; x_wconf 90' lang='lat' dir='ltr'><strong>Deus</strong></span> <span class='ocrx_word' id='word_1_410' title='bbox 2622 2343 2691 2397; x_wconf 90' lang='lat' dir='ltr'><strong>ab</strong></span> <span class='ocrx_word' id='word_1_411' title='bbox 2722 2342 2851 2411; x_wconf 88' lang='lat' dir='ltr'><strong>ipsis</strong></span> <span class='ocrx_word' id='word_1_412' title='bbox 2889 2340 3174 2404; x_wconf 89' lang='lat' dir='ltr'><strong>coleretur,</strong></span> <span class='ocrx_word' id='word_1_413' title='bbox 3207 2337 3340 2391; x_wconf 88' lang='lat' dir='ltr'><strong>sicut</strong></span> <span class='ocrx_word' id='word_1_414' title='bbox 3372 2351 3503 2389; x_wconf 86' lang='lat' dir='ltr'><strong>eum.</strong></span> 
     </span>
    </p>
   </div>
   <div class='ocr_carea' id='block_1_54' title="bbox 1922 2426 3499 2509">
    <p class='ocr_par' dir='ltr' id='par_1_54' title="bbox 1922 2426 3499 2509">
     <span class='ocr_line' id='line_1_54' title="bbox 1922 2426 3499 2509; baseline -0.012 -13"><span class='ocrx_word' id='word_1_415' title='bbox 1922 2430 2301 2509; x_wconf 80' lang='lat' dir='ltr'><strong>delinquerunt</strong></span> <span class='ocrx_word' id='word_1_416' title='bbox 2328 2435 2379 2509; x_wconf 76' lang='lat' dir='ltr'><strong>in</strong></span> <span class='ocrx_word' id='word_1_417' title='bbox 2401 2433 2637 2489; x_wconf 83' lang='lat' dir='ltr'><strong>Clioreb.</strong></span> <span class='ocrx_word' id='word_1_418' title='bbox 2684 2431 2782 2487; x_wconf 86' lang='lat' dir='ltr'><strong>Hic</strong></span> <span class='ocrx_word' id='word_1_419' title='bbox 2804 2430 3037 2485; x_wconf 87' lang='lat' dir='ltr'><strong>conclusi</strong></span> <span class='ocrx_word' id='word_1_420' title='bbox 3064 2435 3187 2481; x_wconf 87' lang='lat' dir='ltr'><strong>sunt</strong></span> <span class='ocrx_word' id='word_1_421' title='bbox 3214 2426 3336 2479; x_wconf 89' lang='lat' dir='ltr'><strong>anni</strong></span> <span class='ocrx_word' id='word_1_422' title='bbox 3362 2440 3499 2492; x_wconf 85' lang='lat' dir='ltr'><strong>qua-</strong></span> 
     </span>
    </p>
   </div>
   <div class='ocr_carea' id='block_1_55' title="bbox 1923 2505 3499 2602">
    <p class='ocr_par' dir='ltr' id='par_1_55' title="bbox 1923 2505 3499 2602">
     <span class='ocr_line' id='line_1_55' title="bbox 1923 2505 3499 2602; baseline -0.011 -15"><span class='ocrx_word' id='word_1_423' title='bbox 1923 2505 2189 2602; x_wconf 80' lang='lat' dir='ltr'><strong>dringenti</strong></span> <span class='ocrx_word' id='word_1_424' title='bbox 2211 2505 2543 2597; x_wconf 58' lang='lat' dir='ltr'><strong>scptr&#39;taginta</strong></span> <span class='ocrx_word' id='word_1_425' title='bbox 2573 2539 2607 2578; x_wconf 81' lang='lat' dir='ltr'><strong>a</strong></span> <span class='ocrx_word' id='word_1_426' title='bbox 2632 2524 2908 2578; x_wconf 90' lang='lat' dir='ltr'><strong>vocatione</strong></span> <span class='ocrx_word' id='word_1_427' title='bbox 2928 2520 3177 2574; x_wconf 83' lang='lat' dir='ltr'><strong>Abrahae</strong></span> <span class='ocrx_word' id='word_1_428' title='bbox 3200 2518 3499 2588; x_wconf 78' lang='lat' dir='ltr'><strong>peregrina—</strong></span> 
     </span>
    </p>
   </div>
   <div class='ocr_carea' id='block_1_56' title="bbox 1927 2611 3500 2689">
    <p class='ocr_par' dir='ltr' id='par_1_56' title="bbox 1927 2611 3500 2689">
     <span class='ocr_line' id='line_1_56' title="bbox 1927 2611 3500 2689; baseline -0.01 -11"><span class='ocrx_word' id='word_1_429' title='bbox 1927 2625 2089 2679; x_wconf 85' lang='lat' dir='ltr'><strong>tionis</strong></span> <span class='ocrx_word' id='word_1_430' title='bbox 2117 2622 2275 2677; x_wconf 88' lang='lat' dir='ltr'><strong>Israel</strong></span> <span class='ocrx_word' id='word_1_431' title='bbox 2304 2634 2471 2689; x_wconf 89' lang='lat' dir='ltr'><strong>usque</strong></span> <span class='ocrx_word' id='word_1_432' title='bbox 2502 2617 2567 2672; x_wconf 88' lang='lat' dir='ltr'><strong>ad</strong></span> <span class='ocrx_word' id='word_1_433' title='bbox 2598 2616 2799 2671; x_wconf 89' lang='lat' dir='ltr'><strong>heremi</strong></span> <span class='ocrx_word' id='word_1_434' title='bbox 2835 2623 3066 2685; x_wconf 80' lang='lat' dir='ltr'><strong>tempus,</strong></span> <span class='ocrx_word' id='word_1_435' title='bbox 3105 2619 3158 2665; x_wconf 89' lang='lat' dir='ltr'><strong>et</strong></span> <span class='ocrx_word' id='word_1_436' title='bbox 3190 2611 3357 2680; x_wconf 70' lang='lat' dir='ltr'><strong>moysi</strong></span> <span class='ocrx_word' id='word_1_437' title='bbox 3390 2618 3500 2665; x_wconf 90' lang='lat' dir='ltr'><strong>ter-</strong></span> 
     </span>
    </p>
   </div>
   <div class='ocr_carea' id='block_1_57' title="bbox 1927 2700 3500 2769">
    <p class='ocr_par' dir='ltr' id='par_1_57' title="bbox 1927 2700 3500 2769">
     <span class='ocr_line' id='line_1_57' title="bbox 1927 2700 3500 2769; baseline -0.01 -1"><span class='ocrx_word' id='word_1_438' title='bbox 1927 2716 2128 2769; x_wconf 89' lang='lat' dir='ltr'><strong>minum</strong></span> <span class='ocrx_word' id='word_1_439' title='bbox 2159 2714 2326 2767; x_wconf 81' lang='lat' dir='ltr'><strong>vitae.</strong></span> <span class='ocrx_word' id='word_1_440' title='bbox 2374 2712 2499 2765; x_wconf 84' lang='lat' dir='ltr'><strong>Post</strong></span> <span class='ocrx_word' id='word_1_441' title='bbox 2548 2709 2690 2762; x_wconf 84' lang='lat' dir='ltr'><strong>hunc</strong></span> <span class='ocrx_word' id='word_1_442' title='bbox 2724 2714 2898 2759; x_wconf 90' lang='lat' dir='ltr'><strong>autem</strong></span> <span class='ocrx_word' id='word_1_443' title='bbox 2929 2703 3123 2758; x_wconf 84' lang='lat' dir='ltr'><strong>Jhesus</strong></span> <span class='ocrx_word' id='word_1_444' title='bbox 3158 2701 3296 2755; x_wconf 89' lang='lat' dir='ltr'><strong>ﬁlius</strong></span> <span class='ocrx_word' id='word_1_445' title='bbox 3333 2700 3500 2764; x_wconf 83' lang='lat' dir='ltr'><strong>Nave,</strong></span> 
     </span>
    </p>
   </div>
   <div class='ocr_carea' id='block_1_58' title="bbox 1925 2788 3501 2873">
    <p class='ocr_par' dir='ltr' id='par_1_58' title="bbox 1925 2788 3501 2873">
     <span class='ocr_line' id='line_1_58' title="bbox 1925 2788 3501 2873; baseline -0.009 -16"><span class='ocrx_word' id='word_1_446' title='bbox 1925 2802 2013 2873; x_wconf 91' lang='lat' dir='ltr'><strong>qui</strong></span> <span class='ocrx_word' id='word_1_447' title='bbox 2041 2802 2216 2855; x_wconf 77' lang='lat' dir='ltr'><strong>dictus</strong></span> <span class='ocrx_word' id='word_1_448' title='bbox 2246 2808 2329 2854; x_wconf 89' lang='lat' dir='ltr'><strong>est</strong></span> <span class='ocrx_word' id='word_1_449' title='bbox 2354 2798 2622 2860; x_wconf 88' lang='lat' dir='ltr'><strong>Salvator,</strong></span> <span class='ocrx_word' id='word_1_450' title='bbox 2649 2792 2911 2863; x_wconf 81' lang='lat' dir='ltr'><strong>judicavit</strong></span> <span class='ocrx_word' id='word_1_451' title='bbox 2931 2790 3094 2845; x_wconf 90' lang='lat' dir='ltr'><strong>Israel</strong></span> <span class='ocrx_word' id='word_1_452' title='bbox 3113 2788 3268 2843; x_wconf 89' lang='lat' dir='ltr'><strong>annis</strong></span> <span class='ocrx_word' id='word_1_453' title='bbox 3296 2802 3419 2842; x_wconf 79' lang='lat' dir='ltr'><strong>xxx.</strong></span> <span class='ocrx_word' id='word_1_454' title='bbox 3447 2796 3501 2844; x_wconf 82' lang='lat' dir='ltr'><strong>et</strong></span> 
     </span>
    </p>
   </div>
   <div class='ocr_carea' id='block_1_59' title="bbox 1928 2879 3501 2959">
    <p class='ocr_par' dir='ltr' id='par_1_59' title="bbox 1928 2879 3501 2959">
     <span class='ocr_line' id='line_1_59' title="bbox 1928 2879 3501 2959; baseline -0.008 -11"><span class='ocrx_word' id='word_1_455' title='bbox 1928 2893 2055 2948; x_wconf 84' lang='lat' dir='ltr'><strong>anni</strong></span> <span class='ocrx_word' id='word_1_456' title='bbox 2085 2893 2206 2946; x_wconf 66' lang='lat' dir='ltr'><strong>vitae</strong></span> <span class='ocrx_word' id='word_1_457' title='bbox 2228 2891 2347 2959; x_wconf 89' lang='lat' dir='ltr'><strong>ejus</strong></span> <span class='ocrx_word' id='word_1_458' title='bbox 2376 2897 2588 2944; x_wconf 89' lang='lat' dir='ltr'><strong>centum</strong></span> <span class='ocrx_word' id='word_1_459' title='bbox 2616 2887 2825 2950; x_wconf 91' lang='lat' dir='ltr'><strong>decem,</strong></span> <span class='ocrx_word' id='word_1_460' title='bbox 2857 2892 2909 2938; x_wconf 91' lang='lat' dir='ltr'><strong>et</strong></span> <span class='ocrx_word' id='word_1_461' title='bbox 2939 2881 3269 2952; x_wconf 85' lang='lat' dir='ltr'><strong>sepelierunt</strong></span> <span class='ocrx_word' id='word_1_462' title='bbox 3293 2895 3415 2935; x_wconf 89' lang='lat' dir='ltr'><strong>eum</strong></span> <span class='ocrx_word' id='word_1_463' title='bbox 3448 2879 3501 2936; x_wconf 90' lang='lat' dir='ltr'><strong>in</strong></span> 
     </span>
    </p>
   </div>
   <div class='ocr_carea' id='block_1_60' title="bbox 1930 2969 3501 3038">
    <p class='ocr_par' dir='ltr' id='par_1_60' title="bbox 1930 2969 3501 3038">
     <span class='ocr_line' id='line_1_60' title="bbox 1930 2969 3501 3038; baseline -0.009 -2"><span class='ocrx_word' id='word_1_464' title='bbox 1930 2982 2173 3038; x_wconf 88' lang='lat' dir='ltr'><strong>terminis</strong></span> <span class='ocrx_word' id='word_1_465' title='bbox 2210 2980 2371 3035; x_wconf 91' lang='lat' dir='ltr'><strong>sortis</strong></span> <span class='ocrx_word' id='word_1_466' title='bbox 2408 2992 2537 3032; x_wconf 89' lang='lat' dir='ltr'><strong>suae</strong></span> <span class='ocrx_word' id='word_1_467' title='bbox 2573 2975 2625 3029; x_wconf 91' lang='lat' dir='ltr'><strong>in</strong></span> <span class='ocrx_word' id='word_1_468' title='bbox 2652 2972 3056 3028; x_wconf 86' lang='lat' dir='ltr'><strong>Toamnasarim</strong></span> <span class='ocrx_word' id='word_1_469' title='bbox 3098 2980 3279 3026; x_wconf 90' lang='lat' dir='ltr'><strong>monte</strong></span> <span class='ocrx_word' id='word_1_470' title='bbox 3324 2969 3501 3023; x_wconf 89' lang='lat' dir='ltr'><strong>Efrcm</strong></span> 
     </span>
    </p>
   </div>
   <div class='ocr_carea' id='block_1_61' title="bbox 1930 3060 3503 3134">
    <p class='ocr_par' dir='ltr' id='par_1_61' title="bbox 1930 3060 3503 3134">
     <span class='ocr_line' id='line_1_61' title="bbox 1930 3060 3503 3134; baseline -0.01 -7"><span class='ocrx_word' id='word_1_471' title='bbox 1930 3081 2077 3127; x_wconf 87' lang='lat' dir='ltr'><strong>trans</strong></span> <span class='ocrx_word' id='word_1_472' title='bbox 2123 3079 2309 3127; x_wconf 85' lang='lat' dir='ltr'><strong>monte</strong></span> <span class='ocrx_word' id='word_1_473' title='bbox 2354 3066 2572 3132; x_wconf 82' lang='lat' dir='ltr'><strong>Galaad,</strong></span> <span class='ocrx_word' id='word_1_474' title='bbox 2628 3072 2919 3134; x_wconf 91' lang='lat' dir='ltr'><strong>posuerunt</strong></span> <span class='ocrx_word' id='word_1_475' title='bbox 2962 3076 3081 3116; x_wconf 91' lang='lat' dir='ltr'><strong>cum</strong></span> <span class='ocrx_word' id='word_1_476' title='bbox 3122 3075 3191 3116; x_wconf 92' lang='lat' dir='ltr'><strong>eo</strong></span> <span class='ocrx_word' id='word_1_477' title='bbox 3229 3060 3283 3114; x_wconf 89' lang='lat' dir='ltr'><strong>in</strong></span> <span class='ocrx_word' id='word_1_478' title='bbox 3311 3074 3503 3113; x_wconf 79' lang='lat' dir='ltr'><strong>monu-</strong></span> 
     </span>
    </p>
   </div>
   <div class='ocr_carea' id='block_1_62' title="bbox 232 3149 3504 3243">
    <p class='ocr_par' dir='ltr' id='par_1_62' title="bbox 232 3149 3504 3243">
     <span class='ocr_line' id='line_1_62' title="bbox 232 3149 3504 3243; baseline -0.009 -11"><span class='ocrx_word' id='word_1_479' title='bbox 232 3178 395 3243; x_wconf 77' lang='lat' dir='ltr'><strong>AsaI,</strong></span> <span class='ocrx_word' id='word_1_480' title='bbox 433 3176 645 3241; x_wconf 88' lang='lat' dir='ltr'><strong>lditum,</strong></span> <span class='ocrx_word' id='word_1_481' title='bbox 679 3176 868 3240; x_wconf 85' lang='lat' dir='ltr'><strong>Eman,</strong></span> <span class='ocrx_word' id='word_1_482' title='bbox 898 3182 956 3228; x_wconf 89' lang='lat' dir='ltr'><strong>et</strong></span> <span class='ocrx_word' id='word_1_483' title='bbox 990 3175 1144 3228; x_wconf 86' lang='lat' dir='ltr'><strong>Etan.</strong></span> <span class='ocrx_word' id='word_1_484' title='bbox 1191 3149 1481 3229; x_wconf 63' lang='lat' dir='ltr'><strong>Secundus</strong></span> <span class='ocrx_word' id='word_1_485' title='bbox 1518 3186 1645 3225; x_wconf 80' lang='lat' dir='ltr'><strong>vero</strong></span> <span class='ocrx_word' id='word_1_486' title='bbox 1684 3172 1822 3225; x_wconf 81' lang='lat' dir='ltr'><strong>ﬁlius</strong></span> <span class='ocrx_word' id='word_1_487' title='bbox 1853 3152 1899 3215; x_wconf 87' lang='lat' dir='ltr'>C</span> <span class='ocrx_word' id='word_1_488' title='bbox 1936 3174 2115 3218; x_wconf 91' lang='lat' dir='ltr'><strong>mento</strong></span> <span class='ocrx_word' id='word_1_489' title='bbox 2154 3160 2407 3217; x_wconf 89' lang='lat' dir='ltr'><strong>cortellos</strong></span> <span class='ocrx_word' id='word_1_490' title='bbox 2436 3157 2681 3212; x_wconf 82' lang='lat' dir='ltr'><strong>Petrinos</strong></span> <span class='ocrx_word' id='word_1_491' title='bbox 2714 3152 3157 3219; x_wconf 89' lang='lat' dir='ltr'><strong>circumcisionis,</strong></span> <span class='ocrx_word' id='word_1_492' title='bbox 3207 3150 3370 3204; x_wconf 87' lang='lat' dir='ltr'><strong>Israel</strong></span> <span class='ocrx_word' id='word_1_493' title='bbox 3412 3149 3504 3203; x_wconf 35' lang='lat' dir='ltr'><strong>des</strong></span> 
     </span>
    </p>
   </div>
   <div class='ocr_carea' id='block_1_63' title="bbox 236 3261 1819 3332">
    <p class='ocr_par' dir='ltr' id='par_1_63' title="bbox 236 3261 1819 3332">
     <span class='ocr_line' id='line_1_63' title="bbox 236 3261 1819 3332; baseline -0.008 -8"><span class='ocrx_word' id='word_1_494' title='bbox 236 3268 391 3324; x_wconf 83' lang='lat' dir='ltr'><strong>Isaar</strong></span> <span class='ocrx_word' id='word_1_495' title='bbox 426 3266 614 3321; x_wconf 82' lang='lat' dir='ltr'><strong>Nafeth</strong></span> <span class='ocrx_word' id='word_1_496' title='bbox 660 3267 833 3320; x_wconf 85' lang='lat' dir='ltr'><strong>dictus</strong></span> <span class='ocrx_word' id='word_1_497' title='bbox 870 3273 976 3327; x_wconf 87' lang='lat' dir='ltr'><strong>est,</strong></span> <span class='ocrx_word' id='word_1_498' title='bbox 1015 3263 1106 3332; x_wconf 87' lang='lat' dir='ltr'><strong>qui</strong></span> <span class='ocrx_word' id='word_1_499' title='bbox 1136 3262 1516 3331; x_wconf 87' lang='lat' dir='ltr'><strong>interpretatur</strong></span> <span class='ocrx_word' id='word_1_500' title='bbox 1553 3261 1819 3329; x_wconf 88' lang='lat' dir='ltr'><strong>impietas,</strong></span> 
     </span>
    </p>
   </div>
   <div class='ocr_carea' id='block_1_64' title="bbox 236 3354 1824 3425">
    <p class='ocr_par' dir='ltr' id='par_1_64' title="bbox 236 3354 1824 3425">
     <span class='ocr_line' id='line_1_64' title="bbox 236 3354 1824 3425; baseline -0.006 -9"><span class='ocrx_word' id='word_1_501' title='bbox 236 3371 291 3416; x_wconf 88' lang='lat' dir='ltr'><strong>et</strong></span> <span class='ocrx_word' id='word_1_502' title='bbox 324 3358 525 3415; x_wconf 87' lang='lat' dir='ltr'><strong>tertius</strong></span> <span class='ocrx_word' id='word_1_503' title='bbox 548 3357 731 3412; x_wconf 88' lang='lat' dir='ltr'><strong>Zecris</strong></span> <span class='ocrx_word' id='word_1_504' title='bbox 769 3356 858 3425; x_wconf 87' lang='lat' dir='ltr'><strong>qui</strong></span> <span class='ocrx_word' id='word_1_505' title='bbox 898 3355 1094 3410; x_wconf 90' lang='lat' dir='ltr'><strong>dicitur</strong></span> <span class='ocrx_word' id='word_1_506' title='bbox 1120 3355 1355 3421; x_wconf 85' lang='lat' dir='ltr'><strong>dilectio,</strong></span> <span class='ocrx_word' id='word_1_507' title='bbox 1395 3363 1453 3409; x_wconf 90' lang='lat' dir='ltr'><strong>et</strong></span> <span class='ocrx_word' id='word_1_508' title='bbox 1479 3363 1700 3421; x_wconf 88' lang='lat' dir='ltr'><strong>quartus</strong></span> <span class='ocrx_word' id='word_1_509' title='bbox 1731 3354 1824 3407; x_wconf 60' lang='lat' dir='ltr'><strong>Mi-</strong></span> 
     </span>
    </p>
   </div>
   <div class='ocr_carea' id='block_1_65' title="bbox 235 3445 1828 3521">
    <p class='ocr_par' dir='ltr' id='par_1_65' title="bbox 235 3445 1828 3521">
     <span class='ocr_line' id='line_1_65' title="bbox 235 3445 1828 3521; baseline -0.006 -14"><span class='ocrx_word' id='word_1_510' title='bbox 235 3452 375 3516; x_wconf 86' lang='lat' dir='ltr'><strong>sael,</strong></span> <span class='ocrx_word' id='word_1_511' title='bbox 400 3449 496 3521; x_wconf 89' lang='lat' dir='ltr'><strong>qui</strong></span> <span class='ocrx_word' id='word_1_512' title='bbox 520 3449 714 3504; x_wconf 90' lang='lat' dir='ltr'><strong>dicitur</strong></span> <span class='ocrx_word' id='word_1_513' title='bbox 742 3446 881 3501; x_wconf 91' lang='lat' dir='ltr'><strong>misit</strong></span> <span class='ocrx_word' id='word_1_514' title='bbox 905 3446 1064 3502; x_wconf 91' lang='lat' dir='ltr'><strong>Deus.</strong></span> <span class='ocrx_word' id='word_1_515' title='bbox 1099 3445 1277 3500; x_wconf 83' lang='lat' dir='ltr'><strong>Aaron</strong></span> <span class='ocrx_word' id='word_1_516' title='bbox 1303 3453 1481 3498; x_wconf 85' lang='lat' dir='ltr'><strong>autem</strong></span> <span class='ocrx_word' id='word_1_517' title='bbox 1505 3445 1828 3513; x_wconf 69' lang='lat' dir='ltr'><strong>interpreta-</strong></span> 
     </span>
    </p>
   </div>
   <div class='ocr_carea' id='block_1_66' title="bbox 238 3534 1825 3603">
    <p class='ocr_par' dir='ltr' id='par_1_66' title="bbox 238 3534 1825 3603">
     <span class='ocr_line' id='line_1_66' title="bbox 238 3534 1825 3603; baseline -0.006 -7"><span class='ocrx_word' id='word_1_518' title='bbox 238 3554 325 3597; x_wconf 86' lang='lat' dir='ltr'><strong>tur</strong></span> <span class='ocrx_word' id='word_1_519' title='bbox 344 3557 475 3597; x_wconf 85' lang='lat' dir='ltr'><strong>area</strong></span> <span class='ocrx_word' id='word_1_520' title='bbox 504 3540 713 3603; x_wconf 83' lang='lat' dir='ltr'><strong>videns,</strong></span> <span class='ocrx_word' id='word_1_521' title='bbox 735 3546 826 3593; x_wconf 88' lang='lat' dir='ltr'><strong>aut</strong></span> <span class='ocrx_word' id='word_1_522' title='bbox 846 3537 985 3592; x_wconf 77' lang='lat' dir='ltr'><strong>visio</strong></span> <span class='ocrx_word' id='word_1_523' title='bbox 1013 3536 1263 3603; x_wconf 85' lang='lat' dir='ltr'><strong>altissimi</strong></span> <span class='ocrx_word' id='word_1_524' title='bbox 1288 3550 1305 3589; x_wconf 70' lang='grc' dir='ltr'><strong>ξ</strong></span> <span class='ocrx_word' id='word_1_525' title='bbox 1337 3534 1423 3588; x_wconf 88' lang='lat' dir='ltr'><strong>hic</strong></span> <span class='ocrx_word' id='word_1_526' title='bbox 1445 3536 1624 3590; x_wconf 88' lang='lat' dir='ltr'><strong>Aaron</strong></span> <span class='ocrx_word' id='word_1_527' title='bbox 1644 3534 1825 3603; x_wconf 87' lang='lat' dir='ltr'><strong>genuit</strong></span> 
     </span>
    </p>
   </div>
   <div class='ocr_carea' id='block_1_67' title="bbox 237 3625 1826 3701">
    <p class='ocr_par' dir='ltr' id='par_1_67' title="bbox 237 3625 1826 3701">
     <span class='ocr_line' id='line_1_67' title="bbox 237 3625 1826 3701; baseline -0.006 -14"><span class='ocrx_word' id='word_1_528' title='bbox 237 3632 431 3687; x_wconf 76' lang='lat' dir='ltr'><strong>Nadab</strong></span> <span class='ocrx_word' id='word_1_529' title='bbox 453 3630 544 3701; x_wconf 92' lang='lat' dir='ltr'><strong>qui</strong></span> <span class='ocrx_word' id='word_1_530' title='bbox 564 3629 760 3685; x_wconf 90' lang='lat' dir='ltr'><strong>dicitur</strong></span> <span class='ocrx_word' id='word_1_531' title='bbox 785 3627 1214 3696; x_wconf 89' lang='lat' dir='ltr'><strong>concupiscentia</strong></span> <span class='ocrx_word' id='word_1_532' title='bbox 1242 3633 1296 3681; x_wconf 90' lang='lat' dir='ltr'><strong>et</strong></span> <span class='ocrx_word' id='word_1_533' title='bbox 1319 3625 1513 3691; x_wconf 78' lang='lat' dir='ltr'><strong>Abiud,</strong></span> <span class='ocrx_word' id='word_1_534' title='bbox 1540 3627 1628 3695; x_wconf 92' lang='lat' dir='ltr'><strong>qui</strong></span> <span class='ocrx_word' id='word_1_535' title='bbox 1648 3625 1826 3680; x_wconf 86' lang='lat' dir='ltr'><strong>dictus</strong></span> 
     </span>
    </p>
   </div>
   <div class='ocr_carea' id='block_1_68' title="bbox 236 3716 1830 3781">
    <p class='ocr_par' dir='ltr' id='par_1_68' title="bbox 236 3716 1830 3781">
     <span class='ocr_line' id='line_1_68' title="bbox 236 3716 1830 3781; baseline -0.006 0"><span class='ocrx_word' id='word_1_536' title='bbox 236 3737 323 3781; x_wconf 83' lang='lat' dir='ltr'><strong>est</strong></span> <span class='ocrx_word' id='word_1_537' title='bbox 345 3725 561 3781; x_wconf 83' lang='lat' dir='ltr'><strong>amicus</strong></span> <span class='ocrx_word' id='word_1_538' title='bbox 588 3724 702 3779; x_wconf 85' lang='lat' dir='ltr'><strong>Dei.</strong></span> <span class='ocrx_word' id='word_1_539' title='bbox 736 3723 973 3777; x_wconf 80' lang='lat' dir='ltr'><strong>Mortuus</strong></span> <span class='ocrx_word' id='word_1_540' title='bbox 1003 3729 1085 3774; x_wconf 90' lang='lat' dir='ltr'><strong>est</strong></span> <span class='ocrx_word' id='word_1_541' title='bbox 1122 3728 1298 3773; x_wconf 88' lang='lat' dir='ltr'><strong>autem</strong></span> <span class='ocrx_word' id='word_1_542' title='bbox 1330 3718 1510 3772; x_wconf 83' lang='lat' dir='ltr'><strong>Nabad</strong></span> <span class='ocrx_word' id='word_1_543' title='bbox 1556 3726 1610 3772; x_wconf 91' lang='lat' dir='ltr'><strong>et</strong></span> <span class='ocrx_word' id='word_1_544' title='bbox 1651 3716 1830 3771; x_wconf 31' lang='lat' dir='ltr'><strong>Abiud‘</strong></span> 
     </span>
    </p>
   </div>
   <div class='ocr_carea' id='block_1_69' title="bbox 236 3810 1824 3888">
    <p class='ocr_par' dir='ltr' id='par_1_69' title="bbox 236 3810 1824 3888">
     <span class='ocr_line' id='line_1_69' title="bbox 236 3810 1824 3888; baseline -0.007 -13"><span class='ocrx_word' id='word_1_545' title='bbox 236 3824 368 3875; x_wconf 77' lang='lat' dir='ltr'><strong>dum</strong></span> <span class='ocrx_word' id='word_1_546' title='bbox 398 3818 661 3875; x_wconf 82' lang='lat' dir='ltr'><strong>offerrent</strong></span> <span class='ocrx_word' id='word_1_547' title='bbox 701 3818 877 3888; x_wconf 80' lang='lat' dir='ltr'><strong>ignem</strong></span> <span class='ocrx_word' id='word_1_548' title='bbox 919 3815 1151 3869; x_wconf 86' lang='lat' dir='ltr'><strong>alienum</strong></span> <span class='ocrx_word' id='word_1_549' title='bbox 1196 3822 1317 3867; x_wconf 87' lang='lat' dir='ltr'><strong>ante</strong></span> <span class='ocrx_word' id='word_1_550' title='bbox 1349 3810 1629 3867; x_wconf 90' lang='lat' dir='ltr'><strong>Dominum</strong></span> <span class='ocrx_word' id='word_1_551' title='bbox 1660 3812 1824 3866; x_wconf 89' lang='lat' dir='ltr'><strong>Deum</strong></span> 
     </span>
    </p>
   </div>
   <div class='ocr_carea' id='block_1_70' title="bbox 237 3907 1831 3980">
    <p class='ocr_par' dir='ltr' id='par_1_70' title="bbox 237 3907 1831 3980">
     <span class='ocr_line' id='line_1_70' title="bbox 237 3907 1831 3980; baseline -0.008 -12"><span class='ocrx_word' id='word_1_552' title='bbox 237 3915 291 3968; x_wconf 84' lang='lat' dir='ltr'><strong>in</strong></span> <span class='ocrx_word' id='word_1_553' title='bbox 333 3913 557 3968; x_wconf 86' lang='lat' dir='ltr'><strong>deserto</strong></span> <span class='ocrx_word' id='word_1_554' title='bbox 582 3911 747 3980; x_wconf 81' lang='lat' dir='ltr'><strong>Syria.</strong></span> <span class='ocrx_word' id='word_1_555' title='bbox 796 3909 863 3964; x_wconf 84' lang='lat' dir='ltr'><strong>Et</strong></span> <span class='ocrx_word' id='word_1_556' title='bbox 910 3907 1046 3962; x_wconf 84' lang='lat' dir='ltr'><strong>facta</strong></span> <span class='ocrx_word' id='word_1_557' title='bbox 1088 3914 1212 3961; x_wconf 89' lang='lat' dir='ltr'><strong>sunt</strong></span> <span class='ocrx_word' id='word_1_558' title='bbox 1256 3920 1320 3960; x_wconf 88' lang='lat' dir='ltr'><strong>ex</strong></span> <span class='ocrx_word' id='word_1_559' title='bbox 1368 3918 1589 3959; x_wconf 88' lang='lat' dir='ltr'><strong>numero</strong></span> <span class='ocrx_word' id='word_1_560' title='bbox 1634 3918 1831 3958; x_wconf 81' lang='lat' dir='ltr'><strong>eorum</strong></span> 
     </span>
    </p>
   </div>
   <div class='ocr_carea' id='block_1_71' title="bbox 235 3997 1827 4075">
    <p class='ocr_par' dir='ltr' id='par_1_71' title="bbox 235 3997 1827 4075">
     <span class='ocr_line' id='line_1_71' title="bbox 235 3997 1827 4075; baseline -0.007 -16"><span class='ocrx_word' id='word_1_561' title='bbox 235 4004 432 4075; x_wconf 78' lang='lat' dir='ltr'><strong>viginti</strong></span> <span class='ocrx_word' id='word_1_562' title='bbox 462 4003 563 4057; x_wconf 87' lang='lat' dir='ltr'><strong>tria</strong></span> <span class='ocrx_word' id='word_1_563' title='bbox 590 4002 775 4056; x_wconf 89' lang='lat' dir='ltr'><strong>millia.</strong></span> <span class='ocrx_word' id='word_1_564' title='bbox 826 4000 1011 4055; x_wconf 86' lang='lat' dir='ltr'><strong>Omnis</strong></span> <span class='ocrx_word' id='word_1_565' title='bbox 1038 3998 1304 4053; x_wconf 82' lang='lat' dir='ltr'><strong>masculus</strong></span> <span class='ocrx_word' id='word_1_566' title='bbox 1332 3997 1398 4051; x_wconf 92' lang='lat' dir='ltr'><strong>ab</strong></span> <span class='ocrx_word' id='word_1_567' title='bbox 1420 4011 1534 4051; x_wconf 92' lang='lat' dir='ltr'><strong>uno</strong></span> <span class='ocrx_word' id='word_1_568' title='bbox 1565 4008 1749 4049; x_wconf 89' lang='lat' dir='ltr'><strong>mense</strong></span> <span class='ocrx_word' id='word_1_569' title='bbox 1772 4002 1827 4049; x_wconf 91' lang='lat' dir='ltr'><strong>ct</strong></span> 
     </span>
    </p>
   </div>
   <div class='ocr_carea' id='block_1_72' title="bbox 236 4085 1822 4164">
    <p class='ocr_par' dir='ltr' id='par_1_72' title="bbox 236 4085 1822 4164">
     <span class='ocr_line' id='line_1_72' title="bbox 236 4085 1822 4164; baseline -0.007 -14"><span class='ocrx_word' id='word_1_570' title='bbox 236 4109 408 4164; x_wconf 77' lang='lat' dir='ltr'><strong>supra</strong></span> <span class='ocrx_word' id='word_1_571' title='bbox 450 4108 556 4148; x_wconf 91' lang='lat' dir='ltr'><strong>non</strong></span> <span class='ocrx_word' id='word_1_572' title='bbox 593 4093 734 4148; x_wconf 88' lang='lat' dir='ltr'><strong>enim</strong></span> <span class='ocrx_word' id='word_1_573' title='bbox 766 4089 1089 4145; x_wconf 87' lang='lat' dir='ltr'><strong>considerati</strong></span> <span class='ocrx_word' id='word_1_574' title='bbox 1117 4098 1242 4144; x_wconf 89' lang='lat' dir='ltr'><strong>sunt</strong></span> <span class='ocrx_word' id='word_1_575' title='bbox 1285 4088 1337 4142; x_wconf 92' lang='lat' dir='ltr'><strong>in</strong></span> <span class='ocrx_word' id='word_1_576' title='bbox 1379 4087 1557 4142; x_wconf 87' lang='lat' dir='ltr'><strong>medio</strong></span> <span class='ocrx_word' id='word_1_577' title='bbox 1591 4085 1822 4140; x_wconf 84' lang='lat' dir='ltr'><strong>ﬁliorum</strong></span> 
     </span>
    </p>
   </div>
   <div class='ocr_carea' id='block_1_73' title="bbox 236 4176 1827 4252">
    <p class='ocr_par' dir='ltr' id='par_1_73' title="bbox 236 4176 1827 4252">
     <span class='ocr_line' id='line_1_73' title="bbox 236 4176 1827 4252; baseline -0.008 -12"><span class='ocrx_word' id='word_1_578' title='bbox 236 4183 437 4250; x_wconf 79' lang='lat' dir='ltr'><strong>Israel,</strong></span> <span class='ocrx_word' id='word_1_579' title='bbox 476 4182 600 4252; x_wconf 90' lang='lat' dir='ltr'><strong>quia</strong></span> <span class='ocrx_word' id='word_1_580' title='bbox 640 4196 743 4237; x_wconf 88' lang='lat' dir='ltr'><strong>non</strong></span> <span class='ocrx_word' id='word_1_581' title='bbox 773 4181 931 4236; x_wconf 89' lang='lat' dir='ltr'><strong>datur</strong></span> <span class='ocrx_word' id='word_1_582' title='bbox 961 4180 1065 4234; x_wconf 85' lang='lat' dir='ltr'><strong>illis</strong></span> <span class='ocrx_word' id='word_1_583' title='bbox 1096 4177 1399 4232; x_wconf 84' lang='lat' dir='ltr'><strong>baereditas</strong></span> <span class='ocrx_word' id='word_1_584' title='bbox 1437 4178 1489 4231; x_wconf 91' lang='lat' dir='ltr'><strong>in</strong></span> <span class='ocrx_word' id='word_1_585' title='bbox 1525 4176 1701 4231; x_wconf 92' lang='lat' dir='ltr'><strong>medio</strong></span> <span class='ocrx_word' id='word_1_586' title='bbox 1734 4190 1827 4229; x_wconf 87' lang='lat' dir='ltr'><strong>eo-</strong></span> 
     </span>
    </p>
   </div>
   <div class='ocr_carea' id='block_1_74' title="bbox 237 4265 1826 4343">
    <p class='ocr_par' dir='ltr' id='par_1_74' title="bbox 237 4265 1826 4343">
     <span class='ocr_line' id='line_1_74' title="bbox 237 4265 1826 4343; baseline -0.007 -13"><span class='ocrx_word' id='word_1_587' title='bbox 237 4290 359 4330; x_wconf 84' lang='lat' dir='ltr'><strong>rum</strong></span> <span class='ocrx_word' id='word_1_588' title='bbox 394 4277 571 4343; x_wconf 87' lang='lat' dir='ltr'><strong>ignem</strong></span> <span class='ocrx_word' id='word_1_589' title='bbox 598 4274 828 4326; x_wconf 89' lang='lat' dir='ltr'><strong>alienum</strong></span> <span class='ocrx_word' id='word_1_590' title='bbox 873 4270 1013 4340; x_wconf 89' lang='lat' dir='ltr'><strong>quod</strong></span> <span class='ocrx_word' id='word_1_591' title='bbox 1062 4268 1190 4323; x_wconf 91' lang='lat' dir='ltr'><strong>dicit</strong></span> <span class='ocrx_word' id='word_1_592' title='bbox 1228 4282 1293 4322; x_wconf 89' lang='lat' dir='ltr'><strong>ex</strong></span> <span class='ocrx_word' id='word_1_593' title='bbox 1338 4267 1605 4321; x_wconf 84' lang='lat' dir='ltr'><strong>communi</strong></span> <span class='ocrx_word' id='word_1_594' title='bbox 1647 4265 1826 4333; x_wconf 86' lang='lat' dir='ltr'><strong>utique</strong></span> 
     </span>
    </p>
   </div>
   <div class='ocr_carea' id='block_1_75' title="bbox 238 4357 1825 4420">
    <p class='ocr_par' dir='ltr' id='par_1_75' title="bbox 238 4357 1825 4420">
     <span class='ocr_line' id='line_1_75' title="bbox 238 4357 1825 4420; baseline -0.006 0"><span class='ocrx_word' id='word_1_595' title='bbox 238 4381 349 4420; x_wconf 77' lang='lat' dir='ltr'><strong>non</strong></span> <span class='ocrx_word' id='word_1_596' title='bbox 375 4364 566 4418; x_wconf 80' lang='lat' dir='ltr'><strong>divino</strong></span> <span class='ocrx_word' id='word_1_597' title='bbox 591 4363 657 4418; x_wconf 88' lang='lat' dir='ltr'><strong>de</strong></span> <span class='ocrx_word' id='word_1_598' title='bbox 683 4362 836 4418; x_wconf 74' lang='grc' dir='ltr'><strong>ϐωιο</strong></span> <span class='ocrx_word' id='word_1_599' title='bbox 857 4361 1186 4415; x_wconf 89' lang='lat' dir='ltr'><strong>venientem.</strong></span> <span class='ocrx_word' id='word_1_600' title='bbox 1229 4358 1449 4413; x_wconf 83' lang='lat' dir='ltr'><strong>Eleazar</strong></span> <span class='ocrx_word' id='word_1_601' title='bbox 1473 4371 1604 4412; x_wconf 92' lang='lat' dir='ltr'><strong>vero</strong></span> <span class='ocrx_word' id='word_1_602' title='bbox 1633 4357 1825 4412; x_wconf 92' lang='lat' dir='ltr'><strong>tertius</strong></span> 
     </span>
    </p>
   </div>
   <div class='ocr_carea' id='block_1_76' title="bbox 240 4447 1823 4523">
    <p class='ocr_par' dir='ltr' id='par_1_76' title="bbox 240 4447 1823 4523">
     <span class='ocr_line' id='line_1_76' title="bbox 240 4447 1823 4523; baseline -0.008 -10"><span class='ocrx_word' id='word_1_603' title='bbox 240 4458 388 4513; x_wconf 83' lang='lat' dir='ltr'><strong>ﬁlius</strong></span> <span class='ocrx_word' id='word_1_604' title='bbox 416 4457 598 4511; x_wconf 80' lang='lat' dir='ltr'><strong>Aaron</strong></span> <span class='ocrx_word' id='word_1_605' title='bbox 626 4454 715 4523; x_wconf 89' lang='lat' dir='ltr'><strong>qui</strong></span> <span class='ocrx_word' id='word_1_606' title='bbox 736 4454 913 4507; x_wconf 82' lang='lat' dir='ltr'><strong>dictus</strong></span> <span class='ocrx_word' id='word_1_607' title='bbox 938 4460 1019 4507; x_wconf 86' lang='lat' dir='ltr'><strong>est</strong></span> <span class='ocrx_word' id='word_1_608' title='bbox 1049 4451 1187 4506; x_wconf 91' lang='lat' dir='ltr'><strong>Deus</strong></span> <span class='ocrx_word' id='word_1_609' title='bbox 1207 4450 1420 4504; x_wconf 90' lang='lat' dir='ltr'><strong>adiutor</strong></span> <span class='ocrx_word' id='word_1_610' title='bbox 1449 4463 1620 4513; x_wconf 85' lang='lat' dir='ltr'><strong>meus,</strong></span> <span class='ocrx_word' id='word_1_611' title='bbox 1644 4447 1823 4517; x_wconf 90' lang='lat' dir='ltr'><strong>genuit</strong></span> 
     </span>
    </p>
   </div>
   <div class='ocr_carea' id='block_1_77' title="bbox 1925 3241 3503 3320">
    <p class='ocr_par' dir='ltr' id='par_1_77' title="bbox 1925 3241 3503 3320">
     <span class='ocr_line' id='line_1_77' title="bbox 1925 3241 3503 3320; baseline -0.009 -12"><span class='ocrx_word' id='word_1_612' title='bbox 1925 3255 2079 3311; x_wconf 85' lang='lat' dir='ltr'><strong>victis</strong></span> <span class='ocrx_word' id='word_1_613' title='bbox 2102 3269 2247 3309; x_wconf 78' lang='lat' dir='ltr'><strong>xxix.</strong></span> <span class='ocrx_word' id='word_1_614' title='bbox 2280 3250 2534 3320; x_wconf 84' lang='lat' dir='ltr'><strong>Regibus.</strong></span> <span class='ocrx_word' id='word_1_615' title='bbox 2574 3250 2687 3302; x_wconf 85' lang='lat' dir='ltr'><strong>lIoc</strong></span> <span class='ocrx_word' id='word_1_616' title='bbox 2717 3248 2768 3301; x_wconf 91' lang='lat' dir='ltr'><strong>iu</strong></span> <span class='ocrx_word' id='word_1_617' title='bbox 2802 3257 3041 3313; x_wconf 88' lang='lat' dir='ltr'><strong>tempore</strong></span> <span class='ocrx_word' id='word_1_618' title='bbox 3083 3241 3271 3312; x_wconf 87' lang='lat' dir='ltr'><strong>viginti</strong></span> <span class='ocrx_word' id='word_1_619' title='bbox 3312 3254 3503 3295; x_wconf 80' lang='lat' dir='ltr'><strong>novem</strong></span> 
     </span>
    </p>
   </div>
   <div class='ocr_carea' id='block_1_78' title="bbox 1928 3337 3505 3414">
    <p class='ocr_par' dir='ltr' id='par_1_78' title="bbox 1928 3337 3505 3414">
     <span class='ocr_line' id='line_1_78' title="bbox 1928 3337 3505 3414; baseline -0.008 -16"><span class='ocrx_word' id='word_1_620' title='bbox 1928 3347 2132 3414; x_wconf 75' lang='lat' dir='ltr'><strong>Regum</strong></span> <span class='ocrx_word' id='word_1_621' title='bbox 2180 3342 2361 3412; x_wconf 88' lang='lat' dir='ltr'><strong>populi</strong></span> <span class='ocrx_word' id='word_1_622' title='bbox 2406 3346 2460 3393; x_wconf 86' lang='lat' dir='ltr'><strong>et</strong></span> <span class='ocrx_word' id='word_1_623' title='bbox 2500 3348 2687 3406; x_wconf 86' lang='lat' dir='ltr'><strong>gentes</strong></span> <span class='ocrx_word' id='word_1_624' title='bbox 2734 3337 2965 3391; x_wconf 85' lang='lat' dir='ltr'><strong>Africam</strong></span> <span class='ocrx_word' id='word_1_625' title='bbox 3021 3341 3329 3398; x_wconf 90' lang='lat' dir='ltr'><strong>tenuerunt,</strong></span> <span class='ocrx_word' id='word_1_626' title='bbox 3368 3346 3505 3400; x_wconf 85' lang='lat' dir='ltr'><strong>quae</strong></span> 
     </span>
    </p>
   </div>
   <div class='ocr_carea' id='block_1_79' title="bbox 1928 3423 3506 3508">
    <p class='ocr_par' dir='ltr' id='par_1_79' title="bbox 1928 3423 3506 3508">
     <span class='ocr_line' id='line_1_79' title="bbox 1928 3423 3506 3508; baseline -0.008 -17"><span class='ocrx_word' id='word_1_627' title='bbox 1928 3439 2104 3508; x_wconf 87' lang='lat' dir='ltr'><strong>prisco</strong></span> <span class='ocrx_word' id='word_1_628' title='bbox 2126 3444 2366 3504; x_wconf 84' lang='lat' dir='ltr'><strong>tempore</strong></span> <span class='ocrx_word' id='word_1_629' title='bbox 2395 3431 2564 3486; x_wconf 89' lang='lat' dir='ltr'><strong>insula</strong></span> <span class='ocrx_word' id='word_1_630' title='bbox 2598 3430 2888 3491; x_wconf 83' lang='lat' dir='ltr'><strong>dicebatur,</strong></span> <span class='ocrx_word' id='word_1_631' title='bbox 2932 3436 2985 3482; x_wconf 92' lang='lat' dir='ltr'><strong>et</strong></span> <span class='ocrx_word' id='word_1_632' title='bbox 3025 3441 3087 3480; x_wconf 85' lang='lat' dir='ltr'><strong>ex</strong></span> <span class='ocrx_word' id='word_1_633' title='bbox 3121 3440 3225 3494; x_wconf 88' lang='lat' dir='ltr'><strong>quo</strong></span> <span class='ocrx_word' id='word_1_634' title='bbox 3263 3423 3506 3478; x_wconf 86' lang='lat' dir='ltr'><strong>habitare</strong></span> 
     </span>
    </p>
   </div>
   <div class='ocr_carea' id='block_1_80' title="bbox 1927 3514 3506 3598">
    <p class='ocr_par' dir='ltr' id='par_1_80' title="bbox 1927 3514 3506 3598">
     <span class='ocr_line' id='line_1_80' title="bbox 1927 3514 3506 3598; baseline -0.012 -12"><span class='ocrx_word' id='word_1_635' title='bbox 1927 3529 2090 3598; x_wconf 66' lang='lat' dir='ltr'><strong>coepit</strong></span> <span class='ocrx_word' id='word_1_636' title='bbox 2118 3529 2241 3583; x_wconf 87' lang='lat' dir='ltr'><strong>anni</strong></span> <span class='ocrx_word' id='word_1_637' title='bbox 2273 3534 2397 3581; x_wconf 90' lang='lat' dir='ltr'><strong>sunt</strong></span> <span class='ocrx_word' id='word_1_638' title='bbox 2437 3537 2605 3592; x_wconf 89' lang='lat' dir='ltr'><strong>usque</strong></span> <span class='ocrx_word' id='word_1_639' title='bbox 2643 3520 2713 3574; x_wconf 82' lang='lat' dir='ltr'><strong>ad</strong></span> <span class='ocrx_word' id='word_1_640' title='bbox 2750 3533 2943 3573; x_wconf 88' lang='lat' dir='ltr'><strong>annum</strong></span> <span class='ocrx_word' id='word_1_641' title='bbox 2985 3526 3192 3571; x_wconf 74' lang='lat' dir='ltr'><strong>sextum</strong></span> <span class='ocrx_word' id='word_1_642' title='bbox 3240 3514 3506 3569; x_wconf 89' lang='lat' dir='ltr'><strong>decimum</strong></span> 
     </span>
    </p>
   </div>
   <div class='ocr_carea' id='block_1_81' title="bbox 1928 3608 3508 3693">
    <p class='ocr_par' dir='ltr' id='par_1_81' title="bbox 1928 3608 3508 3693">
     <span class='ocr_line' id='line_1_81' title="bbox 1928 3608 3508 3693; baseline -0.011 -16"><span class='ocrx_word' id='word_1_643' title='bbox 1928 3624 2068 3693; x_wconf 85' lang='lat' dir='ltr'><strong>regis</strong></span> <span class='ocrx_word' id='word_1_644' title='bbox 2093 3621 2199 3676; x_wconf 89' lang='lat' dir='ltr'><strong>duo</strong></span> <span class='ocrx_word' id='word_1_645' title='bbox 2226 3618 2367 3672; x_wconf 89' lang='lat' dir='ltr'><strong>milia</strong></span> <span class='ocrx_word' id='word_1_646' title='bbox 2397 3613 2729 3685; x_wconf 82' lang='lat' dir='ltr'><strong>septuaginta</strong></span> <span class='ocrx_word' id='word_1_647' title='bbox 2757 3626 2870 3665; x_wconf 84' lang='lat' dir='ltr'><strong>sex.</strong></span> <span class='ocrx_word' id='word_1_648' title='bbox 2916 3609 3045 3664; x_wconf 88' lang='lat' dir='ltr'><strong>Post</strong></span> <span class='ocrx_word' id='word_1_649' title='bbox 3079 3608 3301 3662; x_wconf 75' lang='lat' dir='ltr'><strong>Jhesum</strong></span> <span class='ocrx_word' id='word_1_650' title='bbox 3328 3614 3508 3661; x_wconf 89' lang='lat' dir='ltr'><strong>autem</strong></span> 
     </span>
    </p>
   </div>
   <div class='ocr_carea' id='block_1_82' title="bbox 1929 3697 3509 3784">
    <p class='ocr_par' dir='ltr' id='par_1_82' title="bbox 1929 3697 3509 3784">
     <span class='ocr_line' id='line_1_82' title="bbox 1929 3697 3509 3784; baseline -0.011 -13"><span class='ocrx_word' id='word_1_651' title='bbox 1929 3725 2264 3784; x_wconf 88' lang='lat' dir='ltr'><strong>transgresso</strong></span> <span class='ocrx_word' id='word_1_652' title='bbox 2311 3708 2512 3779; x_wconf 90' lang='lat' dir='ltr'><strong>populo</strong></span> <span class='ocrx_word' id='word_1_653' title='bbox 2544 3721 2573 3760; x_wconf 87' lang='lat' dir='ltr'><strong>a</strong></span> <span class='ocrx_word' id='word_1_654' title='bbox 2614 3704 2880 3759; x_wconf 85' lang='lat' dir='ltr'><strong>mandatis</strong></span> <span class='ocrx_word' id='word_1_655' title='bbox 2922 3701 3013 3755; x_wconf 88' lang='lat' dir='ltr'><strong>Dei</strong></span> <span class='ocrx_word' id='word_1_656' title='bbox 3044 3700 3349 3755; x_wconf 88' lang='lat' dir='ltr'><strong>servierunt</strong></span> <span class='ocrx_word' id='word_1_657' title='bbox 3379 3697 3509 3767; x_wconf 81' lang='lat' dir='ltr'><strong>Regi</strong></span> 
     </span>
    </p>
   </div>
   <div class='ocr_carea' id='block_1_83' title="bbox 1928 3788 3513 3872">
    <p class='ocr_par' dir='ltr' id='par_1_83' title="bbox 1928 3788 3513 3872">
     <span class='ocr_line' id='line_1_83' title="bbox 1928 3788 3513 3872; baseline -0.011 -13"><span class='ocrx_word' id='word_1_658' title='bbox 1928 3801 2344 3872; x_wconf 79' lang='lat' dir='ltr'><strong>MeSOpotamiae</strong></span> <span class='ocrx_word' id='word_1_659' title='bbox 2364 3797 2728 3853; x_wconf 90' lang='lat' dir='ltr'><strong>Chusarsaton</strong></span> <span class='ocrx_word' id='word_1_660' title='bbox 2752 3792 2966 3847; x_wconf 82' lang='lat' dir='ltr'><strong>nomine</strong></span> <span class='ocrx_word' id='word_1_661' title='bbox 2979 3791 3130 3843; x_wconf 86' lang='lat' dir='ltr'><strong>annis</strong></span> <span class='ocrx_word' id='word_1_662' title='bbox 3152 3788 3294 3853; x_wconf 83' lang='lat' dir='ltr'><strong>octo,</strong></span> <span class='ocrx_word' id='word_1_663' title='bbox 3315 3788 3513 3843; x_wconf 87' lang='lat' dir='ltr'><strong>deinde</strong></span> 
     </span>
    </p>
   </div>
   <div class='ocr_carea' id='block_1_84' title="bbox 1931 3876 3510 3963">
    <p class='ocr_par' dir='ltr' id='par_1_84' title="bbox 1931 3876 3510 3963">
     <span class='ocr_line' id='line_1_84' title="bbox 1931 3876 3510 3963; baseline -0.013 -12"><span class='ocrx_word' id='word_1_664' title='bbox 1931 3892 2242 3963; x_wconf 71' lang='lat' dir='ltr'><strong>rmnitcntia</strong></span> <span class='ocrx_word' id='word_1_665' title='bbox 2269 3889 2376 3959; x_wconf 86' lang='lat' dir='ltr'><strong>egit</strong></span> <span class='ocrx_word' id='word_1_666' title='bbox 2402 3886 2649 3957; x_wconf 75' lang='lat' dir='ltr'><strong>populus,</strong></span> <span class='ocrx_word' id='word_1_667' title='bbox 2697 3893 2748 3937; x_wconf 89' lang='lat' dir='ltr'><strong>et</strong></span> <span class='ocrx_word' id='word_1_668' title='bbox 2790 3878 3046 3949; x_wconf 79' lang='lat' dir='ltr'><strong>judirmit</strong></span> <span class='ocrx_word' id='word_1_669' title='bbox 3091 3893 3185 3933; x_wconf 88' lang='lat' dir='ltr'><strong>eos</strong></span> <span class='ocrx_word' id='word_1_670' title='bbox 3226 3876 3510 3931; x_wconf 87' lang='lat' dir='ltr'><strong>Gothoniel</strong></span> 
     </span>
    </p>
   </div>
   <div class='ocr_carea' id='block_1_85' title="bbox 1928 3965 3504 4051">
    <p class='ocr_par' dir='ltr' id='par_1_85' title="bbox 1928 3965 3504 4051">
     <span class='ocr_line' id='line_1_85' title="bbox 1928 3965 3504 4051; baseline -0.013 -14"><span class='ocrx_word' id='word_1_671' title='bbox 1928 3983 2082 4038; x_wconf 89' lang='lat' dir='ltr'><strong>annis</strong></span> <span class='ocrx_word' id='word_1_672' title='bbox 2112 3977 2513 4051; x_wconf 79' lang='lat' dir='ltr'><strong>quinquaginta.</strong></span> <span class='ocrx_word' id='word_1_673' title='bbox 2534 3973 2695 4043; x_wconf 83' lang='lat' dir='ltr'><strong>Origo</strong></span> <span class='ocrx_word' id='word_1_674' title='bbox 2720 3978 2897 4025; x_wconf 90' lang='lat' dir='ltr'><strong>autem</strong></span> <span class='ocrx_word' id='word_1_675' title='bbox 2921 3966 3203 4021; x_wconf 43' lang='lat' dir='ltr'><strong>Gothouitl</strong></span> <span class='ocrx_word' id='word_1_676' title='bbox 3236 3965 3367 4019; x_wconf 88' lang='lat' dir='ltr'><strong>haec</strong></span> <span class='ocrx_word' id='word_1_677' title='bbox 3395 3974 3504 4019; x_wconf 84' lang='lat' dir='ltr'><strong>est:</strong></span> 
     </span>
    </p>
   </div>
   <div class='ocr_carea' id='block_1_86' title="bbox 1932 4053 3511 4127">
    <p class='ocr_par' dir='ltr' id='par_1_86' title="bbox 1932 4053 3511 4127">
     <span class='ocr_line' id='line_1_86' title="bbox 1932 4053 3511 4127; baseline -0.012 0"><span class='ocrx_word' id='word_1_678' title='bbox 1932 4073 2071 4127; x_wconf 84' lang='lat' dir='ltr'><strong>ﬁ‘ius</strong></span> <span class='ocrx_word' id='word_1_679' title='bbox 2103 4070 2203 4124; x_wconf 92' lang='lat' dir='ltr'><strong>fuit</strong></span> <span class='ocrx_word' id='word_1_680' title='bbox 2231 4067 2409 4121; x_wconf 83' lang='lat' dir='ltr'><strong>Genez</strong></span> <span class='ocrx_word' id='word_1_681' title='bbox 2447 4064 2626 4119; x_wconf 89' lang='lat' dir='ltr'><strong>fratris</strong></span> <span class='ocrx_word' id='word_1_682' title='bbox 2663 4059 2865 4115; x_wconf 82' lang='lat' dir='ltr'><strong>Clialeb</strong></span> <span class='ocrx_word' id='word_1_683' title='bbox 2901 4056 3078 4109; x_wconf 86' lang='lat' dir='ltr'><strong>fratris</strong></span> <span class='ocrx_word' id='word_1_684' title='bbox 3118 4054 3379 4122; x_wconf 85' lang='lat' dir='ltr'><strong>Jephone,</strong></span> <span class='ocrx_word' id='word_1_685' title='bbox 3425 4053 3511 4109; x_wconf 88' lang='lat' dir='ltr'><strong>hic</strong></span> 
     </span>
    </p>
   </div>
   <div class='ocr_carea' id='block_1_87' title="bbox 1931 4134 3511 4225">
    <p class='ocr_par' dir='ltr' id='par_1_87' title="bbox 1931 4134 3511 4225">
     <span class='ocr_line' id='line_1_87' title="bbox 1931 4134 3511 4225; baseline -0.015 -4"><span class='ocrx_word' id='word_1_686' title='bbox 1931 4162 2217 4221; x_wconf 73' lang='grc' dir='ltr'><strong>ϐυιΙιοηΜ</strong></span> <span class='ocrx_word' id='word_1_687' title='bbox 2256 4159 2419 4225; x_wconf 75' lang='lat' dir='ltr'><strong>cmpit</strong></span> <span class='ocrx_word' id='word_1_688' title='bbox 2469 4154 2748 4209; x_wconf 85' lang='lat' dir='ltr'><strong>civitatem</strong></span> <span class='ocrx_word' id='word_1_689' title='bbox 2800 4150 3097 4203; x_wconf 80' lang='lat' dir='ltr'><strong>litterarum</strong></span> <span class='ocrx_word' id='word_1_690' title='bbox 3151 4134 3205 4201; x_wconf 75' lang='lat' dir='ltr'><strong>et</strong></span> <span class='ocrx_word' id='word_1_691' title='bbox 3260 4144 3408 4199; x_wconf 89' lang='lat' dir='ltr'><strong>dedit</strong></span> <span class='ocrx_word' id='word_1_692' title='bbox 3458 4144 3511 4199; x_wconf 90' lang='lat' dir='ltr'><strong>ei</strong></span> 
     </span>
    </p>
   </div>
   <div class='ocr_carea' id='block_1_88' title="bbox 1927 4234 3514 4310">
    <p class='ocr_par' dir='ltr' id='par_1_88' title="bbox 1927 4234 3514 4310">
     <span class='ocr_line' id='line_1_88' title="bbox 1927 4234 3514 4310; baseline -0.014 0"><span class='ocrx_word' id='word_1_693' title='bbox 1927 4253 2130 4310; x_wconf 79' lang='lat' dir='ltr'><strong>Chaleb</strong></span> <span class='ocrx_word' id='word_1_694' title='bbox 2160 4249 2390 4306; x_wconf 63' lang='lat' dir='ltr'><strong>Asellam</strong></span> <span class='ocrx_word' id='word_1_695' title='bbox 2428 4245 2588 4299; x_wconf 85' lang='lat' dir='ltr'><strong>ﬁliam</strong></span> <span class='ocrx_word' id='word_1_696' title='bbox 2632 4255 2784 4295; x_wconf 88' lang='lat' dir='ltr'><strong>suam</strong></span> <span class='ocrx_word' id='word_1_697' title='bbox 2816 4251 3039 4292; x_wconf 85' lang='lat' dir='ltr'><strong>uxorem</strong></span> <span class='ocrx_word' id='word_1_698' title='bbox 3083 4234 3215 4288; x_wconf 89' lang='lat' dir='ltr'><strong>haec</strong></span> <span class='ocrx_word' id='word_1_699' title='bbox 3243 4240 3325 4288; x_wconf 91' lang='lat' dir='ltr'><strong>est</strong></span> <span class='ocrx_word' id='word_1_700' title='bbox 3356 4234 3514 4288; x_wconf 90' lang='lat' dir='ltr'><strong>Dabir</strong></span> 
     </span>
    </p>
   </div>
   <div class='ocr_carea' id='block_1_89' title="bbox 1928 4321 3513 4402">
    <p class='ocr_par' dir='ltr' id='par_1_89' title="bbox 1928 4321 3513 4402">
     <span class='ocr_line' id='line_1_89' title="bbox 1928 4321 3513 4402; baseline -0.015 -1"><span class='ocrx_word' id='word_1_701' title='bbox 1928 4347 2118 4402; x_wconf 86' lang='lat' dir='ltr'><strong>civitas</strong></span> <span class='ocrx_word' id='word_1_702' title='bbox 2157 4343 2476 4397; x_wconf 87' lang='lat' dir='ltr'><strong>litterarum,</strong></span> <span class='ocrx_word' id='word_1_703' title='bbox 2508 4331 2701 4388; x_wconf 89' lang='lat' dir='ltr'><strong>deinde</strong></span> <span class='ocrx_word' id='word_1_704' title='bbox 2734 4328 2996 4397; x_wconf 70' lang='lat' dir='ltr'><strong>judicavit</strong></span> <span class='ocrx_word' id='word_1_705' title='bbox 3036 4338 3130 4380; x_wconf 90' lang='lat' dir='ltr'><strong>eos</strong></span> <span class='ocrx_word' id='word_1_706' title='bbox 3161 4324 3327 4391; x_wconf 74' lang='lat' dir='ltr'><strong>Eglon</strong></span> <span class='ocrx_word' id='word_1_707' title='bbox 3360 4321 3513 4377; x_wconf 86' lang='lat' dir='ltr'><strong>annis</strong></span> 
     </span>
    </p>
   </div>
   <div class='ocr_carea' id='block_1_90' title="bbox 1930 4415 3514 4492">
    <p class='ocr_par' dir='ltr' id='par_1_90' title="bbox 1930 4415 3514 4492">
     <span class='ocr_line' id='line_1_90' title="bbox 1930 4415 3514 4492; baseline -0.019 2"><span class='ocrx_word' id='word_1_708' title='bbox 1930 4441 2117 4492; x_wconf 88' lang='lat' dir='ltr'><strong>decem</strong></span> <span class='ocrx_word' id='word_1_709' title='bbox 2149 4440 2202 4488; x_wconf 88' lang='lat' dir='ltr'><strong>et</strong></span> <span class='ocrx_word' id='word_1_710' title='bbox 2231 4438 2373 4487; x_wconf 88' lang='lat' dir='ltr'><strong>octo.</strong></span> <span class='ocrx_word' id='word_1_711' title='bbox 2419 4426 2513 4481; x_wconf 83' lang='lat' dir='ltr'><strong>Hic</strong></span> <span class='ocrx_word' id='word_1_712' title='bbox 2537 4424 2650 4478; x_wconf 80' lang='lat' dir='ltr'><strong>Rex</strong></span> <span class='ocrx_word' id='word_1_713' title='bbox 2680 4418 3029 4476; x_wconf 82' lang='lat' dir='ltr'><strong>Moabitarum</strong></span> <span class='ocrx_word' id='word_1_714' title='bbox 3072 4415 3190 4469; x_wconf 89' lang='lat' dir='ltr'><strong>fuit.</strong></span> <span class='ocrx_word' id='word_1_715' title='bbox 3237 4415 3386 4467; x_wconf 88' lang='lat' dir='ltr'><strong>Tunc</strong></span> <span class='ocrx_word' id='word_1_716' title='bbox 3420 4427 3514 4481; x_wconf 81' lang='lat' dir='ltr'><strong>po-</strong></span> 
     </span>
    </p>
   </div>
   <div class='ocr_carea' id='block_1_91' title="bbox 245 4505 1822 4616">
    <p class='ocr_par' dir='ltr' id='par_1_91' title="bbox 245 4505 1821 4616">
     <span class='ocr_line' id='line_1_91' title="bbox 245 4505 1821 4616; baseline -0.008 -14"><span class='ocrx_word' id='word_1_717' title='bbox 245 4549 463 4610; x_wconf 78' lang='lat' dir='ltr'><strong>Finees,</strong></span> <span class='ocrx_word' id='word_1_718' title='bbox 507 4547 599 4616; x_wconf 87' lang='lat' dir='ltr'><strong>qui</strong></span> <span class='ocrx_word' id='word_1_719' title='bbox 631 4505 819 4599; x_wconf 46' lang='lat' dir='ltr'><strong>1dictus</strong></span> <span class='ocrx_word' id='word_1_720' title='bbox 859 4552 940 4596; x_wconf 89' lang='lat' dir='ltr'><strong>est</strong></span> <span class='ocrx_word' id='word_1_721' title='bbox 972 4549 1208 4596; x_wconf 77' lang='lat' dir='ltr'><strong>sectator</strong></span> <span class='ocrx_word' id='word_1_722' title='bbox 1242 4556 1305 4595; x_wconf 77' lang='lat' dir='ltr'><strong>ex</strong></span> <span class='ocrx_word' id='word_1_723' title='bbox 1344 4539 1551 4593; x_wconf 76' lang='lat' dir='ltr'><strong>ﬁliabus</strong></span> <span class='ocrx_word' id='word_1_724' title='bbox 1591 4505 1821 4592; x_wconf 57' lang='lat' dir='ltr'><strong>Fiiizielz</strong></span> 
     </span>
    </p>
   </div>
   <div class='ocr_carea' id='block_1_92' title="bbox 1927 4505 3512 4616">
    <p class='ocr_par' dir='ltr' id='par_1_92' title="bbox 1935 4505 3512 4616">
     <span class='ocr_line' id='line_1_92' title="bbox 1935 4505 3512 4601; baseline -0.018 -18"><span class='ocrx_word' id='word_1_725' title='bbox 1935 4530 2090 4601; x_wconf 89' lang='lat' dir='ltr'><strong>pulus</strong></span> <span class='ocrx_word' id='word_1_726' title='bbox 2116 4525 2344 4581; x_wconf 85' lang='lat' dir='ltr'><strong>Domino</strong></span> <span class='ocrx_word' id='word_1_727' title='bbox 2373 4533 2479 4573; x_wconf 88' lang='lat' dir='ltr'><strong>non</strong></span> <span class='ocrx_word' id='word_1_728' title='bbox 2506 4515 2796 4579; x_wconf 79' lang='lat' dir='ltr'><strong>serviebat,</strong></span> <span class='ocrx_word' id='word_1_729' title='bbox 2834 4509 2956 4580; x_wconf 90' lang='lat' dir='ltr'><strong>quia</strong></span> <span class='ocrx_word' id='word_1_730' title='bbox 2996 4508 3153 4562; x_wconf 92' lang='lat' dir='ltr'><strong>idolis</strong></span> <span class='ocrx_word' id='word_1_731' title='bbox 3184 4505 3512 4567; x_wconf 85' lang='lat' dir='ltr'><strong>immolabat,</strong></span> 
     </span>
     <span class='ocr_line' id='line_1_93' title="bbox 2474 4595 3512 4616; baseline -0.014 0"><span class='ocrx_word' id='word_1_732' title='bbox 2474 4607 2544 4616; x_wconf 80' lang='lat'><strong>...</strong></span> <span class='ocrx_word' id='word_1_733' title='bbox 2585 4605 2598 4616; x_wconf 95' lang='lat'><strong>.</strong></span> <span class='ocrx_word' id='word_1_734' title='bbox 2719 4602 2807 4616; x_wconf 59' lang='grc' dir='ltr'><strong>η.</strong></span> <span class='ocrx_word' id='word_1_735' title='bbox 2869 4600 2881 4616; x_wconf 87' lang='grc'><em>,</em></span> <span class='ocrx_word' id='word_1_736' title='bbox 2936 4599 2948 4610; x_wconf 93' lang='grc'><em>.</em></span> <span class='ocrx_word' id='word_1_737' title='bbox 3213 4610 3298 4616; x_wconf 48' lang='grc' dir='ltr'><strong>μ,</strong></span> <span class='ocrx_word' id='word_1_738' title='bbox 3337 4595 3512 4616; x_wconf 48' lang='lat' dir='ltr'><strong>,mm</strong></span> 
     </span>
    </p>
   </div>
   <div class='ocr_carea' id='block_1_93' title="bbox 242 4631 1827 4705">
    <p class='ocr_par' dir='ltr' id='par_1_93' title="bbox 242 4631 1827 4705">
     <span class='ocr_line' id='line_1_94' title="bbox 242 4631 1827 4705; baseline -0.005 -12"><span class='ocrx_word' id='word_1_739' title='bbox 242 4643 327 4695; x_wconf 79' lang='lat' dir='ltr'><strong>hic</strong></span> <span class='ocrx_word' id='word_1_740' title='bbox 352 4649 443 4695; x_wconf 88' lang='lat' dir='ltr'><strong>est</strong></span> <span class='ocrx_word' id='word_1_741' title='bbox 470 4639 663 4693; x_wconf 81' lang='lat' dir='ltr'><strong>Finecs</strong></span> <span class='ocrx_word' id='word_1_742' title='bbox 690 4636 756 4690; x_wconf 91' lang='lat' dir='ltr'><strong>de</strong></span> <span class='ocrx_word' id='word_1_743' title='bbox 780 4651 886 4705; x_wconf 87' lang='lat' dir='ltr'><strong>quo</strong></span> <span class='ocrx_word' id='word_1_744' title='bbox 917 4636 968 4688; x_wconf 91' lang='lat' dir='ltr'><strong>iu</strong></span> <span class='ocrx_word' id='word_1_745' title='bbox 992 4633 1343 4688; x_wconf 78' lang='lat' dir='ltr'><strong>Maehabeicis</strong></span> <span class='ocrx_word' id='word_1_746' title='bbox 1372 4632 1520 4685; x_wconf 91' lang='lat' dir='ltr'><strong>libris</strong></span> <span class='ocrx_word' id='word_1_747' title='bbox 1547 4631 1827 4685; x_wconf 88' lang='lat' dir='ltr'><strong>Matathias</strong></span> 
     </span>
    </p>
   </div>
   <div class='ocr_carea' id='block_1_94' title="bbox 240 4720 1823 4800">
    <p class='ocr_par' dir='ltr' id='par_1_94' title="bbox 240 4720 1823 4800">
     <span class='ocr_line' id='line_1_95' title="bbox 240 4720 1823 4800; baseline -0.008 -15"><span class='ocrx_word' id='word_1_748' title='bbox 240 4733 501 4800; x_wconf 82' lang='lat' dir='ltr'><strong>loquutus</strong></span> <span class='ocrx_word' id='word_1_749' title='bbox 526 4739 606 4784; x_wconf 86' lang='lat' dir='ltr'><strong>est</strong></span> <span class='ocrx_word' id='word_1_750' title='bbox 634 4728 819 4782; x_wconf 84' lang='lat' dir='ltr'><strong>dicens</strong></span> <span class='ocrx_word' id='word_1_751' title='bbox 846 4743 860 4780; x_wconf 92' lang='lat'>:</span> <span class='ocrx_word' id='word_1_752' title='bbox 889 4727 1081 4780; x_wconf 82' lang='lat' dir='ltr'><strong>Finces</strong></span> <span class='ocrx_word' id='word_1_753' title='bbox 1108 4724 1232 4777; x_wconf 90' lang='lat' dir='ltr'><strong>dum</strong></span> <span class='ocrx_word' id='word_1_754' title='bbox 1258 4723 1520 4776; x_wconf 91' lang='lat' dir='ltr'><strong>emulatur</strong></span> <span class='ocrx_word' id='word_1_755' title='bbox 1550 4721 1666 4790; x_wconf 89' lang='lat' dir='ltr'><strong>lege</strong></span> <span class='ocrx_word' id='word_1_756' title='bbox 1696 4720 1823 4774; x_wconf 82' lang='lat' dir='ltr'><strong>ade—</strong></span> 
     </span>
    </p>
   </div>
   <div class='ocr_carea' id='block_1_95' title="bbox 240 4811 1831 4890">
    <p class='ocr_par' dir='ltr' id='par_1_95' title="bbox 240 4811 1831 4890">
     <span class='ocr_line' id='line_1_96' title="bbox 240 4811 1831 4890; baseline -0.008 -13"><span class='ocrx_word' id='word_1_757' title='bbox 240 4835 365 4890; x_wconf 67' lang='lat' dir='ltr'><strong>itus</strong></span> <span class='ocrx_word' id='word_1_758' title='bbox 387 4833 475 4876; x_wconf 91' lang='lat' dir='ltr'><strong>est</strong></span> <span class='ocrx_word' id='word_1_759' title='bbox 497 4819 877 4874; x_wconf 84' lang='lat' dir='ltr'><strong>sacerdotium.</strong></span> <span class='ocrx_word' id='word_1_760' title='bbox 903 4817 1134 4883; x_wconf 85' lang='lat' dir='ltr'><strong>Quartus</strong></span> <span class='ocrx_word' id='word_1_761' title='bbox 1162 4829 1289 4868; x_wconf 85' lang='lat' dir='ltr'><strong>vero</strong></span> <span class='ocrx_word' id='word_1_762' title='bbox 1326 4812 1464 4866; x_wconf 86' lang='lat' dir='ltr'><strong>ﬁlius</strong></span> <span class='ocrx_word' id='word_1_763' title='bbox 1496 4813 1672 4866; x_wconf 87' lang='lat' dir='ltr'><strong>Aaron</strong></span> <span class='ocrx_word' id='word_1_764' title='bbox 1711 4811 1831 4865; x_wconf 84' lang='lat' dir='ltr'><strong>Sta-</strong></span> 
     </span>
    </p>
   </div>
   <div class='ocr_carea' id='block_1_96' title="bbox 242 4900 1830 4979">
    <p class='ocr_par' dir='ltr' id='par_1_96' title="bbox 242 4900 1830 4979">
     <span class='ocr_line' id='line_1_97' title="bbox 242 4900 1830 4979; baseline -0.01 -11"><span class='ocrx_word' id='word_1_765' title='bbox 242 4931 360 4968; x_wconf 84' lang='lat' dir='ltr'><strong>mar</strong></span> <span class='ocrx_word' id='word_1_766' title='bbox 392 4913 569 4967; x_wconf 85' lang='lat' dir='ltr'><strong>dictus</strong></span> <span class='ocrx_word' id='word_1_767' title='bbox 596 4921 698 4976; x_wconf 73' lang='lat' dir='ltr'><strong>est,</strong></span> <span class='ocrx_word' id='word_1_768' title='bbox 729 4909 818 4979; x_wconf 91' lang='lat' dir='ltr'><strong>qui</strong></span> <span class='ocrx_word' id='word_1_769' title='bbox 843 4908 1040 4961; x_wconf 88' lang='lat' dir='ltr'><strong>dicitur</strong></span> <span class='ocrx_word' id='word_1_770' title='bbox 1063 4904 1311 4960; x_wconf 86' lang='lat' dir='ltr'><strong>rancidus</strong></span> <span class='ocrx_word' id='word_1_771' title='bbox 1342 4903 1439 4955; x_wconf 85' lang='lat' dir='ltr'><strong>hos</strong></span> <span class='ocrx_word' id='word_1_772' title='bbox 1467 4901 1672 4971; x_wconf 90' lang='lat' dir='ltr'><strong>genuit,</strong></span> <span class='ocrx_word' id='word_1_773' title='bbox 1721 4900 1830 4954; x_wconf 85' lang='lat' dir='ltr'><strong>Eli-</strong></span> 
     </span>
    </p>
   </div>
   <div class='ocr_carea' id='block_1_97' title="bbox 240 4991 1826 5075">
    <p class='ocr_par' dir='ltr' id='par_1_97' title="bbox 240 4991 1826 5075">
     <span class='ocr_line' id='line_1_98' title="bbox 240 4991 1826 5075; baseline -0.01 -16"><span class='ocrx_word' id='word_1_774' title='bbox 240 5006 384 5061; x_wconf 77' lang='lat' dir='ltr'><strong>safat</strong></span> <span class='ocrx_word' id='word_1_775' title='bbox 422 5017 562 5075; x_wconf 88' lang='lat' dir='ltr'><strong>quae</strong></span> <span class='ocrx_word' id='word_1_776' title='bbox 602 5002 741 5055; x_wconf 83' lang='lat' dir='ltr'><strong>dicta</strong></span> <span class='ocrx_word' id='word_1_777' title='bbox 783 5006 865 5053; x_wconf 88' lang='lat' dir='ltr'><strong>est</strong></span> <span class='ocrx_word' id='word_1_778' title='bbox 912 4996 1078 5066; x_wconf 83' lang='lat' dir='ltr'><strong>gratia</strong></span> <span class='ocrx_word' id='word_1_779' title='bbox 1129 4994 1352 5049; x_wconf 86' lang='lat' dir='ltr'><strong>domini.</strong></span> <span class='ocrx_word' id='word_1_780' title='bbox 1400 4991 1609 5063; x_wconf 80' lang='lat' dir='ltr'><strong>Moyses</strong></span> <span class='ocrx_word' id='word_1_781' title='bbox 1650 5000 1826 5043; x_wconf 87' lang='lat' dir='ltr'><strong>autem</strong></span> 
     </span>
    </p>
   </div>
   <div class='ocr_carea' id='block_1_98' title="bbox 242 5080 1828 5154">
    <p class='ocr_par' dir='ltr' id='par_1_98' title="bbox 242 5080 1828 5154">
     <span class='ocr_line' id='line_1_99' title="bbox 242 5080 1828 5154; baseline -0.011 -4"><span class='ocrx_word' id='word_1_782' title='bbox 242 5098 392 5151; x_wconf 83' lang='lat' dir='ltr'><strong>filius</strong></span> <span class='ocrx_word' id='word_1_783' title='bbox 425 5093 677 5149; x_wconf 82' lang='lat' dir='ltr'><strong>Ambram</strong></span> <span class='ocrx_word' id='word_1_784' title='bbox 717 5088 984 5144; x_wconf 83' lang='lat' dir='ltr'><strong>secundus</strong></span> <span class='ocrx_word' id='word_1_785' title='bbox 1025 5085 1205 5154; x_wconf 88' lang='lat' dir='ltr'><strong>genuit</strong></span> <span class='ocrx_word' id='word_1_786' title='bbox 1243 5082 1462 5137; x_wconf 89' lang='lat' dir='ltr'><strong>Gersam</strong></span> <span class='ocrx_word' id='word_1_787' title='bbox 1500 5080 1589 5149; x_wconf 91' lang='lat' dir='ltr'><strong>qui</strong></span> <span class='ocrx_word' id='word_1_788' title='bbox 1626 5080 1828 5134; x_wconf 89' lang='lat' dir='ltr'><strong>dicitur</strong></span> 
     </span>
    </p>
   </div>
   <div class='ocr_carea' id='block_1_99' title="bbox 241 5170 1826 5257">
    <p class='ocr_par' dir='ltr' id='par_1_99' title="bbox 241 5170 1826 5257">
     <span class='ocr_line' id='line_1_100' title="bbox 241 5170 1826 5257; baseline -0.013 -11"><span class='ocrx_word' id='word_1_789' title='bbox 241 5170 479 5257; x_wconf 13' lang='lat' dir='ltr'><strong>Ionpes,</strong></span> <span class='ocrx_word' id='word_1_790' title='bbox 530 5197 584 5242; x_wconf 89' lang='lat' dir='ltr'><strong>et</strong></span> <span class='ocrx_word' id='word_1_791' title='bbox 634 5186 970 5248; x_wconf 80' lang='lat' dir='ltr'><strong>Eleazarum,</strong></span> <span class='ocrx_word' id='word_1_792' title='bbox 1022 5180 1112 5249; x_wconf 87' lang='lat' dir='ltr'><strong>qui</strong></span> <span class='ocrx_word' id='word_1_793' title='bbox 1157 5177 1352 5232; x_wconf 90' lang='lat' dir='ltr'><strong>dicitur</strong></span> <span class='ocrx_word' id='word_1_794' title='bbox 1380 5175 1473 5230; x_wconf 92' lang='lat' dir='ltr'><strong>Dei</strong></span> <span class='ocrx_word' id='word_1_795' title='bbox 1514 5176 1704 5239; x_wconf 81' lang='lat' dir='ltr'><strong>virtus,</strong></span> <span class='ocrx_word' id='word_1_796' title='bbox 1757 5187 1826 5228; x_wconf 80' lang='lat' dir='ltr'><strong>ex</strong></span> 
     </span>
    </p>
   </div>
   <div class='ocr_carea' id='block_1_100' title="bbox 240 5266 1832 5352">
    <p class='ocr_par' dir='ltr' id='par_1_100' title="bbox 240 5266 1832 5352">
     <span class='ocr_line' id='line_1_101' title="bbox 240 5266 1832 5352; baseline -0.014 -10"><span class='ocrx_word' id='word_1_797' title='bbox 240 5286 477 5348; x_wconf 80' lang='lat' dir='ltr'><strong>Selfora,</strong></span> <span class='ocrx_word' id='word_1_798' title='bbox 506 5296 642 5352; x_wconf 87' lang='lat' dir='ltr'><strong>quae</strong></span> <span class='ocrx_word' id='word_1_799' title='bbox 666 5281 806 5335; x_wconf 89' lang='lat' dir='ltr'><strong>dicta</strong></span> <span class='ocrx_word' id='word_1_800' title='bbox 840 5287 921 5333; x_wconf 87' lang='lat' dir='ltr'><strong>est</strong></span> <span class='ocrx_word' id='word_1_801' title='bbox 949 5273 1182 5330; x_wconf 87' lang='lat' dir='ltr'><strong>visitatio</strong></span> <span class='ocrx_word' id='word_1_802' title='bbox 1214 5274 1484 5326; x_wconf 87' lang='lat' dir='ltr'><strong>formonsa</strong></span> <span class='ocrx_word' id='word_1_803' title='bbox 1528 5268 1633 5322; x_wconf 85' lang='lat' dir='ltr'><strong>lilia</strong></span> <span class='ocrx_word' id='word_1_804' title='bbox 1671 5266 1832 5322; x_wconf 84' lang='lat' dir='ltr'><strong>Sotor</strong></span> 
     </span>
    </p>
   </div>
   <div class='ocr_carea' id='block_1_101' title="bbox 240 5362 1828 5432">
    <p class='ocr_par' dir='ltr' id='par_1_101' title="bbox 240 5362 1828 5432">
     <span class='ocr_line' id='line_1_102' title="bbox 240 5362 1828 5432; baseline -0.013 1"><span class='ocrx_word' id='word_1_805' title='bbox 240 5379 312 5432; x_wconf 89' lang='lat' dir='ltr'><strong>de</strong></span> <span class='ocrx_word' id='word_1_806' title='bbox 349 5376 521 5431; x_wconf 77' lang='lat' dir='ltr'><strong>Madia</strong></span> <span class='ocrx_word' id='word_1_807' title='bbox 569 5372 886 5428; x_wconf 87' lang='lat' dir='ltr'><strong>sacerdotis.</strong></span> <span class='ocrx_word' id='word_1_808' title='bbox 927 5368 1134 5425; x_wconf 88' lang='lat' dir='ltr'><strong>Gersan</strong></span> <span class='ocrx_word' id='word_1_809' title='bbox 1177 5379 1311 5420; x_wconf 82' lang='lat' dir='ltr'><strong>vero</strong></span> <span class='ocrx_word' id='word_1_810' title='bbox 1349 5362 1529 5432; x_wconf 85' lang='lat' dir='ltr'><strong>genuit</strong></span> <span class='ocrx_word' id='word_1_811' title='bbox 1570 5362 1828 5427; x_wconf 86' lang='lat' dir='ltr'><strong>Sonatan,</strong></span> 
     </span>
    </p>
   </div>
   <div class='ocr_carea' id='block_1_102' title="bbox 242 5455 1835 5545">
    <p class='ocr_par' dir='ltr' id='par_1_102' title="bbox 242 5455 1835 5545">
     <span class='ocr_line' id='line_1_103' title="bbox 242 5455 1835 5545; baseline -0.015 -17"><span class='ocrx_word' id='word_1_812' title='bbox 242 5476 367 5545; x_wconf 82' lang='lat' dir='ltr'><strong>ipse</strong></span> <span class='ocrx_word' id='word_1_813' title='bbox 400 5481 451 5526; x_wconf 89' lang='lat' dir='ltr'><strong>et</strong></span> <span class='ocrx_word' id='word_1_814' title='bbox 481 5470 573 5525; x_wconf 93' lang='lat' dir='ltr'><strong>ﬁlii</strong></span> <span class='ocrx_word' id='word_1_815' title='bbox 603 5467 721 5536; x_wconf 90' lang='lat' dir='ltr'><strong>ejus</strong></span> <span class='ocrx_word' id='word_1_816' title='bbox 749 5476 899 5523; x_wconf 90' lang='lat' dir='ltr'><strong>erant</strong></span> <span class='ocrx_word' id='word_1_817' title='bbox 931 5464 1291 5519; x_wconf 85' lang='lat' dir='ltr'><strong>sacriﬁcantes</strong></span> <span class='ocrx_word' id='word_1_818' title='bbox 1320 5459 1371 5513; x_wconf 91' lang='lat' dir='ltr'><strong>in</strong></span> <span class='ocrx_word' id='word_1_819' title='bbox 1406 5457 1568 5511; x_wconf 88' lang='lat' dir='ltr'><strong>Tribu</strong></span> <span class='ocrx_word' id='word_1_820' title='bbox 1604 5455 1714 5508; x_wconf 92' lang='lat' dir='ltr'><strong>Dan</strong></span> <span class='ocrx_word' id='word_1_821' title='bbox 1748 5467 1835 5505; x_wconf 90' lang='lat' dir='ltr'><strong>us-</strong></span> 
     </span>
    </p>
   </div>
   <div class='ocr_carea' id='block_1_103' title="bbox 240 5548 1831 5632">
    <p class='ocr_par' dir='ltr' id='par_1_103' title="bbox 240 5548 1831 5632">
     <span class='ocr_line' id='line_1_104' title="bbox 240 5548 1831 5632; baseline -0.013 -15"><span class='ocrx_word' id='word_1_822' title='bbox 240 5578 355 5632; x_wconf 88' lang='lat' dir='ltr'><strong>que</strong></span> <span class='ocrx_word' id='word_1_823' title='bbox 385 5561 453 5615; x_wconf 79' lang='lat' dir='ltr'><strong>ad</strong></span> <span class='ocrx_word' id='word_1_824' title='bbox 478 5562 618 5615; x_wconf 90' lang='lat' dir='ltr'><strong>diem</strong></span> <span class='ocrx_word' id='word_1_825' title='bbox 638 5553 1126 5626; x_wconf 83' lang='lat' dir='ltr'><strong>transmigrationis</strong></span> <span class='ocrx_word' id='word_1_826' title='bbox 1144 5560 1334 5606; x_wconf 89' lang='lat' dir='ltr'><strong>terrae.</strong></span> <span class='ocrx_word' id='word_1_827' title='bbox 1365 5549 1421 5603; x_wconf 88' lang='lat' dir='ltr'><strong>In</strong></span> <span class='ocrx_word' id='word_1_828' title='bbox 1447 5548 1633 5600; x_wconf 88' lang='lat' dir='ltr'><strong>horum</strong></span> <span class='ocrx_word' id='word_1_829' title='bbox 1656 5553 1831 5598; x_wconf 88' lang='lat' dir='ltr'><strong>autem</strong></span> 
     </span>
    </p>
   </div>
   <div class='ocr_carea' id='block_1_104' title="bbox 242 5637 1833 5719">
    <p class='ocr_par' dir='ltr' id='par_1_104' title="bbox 242 5637 1833 5719">
     <span class='ocr_line' id='line_1_105' title="bbox 242 5637 1833 5719; baseline -0.012 -10"><span class='ocrx_word' id='word_1_830' title='bbox 242 5662 439 5709; x_wconf 89' lang='lat' dir='ltr'><strong>monte</strong></span> <span class='ocrx_word' id='word_1_831' title='bbox 463 5652 706 5719; x_wconf 75' lang='lat' dir='ltr'><strong>sepultus</strong></span> <span class='ocrx_word' id='word_1_832' title='bbox 746 5657 829 5705; x_wconf 90' lang='lat' dir='ltr'><strong>est</strong></span> <span class='ocrx_word' id='word_1_833' title='bbox 858 5652 1033 5703; x_wconf 85' lang='lat' dir='ltr'><strong>Aaron</strong></span> <span class='ocrx_word' id='word_1_834' title='bbox 1076 5653 1130 5699; x_wconf 90' lang='lat' dir='ltr'><strong>et</strong></span> <span class='ocrx_word' id='word_1_835' title='bbox 1168 5644 1380 5715; x_wconf 75' lang='lat' dir='ltr'><strong>Moyses</strong></span> <span class='ocrx_word' id='word_1_836' title='bbox 1412 5642 1465 5695; x_wconf 90' lang='lat' dir='ltr'><strong>in</strong></span> <span class='ocrx_word' id='word_1_837' title='bbox 1510 5637 1645 5694; x_wconf 88' lang='lat' dir='ltr'><strong>Geth</strong></span> <span class='ocrx_word' id='word_1_838' title='bbox 1686 5637 1833 5707; x_wconf 81' lang='lat' dir='ltr'><strong>juxta</strong></span> 
     </span>
    </p>
   </div>
   <div class='ocr_carea' id='block_1_105' title="bbox 243 5729 1835 5793">
    <p class='ocr_par' dir='ltr' id='par_1_105' title="bbox 243 5729 1835 5793">
     <span class='ocr_line' id='line_1_106' title="bbox 243 5729 1835 5793; baseline 0.005 -22"><span class='ocrx_word' id='word_1_839' title='bbox 243 5746 353 5786; x_wconf 48' lang='lat'><strong>3...,</strong></span> <span class='ocrx_word' id='word_1_840' title='bbox 381 5756 467 5784; x_wconf 61' lang='grc' dir='ltr'><strong>ε...-</strong></span> <span class='ocrx_word' id='word_1_841' title='bbox 502 5744 690 5789; x_wconf 55' lang='grc' dir='ltr'><strong>θήκην--</strong></span> <span class='ocrx_word' id='word_1_842' title='bbox 728 5741 866 5789; x_wconf 57' lang='grc' dir='ltr'><strong>μηρί’</strong></span> <span class='ocrx_word' id='word_1_843' title='bbox 898 5737 1067 5793; x_wconf 66' lang='lat' dir='ltr'><strong>&quot;ilius</strong></span> <span class='ocrx_word' id='word_1_844' title='bbox 1098 5744 1295 5781; x_wconf 69' lang='lat' dir='ltr'><strong>cnrtom</strong></span> <span class='ocrx_word' id='word_1_845' title='bbox 1326 5747 1429 5781; x_wconf 75' lang='lat' dir='ltr'><strong>non</strong></span> <span class='ocrx_word' id='word_1_846' title='bbox 1453 5729 1675 5783; x_wconf 46' lang='lat' dir='ltr'><strong>neee&#39;iil.</strong></span> <span class='ocrx_word' id='word_1_847' title='bbox 1705 5743 1835 5781; x_wconf 79' lang='lat' dir='ltr'><strong>ouo-</strong></span> 
     </span>
    </p>
   </div>
   <div class='ocr_carea' id='block_1_106' title="bbox 1934 4595 3514 4677">
    <p class='ocr_par' dir='ltr' id='par_1_106' title="bbox 1934 4595 3514 4677">
     <span class='ocr_line' id='line_1_107' title="bbox 1934 4595 3514 4677; baseline -0.02 -2"><span class='ocrx_word' id='word_1_848' title='bbox 1934 4595 1989 4676; x_wconf 79' lang='lat' dir='ltr'><strong>et</strong></span> <span class='ocrx_word' id='word_1_849' title='bbox 2018 4616 2199 4673; x_wconf 89' lang='lat' dir='ltr'><strong>traditi</strong></span> <span class='ocrx_word' id='word_1_850' title='bbox 2226 4620 2349 4668; x_wconf 90' lang='lat' dir='ltr'><strong>sunt</strong></span> <span class='ocrx_word' id='word_1_851' title='bbox 2376 4608 2488 4677; x_wconf 88' lang='lat' dir='ltr'><strong>regi</strong></span> <span class='ocrx_word' id='word_1_852' title='bbox 2505 4605 2695 4674; x_wconf 85' lang='lat' dir='ltr'><strong>Eglon.</strong></span> <span class='ocrx_word' id='word_1_853' title='bbox 2719 4598 3183 4669; x_wconf 83' lang='lat' dir='ltr'><strong>Deindejudicavit</strong></span> <span class='ocrx_word' id='word_1_854' title='bbox 3208 4610 3300 4651; x_wconf 91' lang='lat' dir='ltr'><strong>eos</strong></span> <span class='ocrx_word' id='word_1_855' title='bbox 3325 4595 3514 4649; x_wconf 82' lang='lat' dir='ltr'><strong>Aotam</strong></span> 
     </span>
    </p>
   </div>
   <div class='ocr_carea' id='block_1_107' title="bbox 1938 4685 3516 4768">
    <p class='ocr_par' dir='ltr' id='par_1_107' title="bbox 1938 4685 3516 4768">
     <span class='ocr_line' id='line_1_108' title="bbox 1938 4685 3516 4768; baseline -0.018 -2"><span class='ocrx_word' id='word_1_856' title='bbox 1938 4709 2276 4768; x_wconf 77' lang='lat' dir='ltr'><strong>Ambidestcr</strong></span> <span class='ocrx_word' id='word_1_857' title='bbox 2303 4702 2456 4756; x_wconf 90' lang='lat' dir='ltr'><strong>annis</strong></span> <span class='ocrx_word' id='word_1_858' title='bbox 2481 4696 2771 4766; x_wconf 81' lang='lat' dir='ltr'><strong>octoginta.</strong></span> <span class='ocrx_word' id='word_1_859' title='bbox 2805 4692 2899 4746; x_wconf 88' lang='lat' dir='ltr'><strong>llic</strong></span> <span class='ocrx_word' id='word_1_860' title='bbox 2925 4687 3198 4743; x_wconf 84' lang='lat' dir='ltr'><strong>cultellum</strong></span> <span class='ocrx_word' id='word_1_861' title='bbox 3226 4685 3516 4755; x_wconf 85' lang='lat' dir='ltr'><strong>palmaretn</strong></span> 
     </span>
    </p>
   </div>
   <div class='ocr_carea' id='block_1_108' title="bbox 1937 4774 3519 4869">
    <p class='ocr_par' dir='ltr' id='par_1_108' title="bbox 1937 4774 3519 4869">
     <span class='ocr_line' id='line_1_109' title="bbox 1937 4774 3519 4869; baseline -0.02 -12"><span class='ocrx_word' id='word_1_862' title='bbox 1937 4800 2145 4869; x_wconf 89' lang='lat' dir='ltr'><strong>accepit</strong></span> <span class='ocrx_word' id='word_1_863' title='bbox 2178 4805 2232 4850; x_wconf 89' lang='lat' dir='ltr'><strong>et</strong></span> <span class='ocrx_word' id='word_1_864' title='bbox 2267 4794 2408 4849; x_wconf 81' lang='lat' dir='ltr'><strong>dixit</strong></span> <span class='ocrx_word' id='word_1_865' title='bbox 2445 4790 2511 4848; x_wconf 84' lang='lat' dir='ltr'><strong>ad</strong></span> <span class='ocrx_word' id='word_1_866' title='bbox 2546 4787 2756 4856; x_wconf 87' lang='lat' dir='ltr'><strong>Eglom.</strong></span> <span class='ocrx_word' id='word_1_867' title='bbox 2796 4781 3031 4836; x_wconf 68' lang='lat' dir='ltr'><strong>Verbum</strong></span> <span class='ocrx_word' id='word_1_868' title='bbox 3076 4787 3156 4832; x_wconf 91' lang='lat' dir='ltr'><strong>est</strong></span> <span class='ocrx_word' id='word_1_869' title='bbox 3198 4775 3327 4831; x_wconf 86' lang='lat' dir='ltr'><strong>mihi</strong></span> <span class='ocrx_word' id='word_1_870' title='bbox 3362 4774 3427 4828; x_wconf 89' lang='lat' dir='ltr'><strong>ad</strong></span> <span class='ocrx_word' id='word_1_871' title='bbox 3467 4782 3519 4828; x_wconf 92' lang='lat' dir='ltr'><strong>te</strong></span> 
     </span>
    </p>
   </div>
   <div class='ocr_carea' id='block_1_109' title="bbox 1940 4866 3515 4957">
    <p class='ocr_par' dir='ltr' id='par_1_109' title="bbox 1940 4866 3515 4957">
     <span class='ocr_line' id='line_1_110' title="bbox 1940 4866 3515 4957; baseline -0.019 -9"><span class='ocrx_word' id='word_1_872' title='bbox 1940 4866 2086 4957; x_wconf 53' lang='lat' dir='ltr'><strong>Rex;</strong></span> <span class='ocrx_word' id='word_1_873' title='bbox 2114 4896 2167 4944; x_wconf 91' lang='lat' dir='ltr'><strong>et</strong></span> <span class='ocrx_word' id='word_1_874' title='bbox 2192 4887 2317 4942; x_wconf 87' lang='lat' dir='ltr'><strong>dum</strong></span> <span class='ocrx_word' id='word_1_875' title='bbox 2346 4881 2660 4938; x_wconf 85' lang='lat' dir='ltr'><strong>introissent</strong></span> <span class='ocrx_word' id='word_1_876' title='bbox 2695 4877 2749 4930; x_wconf 91' lang='lat' dir='ltr'><strong>in</strong></span> <span class='ocrx_word' id='word_1_877' title='bbox 2793 4871 3040 4927; x_wconf 88' lang='lat' dir='ltr'><strong>cubiculo</strong></span> <span class='ocrx_word' id='word_1_878' title='bbox 3081 4866 3279 4923; x_wconf 88' lang='lat' dir='ltr'><strong>occidit</strong></span> <span class='ocrx_word' id='word_1_879' title='bbox 3314 4879 3435 4920; x_wconf 91' lang='lat' dir='ltr'><strong>eum</strong></span> <span class='ocrx_word' id='word_1_880' title='bbox 3465 4872 3515 4919; x_wconf 92' lang='lat' dir='ltr'><strong>ct</strong></span> 
     </span>
    </p>
   </div>
   <div class='ocr_carea' id='block_1_110' title="bbox 1937 4952 3520 5050">
    <p class='ocr_par' dir='ltr' id='par_1_110' title="bbox 1937 4952 3520 5050">
     <span class='ocr_line' id='line_1_111' title="bbox 1937 4952 3520 5050; baseline -0.021 -9"><span class='ocrx_word' id='word_1_881' title='bbox 1937 4952 2131 5041; x_wconf 78' lang='lat' dir='ltr'><strong>clausit</strong></span> <span class='ocrx_word' id='word_1_882' title='bbox 2152 4980 2396 5050; x_wconf 88' lang='lat' dir='ltr'><strong>januam,</strong></span> <span class='ocrx_word' id='word_1_883' title='bbox 2433 4983 2487 5027; x_wconf 93' lang='lat' dir='ltr'><strong>ct</strong></span> <span class='ocrx_word' id='word_1_884' title='bbox 2527 4969 2659 5038; x_wconf 90' lang='lat' dir='ltr'><strong>fugit</strong></span> <span class='ocrx_word' id='word_1_885' title='bbox 2687 4981 2783 5035; x_wconf 89' lang='lat' dir='ltr'><strong>per</strong></span> <span class='ocrx_word' id='word_1_886' title='bbox 2826 4962 3060 5017; x_wconf 84' lang='lat' dir='ltr'><strong>medium</strong></span> <span class='ocrx_word' id='word_1_887' title='bbox 3088 4960 3387 5015; x_wconf 87' lang='lat' dir='ltr'><strong>exercitum</strong></span> <span class='ocrx_word' id='word_1_888' title='bbox 3415 4952 3520 5009; x_wconf 85' lang='lat' dir='ltr'><strong>sal-</strong></span> 
     </span>
    </p>
   </div>
   <div class='ocr_carea' id='block_1_111' title="bbox 1938 5048 3519 5129">
    <p class='ocr_par' dir='ltr' id='par_1_111' title="bbox 1938 5048 3519 5129">
     <span class='ocr_line' id='line_1_112' title="bbox 1938 5048 3519 5129; baseline -0.019 -1"><span class='ocrx_word' id='word_1_889' title='bbox 1938 5085 2113 5129; x_wconf 70' lang='lat' dir='ltr'><strong>vatus.</strong></span> <span class='ocrx_word' id='word_1_890' title='bbox 2155 5048 2318 5126; x_wconf 25' lang='lat' dir='ltr'><strong>&#39;Anno</strong></span> <span class='ocrx_word' id='word_1_891' title='bbox 2358 5072 2536 5120; x_wconf 91' lang='lat' dir='ltr'><strong>autem</strong></span> <span class='ocrx_word' id='word_1_892' title='bbox 2583 5057 2844 5127; x_wconf 87' lang='lat' dir='ltr'><strong>vigesimo</strong></span> <span class='ocrx_word' id='word_1_893' title='bbox 2877 5062 3070 5122; x_wconf 88' lang='lat' dir='ltr'><strong>quarto</strong></span> <span class='ocrx_word' id='word_1_894' title='bbox 3099 5049 3237 5104; x_wconf 83' lang='lat' dir='ltr'><strong>Anth</strong></span> <span class='ocrx_word' id='word_1_895' title='bbox 3283 5048 3335 5101; x_wconf 93' lang='lat' dir='ltr'><strong>in</strong></span> <span class='ocrx_word' id='word_1_896' title='bbox 3378 5055 3519 5100; x_wconf 86' lang='lat' dir='ltr'><strong>terra</strong></span> 
     </span>
    </p>
   </div>
   <div class='ocr_carea' id='block_1_112' title="bbox 1941 5137 3522 5221">
    <p class='ocr_par' dir='ltr' id='par_1_112' title="bbox 1941 5137 3522 5221">
     <span class='ocr_line' id='line_1_113' title="bbox 1941 5137 3522 5221; baseline -0.02 0"><span class='ocrx_word' id='word_1_897' title='bbox 1941 5167 2108 5221; x_wconf 72' lang='lat' dir='ltr'><strong>Iidom</strong></span> <span class='ocrx_word' id='word_1_898' title='bbox 2142 5167 2382 5216; x_wconf 69' lang='lat' dir='ltr'><strong>mortuus</strong></span> <span class='ocrx_word' id='word_1_899' title='bbox 2413 5160 2497 5209; x_wconf 87' lang='lat' dir='ltr'><strong>est</strong></span> <span class='ocrx_word' id='word_1_900' title='bbox 2522 5149 2643 5213; x_wconf 82' lang='lat' dir='ltr'><strong>Job,</strong></span> <span class='ocrx_word' id='word_1_901' title='bbox 2671 5145 2861 5201; x_wconf 86' lang='lat' dir='ltr'><strong>deinde</strong></span> <span class='ocrx_word' id='word_1_902' title='bbox 2882 5144 3185 5198; x_wconf 87' lang='lat' dir='ltr'><strong>servierunt</strong></span> <span class='ocrx_word' id='word_1_903' title='bbox 3211 5138 3320 5207; x_wconf 85' lang='lat' dir='ltr'><strong>regi</strong></span> <span class='ocrx_word' id='word_1_904' title='bbox 3345 5137 3522 5190; x_wconf 84' lang='lat' dir='ltr'><strong>Seme-</strong></span> 
     </span>
    </p>
   </div>
   <div class='ocr_carea' id='block_1_113' title="bbox 1938 5228 3523 5328">
    <p class='ocr_par' dir='ltr' id='par_1_113' title="bbox 1938 5228 3523 5328">
     <span class='ocr_line' id='line_1_114' title="bbox 1938 5228 3523 5328; baseline -0.022 -16"><span class='ocrx_word' id='word_1_905' title='bbox 1938 5273 2031 5328; x_wconf 88' lang='lat' dir='ltr'><strong>gar</strong></span> <span class='ocrx_word' id='word_1_906' title='bbox 2056 5252 2211 5310; x_wconf 90' lang='lat' dir='ltr'><strong>annis</strong></span> <span class='ocrx_word' id='word_1_907' title='bbox 2246 5264 2345 5304; x_wconf 84' lang='lat' dir='ltr'><strong>xx.</strong></span> <span class='ocrx_word' id='word_1_908' title='bbox 2388 5245 2478 5299; x_wconf 90' lang='lat' dir='ltr'><strong>hic</strong></span> <span class='ocrx_word' id='word_1_909' title='bbox 2526 5238 2725 5297; x_wconf 83' lang='lat' dir='ltr'><strong>occidit</strong></span> <span class='ocrx_word' id='word_1_910' title='bbox 2773 5251 2837 5289; x_wconf 91' lang='lat' dir='ltr'><strong>ex</strong></span> <span class='ocrx_word' id='word_1_911' title='bbox 2887 5228 3199 5299; x_wconf 90' lang='lat' dir='ltr'><strong>alienigenis</strong></span> <span class='ocrx_word' id='word_1_912' title='bbox 3249 5228 3299 5280; x_wconf 91' lang='lat' dir='ltr'><strong>iu</strong></span> <span class='ocrx_word' id='word_1_913' title='bbox 3343 5232 3523 5328; x_wconf 67' lang='lat' dir='ltr'><strong>aratro</strong></span> 
     </span>
    </p>
   </div>
   <div class='ocr_carea' id='block_1_114' title="bbox 1941 5314 3519 5415">
    <p class='ocr_par' dir='ltr' id='par_1_114' title="bbox 1941 5314 3519 5415">
     <span class='ocr_line' id='line_1_115' title="bbox 1941 5314 3519 5415; baseline -0.026 -6"><span class='ocrx_word' id='word_1_914' title='bbox 1941 5314 2103 5409; x_wconf 69' lang='lat' dir='ltr'><strong>boum</strong></span> <span class='ocrx_word' id='word_1_915' title='bbox 2130 5346 2467 5415; x_wconf 87' lang='lat' dir='ltr'><strong>octingentos</strong></span> <span class='ocrx_word' id='word_1_916' title='bbox 2491 5336 2634 5391; x_wconf 79' lang='lat' dir='ltr'><strong>viros</strong></span> <span class='ocrx_word' id='word_1_917' title='bbox 2664 5339 2719 5387; x_wconf 87' lang='lat' dir='ltr'><strong>et</strong></span> <span class='ocrx_word' id='word_1_918' title='bbox 2738 5326 2979 5385; x_wconf 63' lang='lat' dir='ltr'><strong>defundit</strong></span> <span class='ocrx_word' id='word_1_919' title='bbox 3021 5323 3158 5377; x_wconf 88' lang='lat' dir='ltr'><strong>ﬁlios</strong></span> <span class='ocrx_word' id='word_1_920' title='bbox 3202 5317 3380 5384; x_wconf 91' lang='lat' dir='ltr'><strong>Israel,</strong></span> <span class='ocrx_word' id='word_1_921' title='bbox 3428 5314 3519 5370; x_wconf 86' lang='lat' dir='ltr'><strong>de-</strong></span> 
     </span>
    </p>
   </div>
   <div class='ocr_carea' id='block_1_115' title="bbox 1939 5411 3520 5502">
    <p class='ocr_par' dir='ltr' id='par_1_115' title="bbox 1939 5411 3520 5502">
     <span class='ocr_line' id='line_1_116' title="bbox 1939 5411 3520 5502; baseline -0.026 -1"><span class='ocrx_word' id='word_1_922' title='bbox 1939 5445 2062 5502; x_wconf 88' lang='lat' dir='ltr'><strong>inde</strong></span> <span class='ocrx_word' id='word_1_923' title='bbox 2085 5441 2234 5497; x_wconf 84' lang='lat' dir='ltr'><strong>Jabis</strong></span> <span class='ocrx_word' id='word_1_924' title='bbox 2270 5411 2575 5491; x_wconf 75' lang='lat' dir='ltr'><strong>servierunt</strong></span> <span class='ocrx_word' id='word_1_925' title='bbox 2615 5425 2726 5494; x_wconf 84' lang='lat' dir='ltr'><strong>regi</strong></span> <span class='ocrx_word' id='word_1_926' title='bbox 2761 5421 3181 5487; x_wconf 77' lang='lat' dir='ltr'><strong>alienigenarum</strong></span> <span class='ocrx_word' id='word_1_927' title='bbox 3230 5411 3382 5466; x_wconf 91' lang='lat' dir='ltr'><strong>annis</strong></span> <span class='ocrx_word' id='word_1_928' title='bbox 3425 5422 3520 5467; x_wconf 82' lang='lat' dir='ltr'><strong>xx.</strong></span> 
     </span>
    </p>
   </div>
   <div class='ocr_carea' id='block_1_116' title="bbox 1942 5500 3525 5591">
    <p class='ocr_par' dir='ltr' id='par_1_116' title="bbox 1942 5500 3525 5591">
     <span class='ocr_line' id='line_1_117' title="bbox 1942 5500 3525 5591; baseline -0.023 0"><span class='ocrx_word' id='word_1_929' title='bbox 1942 5500 2038 5591; x_wconf 84' lang='lat' dir='ltr'><strong>llic</strong></span> <span class='ocrx_word' id='word_1_930' title='bbox 2076 5547 2171 5587; x_wconf 80' lang='lat' dir='ltr'><strong>rex</strong></span> <span class='ocrx_word' id='word_1_931' title='bbox 2217 5527 2435 5581; x_wconf 84' lang='lat' dir='ltr'><strong>Clianan</strong></span> <span class='ocrx_word' id='word_1_932' title='bbox 2486 5519 2583 5573; x_wconf 89' lang='lat' dir='ltr'><strong>fuit</strong></span> <span class='ocrx_word' id='word_1_933' title='bbox 2621 5513 2714 5584; x_wconf 91' lang='lat' dir='ltr'><strong>qui</strong></span> <span class='ocrx_word' id='word_1_934' title='bbox 2763 5510 3020 5580; x_wconf 85' lang='lat' dir='ltr'><strong>regnabat</strong></span> <span class='ocrx_word' id='word_1_935' title='bbox 3053 5509 3105 5562; x_wconf 92' lang='lat' dir='ltr'><strong>iu</strong></span> <span class='ocrx_word' id='word_1_936' title='bbox 3138 5500 3419 5565; x_wconf 80' lang='lat' dir='ltr'><strong>Astaroth,</strong></span> <span class='ocrx_word' id='word_1_937' title='bbox 3467 5506 3525 5554; x_wconf 90' lang='lat' dir='ltr'><strong>ct</strong></span> 
     </span>
    </p>
   </div>
   <div class='ocr_carea' id='block_1_117' title="bbox 1945 5597 3524 5698">
    <p class='ocr_par' dir='ltr' id='par_1_117' title="bbox 1945 5597 3524 5698">
     <span class='ocr_line' id='line_1_118' title="bbox 1945 5597 3524 5698; baseline -0.024 -16"><span class='ocrx_word' id='word_1_938' title='bbox 1945 5629 2197 5698; x_wconf 85' lang='lat' dir='ltr'><strong>princeps</strong></span> <span class='ocrx_word' id='word_1_939' title='bbox 2225 5614 2446 5673; x_wconf 84' lang='lat' dir='ltr'><strong>militiae</strong></span> <span class='ocrx_word' id='word_1_940' title='bbox 2470 5610 2588 5680; x_wconf 85' lang='lat' dir='ltr'><strong>ejus</strong></span> <span class='ocrx_word' id='word_1_941' title='bbox 2618 5612 2735 5661; x_wconf 87' lang='lat' dir='ltr'><strong>erat</strong></span> <span class='ocrx_word' id='word_1_942' title='bbox 2756 5604 2909 5672; x_wconf 86' lang='lat' dir='ltr'><strong>Syra.</strong></span> <span class='ocrx_word' id='word_1_943' title='bbox 2944 5600 3078 5654; x_wconf 80' lang='lat' dir='ltr'><strong>Huic</strong></span> <span class='ocrx_word' id='word_1_944' title='bbox 3100 5597 3310 5650; x_wconf 80' lang='lat' dir='ltr'><strong>inerunt</strong></span> <span class='ocrx_word' id='word_1_945' title='bbox 3333 5603 3524 5691; x_wconf 75' lang='lat' dir='ltr'><strong>currus</strong></span> 
     </span>
    </p>
   </div>
   <div class='ocr_carea' id='block_1_118' title="bbox 1942 5680 3524 5777">
    <p class='ocr_par' dir='ltr' id='par_1_118' title="bbox 1942 5680 3524 5777">
     <span class='ocr_line' id='line_1_119' title="bbox 1942 5680 3524 5777; baseline -0.023 -4"><span class='ocrx_word' id='word_1_946' title='bbox 1942 5680 2102 5772; x_wconf 63' lang='grc' dir='ltr'><strong>ἔωθε</strong></span> <span class='ocrx_word' id='word_1_947' title='bbox 2133 5680 2409 5777; x_wconf 77' lang='lat' dir='ltr'><strong>nongenti.</strong></span> <span class='ocrx_word' id='word_1_948' title='bbox 2450 5698 2650 5758; x_wconf 85' lang='lat' dir='ltr'><strong>Deinde</strong></span> <span class='ocrx_word' id='word_1_949' title='bbox 2681 5694 2926 5751; x_wconf 84' lang='lat' dir='ltr'><strong>Debbora</strong></span> <span class='ocrx_word' id='word_1_950' title='bbox 2950 5685 3205 5760; x_wconf 73' lang='lat' dir='ltr'><strong>judicavit</strong></span> <span class='ocrx_word' id='word_1_951' title='bbox 3241 5696 3334 5739; x_wconf 89' lang='lat' dir='ltr'><strong>eos</strong></span> <span class='ocrx_word' id='word_1_952' title='bbox 3368 5680 3524 5736; x_wconf 83' lang='lat' dir='ltr'><strong>annis</strong></span> 
     </span>
    </p>
   </div>
  </div>
