4000 6176
477 342 579 398 δδθ

1737 334 2039 391 ANONYMI
2079 332 2416 389 AUCTORIS
3621 336 3726 389 520

472 468 560 511 ιι..
580 454 746 522 Hujus
772 451 1096 519 temporibus
1126 450 1255 519 fugit
1283 449 1460 505 Sisara
1485 448 1535 502 in
1560 449 1717 503 domo
1735 448 1856 512 Jail,
1876 462 2031 517 quem
2070 448 2113 505 Α
2147 444 2428 508 Abiathar;
2461 445 2547 513 qui
2578 452 2631 498 et
2660 444 2744 498 hic
2767 443 3338 512 genuitAchitnelct-h,
3376 462 3403 499 a
3432 446 3730 502 Solomone

477 546 589 614 ipsa
609 544 709 599 Jail
740 543 933 598 occidit
973 542 1038 595 de
1079 542 1196 609 palu
1230 540 1547 593 taveruaculi
1577 540 1657 594 sui
1689 548 2043 607 persequente

477 634 676 689 Barach
709 632 943 702 principe
978 632 1217 684 militiae.
1252 631 1454 685 DeTnde
1482 630 1770 684 Mazanitae
1799 630 2043 683 obtinue-

480 734 602 777 runt
631 737 811 777 eorum
841 722 992 775 annis
1022 730 1318 788 septem,et
1351 734 1541 773 nomen
1564 721 1681 787 ejus
1700 729 1816 773 erat
1840 720 2040 772 Alazia.

480 813 589 867 Sub
614 814 729 879 ipso
762 810 1007 879 fugerunt
1039 810 1127 864 lilii
1160 809 1318 864 Israel
1351 810 1401 863 in
1433 809 1702 874 speluncis
1742 818 1796 863 et
1824 810 1873 862 in
1910 809 2043 862 scis-

475 902 613 956 suris
644 902 901 954 montium
947 900 1344 953 abscondebam
1388 912 1447 953 se
1498 899 1720 952 Domino
1757 897 2040 952 irasrente.

477 990 675 1044 Deinde
702 991 957 1059 judicavit
988 1005 1079 1043 eos
1109 989 1324 1044 chcon
1363 990 1519 1043 annis
1563 1004 1650 1041 xL.
1689 988 1829 1041 lilius
1857 987 2045 1040 Iliero-

476 1084 579 1150 bal,
628 1084 729 1137 soli
788 1082 931 1137 enim
981 1082 1203 1135 trecenti
1258 1081 1358 1134 viri
1410 1081 1661 1135 exeriunt
1698 1093 1819 1132 cum
1871 1092 1936 1133 eo
1977 1075 2043 1131 ad

483 1188 710 1242 pugnam
756 1174 1012 1226 adversus
1052 1172 1283 1236 Madian,
1338 1172 1428 1240 qui
1481 1170 1802 1224 lamhierunt
1853 1183 2041 1237 aquam

473 1268 611 1320 sicut
640 1281 821 1319 canes.
853 1266 1001 1319 Tunc
1028 1265 1164 1317 dixit
1197 1264 1451 1318 Dominus
1494 1265 1548 1317 in
1602 1262 1864 1317 trecentis
1913 1262 2043 1313 viris

474 1358 622 1421 solis,
650 1357 739 1425 qui
767 1356 1088 1410 lambierunt
1118 1369 1281 1421 aquas
1324 1355 1465 1407 sicut
1503 1367 1661 1407 canes
1688 1371 1699 1404 :
1731 1352 1934 1406 salvum
1970 1350 2044 1402 fa-

475 1447 610 1499 ciam
659 1446 838 1500 Israel.
893 1444 1090 1497 Deinde
1130 1442 1404 1497 Abimelec
1442 1442 1705 1511 judicavit
1743 1455 1837 1495 eos
1887 1440 2041 1494 annis

476 1537 668 1590 tribus.
717 1535 813 1588 llic
857 1535 1051 1587 occidit
1094 1548 1159 1587 ex
1200 1534 1515 1601 alienigenis
1561 1532 1705 1585 mille
1736 1532 1942 1585 animas
1986 1531 2039 1584 iu

473 1629 618 1693 igne,
650 1625 737 1692 qui
773 1618 983 1677 luerunt
1025 1624 1077 1675 in
1112 1631 1255 1675 turre
1286 1622 1658 1692 Sychimorum
1697 1620 1908 1689 quando
1958 1619 2036 1671 fu-

477 1721 661 1783 gerant
688 1728 715 1766 a
746 1714 879 1768 facie
900 1714 1015 1781 ejus
1038 1714 1087 1765 in
1118 1713 1511 1765 Achmterium.
1555 1711 1703 1764 Tunc
1743 1726 1771 1762 a
1813 1710 2039 1762 muliere

2144 535 2196 588 in
2224 535 2388 589 exilio
2418 534 2690 603 religatus,
2740 545 2795 590 et
2827 536 2903 588 Eli
2947 536 3106 589 nimis
3136 551 3303 590 senex
3335 545 3391 590 et
3428 538 3593 591 ambo
3634 540 3730 591 lilii

2144 624 2262 692 ejus
2294 632 2603 693 peccatores
2631 625 2680 677 in
2724 632 3016 692 conspectu
3051 625 3278 677 Domini.
3335 625 3446 680 lloc
3489 627 3542 678 in
3591 635 3727 680 tem.

2145 731 2273 783 pore
2306 724 2460 769 natus
2494 726 2575 769 est
2603 716 2851 781 Samuel,
2883 731 3039 784 quem
3078 716 3367 784 postulavit
3398 723 3555 770 Anna
3594 732 3733 771 uxor

2148 804 2433 881 Belchane,
2466 819 2585 858 cum
2615 813 2750 859 esset
2780 806 2978 859 sterilis
3009 816 3062 858 et
3083 806 3355 859 exaudivit
3383 822 3506 859 eam
3543 806 3732 860 Domi-

2147 908 2268 959 nus,
2296 901 2351 947 et
2391 895 2633 963 concepit
2666 904 2718 947 ct
2750 895 2948 964 peperit
2983 895 3148 948 ﬁlium
3175 902 3227 949 et
3276 898 3489 949 vocavit
3530 911 3731 950 nomen

2138 982 2259 1053 ejus
2288 984 2522 1050 Samuel,
2574 984 2776 1047 dicens,
2827 986 3080 1053 quoniam
3120 1000 3149 1038 a
3195 985 3304 1039 Deo
3338 986 3733 1055 Omnipotele

2144 1073 2273 1142 petii
2322 1073 2493 1127 illum.
2552 1073 2667 1127 Ileli
2710 1084 2882 1127 autem
2930 1074 3028 1128 fuit
3084 1078 3369 1144 nonaginta
3414 1092 3731 1139 annorum;

2144 1163 2281 1217 oculi
2312 1173 2489 1217 autem
2528 1162 2645 1231 ejus
2694 1173 2846 1217 erant
2882 1164 3092 1218 obducti
3137 1174 3191 1220 et
3228 1180 3333 1220 non
3364 1167 3646 1233 videbant,
3678 1176 3733 1222 et

2141 1254 2394 1323 judicavit
2428 1256 2672 1324 populum
2703 1256 2854 1308 annis
2879 1271 2969 1310 xx.
3024 1256 3088 1309 Et
3116 1256 3295 1311 audito
3339 1259 3527 1312 nuntio
3579 1258 3729 1327 quod

2143 1355 2293 1414 capta
2316 1347 2385 1400 sit
2410 1347 2474 1401 ab
2499 1346 2760 1414 allophilis
2802 1360 2923 1399 arca
2961 1347 3189 1410 Domini,
3230 1348 3426 1402 cecidit
3463 1348 3532 1402 de
3562 1350 3726 1414 sella,

2142 1442 2198 1489 et
2224 1443 2463 1487 mortuus
2494 1443 2595 1489 est.
2621 1435 2770 1488 Tunc
2802 1434 3012 1489 Samuel
3051 1436 3303 1489 successit
3331 1436 3401 1500 ei,
3432 1447 3486 1491 et
3512 1437 3731 1505 judica-

2143 1525 2215 1579 vit
2248 1524 2405 1578 Israel
2435 1526 2590 1578 annis
2623 1540 2709 1578 xx.
2752 1526 2847 1578 Ilic
2876 1526 3091 1580 Samuel
3123 1530 3306 1596 genuit
3335 1528 3499 1595 filios,
3553 1544 3728 1582 unum

2145 1616 2359 1669 nomine
2388 1616 2527 1683 Joel,
2560 1615 2718 1669 alium
2748 1630 2875 1669 vero
2912 1616 3190 1670 Abiathar.
3234 1616 3593 1683 Temporibus
3630 1633 3729 1671 au-

2146 1715 2248 1759 tem
2273 1705 2388 1770 ejus
2417 1714 2535 1773 post
2562 1704 2923 1774 captivitatem
2955 1721 3092 1760 arcae
3122 1706 3189 1760 ab
3203 1706 3729 1776 allophilis,qnando

477 1820 756 1875 percussus
809 1806 1034 1875 lapidem
1089 1807 1230 1859 mole
1278 1814 1518 1858 mortuus
1543 1813 1645 1860 est.
1700 1802 1901 1856 Deinde
1928 1802 2037 1855 Fua
2070 1793 2113 1853 Β
2143 1795 2305 1847 occisi
2354 1802 2479 1847 sunt
2507 1794 2736 1849 Phinees
2783 1804 2836 1849 et
2874 1794 2995 1848 Ol‘ni
3049 1794 3139 1849 lilii
3175 1795 3275 1848 Eli.
3322 1797 3471 1849 Tunc
3500 1805 3554 1850 et
3585 1800 3729 1862 ipse,

478 1896 619 1949 [ilius
646 1894 899 1950 Charram
922 1896 1180 1966 judicavit
1204 1908 1298 1948 eos
1326 1896 1479 1949 annis
1511 1910 1601 1947 xx.
1639 1893 1735 1947 llic
1760 1892 2034 1945 habitabat

478 1989 530 2040 in
562 1995 740 2041 monte
772 1987 972 2041 Efrcm.
1012 1987 1124 2042 Sub
1152 1988 1301 2055 cujus
1334 1994 1539 2053 tempus
1574 2000 1675 2052 pax
1718 1984 2035 2047 abundavit,

479 2082 533 2129 et
571 2090 674 2129 non
710 2076 810 2130 fuit
834 2077 1034 2131 bellum
1068 2078 1119 2129 in
1150 2076 1337 2130 Israel.
1385 2075 1587 2130 Deinde
1614 2076 1745 2129 Tole
1780 2075 2039 2144 judicavit

478 2178 568 2219 eos
596 2166 750 2218 annis
776 2181 861 2219 xx.
890 2165 1114 2220 duobus.
1140 2166 1339 2220 Deinde
1365 2163 1752 2233 .Iairjudicavit
1777 2162 1932 2218 annis
1947 2180 2035 2217 xx.

479 2255 701 2310 duobus.
730 2255 861 2309 IIuic
891 2266 1040 2311 erant
1072 2257 1166 2310 lilii
1185 2255 1669 2310 xxx.ascendentes
1696 2271 1819 2308 xxx.
1850 2269 2037 2323 equos,

478 2353 529 2399 et
555 2354 706 2399 erant
737 2346 816 2400 eis
846 2361 975 2399 xxv.
1007 2347 1269 2412 civitates,
1320 2362 1455 2414 quae
1480 2346 1796 2401 dicebantur
1820 2346 2037 2400 Abotthi

479 2433 566 2489 lar
608 2435 662 2487 iu
707 2433 993 2489 Galatidin.
1050 2435 1253 2489 Deinde
1300 2435 1568 2489 Philistini
1614 2444 1669 2489 et
1708 2437 2043 2490 Ammanitae

479 2523 823 2579 obtinuerunt
852 2538 1036 2577 eorum
1067 2525 1223 2590 annis
1261 2524 1446 2580 decem
1476 2534 1528 2578 et
1549 2534 1691 2590 octo,
1726 2525 1825 2579 sub
1857 2540 2041 2579 eorum

481 2612 714 2682 pondera
741 2613 1202 2681 proclamaverunt
1231 2613 1323 2668 lilii
1347 2613 1508 2669 Israel
1533 2617 1598 2668 ad
1628 2616 1905 2669 Dominum
1938 2630 2045 2669 non

480 2702 645 2758 semel
675 2702 767 2757 sed
795 2704 1029 2772 saepius,
1058 2711 1114 2758 et
1145 2705 1228 2758 vix
1264 2718 1359 2760 eos
1392 2704 1459 2760 de
1487 2704 1736 2774 periculis
1777 2705 2040 2759 liberavit.

481 2793 680 2848 Deinde
704 2791 893 2861 .Iephta
925 2792 991 2847 de
1015 2792 1211 2847 Galaad
1236 2793 1495 2863 judicavit
1521 2809 1614 2849 eos
1643 2796 1794 2848 annis
1818 2804 2045 2864 septem.

483 2883 581 2937 llic
609 2883 677 2936 ab
703 2884 873 2937 Areer
909 2896 1075 2952 usque
1097 2882 1220 2936 dum
1264 2886 1507 2937 veniatur
1534 2884 1838 2938 Maratthaei
1880 2898 2048 2952 usque

483 2972 737 3027 Abeltbar
764 2987 859 3026 xx.
888 2973 1129 3026 civitates
1157 2975 1325 3026 Amon
1353 2975 1541 3028 evertit
1568 2988 1685 3027 cum
1717 2975 1923 3042 pOptlIis
1953 2987 2049 3028 eo-

482 3073 619 3117 rum.
652 3063 873 3130 Quando
911 3077 1158 3118 reversus
1197 3078 1344 3118 suam
1384 3064 1599 3119 domum
1637 3065 1828 3119 obtulit
1865 3064 2045 3118 tiliam.

2144 1884 2326 1937 audito
2357 1883 2563 1953 nuntio,
2596 1893 2839 1939 mortuus
2882 1893 2986 1951 est,
3023 1892 3075 1938 et
3113 1899 3143 1938 a
3170 1885 3413 1954 gentibus
3443 1888 3577 1939 Area
3610 1889 3732 1939 fue-

2145 1986 2226 2026 rat
2253 1974 2578 2042 deprmdata.
2610 1974 2735 2029 Post
2764 1974 2989 2030 reditum
3017 1975 3133 2044 ejus
3164 1986 3390 2045 quatuor
3432 1976 3547 2030 loca
3598 1992 3733 2031 san-

2144 2065 2369 2119 ctiﬁcata
2399 2066 2627 2132 fuerant,
2651 2081 2769 2135 qua:
2787 2066 3047 2121 circuibat
3074 2067 3309 2132 Samuel,
3339 2067 3477 2121 idest
3502 2068 3729 2135 Bethel,

2144 2170 2262 2223 qua:
2308 2156 2499 2209 dicitur
2538 2154 2703 2218 Luxa,
2753 2156 2842 2211 ubi
2887 2156 3031 2211 visus
3073 2166 3154 2211 est
3182 2158 3321 2210 Deus
3347 2160 3412 2211 ab
3444 2157 3636 2223 Iacob,
3666 2168 3732 2213 et

2145 2243 2382 2312 Galgala,
2406 2245 2491 2299 ubi
2520 2245 2854 2299 circumcidit
2884 2245 3082 2300 Jhcsus
3106 2248 3356 2315 pOpulum
3384 2257 3566 2301 contra
3598 2249 3733 2303 Ilie-

2147 2336 2279 2400 rico,
2307 2346 2357 2391 et
2389 2336 2629 2402 Masclht,
2656 2338 2743 2391 ubi
2767 2338 2958 2391 obtulit
3004 2338 3163 2391 tiliam
3212 2353 3359 2392 suam
3404 2339 3623 2408 Jephta,
3670 2348 3733 2394 et

2146 2424 2400 2479 Armaten
2430 2426 2483 2479 in
2514 2426 2674 2481 domo
2702 2440 2818 2494 sua,
2850 2427 2940 2481 ubi
2963 2426 3161 2481 fecerat
3185 2428 3430 2482 altarium
3463 2429 3608 2493 Deo;
3640 2444 3734 2481 sa-

2146 2519 2336 2572 cerdos
2366 2521 2504 2573 enim
2536 2519 2632 2573 fuit
2672 2519 2839 2588 judex
2884 2527 2939 2575 et
2982 2520 3259 2589 propheta,
3316 2521 3407 2575 sed
3436 2521 3555 2574 ideo
3584 2521 3735 2576 inter

2147 2610 2454 2664 sacerdotes
2483 2623 2512 2663 a
2552 2610 2703 2664 nobis
2753 2623 2857 2663 non
2910 2620 2993 2665 est
3042 2612 3335 2675 immissus,
3391 2625 3567 2679 neque
3621 2610 3733 2676 Eli,

2147 2698 2268 2769 quia
2299 2699 2436 2753 inter
2464 2697 2681 2753 Judiccs
2710 2706 3106 2767 computantur.
3150 2699 3247 2753 Ilic
3289 2700 3432 2752 enim
3479 2699 3735 2753 conclusi

2150 2800 2272 2843 sunt
2298 2788 2545 2843 Iudicum
2586 2788 2711 2842 anni
2754 2788 3032 2858 quingenti
3081 2790 3351 2858 sexaginta
3400 2804 3538 2843 unus
3588 2788 3737 2844 initii

2150 2878 2471 2946 captivitatis
2495 2877 2933 2946 alienigenarum.
2981 2877 3109 2933 Post
3136 2878 3276 2932 hunc
3327 2887 3504 2947 autem
3554 2876 3737 2933 laetus

2152 2976 2234 3024 cst
2278 2968 2402 3023 Saul
2450 2967 2584 3032 Rex,
2634 2981 2792 3036 quem
2853 2966 3109 3021 Dominus
3159 2969 3208 3021 in
3261 2967 3366 3021 bile
3402 2982 3495 3021 sua
3527 2969 3737 3036 populo

2154 3058 2315 3113 Israel
2336 3056 2578 3125 dederat,
2609 3071 2703 3122 per
2732 3070 2922 3110 manus
2951 3056 3157 3111 scilicet
3185 3056 3446 3111 Samuelis
3478 3066 3737 3120 unctum,

483 3154 684 3210 Deinde
732 3155 909 3210 Usbon
949 3155 1088 3210 [ilius
1126 3156 1288 3211 Israel
1325 3156 1581 3225 judicavit
1623 3171 1716 3212 eos
1762 3158 1915 3211 annis
1958 3173 2047 3211 vn.
2079 3140 2126 3202 C
2156 3164 2274 3204 cum
2302 3148 2750 3219 quererctasinas
2774 3148 2938 3217 Pall‘is
2985 3149 3068 3202 SUi
3099 3147 3212 3212 Cis.
3258 3146 3347 3215 (illi
3396 3148 3655 3215 τεειιεινῖι
3682 3148 3736 3200 in

484 3244 581 3299 Ilic
604 3258 669 3299 ex
695 3244 931 3300 Bethlem
966 3246 1061 3300 fuit
1085 3254 1139 3300 et
1163 3257 1315 3301 erant
1342 3247 1388 3301 ei
1411 3262 1538 3301 xxx.
1562 3248 1654 3301 lilii
1686 3255 1738 3302 et
1766 3263 1888 3301 xxx.
1916 3248 2053 3302 tiliae

484 3331 732 3388 dimissae
752 3335 896 3399 foris,
928 3341 981 3388 et
1007 3349 1128 3388 xxx.
1147 3350 1338 3389 uxores
1366 3336 1518 3388 duxit
1545 3334 1671 3389 ﬁliis
1692 3338 1803 3388 suis
1831 3344 1884 3389 et
1910 3350 2053 3389 mor-

485 3430 608 3476 tuus
639 3431 719 3475 est
748 3430 801 3475 et
832 3423 1069 3489 sepultus
1108 3429 1190 3476 est
1229 3424 1280 3475 in
1321 3423 1610 3476 Bethleem.
1657 3423 1857 3477 Deinde
1902 3424 2052 3477 Elom

486 3509 743 3579 judicavit
783 3523 873 3563 eos
907 3510 1058 3563 annis
1102 3526 1157 3563 x.
1208 3512 1305 3565 liic
1362 3512 1510 3565 Elom
1551 3512 1891 3566 ZabuIOnites
1932 3512 2054 3580 fuit,

486 3609 766 3669 propterea
791 3601 842 3653 in
867 3608 1005 3653 terra
1025 3601 1262 3667 sepultus
1279 3601 1622 3656 estZabu'on.
1648 3603 1846 3657 Deinde
1867 3603 2053 3657 Abdon

488 3689 742 3761 judicavit
787 3703 883 3743 eos
928 3690 1085 3741 annis
1124 3696 1266 3759 octo,
1323 3690 1463 3743 Illius
1523 3691 1619 3744 luit
1670 3691 2052 3746 Farathonites.

491 3782 625 3835 Iluic
653 3789 805 3834 erant
833 3778 1177 3848 quadraginta
1210 3778 1327 3843 lilii,
1371 3792 1423 3833 et
1463 3795 1591 3832 xxx.
1622 3789 1842 3849 nepotes
1870 3795 2056 3834 ascen-

489 3871 677 3926 dentes
699 3870 1033 3940 scptuaginta
1059 3884 1245 3938 equos.
1282 3869 1517 3923 Mortuus
1547 3878 1601 3923 et
1629 3871 1869 3937 sepultus
1896 3879 1978 3924 est
2006 3872 2054 3923 in

491 3958 759 4015 Farathou
810 3960 861 4012 in
906 3968 1043 4012 terra
1082 3956 1261 4012 Efrem
1306 3958 1358 4013 in
1403 3966 1582 4011 monte
1609 3957 1805 4013 Elieth.
1858 3959 2057 4013 Deinde

487 4049 818 4118 alienigenae
846 4046 1193 4102 obtinuerunt
1226 4061 1319 4101 eos
1352 4049 1506 4102 annis
1538 4065 1645 4114 u..,
1695 4064 1791 4118 pro
1827 4064 1892 4103 eo
1917 4047 2057 4117 quod

489 4142 945 4194 exacerbaverunt
976 4138 1277 4202 Dominum,
1315 4144 1368 4193 et
1393 4139 1569 4192 traditi
1597 4149 1719 4191 sunt
1740 4138 2056 4203 Chanancis,

491 4231 579 4299 qui
611 4230 976 4284 inhabitabant
1000 4229 1247 4295 Ascalon,
1300 4228 1518 4292 Gerara,
1551 4228 1720 4296 Gaza,
1751 4229 1975 4294 Azontu,
2007 4238 2061 4284 ct

492 4319 627 4374 Gcth
651 4319 881 4387 quinque
901 4319 1167 4382 civitates,
1190 4334 1319 4388 quas
1340 4318 1556 4371 lnatl-eu
1580 4320 1716 4372 (ilius
1743 4320 2059 4372 Mazhathiac

492 4409 830 4476 expugnavit.
868 4408 1068 4463 Deinde
1097 4408 1325 4463 Samson
1352 4409 1684 4463 [iliusllanoe
1709 4419 1761 4464 et
1786 4424 1920 4464 uxor
1944 4412 2060 4482 ejus

2156 3241 2316 3295 Israel
2362 3240 2517 3293 annis
2560 3255 2646 3293 xc.
2693 3242 2910 3292 Bamma
2964 3238 3107 3293 enim
3154 3237 3349 3291 dicitur
3396 3237 3613 3301 civitas,
3646 3238 3737 3292 ubi

2157 3341 2346 3385 unctus
2374 3339 2450 3384 est
2486 3330 2585 3385 iste
2614 3329 2762 3385 Saul.
2815 3328 2916 3395 Qui
2960 3327 3087 3383 Saul
3134 3326 3319 3380 habuit
3364 3340 3595 3381 uxorem
3640 3343 3737 3380 no-

2158 3423 2298 3475 mine
2328 3421 2549 3474 Achitna
2575 3437 2589 3485 ;
2616 3434 2681 3475 ex
2699 3419 2797 3474 hac
2818 3418 3001 3489 genuit
3021 3417 3304 3472 Ionatham
3327 3417 3514 3471 Jesiul.
3546 3417 3737 3483 Esbal,

2157 3509 2453 3576 Memtibos,
2507 3519 2560 3563 et
2589 3522 2805 3576 sorores
2834 3519 3021 3562 eorum
3063 3506 3245 3562 Merob
3289 3514 3343 3562 et
3389 3506 3653 3571 Melchol,
3687 3515 3737 3562 et

2158 3602 2299 3654 lilius
2328 3600 2573 3654 .louatha:
2602 3598 2931 3654 Memﬁboste
2951 3597 3136 3667 genuit
3163 3598 3361 3652 Macca.
3411 3597 3540 3652 Post
3587 3598 3739 3654 hunc

2158 3694 2395 3761 regnavit
2445 3692 2609 3746 David
2661 3692 2713 3744 in
2756 3690 2920 3745 Israel
2960 3691 3113 3744 annis
3146 3705 3231 3745 ιι..
3274 3698 3328 3745 et
3368 3704 3583 3745 menses
3615 3705 3739 3745 sex.

2160 3786 2300 3838 Inter
2324 3783 2535 3838 Samuel
2566 3791 2743 3836 autem
2776 3789 2830 3836 et
2861 3780 3024 3834 David
3054 3780 3179 3834 anni
3206 3788 3333 3833 sunt
3363 3796 3451 3834 ιι..
3501 3778 3739 3849 Tempo-

2157 3873 2305 3927 ribus
2332 3887 2517 3927 eorum
2549 3880 2699 3926 erant
2730 3872 3046 3927 sacerdotes
3089 3870 3412 3926 tabernaculi
3441 3868 3739 3924 testimonii

2159 3964 2344 4018 decem
2388 3963 2554 4016 millia
2597 3962 2813 4016 ducenti
2862 3962 3158 4031 sexaginta,
3207 3969 3263 4015 et
3291 3960 3489 4015 Levita:
3517 3969 3739 4015 centum

2159 4053 2437 4107 duodecim
2470 4052 2660 4105 millia.
2703 4050 3041 4106 sacerdotum
3074 4062 3251 4105 autem
3280 4058 3431 4104 erant
3464 4049 3737 4118 principe:

2160 4144 2345 4213 viginti
2377 4154 2638 4213 quatuor;
2686 4144 2777 4212 qui
2810 4152 2933 4196 sunt
2982 4145 3221 4198 seniores
3249 4142 3435 4212 viginti
3483 4152 3737 4210 quatuor,

2159 4243 2212 4288 et
2243 4235 2339 4288 ista
2372 4233 2581 4286 nomina
2607 4248 2815 4287 eorum.
2854 4233 2929 4286 Ex
2954 4247 3149 4301 genere
3170 4231 3311 4285 enim
3335 4240 3486 4284 erant
3513 4230 3737 4283 Eleazar

2159 4334 2213 4377 ct
2239 4325 2469 4377 Ithamar
2500 4323 2726 4377 ﬁliorum
2756 4324 2951 4375 Aaron.
3001 4321 3174 4375 Prima
3211 4335 3325 4375 sors
3352 4319 3541 4384 alarim,
3593 4320 3737 4375 unde

2163 4413 2262 4469 l‘uit
2285 4414 2629 4477 Matltathias;
2651 4413 2880 4468 secunda
2906 4412 3079 4477 Bidte',
3112 4412 3521 4475 tertiaChoreb;
3550 4420 3737 4479 quarta

495 4498 697 4568 Dalyla,
727 4498 985 4568 judicavit
1017 4513 1109 4553 eos
1137 4500 1290 4554 annis
1324 4516 1411 4553 xx.
1441 4500 1607 4570 Cujus
1634 4503 1803 4556 virtus
1832 4517 1935 4557 non
1968 4520 2062 4573 po-
2089 4484 2140 4543 D
2163 4506 2386 4570 Seroib;
2439 4507 2623 4573 quinta
2669 4504 2855 4557 biit-lite
2882 4520 2895 4567 ;
2955 4511 3103 4557 sexta
3142 4501 3416 4556 Beniamin
3444 4543 3458 4563 ,
3508 4500 3735 4569 septima

495 4598 627 4645 terat
675 4590 1073 4658 comprehendi,
1119 4592 1206 4658 qui
1254 4591 1369 4659 plus
1414 4593 1608 4646 occidit
1654 4594 1704 4646 in
1752 4603 1923 4649 morte
1963 4610 2057 4650 sua

493 4697 651 4751 quam
696 4683 833 4750 quod
876 4683 927 4736 in
964 4684 1068 4736 vita
1115 4698 1230 4736 sua.
1286 4684 1483 4737 Deinde
1529 4684 1767 4741 Samiera
1803 4688 2061 4756 judicavit

495 4787 588 4824 eos
615 4787 755 4825 anno
782 4787 906 4826 uno.
941 4772 1036 4826 IIic
1062 4774 1324 4840 percussit
1357 4788 1420 4828 ex
1457 4774 1737 4844 Allophilis
1775 4787 2059 4834 sexcentos

495 4862 640 4914 virus
668 4871 874 4929 praeter
896 4863 1131 4930 jumenta
1164 4874 1216 4918 et
1243 4866 1445 4918 salvum
1490 4866 1613 4920 fecit
1646 4876 1697 4921 et
1730 4868 1842 4935 ipse
1873 4869 2054 4924 Israel.

496 4952 697 5005 Deinde
728 4966 905 5019 pacem
939 4952 1237 5007 habuerunt
1260 4954 1412 5007 annis
1443 4970 1568 5009 xxx.
1610 4957 1703 5011 llis
1735 4960 2059 5025 temporibus

498 5057 601 5097 non
634 5053 746 5097 οιςιι
774 5045 876 5097 dux
907 5044 959 5098 in
989 5043 1147 5097 Israel
1167 5084 1180 5109 ,
1209 5052 1261 5096 et
1289 5046 1647 5114 unusquisque
1680 5048 1820 5114 quod
1853 5050 2061 5104 volebat

497 5132 599 5187 hoc
635 5131 874 5187 faciebat.
915 5132 1065 5187 Tunc
1100 5133 1268 5187 tribus
1308 5132 1584 5186 Beniamin
1633 5135 1967 5204 delinquerat
2007 5141 2057 5193 in

494 5224 634 5278 Iacto
664 5224 1057 5279 Sodomitarum
1089 5234 1140 5278 et
1166 5224 1503 5278 exterminati
1526 5237 1647 5279 sunt
1670 5242 1699 5280 a
1720 5227 1843 5282 [iliis
1872 5229 2055 5298 Israel,

493 5324 543 5368 et
567 5314 805 5369 derelicti
836 5324 959 5367 sunt
984 5314 1081 5368 viri
1110 5315 1367 5381 sexcenti,
1402 5316 1490 5385 qui
1521 5317 1762 5386 fugerant
1788 5330 1844 5371 ut
1866 5323 2058 5377 evade-

494 5414 632 5457 rent.
678 5403 878 5459 Deindc
922 5405 1002 5458 Eli
1041 5404 1312 5469 sacerdos,
1343 5407 1432 5474 qui
1468 5405 1636 5461 fuerat
1673 5408 1725 5461 in
1758 5407 1940 5477 Selon,
1971 5411 2057 5466 ubi

492 5512 614 5552 arca
642 5497 735 5552 Dei
764 5498 1049 5553 conSIituta
1090 5508 1206 5553 erat
1262 5508 1315 5554 et
1352 5499 1441 5554 lilii
1483 5500 1597 5569 ejus
1624 5500 1743 5556 Olni
1775 5513 1827 5557 et
1869 5503 2060 5559 Finees

492 5589 793 5645 sacerdotes
836 5591 1066 5646 Domini.
1115 5589 1304 5645 Finecs
1335 5605 1462 5646 vero
1501 5592 1684 5661 genuit
1728 5594 1956 5649 Achitob
2006 5605 2062 5652 et

493 5678 854 5755 Bcriochabel,
895 5684 984 5755 qui
1016 5683 1247 5740 Achitob
1275 5685 1611 5754 Abimclecb,
1664 5694 1718 5742 et
1759 5687 1845 5743 hic
1875 5691 2058 5760 genuit

2165 4598 2373 4661 Chons;
2431 4606 2615 4650 octava
2670 4595 2821 4657 Abia,
2867 4594 3010 4647 unde
3062 4593 3159 4646 fuit
3210 4592 3558 4656 Zaccharias;
3594 4606 3736 4644 nona

2168 4688 2290 4742 Jesu
2317 4704 2331 4752 ;
2364 4687 2568 4739 decima
2594 4684 2909 4748 .lecchenir;
2956 4684 3233 4737 undecima
3261 4680 3460 4735 Enas‘b
3484 4697 3497 4745 ;
3528 4681 3735 4734 duode-

2165 4780 2304 4833 cinia
2335 4775 2556 4830 Jachib:
2617 4774 2981 4829 tertiadecima
3028 4772 3282 4835 Chobra;
3339 4769 3735 4840 quartadecima

2168 4871 2313 4935 lsba;
2365 4869 2759 4939 qu'ntadecima
2806 4868 3025 4930 Banne;
3071 4864 3431 4920 sextadecitna
3478 4863 3733 4925 Entmer;

2163 4962 2598 5028 septimadecima
2634 4958 2864 5023 Chczir;
2899 4956 3289 5012 octavadecima
3318 4953 3543 5017 Afesor;
3571 4966 3733 5005 nona-

2163 5052 2371 5106 decima
2402 5051 2638 5113 Phaner;
2682 5049 2934 5116 vigesima
2976 5044 3255 5109 Ezechiel;
3302 5043 3731 5112 vigesimaprima

2163 5145 2361 5207 Aeliin;
2398 5138 2892 5211 \igesimasccunda
2920 5137 3165 5202 Samuel;
3198 5135 3609 5206 vigesimatcrtia
3635 5134 3726 5183 Da-

2161 5235 2240 5291 lea
2262 5252 2275 5300 ;
2300 5234 2743 5303 vigesimaquarta
2772 5232 2958 5287 Malia.
2991 5231 3052 5284 Ili
3083 5237 3206 5284 sunt
3236 5244 3377 5283 xxiv.
3403 5240 3537 5297 quos
3568 5225 3729 5279 David

2163 5325 2531 5381 sacerdotibus
2578 5330 2944 5392 prmposuetat
2989 5320 3279 5387 p'incijes.
3328 5317 3553 5384 Quando
3586 5315 3727 5368 enim

2163 5418 2230 5471 de
2260 5415 2419 5469 domo
2451 5414 2653 5469 Abitlda
2684 5412 2866 5467 retulit
2909 5426 3084 5463 arcani
3116 5416 3167 5463 te
3202 5408 3440 5473 tamenti,
3480 5415 3529 5462 et
3559 5405 3728 5473 posuit

2163 5521 2282 5563 eam
2313 5507 2365 5559 in
2394 5505 2519 5560 Sion
2560 5505 2615 5557 in
2647 5504 2807 5558 domo
2843 5502 3159 5567 Antinadab,
3205 5510 3259 5554 ct
3302 5500 3424 5554 inde
3466 5496 3728 5552 transtulit

2162 5614 2298 5663 eam,
2331 5606 2383 5652 et
2407 5593 2577 5665 posuit
2607 5610 2723 5650 eam
2767 5595 2821 5648 in
2852 5594 3011 5649 domo
3041 5608 3157 5656 sua,
3195 5604 3319 5647 tunc
3351 5593 3447 5646 bos
3476 5589 3722 5645 sacerdo-

2167 5692 2305 5747 tibus
2331 5690 2602 5760 principes
2627 5686 2935 5755 constituit,
2964 5688 3052 5757 qui
3085 5686 3446 5757 praeedcrcnt
3480 5684 3719 5754 populum
