4000 6176
214 332 306 391 Eli

1111 326 1198 382 DE
1239 318 1687 381 GENEALUGIIS
1728 317 2313 374 PATRIARCHARUM
2352 319 2551 373 LIBER

3358 325 3465 381 542

213 456 333 504 ante
362 457 542 500 arcam
570 442 899 508 testamenti,
934 446 987 495 et
1024 439 1221 495 Levita:
1270 438 1483 493 fuerunt
1516 449 1663 490 xxtv.
1692 430 1780 501 qui
1812 433 1859 491 Α
1892 434 2104 500 quando
2132 436 2292 489 occisi
2333 445 2456 491 sunt
2486 436 2705 492 trecenti
2746 438 3125 508 quinquaginta
3153 442 3462 497 sacerdotes

212 537 415 593 Levitis
434 532 788 601 imperabant,
817 546 881 585 ex
909 544 1106 600 genere
1127 530 1268 583 enim
1302 537 1454 582 erant
1480 528 1628 587 Caat,
1653 526 1787 578 Ges-

210 642 332 693 son,
384 623 709 687 Elmenerii;
763 635 883 674 nam
927 634 1089 686 super
1141 633 1235 673 eos
1267 621 1476 671 fuerant
1512 623 1784 685 quattuor,

210 730 437 786 quorum
467 712 680 769 nomina
714 712 829 766 inec
855 721 999 765 sunt.
1041 709 1254 763 Primus
1293 709 1480 770 Eman,
1522 706 1786 759 secundus

209 809 359 874 ASaf,
391 807 581 862 tertius
609 805 825 868 lditum,
866 812 1089 873 quartus
1119 800 1353 864 Etham;
1392 799 1489 853 fuit
1532 808 1788 852 numerus

210 901 448 968 ipsorum
478 910 598 950 cum
630 894 881 948 fratribus
916 894 1154 963 ipsorum
1185 889 1328 945 docti
1360 898 1575 944 cantare
1605 888 1787 941 Domi-

208 1004 299 1054 no,
328 987 507 1043 omnis
536 986 625 1057 qui
653 984 919 1052 intelligit,
952 983 1170 1038 ducenti
1200 982 1467 1050 octoginta
1501 988 1645 1033 octo.
1679 980 1782 1031 Ac-

206 1085 466 1147 ceperunt
492 1076 653 1131 etiam
676 1074 775 1143 ipsi
805 1083 981 1127 sortes
1002 1072 1211 1125 diurna:
1233 1069 1596 1139 apparitiones
1628 1067 1783 1137 juxta

205 1179 461 1235 maguum
504 1172 557 1217 et
596 1163 745 1231 juxta
795 1161 1039 1227 pusillum
1086 1159 1445 1227 perfecturum
1482 1165 1536 1212 et
1569 1156 1783 1211 disceu-

173 1256 376 1331 Jium;
408 1252 608 1308 excidit
651 1264 771 1306 sors
808 1251 974 1319 prima
1016 1250 1245 1303 ﬁliorum
1290 1248 1407 1316 ejus
1452 1256 1505 1302 et
1557 1248 1781 1302 fratrum

204 1346 323 1415 ejus
344 1345 512 1413 ipsius
536 1342 736 1411 Asaph,
758 1342 832 1394 illi
861 1340 1057 1408 Joseph
1088 1339 1220 1408 ipse,
1245 1345 1300 1393 et
1328 1337 1421 1391 ﬁlii
1453 1337 1568 1405 ejus
1603 1346 1657 1391 et
1683 1336 1789 1389 fra-

205 1444 315 1490 tres
345 1435 462 1504 ejus
491 1433 797 1487 duodecim:
838 1430 1118 1487 Secundus
1163 1428 1415 1482 Godolias
1459 1428 1553 1483 lilii
1593 1428 1709 1497 ejus
1732 1438 1786 1482 et

204 1526 399 1580 fratres
425 1524 541 1593 ejus
566 1523 869 1580 duodecim.
902 1521 1116 1576 Tertius
1158 1519 1420 1585 Zaccbur,
1466 1518 1562 1573 lilii
1591 1520 1707 1587 ejus
1734 1526 1788 1574 et

204 1614 399 1669 fratres
431 1614 549 1682 ejus
584 1612 887 1668 duodecim.
927 1612 1161 1678 Quartus
1195 1610 1394 1677 Jesdri,
1441 1610 1537 1664 lilii
1580 1610 1696 1679 ejus
1734 1618 1788 1664 et

204 1706 403 1763 fratres
433 1707 550 1776 ejus
572 1721 662 1759 xu.
695 1705 921 1771 Quintus
943 1703 1216 1764 Natanlas,
1251 1702 1342 1755 ﬁlii
1366 1702 1481 1770 ejus
1506 1710 1562 1755 et
1593 1700 1787 1756 fratres

1887 539 1915 576 a
1950 525 2090 579 Duec
2120 526 2277 596 Syro,
2310 543 2465 597 quem
2498 544 2589 582 rex
2627 530 2751 584 Saul
2784 530 3041 585 miserat:
3069 532 3147 587 De
3181 533 3296 601 ipso
3330 535 3462 589 dixit

1890 616 2054 670 David
2084 618 2149 671 ad
2175 618 2298 672 Saul
2330 634 2344 671 :
2378 619 2607 675 dilexisti
2634 622 2889 675 malitiam
2915 636 3074 689 super
3098 623 3384 677 bonitatem
3409 634 3463 679 et

1887 704 2218 774 iniquitatem
2256 722 2416 775 super
2445 724 2603 777 quam
2632 710 2865 778 loqueris
2900 710 3159 777 justitiam
3204 710 3463 767 callidita-

1886 803 1992 851 tem
2020 799 2159 853 Doec
2189 800 2308 870 Syri
2341 801 2571 866 incusat,
2623 801 2712 869 qui
2743 815 2801 856 se
2823 802 3022 870 justum
3048 802 3100 856 in
3127 804 3463 859 sermonibus

1886 886 2312 957 demonstrabat,
2343 898 2398 945 et
2422 891 2756 960 iniquitatem
2793 893 2935 947 circa
2968 894 3279 948 innocentes
3302 908 3461 949 exer-

1885 980 2017 1033 cuit.
2048 978 2112 1031 Et
2144 981 2335 1033 iterum
2380 980 2615 1034 dilexisti
2645 981 2819 1035 omnia
2850 982 3007 1036 verba
3040 984 3331 1052 praecipitii
3361 985 3461 1039 lino

1888 1083 1989 1137 gua
2012 1068 2256 1133 Subdola,
2303 1070 2493 1137 quibus
2529 1070 2774 1125 incautos
2812 1071 2989 1126 subito
3009 1073 3202 1141 dejccit
3230 1074 3281 1127 in
3312 1088 3459 1129 mor-

1890 1168 2016 1212 tem.
2050 1159 2143 1213 Hic
2169 1168 2343 1214 autem
2369 1160 2645 1226 Ahiathar,
2678 1162 2767 1230 qui
2801 1169 2925 1215 tunc
2948 1178 2977 1215 a
3001 1172 3171 1219 morte
3195 1175 3460 1233 evaserat,

1891 1256 2110 1318 propter
2130 1249 2348 1303 Orniam
2374 1265 2401 1303 a
2433 1250 2724 1307 Salomone
2753 1253 3035 1323 relegatur,
3066 1264 3123 1310 ut
3167 1258 3459 1312 secundum

1889 1338 2209 1392 sententiam
2258 1340 2465 1393 Domini
2515 1342 2690 1395 nullus
2746 1357 2809 1396 ex
2860 1342 3065 1397 semine
3097 1345 3176 1398 Eli
3215 1346 3267 1400 in
3302 1347 3462 1401 domo

1892 1430 2101 1484 Domini
2132 1432 2450 1485 Sacriﬁcium
2473 1434 2892 1491 administraret.
2917 1438 3144 1504 Quintus
3174 1439 3459 1507 Aphatias;

1890 1529 2073 1573 sextus
2108 1521 2387 1585 Ethoram,
2418 1530 2472 1576 et
2503 1523 2737 1577 Thamar
2781 1540 2936 1579 soror
2966 1527 3284 1583 Abessalon.
3332 1528 3462 1583 Nam

1891 1610 1942 1662 in
1986 1609 2318 1663 Hierusalem
2368 1612 2434 1665 de
2485 1612 2715 1667 Bersabe
2763 1614 2919 1668 Uriae
2961 1616 3129 1671 Cettei
3176 1618 3371 1673 Saman
3414 1628 3465 1676 et

1889 1699 2071 1755 Soban
2101 1700 2191 1755 ﬁlii
2223 1710 2348 1755 sunt
2372 1703 2558 1772 David,
2588 1707 2778 1760 fratres
2810 1706 3112 1762 Salomonis
3145 1719 3199 1764 et
3241 1710 3462 1776 Nathae,

206 1799 326 1866 ejus
359 1775 474 1851 xu.
497 1799 692 1851 Sextus
717 1796 873 1849 Βορῆς)
894 1834 909 1860 ,
956 1794 1050 1848 filii
1082 1794 1199 1862 ejus
1225 1801 1281 1847 et
1311 1792 1504 1846 fratres
1536 1792 1655 1861 ejus
1685 1808 1778 1846 xu.
1818 1775 1865 1834 Β
1890 1792 2040 1861 cujus
2090 1794 2260 1849 Lucas
2312 1796 2649 1865 Evangelista
2705 1799 2770 1851 ad
2822 1800 3036 1854 Mariam
3084 1803 3341 1873 originem
3375 1775 3465 1859 dea

201 1888 479 1957 Septimus
510 1886 692 1950 Israel,
726 1886 817 1939 ﬁlii
845 1885 960 1954 ejus
984 1895 1036 1939 et
1060 1885 1250 1938 fratres
1270 1884 1387 1951 ejus
1419 1898 1513 1937 xu.
1546 1882 1782 1937 Octavus

199 1980 401 2049 Agens,
427 1980 517 2032 ﬁlii
540 1979 660 2045 ejus
681 1986 733 2031 et
756 1976 945 2031 fratres
966 1976 1081 2043 ejus
1110 1991 1203 2030 xu.
1235 1975 1420 2030 Nonus
1446 1974 1783 2040 Matthanias,

201 2068 291 2123 ﬁlii
325 2068 445 2136 ejus
464 2078 516 2122 et
544 2067 733 2122 fratres
759 2067 875 2134 ejus
905 2080 997 2119 xu.
1032 2066 1279 2120 Decimus
1300 2066 1503 2129 Semei,
1536 2065 1629 2118 ﬁlii
1663 2066 1780 2135 ejus

199 2169 247 2213 et
277 2156 475 2211 fratres
507 2156 624 2223 ejus
664 2170 755 2209 xu.
813 2155 1133 2210 Undecimus
1172 2155 1397 2222 Esdriel,
1439 2156 1534 2210 lilii
1571 2156 1689 2225 ejus
1730 2164 1786 2211 et

199 2249 397 2301 fratres
434 2247 552 2315 ejus
585 2262 675 2300 xtt.
726 2246 1084 2300 Duodecimus
1133 2247 1382 2311 Asabias,
1438 2247 1533 2300 ﬁlii
1578 2247 1693 2316 ejus
1727 2257 1781 2303 et

199 2341 397 2393 fratres
426 2338 541 2407 ejus
571 2352 665 2390 xu.
704 2335 1166 2391 Tertiusdecimus
1204 2336 1419 2404 Sabaei,
1462 2337 1555 2391 ﬁlii
1583 2339 1699 2407 ejus
1730 2342 1785 2393 et

200 2428 397 2484 fratres
425 2429 539 2497 ejus
563 2444 655 2481 xu.
682 2426 1153 2494 Quartusdecimus
1180 2428 1506 2493 lilatthatias,
1538 2428 1631 2482 ﬁlii
1660 2429 1778 2495 ejus

198 2529 248 2572 et
300 2519 494 2572 fratres
538 2517 655 2585 ejus
706 2531 799 2569 xu.
854 2516 1327 2583 Quintusdecimus
1360 2519 1645 2587 Jarimoth,
1690 2517 1781 2572 ﬁlii

198 2610 318 2679 ejus
344 2618 397 2663 et
428 2609 615 2662 fratres
645 2607 762 2676 ejus
790 2623 880 2660 xu.
917 2608 1351 2667 Sextusdecimtts
1382 2610 1639 2675 Anauias,
1683 2609 1781 2664 ﬁlii

199 2703 317 2771 ejus
345 2712 399 2756 et
426 2700 619 2755 fratres
643 2701 760 2769 ejus
792 2716 885 2753 xu.
927 2700 1445 2770 Septimusdecimus
1466 2701 1778 2767 Jesbachas,

198 2795 289 2847 ﬁlii
331 2794 448 2861 ejus
484 2803 537 2847 et
572 2793 763 2847 fratres
812 2793 929 2861 ejus
974 2809 1069 2847 xu.
1112 2793 1587 2848 Octavusdecimus
1638 2795 1779 2847 Ana-

197 2887 339 2946 nias,
375 2884 467 2937 ﬁlii
491 2884 607 2953 ejus
634 2892 689 2939 et
716 2884 906 2937 fratres
947 2884 1060 2952 ejus
1090 2899 1183 2937 xtt.
1233 2884 1657 2938 Nonusdecimus
1686 2884 1779 2939 Mi-

196 2976 337 3040 sael,
382 2974 476 3029 ﬁlii
523 2975 639 3044 ejus
678 2982 733 3030 et
766 2974 959 3028 fratres
980 2975 1096 3043 ejus
1120 2990 1213 3028 xu.
1245 2976 1544 3045 \‘igesitnus
1578 2976 1775 3041 Eliath,

198 3067 297 3122 ﬁlii
328 3066 445 3137 ejus
465 3074 521 3121 ct
549 3067 739 3122 fratres
768 3066 883 3134 ejus
910 3082 1001 3120 xu.
1048 3066 1349 3134 Vigesimus
1386 3067 1586 3134 primus
1625 3065 1773 3129 Etth,

1890 1887 2224 1942 monstravit.
2269 1888 2525 1944 Similiter
2556 1892 2713 1944 etiam
2745 1899 2799 1944 et
2830 1892 3135 1947 Salomonis
3170 1895 3467 1951 Matthacus

1891 1979 2227 2047 Evangelista
2293 1979 2359 2034 ad
2414 1980 2612 2048 Joseph
2675 1981 2934 2050 originem
2990 1983 3348 2046 demonstrat,
3407 1990 3465 2039 ut

1888 2079 2139 2139 appareat
2165 2085 2259 2125 eos
2287 2071 2353 2125 de
2380 2084 2484 2124 una
2510 2070 2651 2124 tribu
2683 2072 2852 2136 exire,
2887 2081 2941 2126 et
2983 2072 3060 2125 sic
3101 2073 3164 2125 ad
3189 2072 3459 2127 Christum

1886 2163 2178 2218 secundum
2243 2178 2456 2217 carnem
2513 2165 2730 2227 venire,
2802 2173 2863 2219 ut
2918 2166 3249 2232 compleatur
3314 2166 3455 2233 quod

1892 2252 2147 2321 scriptum
2193 2264 2275 2308 est
2325 2272 2338 2308 :
2391 2271 2504 2310 ecce
2546 2256 2663 2309 vicit
2718 2255 2796 2308 leo
2840 2257 2902 2308 de
2950 2256 3080 2309 tribu
3126 2254 3267 2308 Juda
3313 2257 3463 2309 radix

1886 2343 2094 2410 David;
2146 2344 2253 2401 Leo
2306 2360 2374 2400 ex
2417 2345 2748 2411 Salomone;
2797 2357 2848 2401 et
2899 2347 3050 2401 radix
3105 2363 3171 2402 ex
3227 2347 3456 2414 Nathan,

1887 2433 2141 2489 Salomon
2199 2445 2374 2490 autem
2434 2438 2619 2505 genuit
2668 2436 2939 2500 Roboant,
2997 2445 3048 2490 et
3105 2436 3311 2490 Nathan
3366 2452 3461 2504 ged-

1887 2525 2003 2577 nuit
2032 2525 2289 2579 Mattban.
2329 2525 2480 2579 Tunc
2507 2526 2713 2594 accepit
2748 2541 2969 2595 regnum
2998 2526 3282 2580 Jcroboam
3324 2528 3465 2582 ﬁlius

1885 2613 2092 2668 Nabath
2117 2629 2180 2669 ex
2208 2629 2375 2669 uxore
2406 2616 2622 2671 nomine
2650 2616 2866 2681 Surum,
2896 2630 3032 2684 quae
3061 2616 3216 2670 vidua
3246 2618 3458 2673 mansit.

1883 2702 2235 2773 Temporibus
2283 2704 2466 2758 multis
2528 2718 2716 2758 servus
2762 2703 3059 2759 Salomonis
3111 2715 3293 2760 contra
3350 2704 3463 2761 Ro-

1884 2793 2041 2847 boam
2092 2794 2256 2848 ﬁlium
2306 2794 2636 2862 Salomonis,
2690 2808 2879 2849 servus
2932 2809 3053 2848 cum
3100 2795 3317 2850 domino
3372 2812 3461 2852 re-

1882 2900 2043 2955 gnum
2066 2887 2291 2957 adeptus
2320 2896 2424 2951 est,
2465 2896 2517 2943 et
2550 2889 2601 2941 iu
2636 2889 2809 2954 primo
2834 2903 2975 2943 anno
3013 2890 3160 2958 regni
3207 2889 3289 2942 sui
3332 2889 3461 2942 fecit

1884 2991 2071 3031 vaccas
2098 2991 2287 3033 aureas
2311 2978 2464 3044 duas,
2500 2992 2657 3031 unam
2686 2978 2831 3033 dedit
2862 2982 2913 3033 in
2945 2980 3053 3033 Dan
3080 2990 3133 3035 et
3176 2995 3333 3034 unam
3363 2994 3459 3049 po-

1882 3067 1987 3120 suit
2015 3068 2067 3120 in
2100 3066 2309 3122 Bctbel.
2342 3068 2492 3123 Tunc
2518 3070 2652 3123 dixit
2678 3072 2744 3123 ad
2773 3070 2980 3139 plebem
3011 3086 3022 3120 :
3050 3069 3279 3123 sufﬁciat
3305 3069 3455 3124 vobis

199 3160 292 3214 ﬁlii
322 3160 441 3226 ejus
469 3167 523 3213 et
561 3158 751 3213 fratres
780 3130 893 3226 ejus
920 3173 1012 3211 xu.
1056 3130 1355 3226 \'igcsimus
1378 3130 1641 3211 secundus
1670 3156 1777 3211 (Ξο-
1803 3130 1848 3193 C
1878 3155 2168 3212 ascendere
2206 3157 2258 3211 in
2300 3158 2622 3223 Jerusalem;
2649 3130 2789 3213 ecce'
2818 3160 2899 3213 Dii
2944 3160 3024 3212 tui
3071 3159 3256 3222 Israel,
3286 3159 3459 3226 quite

198 3250 423 3312 tholias,
452 3247 541 3300 ﬁlii
567 3247 683 3315 ejus
708 3256 759 3300 ct
784 3246 971 3301 fratres
995 3244 1110 3315 ejus
1124 3262 1216 3299 xu.
1244 3245 1544 3315 Vigesimus
1561 3246 1771 3311 tertius,

200 3344 433 3409 Mazo-h,
466 3342 559 3396 ﬁlii
583 3342 696 3408 ejus
720 3350 771 3395 et
803 3340 993 3393 fratres
1011 3339 1126 3407 ejus
1152 3354 1246 3393 xtt.
1284 3338 1586 3407 Vigesimus
1611 3352 1775 3407 quar-

200 3445 280 3489 tus
314 3432 553 3501 Batnagi,
585 3432 675 3485 ﬁlii
706 3430 821 3501 ejus
842 3440 896 3484 et
927 3432 1113 3485 fratres
1141 3430 1258 3499 ejus
1289 3446 1382 3485 xu.
1420 3429 1481 3482 lli
1510 3438 1633 3482 snnt
1675 3428 1774 3481 du-

201 3525 344 3579 centi
386 3524 656 3591 octoginta
698 3533 841 3589 octo,
895 3521 987 3589 qui
1039 3520 1428 3589 praecedebant
1479 3519 1773 3573 exercitum

201 3616 435 3670 ﬁliorum
473 3613 655 3672 lsrael.
683 3622 737 3665 et
764 3611 1047 3667 cantabant
1073 3612 1294 3665 Domino
1316 3612 1599 3665 canticum.
1628 3611 1777 3664 'l’urc

202 3704 363 3757 e;iam
387 3712 439 3755 et
458 3702 625 3756 David
656 3716 774 3754 cum
797 3700 875 3755 eis
905 3701 1152 3768 impletus
1177 3700 1367 3768 spiritu
1397 3710 1583 3754 sancto
1613 3700 1773 3754 simul

200 3793 652 3863 prophetaverunt
684 3792 918 3859 psalmos
941 3800 1153 3845 centum
1186 3792 1585 3861 quinquaginta.
1612 3792 1775 3858 Quat-

200 3894 326 3936 tuor
368 3883 511 3936 enim
561 3889 718 3936 erant
762 3882 853 3950 qui
912 3881 1199 3935 cantabant
1245 3882 1462 3935 domino
1508 3882 1776 3950 principes

202 3972 499 4036 εο-ιιεεὶιιιιί,
530 3981 584 4024 ιιι
616 3972 846 4025 diximus
866 3987 879 4035 ;
899 3971 1099 4039 primus
1128 3972 1317 4036 Eruan,
1338 3972 1603 4025 secundus
1627 3971 1772 4035 Asaf,

202 4062 394 4115 tertius
417 4061 627 4123 lditum,
661 4069 880 4127 quartus
900 4060 1092 4122 Ethan,
1128 4060 1394 4115 habebant
1420 4070 1774 4131 septuagenos

201 4152 381 4214 binos,
430 4150 808 4218 respondentes
862 4151 959 4203 sibi
1012 4151 1063 4204 in
1118 4150 1394 4219 cymbalis,
1438 4160 1490 4205 et
1529 4152 1696 4203 uaElis
1724 4162 1776 4204 et

202 4242 464 4311 cytharis.
513 4241 660 4295 Tunc
687 4256 792 4294 non
835 4242 973 4309 quod
1013 4241 1283 4303 volebant,
1338 4243 1438 4295 hoc
1480 4243 1777 4310 psallebant

198 4336 293 4388 sed
333 4334 467 4399 quod
499 4349 591 4402 per
619 4348 711 4387 eos
742 4333 957 4397 spiritus
996 4332 1361 4385 adnuntiabat.
1410 4332 1600 4399 Viginti
1632 4333 1773 4386 enim

200 4426 361 4480 annis
400 4427 494 4479 luit
523 4428 655 4479 Area
690 4426 742 4476 in
773 4425 1096 4492 captivitate,
1135 4435 1191 4477 et
1233 4424 1581 4493 quadraginta
1623 4424 1775 4477 annis

1878 3246 2176 3302 eduxerunt
2202 3246 2269 3301 de
2292 3256 2431 3301 terra
2454 3246 2692 3318 Egypti.
2722 3248 2818 3303 Hic
2839 3248 3121 3303 Jcroboam
3145 3249 3383 3314 regnavit
3406 3248 3457 3300 in

1879 3339 2118 3394 Samaria
2158 3340 2311 3394 annis
2362 3355 2537 3394 xxxiv.
2573 3347 2628 3394 et
2666 3341 2763 3394 fuit
2810 3340 3003 3394 scisma
3050 3340 3189 3391 inter
3220 3339 3457 3391 Roboam

1880 3428 2045 3481 filium
2091 3428 2413 3492 Salomonis,
2457 3437 2510 3483 et
2556 3428 2842 3483 Jcroboam
2894 3430 3057 3481 ﬁlium
3117 3426 3341 3491 Nahath,
3403 3435 3459 3481 et

1877 3518 2134 3585 praelium
2159 3527 2274 3571 erat
2305 3518 2442 3571 inter
2468 3531 2560 3571 eos
2588 3517 2836 3571 omnibus
2870 3517 3057 3570 diebus
3084 3516 3221 3570 vitae
3248 3530 3457 3583 eorum,

1878 3610 2034 3664 sicuti
2062 3624 2202 3667 nunc
2231 3612 2367 3664 inter
2391 3622 2550 3664 veros
2579 3608 2916 3663 ChriStiauos
2952 3618 3003 3663 et
3029 3608 3191 3661 falsos
3225 3607 3460 3661 Catholi-

1878 3714 1992 3754 cos.
2040 3701 2134 3754 llic
2164 3700 2446 3753 Jcroboam
2490 3702 2675 3769 genuit
2722 3699 2905 3752 Nadab
2933 3714 2994 3753 ex
3036 3712 3199 3752 uxore
3245 3698 3459 3753 nomine

1878 3792 2060 3855 Anna;
2090 3799 2144 3844 et
2172 3791 2412 3859 regnarit
2450 3793 2603 3844 annis
2633 3790 2861 3845 duobus.
2911 3790 3177 3843 Successit
3208 3790 3371 3841 Basaa
3401 3790 3459 3841 ﬁ-

1878 3880 1980 3934 lius
2008 3881 2194 3944 Achia,
2226 3890 2278 3934 et
2309 3881 2549 3949 regnavit
2587 3882 2740 3935 annis
2772 3896 2914 3934 xxrv.
2945 3880 3069 3933 Post
3107 3880 3246 3932 hunc
3276 3880 3366 3933 Ela
3401 3880 3461 3930 ﬁ-

1881 3972 1985 4025 lius
2011 3972 2145 4026 Basa
2185 3973 2428 4041 regnavit
2460 3972 2615 4026 annis
2644 3972 2873 4025 duobus.
2919 3971 3044 4025 Post
3090 3971 3185 4023 Ela
3222 3970 3459 4038 regnavit

1878 4066 1917 4118 Ζ
1938 4065 2087 4118 uului
2116 4066 2271 4118 annis
2302 4079 2447 4117 xvut.
2479 4078 2605 4117 cuur
2630 4063 2885 4116 Thameni
2914 4062 3066 4115 annis
3092 4075 3207 4126 sex,
3236 4070 3287 4114 et
3315 4061 3459 4113 soltts

1878 4155 2030 4206 annis
2054 4167 2144 4206 χιι.
2176 4154 2292 4221 ipse
2322 4161 2405 4206 est
2432 4152 2663 4219 Zambri,
2696 4152 2782 4220 qui
2814 4152 2999 4219 genuit
3019 4150 3219 4212 Achab,
3251 4151 3339 4215 qui
3366 4150 3461 4203 ha-

1882 4244 1993 4296 huit
2042 4244 2290 4297 Hiezahel
2325 4243 2485 4296 filiam
2535 4242 2663 4298 Elau
2705 4242 2845 4308 regis
2894 4226 3309 4294 Sidonie'usium.
3361 4240 3457 4295 Hic

1880 4337 1937 4388 Α·
1962 4335 2065 4387 hah‘
2097 4336 2336 4402 regnavit
2365 4335 2518 4387 annis
2550 4349 2655 4386 xxi.
2690 4345 2743 4385 et
2766 4332 2946 4400 genuit
2976 4330 3259 4384 choziam
3292 4339 3344 4384 et
3369 4345 3454 4385 re-

1880 4424 2058 4489 guavit
2080 4425 2233 4478 annis
2258 4424 2491 4487 duobus;
2516 4434 2567 4477 et
2590 4424 2724 4476 alius
2752 4421 2891 4475 ﬁlius
2912 4420 3095 4474 Achab
3116 4421 3331 4475 nomine
3358 4421 3453 4475 Jo-

197 4515 298 4570 fuit
342 4515 392 4570 in
418 4515 577 4569 domo
605 4488 894 4578 Aliiddare,
918 4530 1008 4569 xx.
1039 4514 1192 4567 anuis
1226 4488 1323 4567 fuit
1347 4515 1396 4568 iu
1421 4488 1581 4568 domo
1610 4515 1774 4569 David
1805 4488 1853 4546 D
1884 4488 1996 4566 ram
2018 4521 2121 4566 etc.
2150 4514 2390 4581 regnavit
2415 4514 2568 4566 annis
2596 4526 2686 4565 xu.
2720 4513 2846 4564 l‘ost
2877 4512 3018 4564 hunc
3052 4510 3295 4579 regnavit
3323 4508 3457 4563 Hieu

202 4609 368 4676 regis,
396 4608 482 4676 qzti
511 4605 750 4675 regnavit
771 4606 820 4658 in
855 4605 1011 4657 Israel
1048 4605 1202 4658 annis
1232 4620 1319 4659 χι.
1352 4606 1625 4659 mensibus
1655 4620 1772 4669 sex,

205 4697 270 4751 de
300 4698 453 4767 Cujus
482 4695 644 4750 domo
676 4694 794 4748 tulit
834 4693 1045 4747 Saddnc
1082 4692 1219 4746 ﬁlius
1261 4695 1537 4759 Sat-ltitob,
1588 4696 1675 4763 qui
1724 4697 1777 4748 in

206 4791 399 4843 nomba
432 4789 529 4842 fuit
552 4802 797 4842 cornum.
831 4787 895 4840 Et
926 4788 1075 4840 unxit
1104 4787 1442 4842 Salomonem
1479 4804 1573 4853 pro
1614 4788 1775 4842 David

174 4876 179 4882 ’
206 4889 356 4949 patre
384 4894 482 4932 suo
512 4879 565 4931 in
594 4891 794 4946 regem.
828 4877 1089 4947 Regnavit
1114 4886 1290 4931 autem
1311 4880 1471 4932 David
1503 4880 1654 4933 annis
1683 4895 1777 4933 vu.

205 4971 259 5025 in
290 4968 535 5024 Chebron
566 4978 619 5022 ct
642 4967 855 5036 triginta
901 4968 1069 5021 tribus
1100 4966 1152 5019 iu
1192 4969 1506 5022 Jerusalem.
1560 4970 1616 5022 ln
1646 4970 1780 5025 Che-

206 5062 342 5115 bron
368 5069 540 5113 autem
569 5060 751 5127 genuit
792 5057 930 5111 filios
956 5067 1180 5126 septem,
1224 5068 1276 5112 et
1308 5060 1405 5114 ista
1440 5062 1655 5114 nomina
1692 5078 1784 5116 eo-

208 5166 367 5205 rum:
406 5148 707 5218 primitivus
753 5146 980 5200 Ammon
1020 5163 1176 5217 quem
1224 5149 1417 5201 occidit
1460 5150 1777 5216 Abessal0u,

205 5258 333 5297 cum
364 5245 680 5296 incestasset
710 5239 975 5300 Thamar;
1022 5238 1290 5294 secundus
1323 5239 1554 5305 Chaleb;
1594 5242 1784 5296 tertius

204 5334 532 5397 Abessalon;
559 5340 778 5401 quartus
800 5330 1015 5392 Ornias,
1039 5330 1124 5397 qui
1158 5339 1374 5398 propter
1404 5330 1600 5385 Abisac
1621 5346 1785 5386 suna-

205 5426 393 5479 mitem
418 5424 610 5478 Ornias
652 5436 683 5475 a
714 5421 1005 5474 Salomone
1048 5420 1354 5475 interfectus
1386 5431 1487 5484 est,
1531 5423 1779 5490 quoniam

207 5516 493 5583 postulavit
532 5530 651 5569 eam
692 5512 974 5580 conjugem
1021 5512 1142 5566 sibi.
1186 5512 1333 5567 Tune
1363 5512 1621 5567 Abiathar
1645 5516 1783 5570 rele-

206 5616 367 5677 gatus
391 5617 488 5670 cst,
511 5604 651 5675 quod
683 5605 792 5672 ipse
821 5618 941 5657 eum
970 5614 1201 5658 unxerat
1229 5604 1279 5658 iu
1306 5604 1784 5675 rcgem,Abiathar

208 5700 360 5754 ﬁlius
384 5709 459 5755 est
490 5695 835 5763 Abimclech,
868 5695 955 5764 qui
985 5696 1186 5765 fugiens
1211 5697 1378 5762 solus,
1411 5698 1644 5752 salvatus
1678 5708 1781 5765 est,

1886 4605 2028 4657 filius
2058 4604 2308 4657 Mannase
2337 4604 2492 4657 anuis
2520 4599 2705 4657 xxvut.
2733 4603 2881 4656 Tunc
2909 4601 3159 4656 Josebeth
3186 4600 3290 4653 ﬁlia
3324 4602 3462 4670 regis

1882 4694 2053 4747 .ludae
2085 4694 2219 4747 idest
2246 4693 2349 4747 ﬁlia
2376 4692 2537 4747 Joran
2561 4708 2715 4747 soror
2740 4692 3007 4747 Ochoz’ae
3034 4690 3311 4745 abscondit
3335 4690 3441 4743 .loa

1885 4789 2051 4841 ﬁlium
2092 4789 2271 4841 fratis
2315 4790 2395 4839 sui
2425 4786 2695 4840 Ochoziae
2736 4786 2877 4853 regis
2904 4782 3074 4837 Judae
3112 4797 3142 4837 a
3192 4781 3326 4836 facie
3367 4780 3462 4835 Je'

1886 4878 2040 4933 anuis
2079 4891 2201 4932 octo
2232 4880 2282 4931 iu
2306 4879 2466 4931 domo
2496 4877 2705 4930 Domini
2738 4876 2837 4931 sub
2870 4875 2982 4929 Aod
3023 4871 3334 4937 sacerdote;
3366 4874 3439 4925 su’

1884 4974 2000 5040 ipso
2031 4972 2128 5025 .leu
2162 4970 2323 5024 Azael
2354 4985 2445 5024 rex
2473 4970 2662 5038 Syriae
2692 4968 2906 5036 reliquit
2933 4965 3000 5022 de
3040 4964 3275 5019 exercitu
3304 4963 3465 5017 Israet

1887 5060 2267 5129 quinquaginta
2316 5059 2544 5126 equites,
2584 5058 2768 5113 decem
2798 5070 2986 5110 curros
3034 5063 3089 5109 et
3136 5053 3279 5107 mille
3322 5052 3465 5104 viros

1886 5153 2178 5205 secundum
2212 5150 2405 5204 Elisaei
2438 5150 2791 5219 prophetiam.
2820 5147 2949 5201 lluic
2970 5144 3066 5200 Jeu
3097 5142 3355 5197 successit
3381 5141 3467 5194 Jo-

1888 5242 2019 5297 chas
2052 5243 2190 5298 ﬁlius
2216 5244 2353 5310 ejus,
2385 5251 2438 5296 et
2466 5243 2709 5313 regnavit
2737 5240 2890 5293 annis
2913 5252 3040 5291 xvu.
3070 5236 3133 5289 Et
3157 5233 3349 5289 Jocbas
3376 5236 3485 5300 ge-‘

1889 5334 2003 5387 nuit
2034 5334 2158 5387 Joas
2178 5342 2229 5387 et
2248 5333 2486 5402 regnavit
2508 5332 2665 5387 annis
2686 5346 2793 5384 xvt.
2811 5330 2935 5383 Joas
2958 5326 3139 5396 genuit
3158 5322 3463 5385 Jcroboam.

1890 5434 1946 5478 et
1988 5423 2230 5493 regnavit
2270 5421 2425 5475 annis
2464 5436 2556 5475 xtt.
2590 5420 2845 5475 Jeruboas
2886 5417 3069 5486 genuit
3097 5412 3462 5477 Zacehasiam,

1891 5523 1946 5569 et
1974 5514 2212 5584 regnavit
2241 5526 2450 5566 menses
2489 5526 2604 5567 sex.
2652 5512 2775 5564 Post
2808 5510 2952 5563 hunc
2996 5506 3238 5575 regnavit
3270 5501 3466 5558 Sellem

1893 5608 2030 5661 filius
2059 5604 2237 5659 Narmi
2277 5616 2517 5657 mensem
2549 5619 2734 5658 unum.
2766 5603 2895 5656 Post
2929 5601 3071 5655 hunc
3106 5597 3288 5651 Maneo
3327 5593 3465 5646 ﬁlius

1893 5696 2063 5753 Gaddi
2094 5695 2333 5767 regnavit
2364 5694 2518 5752 annis
2554 5712 2606 5750 x.
2650 5692 2745 5750 llic
2774 5694 2957 5749 blauce
2982 5688 3163 5763 genuit
3206 5684 3385 5754 Facia,
3414 5692 3469 5741 et

2536 5946 2562 5972 ἢ
