4016 6182
498 288 604 349 “3

1751 261 2046 323 ANONYMI
2088 231 2427 320 AUCTORIS

3651 260 3759 317 5H

498 397 739 468 regnavit
780 395 933 450 annis
976 391 1201 449 duobus.
1249 386 1383 442 lluie
1430 384 1689 439 successit
1728 380 1901 435 Faeee
1937 378 2074 431 lilius
2105 375 2151 432 Α
2182 375 2381 441 pientia
2413 374 2635 429 vertitur
2666 383 2721 430 ut
2747 382 3086 444 cumputetur
3109 389 3202 444 per
3230 388 3347 431 eras
3377 388 3573 430 nomen
3608 374 3759 428 illius

500 488 793 552 Romeliac,
842 494 892 541 et
946 481 1183 551 regnavit
1233 478 1387 532 annis
1443 490 1576 529 χχιι.
1629 473 1841 527 conlato
1891 479 2067 522 autem

468 561 658 635 llibro.
707 619 719 631 .
764 617 778 630 .
823 616 837 630 .
881 614 895 627 .
939 612 953 626 .
995 611 1009 625 .
1056 613 1069 625 .
1103 587 1163 622 rn
1196 572 1467 623 inventum
1509 575 1590 618 est
1621 563 1759 633 quod
1810 558 2068 628 tempori—

502 668 601 723 bus
627 668 796 721 Facee
829 663 918 716 ﬁlii
965 659 1241 714 Romeliae
1284 658 1525 711 ascendit
1561 652 1939 722 Teglafellasar
1974 665 2069 702 rex

501 755 862 827 Assyriorum,
893 759 948 806 et
974 749 1244 803 transtulit
1278 747 1418 801 tribu
1449 746 1561 799 Gud
1596 751 1651 798 et
1685 741 1902 797 dimidia
1933 740 2070 793 tribu

502 849 742 903 Manasse
764 858 929 915 usque
955 842 1020 897 ad
1049 841 1303 896 terminos
1330 838 1557 906 Neptali,
1595 845 1649 891 et
1678 834 1938 902 disperdit
1978 846 2071 886 eos

502 938 553 992 iu
598 945 817 989 terram.
856 971 871 987 .
924 972 938 986 .
981 971 996 985 .
1040 970 1055 986 .
1099 970 1115 985 .
1159 970 1172 983 .
1218 969 1231 983 .
1275 968 1289 982 .
1333 967 1350 983 .
1394 966 1408 980 .
1452 928 1621 981 tilium
1667 925 1938 979 llomeliae
1986 936 2067 976 re—

502 1027 678 1098 gnavit
705 1025 874 1079 Oscae
914 1022 1064 1076 annis
1098 1036 1229 1075 vnn.
1272 1020 1423 1075 lluuc
1468 1018 1835 1071 bumiliaverat
1868 1014 2073 1069 Salma-

504 1132 662 1171 nasar
681 1130 771 1170 rex
797 1114 1157 1184 Assyriorum,
1179 1120 1234 1167 et
1261 1111 1357 1163 fuit
1377 1111 1424 1165 ei
1456 1109 1684 1163 offerens
1711 1120 1951 1159 munera.
1997 1144 2009 1157 .
2053 1141 2068 1155 .

504 1224 594 1263 an.
641 1225 693 1260 γ.
734 1208 885 1261 Tunc
913 1214 1199 1273 conpertus
1233 1211 1315 1257 est
1353 1202 1692 1256 Salmanasar
1734 1200 1905 1267 ipsum
1935 1197 2071 1250 Osee

505 1298 798 1352 mittentem
848 1297 914 1348 ad
954 1295 1261 1363 Aigyptum,
1297 1299 1351 1345 et
1391 1299 1660 1359 parantem
1692 1289 1739 1343 ei
1774 1288 2009 1341 insidias.
2056 1324 2069 1339 .

625 1429 640 1443 .
683 1427 698 1442 .
726 1399 915 1445 octavo
946 1403 1086 1441 anno
1109 1386 1255 1454 regni
1286 1385 1401 1453 ejus
1423 1383 1595 1437 vinxit
1622 1396 1742 1435 eum
1772 1389 1824 1433 et
1855 1378 1998 1431 misit
2019 1378 2070 1430 in

507 1495 803 1544 carcerem;
835 1480 884 1531 in
917 1492 1058 1531 nono
1087 1490 1225 1529 anno
1252 1472 1642 1539 transmigravit
1675 1484 1794 1524 eum
1827 1482 1945 1520 cum
1978 1481 2073 1534 po-

507 1570 633 1642 pulo
655 1568 815 1622 Israel
844 1568 908 1621 ad
945 1568 1136 1621 ﬂumen
1170 1564 1343 1618 Gozae
1367 1563 1419 1616 in
1450 1561 1748 1615 civitatibus
1777 1559 2069 1617 Medorum,

2175 466 2261 534 qui
2292 465 2489 519 dicitur

2786 553 3152 608 Antichristus

2176 660 2212 697 1.
2249 660 2360 698 XIII.
2414 661 2561 699 ιγιιι.
2602 661 2734 699 VIIII.
2788 660 2866 699 III.
2912 661 3040 699 XVII.
3074 660 3181 698 VIII.
3217 660 3350 699 VIIII.
3397 658 3526 698 ινιῐ.
3565 658 3665 696 XX.
3710 651 3763 696 EI

2176 751 2345 792 xvnn.
2390 777 2402 790 .
2448 776 2461 788 .
2507 778 2520 790 .
2565 773 2579 787 .
2625 776 2639 790 .
2672 736 2954 804 desumpto
2992 737 3160 789 sexis.
3201 773 3217 787 .
3266 733 3317 787 tit
3357 748 3618 787 numerus
3649 732 3761 787 col-

2177 825 2347 881 lectus
2376 836 2675 881 sescentum
2702 841 2833 879 unt.
2860 825 2961 879 hoc
2981 825 3067 893 qui
3098 827 3379 879 interSnnt.
3425 864 3438 877 .
3484 861 3501 877 .
3546 860 3563 876 .

2179 921 2399 975 nomine
2446 917 2799 982 Antichristi;
2846 932 2965 971 nam
3019 928 3070 972 et
3124 918 3177 971 in
3234 916 3454 971 secretis
3498 915 3759 983 legimus,

2174 1008 2338 1076 quod.
2382 1046 2398 1061 .
2440 1044 2457 1061 .
2501 1046 2514 1060 .
2560 1046 2575 1060 .
2603 1016 2705 1061 tus.
2750 1044 2765 1059 .
2812 1043 2827 1058 .
2870 1045 2883 1060 .
2930 1045 2944 1061 .
2990 1006 3255 1061 .Neronis
3275 1014 3328 1060 et
3347 1005 3762 1059 diciturcivitas

2176 1098 2229 1150 in
2250 1098 2527 1152 occidente
2544 1100 2631 1153 ub'.
2658 1099 2832 1153 adhuc
2853 1106 3064 1152 tenetur
3092 1096 3220 1151 incl.
3264 1134 3280 1149 .
3322 1133 3338 1148 .
3379 1134 3395 1150 .
3434 1130 3450 1147 .
3492 1134 3507 1147 .
3553 1131 3570 1148 .
3618 1131 3641 1147 .
3683 1133 3699 1148 .
3743 1131 3757 1147 .

2176 1190 2392 1259 quibus.
2442 1230 2457 1245 .
2502 1229 2516 1245 .
2560 1231 2573 1244 .
2625 1229 2638 1244 .
2665 1191 2838 1246 stellis
2877 1191 3088 1260 quando
3132 1190 3308 1243 veniet
3362 1188 3757 1243 Anticbristus.

2176 1280 2327 1335 Nunc
2355 1290 2530 1335 autem
2581 1282 2756 1335 multi.
2801 1319 2816 1335 .
2859 1319 2874 1336 .
2917 1320 2932 1335 .
2977 1318 2991 1334 .
3036 1320 3050 1335 .
3078 1281 3181 1334 acti
3204 1288 3347 1333 sunt.
3392 1319 3406 1333 .
3449 1319 3464 1334 .
3509 1319 3523 1331 .
3569 1316 3585 1332 .
3638 1318 3655 1331 .
3694 1293 3758 1332 ex

2176 1371 2329 1424 nobis
2351 1387 2402 1425 n.
2447 1409 2461 1424 .
2507 1410 2520 1423 .
2564 1410 2579 1426 .
2623 1411 2637 1425 .
2681 1410 2695 1423 .
2727 1370 2954 1425 fuissent
2983 1378 3036 1425 et
3078 1371 3232 1424 nobis
3265 1369 3541 1422 nobiscum
3566 1369 3761 1436 utique

2176 1461 2618 1527 permansisseut.
2650 1461 2729 1514 Ab
2762 1461 2881 1529 ipso
2903 1459 3132 1515 Nerone.
3175 1498 3188 1513 .
3235 1499 3248 1512 .
3281 1460 3405 1512 anni
3451 1472 3638 1512 tum.
3673 1457 3760 1511 hic

2178 1552 2380 1621 pseudo
2427 1552 2699 1619 apostolus
2756 1552 2847 1620 qui
2904 1551 3171 1605 secundus
3223 1550 3403 1604 extitit
3455 1550 3758 1604 acerrimus

509 1640 528 1720 ζ
571 1701 586 1716 .
628 1699 643 1713 .
689 1697 704 1712 .
746 1696 761 1713 .
793 1668 846 1715 et
875 1659 1123 1727 dispersit
1148 1672 1240 1711 eos
1268 1657 1394 1711 illic.
1430 1655 1539 1709 Hoc
1566 1654 1739 1723 primo
1764 1666 1902 1705 anno
1925 1649 2069 1719 regni
2106 1723 2142 1727 _
2176 1640 2601 1695 Christianorum
2637 1641 2952 1696 debellator.
2996 1680 3010 1694 .
3055 1678 3069 1695 ο
3112 1678 3129 1695 ο
3173 1677 3191 1695 ο
3232 1677 3249 1696 ο
3293 1681 3310 1696 .
3352 1680 3367 1695 .
3412 1678 3427 1694 ο
3469 1679 3483 1693 .
3529 1679 3544 1692 ο
3588 1680 3602 1693 .
3658 1640 3759 1696 Ne-

510 1752 687 1807 Αειηιι
714 1751 907 1804 factum
938 1723 1019 1804 εζει
1049 1752 1187 1819 τρεῖς
1215 1748 1432 1815 Judeae,
1469 1757 1575 1799 mm
1616 1754 1669 1799 ei
1706 1743 1902 1798 Tobias
1930 1756 2069 1795 cum,
2106 1723 2153 1782 Β
2181 1733 2327 1786 ronis
2364 1742 2418 1785 et
2446 1733 2621 1801 portio
2650 1732 2895 1801 episcOpi
2942 1731 3151 1786 scilicet
3188 1746 3334 1785 cun.
3377 1770 3392 1786 .
3438 1770 3452 1784 .
3494 1770 3510 1785 .
3557 1770 3572 1783 .
3618 1770 3635 1784 .
3685 1770 3698 1783 .
3742 1769 3758 1785 .

514 1876 530 1893 .
572 1877 588 1893 .
634 1878 648 1893 .
693 1879 706 1892 .
752 1878 767 1892 .
810 1879 824 1892 .
867 1876 882 1892 .
928 1879 942 1893 .
988 1876 1003 1892 .
1046 1878 1061 1891 .
1105 1877 1121 1893 .
1166 1879 1180 1892 .
1223 1878 1237 1891 .
1264 1839 1357 1892 llic
1381 1837 1721 1891 Salmanasar
1741 1832 1923 1903 genuit
1947 1832 2080 1884 Sen-
2186 1858 2201 1874 ο
2245 1858 2261 1875 ο
2307 1864 2320 1875 .
2364 1860 2379 1875 .
2424 1860 2437 1873 ι
2483 1859 2497 1874 .
2541 1859 2555 1875 ο
2603 1859 2617 1873 ο
2654 1836 2851 1875 xxvm.
2890 1836 3062 1891 neque
3098 1822 3213 1890 ipse
3251 1820 3547 1875 inmodicus
3577 1835 3762 1889 perse-

510 1928 793 1995 nacherib;
821 1928 935 1997 ipse
970 1936 1054 1983 e~t
1090 1944 1117 1982 a
1151 1942 1255 1997 quo
1286 1936 1439 1981 nocte
1484 1940 1587 1979 una
1624 1923 1818 1978 occidit
1865 1920 2082 1990 angelus
2183 1923 2335 1968 cutor
2362 1912 2618 1982 evangelii
2664 1920 2924 1981 tempore.
2967 1950 2984 1966 .
3027 1952 3040 1966 .
3087 1951 3100 1966 .
3144 1949 3163 1966 .
3206 1949 3219 1964 .
3264 1949 3280 1965 .
3321 1951 3337 1967 .
3376 1912 3528 1981 cujus
3570 1926 3761 1979 perse-

517 2017 726 2071 Domini
756 2019 991 2071 vivorum
1023 2026 1235 2071 centum
1267 2027 1320 2071 ct
1358 2015 1655 2084 oetnaginta
1685 2014 1919 2081 quinque
1959 2010 2081 2063 mil-
2183 2003 2400 2057 cutione
2440 2002 2704 2071 plurimos
2746 2003 3033 2071 proiihetas
3073 2003 3214 2071 passi
3252 2012 3396 2068 sunt,
3420 2017 3577 2071 quos.
3622 2040 3639 2054 .
3682 2037 3701 2054 .

516 2108 584 2162 lia
616 2109 756 2163 inter
777 2111 1137 2177 captivitatem
1167 2110 1459 2175 Samariae,
1502 2109 1555 2162 in
1587 2109 1807 2170 Nineve,
1840 2113 1895 2160 et
1933 2104 2080 2158 Iern-

2188 2092 2446 2162 gloriosos
2474 2092 2525 2144 in
2553 2091 2705 2146 orbe.
2748 2129 2764 2147 .
2807 2131 2821 2145 .
2867 2128 2883 2145 .
2927 2129 2941 2144 .
2987 2129 3000 2143 .
3047 2129 3061 2145 .
3102 2129 3116 2145 .
3161 2127 3177 2143 .
3221 2090 3531 2159 .presidere
3555 2090 3767 2158 ab'pso

512 2201 676 2255 salem
708 2200 759 2253 in
787 2200 1128 2270 Babyloniam
1156 2202 1279 2253 anni
1315 2210 1435 2253 siml
1465 2214 1638 2254 cxuv.
1670 2212 1840 2251 mens.
1873 2211 1944 2248 vi.
1971 2194 2080 2248 dies

2189 2180 3767 2258 .......‘............etestAthenis

513 2304 568 2342 κ.
600 2289 757 2344 ambo
786 2290 852 2343 ad
881 2292 1239 2358 capttvitatem
1268 2291 1426 2344 simul
1450 2289 1801 2359 indulgentias
1828 2301 2080 2357 percepe-

2190 2270 2485 2325 tolcrabilis
2515 2282 2825 2340 persecutor
2846 2271 3081 2326 Labiano
3102 2271 3356 2340 episcopo
3376 2272 3428 2324 in
3449 2271 3580 2325 urbe
3605 2285 3766 2339 prae-

516 2387 663 2444 runt,
693 2388 748 2433 et
777 2395 882 2433 uno
909 2390 1148 2449 tempore
1179 2396 1275 2448 per
1320 2381 1548 2435 Exdram
1586 2389 1640 2435 et
1682 2379 1976 2434 Zorobabel
2019 2377 2080 2431 ad

2188 2363 2416 2417 sidente.
2462 2403 2476 2416 .
2520 2402 2535 2418 .
2582 2404 2596 2419 .
2627 2364 2835 2417 ruinam
2862 2363 3019 2417 aliam
3052 2362 3192 2431 plac.
3233 2401 3247 2416 .
3291 2400 3307 2416 .
3350 2400 3367 2417 .
3408 2401 3423 2417 .
3468 2398 3484 2415 .
3525 2401 3541 2415 .
3586 2402 3599 2413 .
3633 2361 3768 2416 Kar-

515 2484 666 2523 suam
703 2479 898 2525 terram
929 2471 1319 2527 adscenderunt
1367 2473 1457 2525 illi.
1491 2471 1838 2527 Samarritani
1879 2485 2090 2526 manse-

516 2570 643 2613 runt
666 2561 717 2613 iu
740 2560 1047 2628 captivitate
1070 2562 1269 2617 Nineve
1296 2563 1449 2617 annis
1481 2577 1612 2616 χχιι.
1643 2571 1696 2617 et
1720 2561 1770 2615 hi
1794 2562 2005 2617 fuerunt
2036 2562 2088 2615 in

520 2647 869 2720 Jerosolymis
898 2653 1051 2705 annis
1083 2668 1209 2706 ιη.
1235 2653 1445 2708 fuerunt
1474 2654 1525 2707 in
1557 2654 1851 2707 Babilonia.

595 2739 894 2795 Redeamus
941 2742 1007 2794 ad
1056 2742 1279 2797 Natbam
1325 2743 1538 2798 fratrem
1586 2744 1906 2810 Salomonis,
1947 2743 2090 2801 unde

520 2830 687 2885 Maria
718 2831 971 2900 originem
1014 2832 1195 2886 trahit.
1232 2834 1325 2889 llic
1365 2835 1588 2889 Natham
1620 2838 1801 2905 genuit
1832 2836 2086 2891 Matham.

518 2920 768 2979 Mattham
800 2931 975 2977 autem
1007 2928 1188 2994 genuit
1239 2926 1425 2981 Euam.
1476 2929 1584 2982 Ena
1623 2930 1805 2997 genuit
1842 2929 2087 2982 Eliacim.

521 3012 743 3066 Eliacim
778 3015 966 3082 genuit
1006 3016 1207 3071 Ioram.
1240 3018 1394 3072 Ioras
1423 3028 1599 3074 autem
1630 3021 1815 3089 genuit
1856 3021 2085 3075 Iosram.

517 3101 725 3158 Iosram
752 3106 930 3172 genuit
960 3106 1171 3161 Julam.
1201 3108 1363 3164 Iudas
1389 3112 1570 3178 genuit
1597 3112 1835 3165 Simeon.
1866 3111 2084 3167 Sitneon

518 3194 702 3260 genuit
733 3192 883 3249 Levi.
914 3196 1035 3252 Levi
1070 3200 1257 3268 genuit
1298 3200 1622 3257 Mathatiam.
1674 3202 1957 3259 MathatTas
1996 3218 2088 3273 ge-

518 3283 634 3335 nuit
662 3283 863 3338 Ioram.
894 3285 1050 3341 Ioras
1085 3290 1269 3357 genuit
1306 3288 1536 3345 Eliczcr.
1585 3291 1794 3347 Eliezer
1820 3295 2024 3362 genuit.
2068 3332 2083 3349 .

522 3382 2087 3449 ...................genuitEren,

520 3458 661 3514 Eren
689 3463 871 3529 genuit
895 3462 1104 3530 Eldam,
1134 3465 1313 3518 tildam
1336 3468 1520 3535 genuit
1546 3468 1773 3522 Chosam
1808 3469 1979 3524 Echos
2000 3486 2091 3540 ge-

518 3550 636 3607 nuit
685 3550 902 3608 Addim.
946 3553 1139 3608 Addim
1183 3558 1365 3624 genuit
1409 3558 1622 3612 Melehi.
1668 3559 1858 3614 Mclebi
1910 3564 2093 3631 genuit

519 3638 664 3696 Neri.
696 3640 818 3696 Neri
846 3643 1031 3712 genuit
1059 3643 1333 3700 Salalhiel.
1364 3647 1618 3703 Salathicl
1648 3652 1824 3719 genuit
1857 3652 2096 3707 Zoroba-

521 3729 629 3796 bcl,
675 3729 971 3787 Zorobabel
1026 3736 1212 3802 genuit
1249 3735 1456 3790 Besam.
1514 3738 1644 3793 Desa
1691 3742 1874 3809 genuit
1917 3744 2088 3797 Anna.

518 3822 668 3879 Anna
701 3824 886 3892 genuit
913 3824 1124 3879 Iudam.
1172 3825 1303 3881 Iuda
1332 3828 1517 3897 genuit
1550 3830 1745 3884 Asech.
1784 3831 1956 3885 Asech
1999 3847 2093 3900 per

516 3912 677 3968 Sech.
721 3950 737 3967 .
778 3951 795 3968 .
840 3951 855 3967 .
883 3914 1083 3969 Mesen.
1113 3916 1291 3972 Mosen
1320 3919 1505 3987 genuit
1526 3920 1805 3976 Mathathi.
1833 3923 2092 3978 Mathathi

516 4003 701 4073 genuit
727 4004 963 4061 Nahum.
983 4005 1187 4060 Nabum
1207 4008 1392 4077 genuit
1414 4008 1558 4064 Jose.
1584 4009 1711 4066 Iose
1736 4011 1920 4079 genuit
1947 4013 2091 4067 Gen-

516 4108 661 4148 nem.
684 4094 921 4150 Gennem
943 4098 1147 4165 genuit.
1190 4137 1204 4151 .
1249 4137 1263 4152 .
1307 4137 1322 4152 .
1364 4136 1378 4153 .
1426 4136 1442 4154 .
1484 4136 1501 4154 .
1542 4138 1557 4155 .
1589 4101 1885 4157 Levi.Levi
1910 4105 2096 4171 genuit

516 4184 761 4240 Natham.
793 4186 1017 4242 Nalham
1048 4189 1231 4258 genuit
1268 4187 1374 4243 Eli.
1417 4190 1499 4259 Eli
1536 4194 1719 4261 genuit
1756 4192 1975 4263 Ioseph.
2002 4194 2088 4248 Io-

515 4276 648 4344 seph
676 4276 940 4332 Ioachim.
972 4279 1212 4334 Joaehim
1241 4292 1416 4337 autem
1451 4286 1639 4352 genuit
1680 4286 1920 4343 Mariam.
1967 4288 2090 4343 llaec

514 4375 597 4419 est
618 4366 779 4420 Maria
803 4368 969 4423 Mater
1000 4369 1232 4437 Domini,
1279 4386 1343 4426 ex
1369 4388 1470 4442 qua
1512 4382 1670 4429 natus
1712 4384 1793 4430 est
1843 4377 2087 4432 Salvator

2188 2457 2383 2524 taginis
2402 2457 2685 2526 episcopus
2717 2456 2836 2509 fuit.
2872 2455 2982 2510 Sub
3013 2456 3129 2524 ipso
3157 2455 3319 2509 Decio
3340 2456 3479 2524 passi
3508 2463 3633 2508 sunt
3661 2453 3770 2507 Ro-

2190 2561 2311 2599 mae
2351 2547 2688 2615 sempronius
2725 2546 2858 2600 Iuli.
2905 2584 2919 2599 .
2965 2584 2979 2598 .
3013 2554 3163 2614 pater
3191 2545 3468 2599 Montanus
3501 2558 3675 2614 usque
3703 2544 3771 2601 ad

2191 2636 2529 2691 Valerianum
2561 2638 2717 2691 annis
2747 2648 2872 2691 sunt
2905 2653 2997 2693 vn.
3044 2677 3057 2693 .
3105 2677 3120 2693 .
3164 2679 3177 2692 .
3223 2676 3236 2691 .
3280 2677 3297 2692 .
3337 2676 3353 2694 .
3397 2678 3411 2691 .
3455 2678 3469 2693 .
3513 2678 3526 2692 .
3574 2677 3588 2691 .
3630 2674 3648 2690 .
3695 2677 3711 2691 .
3754 2676 3769 2691 .

2190 2726 2889 2798 ctKartagineCyprianus.
2919 2767 2935 2781 .
2979 2766 2993 2782 .
3038 2767 3052 2782 .
3098 2770 3110 2783 .
3158 2768 3171 2782 .
3216 2768 3229 2783 .
3277 2767 3291 2781 .
3336 2768 3349 2782 .
3396 2772 3411 2786 .
3454 2768 3468 2782 .
3512 2768 3527 2784 .
3572 2769 3586 2781 .
3631 2766 3648 2782 .
3692 2766 3709 2782 .
3755 2768 3770 2783 .

2191 2817 2566 2871 Masimianum
2598 2819 2721 2871 anni
2751 2828 2875 2871 sunt
2914 2834 3032 2871 XLV.
3070 2818 3170 2886 ipsi
3204 2827 3327 2871 sunt
3364 2818 3577 2887 septimi
3605 2816 3766 2871 Chrio

2191 2911 2486 2966 Stianornm
2539 2910 2787 2963 acerrimi
2834 2916 3225 2978 persecutores.
3272 2945 3287 2960 .
3332 2948 3345 2961 .
3388 2947 3403 2962 .
3447 2946 3460 2959 .
3506 2946 3520 2962 .
3567 2944 3584 2962 .
3628 2948 3643 2961 .
3690 2948 3704 2960 .
3750 2945 3765 2960 .

2320 3039 2332 3053 .
2380 3038 2394 3051 .
2427 2999 2577 3053 urbis
2602 3008 2656 3052 et
2681 3000 2929 3053 cnsurius
2959 2998 3298 3066 Karthaginis
3329 2998 3539 3057 Sirano,
3568 3008 3622 3051 et
3643 2996 3770 3051 Cth-

2195 3092 2378 3145 sianus
2404 3090 2618 3143 diaconi
2659 3091 2827 3143 urbis.
2872 3127 2887 3143 .
2933 3129 2946 3142 .
2991 3130 3004 3143 .
3038 3090 3232 3142 omelia
3272 3097 3770 3141 concremaverunt.

2193 3185 2274 3239 Ab
2307 3185 2437 3254 ipsis
2459 3196 2630 3251 usque
2660 3182 2724 3235 ad
2758 3181 3069 3236 Stiliconem
3113 3181 3301 3233 iterum
3332 3179 3603 3233 consulem
3643 3180 3770 3232 anni

2194 3284 2315 3330 sunt
2348 3285 2561 3329 centum
2603 3272 2732 3326 duo.
2772 3272 2892 3340 Ipso
2941 3270 3217 3325 consulatu
3265 3271 3412 3324 venit
3462 3269 3770 3337 persecutio

2197 3369 2484 3424 Donatisth
2517 3384 2585 3421 vi.
2637 3366 2752 3421 Kal.
2795 3365 2965 3420 Iulias
2995 3365 3115 3419 data
3148 3365 3320 3435 pridie
3360 3364 3625 3419 Kalendas
3664 3364 3770 3419 Fe-

2194 3461 2396 3515 bruarii
2428 3462 2733 3513 Rabannae.
2777 3498 2792 3512 .
2835 3498 2849 3511 .
2896 3496 2910 3511 .
2943 3473 3110 3527 usque
3136 3457 3200 3511 ad
3229 3457 3595 3510 aunos’xxnu.
3628 3456 3770 3524 regis

2195 3552 2453 3607 Geiscrici
2479 3550 2603 3603 anni
2631 3558 2756 3605 sunt
2775 3549 3157 3618 quinquaginta
3186 3557 3328 3601 octo.
3358 3546 3457 3600 Hic
3476 3555 3559 3601 est
3586 3561 3768 3600 nume-

2194 3657 2283 3696 rus
2314 3655 2593 3695 annorum.
2642 3678 2655 3692 .
2698 3678 2713 3691 .
2760 3678 2773 3693 .
2818 3676 2834 3693 .
2857 3638 3110 3692 Dominus
3130 3636 3376 3692 Christus
3399 3652 3584 3707 passus
3608 3652 3768 3705 usque

2194 3731 2259 3786 ad
2304 3746 2501 3785 annum
2536 3736 2896 3799 praesentem,
2944 3727 3085 3782 idest
3128 3728 3264 3782 sicut
3304 3742 3463 3797 supra
3510 3729 3766 3782 seribtum

2195 3829 2279 3876 est
2315 3821 2442 3874 anni
2482 3827 2607 3875 sunt
2631 3820 3003 3889 quadringenti
3054 3819 3271 3888 triginta
3319 3826 3590 3889 quattuor.
3638 3818 3765 3873 Nam

2196 3918 2256 3966 ut
2284 3912 2486 3967 saeculi
2524 3924 2694 3966 annos
2721 3925 2815 3980 per
2842 3909 3085 3965 ordinem
3111 3908 3456 3963 decurramus
3501 3908 3653 3977 legis.
3697 3948 3711 3961 .
3748 3947 3763 3963 .

2198 4039 2213 4055 .
2258 4040 2271 4055 .
2319 4041 2333 4057 .
2378 4041 2392 4053 .
2437 4039 2452 4055 .
2495 4041 2509 4055 .
2555 4039 2570 4055 .
2614 4043 2629 4056 .
2674 4038 2688 4053 .
2731 4040 2745 4055 .
2791 4041 2805 4055 .
2851 4041 2865 4055 .
2909 4036 2925 4053 .
2957 3997 3763 4068 AbAdamusqueaddiluvium

2196 4092 2321 4145 anni
2345 4100 2469 4146 sunt
2488 4091 2738 4145 duomilia
2772 4089 3023 4144 duoccnti
3048 4088 3396 4158 quadraginta
3418 4087 3545 4141 duo.
3574 4086 3653 4141 Ab
3675 4087 3763 4139 illo

2198 4195 2365 4249 usque
2394 4181 2460 4233 ad
2491 4181 2824 4234 vocationem
2855 4179 3100 4233 Abrahae
3137 4180 3260 4231 anni
3291 4186 3417 4232 sunt
3457 4178 3607 4232 mille
3636 4192 3762 4231 cen-

2198 4280 2308 4326 tum
2336 4272 2602 4337 octoginta
2627 4279 2768 4325 octo.
2793 4269 2836 4323 A
2867 4269 3145 4323 vocatione
3177 4267 3422 4322 Abrahae
3467 4282 3636 4336 usque
3663 4281 3761 4336 quo

2200 4363 2294 4416 lilii
2325 4363 2484 4417 Israel
2524 4362 2835 4415 introissent
2867 4363 2918 4413 in
2947 4360 3233 4430 Egyptum
3271 4375 3392 4414 cum
3423 4359 3589 4413 Iacob
3616 4368 3758 4428 patre

514 4470 656 4512 anno
684 4459 1089 4526 quadragesimo
1118 4462 1293 4531 primo
1332 4428 1544 4533 imperii
1584 4467 1804 4536 Augusti
1851 4470 2082 4540 Impera.
2114 4428 2169 4488 D
2192 4467 2290 4509 suo
2316 4454 2441 4507 anni
2470 4460 2593 4505 sunt
2619 4452 2830 4505 ducenti
2860 4450 3161 4519 quindecim
3193 4457 3247 4503 et
3275 4462 3397 4540 cum
3428 4449 3632 4540 bioyse.
3676 4486 3691 4503 .
3718 4485 3748 4540 Δ.

515 4547 666 4603 toris.
701 4550 1010 4619 Supervfxit
1037 4562 1210 4608 autem
1238 4556 1505 4625 Augustus
1526 4558 1594 4613 ab
1614 4575 1755 4614 anno
1783 4560 1835 4614 in
1864 4577 1969 4631 quo
1991 4578 2087 4618 na-

515 4647 597 4692 tu.
628 4650 710 4695 est
742 4642 995 4698 Dominus
1024 4643 1269 4700 Christus
1305 4662 1473 4703 annos
1505 4666 1595 4703 xv.
1647 4652 1782 4707 lluic
1824 4654 2083 4708 successit

515 4729 762 4783 Tiberius
785 4732 964 4786 Carsar
991 4734 1141 4801 cujus
1170 4750 1310 4790 anno
1347 4753 1453 4791 xei.
1488 4753 1672 4807 passus
1704 4751 1787 4795 est
1829 4744 2083 4797 Dominus

514 4819 759 4873 Christus
780 4823 929 4874 Anna
959 4833 1010 4876 et
1038 4823 1236 4892 Caipha
1277 4828 1663 4884 sacerdotibus.
1710 4831 1810 4887 llic
1839 4832 2079 4887 conclusi

514 4911 637 4956 sunt
666 4903 791 4956 anui
820 4905 1091 4974 quingenti
1124 4924 1295 4962 mrv.
1330 4911 1460 4965 inibi
1489 4914 1726 4968 Cassius.

513 4995 701 5052 (ἶπηὶεεί
729 4999 970 5063 usquead
998 5001 1297 5068 passionem
1322 5002 1524 5056 Domini
1555 5004 1718 5058 nostri
1739 5005 1900 5061 Ihesu
1924 5008 2081 5063 Chri-

511 5087 669 5143 stiab
700 5088 979 5142 undecimo
1018 5104 1159 5145 anno
1184 5091 1427 5146 Ioachim
1478 5094 1620 5164 regis
1660 5095 1799 5149 idem
1836 5112 1864 5151 a
1908 5101 2079 5166 primo

512 5192 655 5231 anno
681 5180 1006 5247 captivitatis
1048 5182 1374 5236 Hierusalem
1407 5192 1463 5239 et
1498 5186 1735 5241 Ieconize
1784 5187 1878 5241 filii
1907 5189 2020 5256 ejus
2047 5206 2081 5245 a

512 5271 759 5337 passione
791 5282 970 5325 autem
1014 5272 1221 5327 Domini
1255 5290 1422 5345 usque
1444 5278 1817 5345 Apostolorum
1850 5278 1991 5335 Petri
2025 5291 2078 5336 et

511 5358 659 5413 Pauli
687 5374 856 5414 annos
884 5376 1066 5415 xxvin.
1090 5365 1230 5431 passi
1260 5364 1469 5421 Nerone
1498 5367 1602 5423 b's.
1644 5405 1658 5420 .
1705 5405 1719 5420 .
1761 5407 1774 5421 .
1819 5404 1837 5421 .
1875 5406 1892 5424 .
1935 5409 1949 5424 .
1994 5409 2010 5425 .
2057 5412 2072 5427 .

512 5484 527 5500 .
573 5488 587 5502 .
630 5488 643 5503 .
680 5452 847 5516 prima
879 5452 1007 5505 haec
1050 5454 1148 5507 fuit
1179 5454 1510 5525 Neronisque
1550 5458 1743 5513 iterum
1778 5458 1950 5514 futura
1978 5462 2077 5517 sub

511 5538 691 5592 Enoch
718 5549 770 5594 et
801 5542 839 5595 ll
880 5542 968 5596 l'a.
1006 5542 1101 5597 llic
1131 5544 1267 5597 Nero
1302 5547 1413 5614 ipse
1438 5558 1538 5614 est,
1570 5550 1720 5618 cujus
1742 5566 1931 5604 nomen
1962 5552 2072 5605 La-

510 5626 716 5684 banius.
765 5671 779 5687 .
824 5672 834 5685 .
883 5672 894 5687 .
943 5676 951 5686 .
984 5636 1445 5692 vucavitscscenti
1469 5638 1649 5694 decem
1681 5642 1837 5696 sexis.
1874 5640 1915 5695 II
1943 5658 1968 5697 c
1992 5658 2073 5696 sa-

2195 4580 2212 4598 .
2256 4581 2270 4597 .
2313 4583 2329 4597 .
2375 4582 2389 4597 .
2431 4580 2446 4595 .
2492 4580 2507 4595 .
2550 4579 2565 4596 .
2594 4540 2804 4611 iudices
2823 4541 2904 4593 eis
2925 4549 2978 4594 et
3004 4547 3157 4592 erant
3182 4554 3244 4592 ex
3278 4538 3400 4591 ﬁliis
3431 4538 3587 4592 Israel
3612 4537 3755 4590 annis

2192 4635 2594 4706 quadringentis
2623 4632 3025 4702 quinquaginta.
3067 4630 3282 4685 Oﬂ‘enso
3322 4632 3431 4684 Deo
3465 4646 3582 4696 usq.
3627 4670 3641 4685 .
3685 4667 3698 4682 .
3738 4667 3752 4681 .

2195 4764 2209 4780 .
2256 4766 2270 4779 .
2316 4763 2331 4778 .
2361 4726 2674 4780 dicaverunt
2702 4737 2795 4777 eos
2816 4723 3146 4791 alienigenae
3175 4722 3329 4775 annis
3356 4730 3568 4777 centum
3596 4720 3753 4775 unde-

2192 4816 2316 4870 cini.
2360 4816 2531 4885 Reges
2559 4816 2636 4869 eis
2670 4813 2880 4868 fuerunt
2920 4814 3074 4866 anuis
3096 4812 3402 4882 quingentis
3431 4814 3580 4880 quin.
3624 4849 3640 4865 .
3683 4851 3697 4865 .
3737 4848 3752 4864 .

2183 4922 2395 4963 menses
2444 4923 2536 4961 sex
2576 4906 2691 4959 dies
2730 4905 2935 4959 decem.
2982 4904 3038 4957 In
3082 4904 3388 4971 captivitate
3437 4903 3754 4972 Babyloniae

2182 4998 2395 5053 fuerunt
2432 4997 2586 5049 annis
2635 4994 2990 5063 septuaginta.
3050 4994 3478 5047 Ebdomadarum
3526 4993 3756 5047 Danielis

2182 5100 2384 5159 septem
2418 5089 2678 5157 inquibus
2701 5096 2782 5140 est
2825 5085 3083 5154 templum
3118 5086 3209 5140 Dei
3252 5094 3607 5139 restauratum
3635 5084 3756 5137 anui

2182 5193 2307 5238 sunt
2344 5198 2547 5237 XLvrni.
2587 5181 2823 5234 Aliarum
2852 5179 3268 5232 ebdomadarum
3317 5179 3589 5248 sexaginta
3634 5178 3759 5231 dua-

2189 5292 2330 5341 rum,
2366 5274 2416 5327 iu
2443 5273 2639 5342 quibus
2681 5269 2985 5324 sacerdotes
3022 5270 3202 5338 templi
3247 5269 3324 5324 eis
3353 5269 3757 5323 dominabantur

2186 5382 2354 5436 usque
2382 5366 2449 5418 ad
2471 5363 2662 5417 Christi
2693 5361 2913 5414 Duri-ini
2950 5360 3282 5413 nativitatem
3312 5360 3436 5412 anni
3477 5369 3602 5413 sunt
3631 5370 3759 5426 qua-

2184 5455 2451 5524 dringenti
2476 5467 2651 5505 xxxrv.
2688 5453 2751 5505 lit
2773 5466 2802 5505 a
2835 5452 3112 5505 nativitatc
3137 5450 3343 5504 Domini
3363 5465 3529 5517 usque
3554 5449 3621 5502 ad
3649 5448 3758 5516 ejus

2186 5548 2484 5618 passionem
2515 5545 2640 5599 anni
2672 5556 2794 5597 sunt
2824 5560 2970 5597 χχχι.
3006 5544 3071 5596 Et
3101 5557 3127 5594 a
3163 5543 3407 5609 passione
3442 5541 3651 5594 Domini
3676 5554 3756 5591 us-

2184 5656 2286 5704 que
2332 5637 2395 5692 ad
2441 5654 2637 5691 annum
2675 5635 2982 5703 vigesimum
3031 5646 3279 5702 quartum
3326 5634 3464 5700 regis
3502 5630 3761 5690 Geiserici
