4016 6182
220 351 320 406 545

1298 349 1386 403 DE
1424 346 1749 403 COMPUTU
1789 344 2123 401 PASCIIALI
2168 344 2293 400 LIB.
2340 343 2375 397 l.

3382 346 3486 402 διδ

216 461 875 529 Innisuntquadringcnti
910 476 1118 513 xxxun.
1155 461 1521 516 Futntomnes
1546 461 1614 515 ab
1638 462 1801 515 Adam
1837 464 1884 523 Α
1983 458 2213 526 Εχμιίρίι
2260 457 2395 511 Ιιὺοιο
2428 456 2830 526 ϐριιωιιεῑοηέ,
2868 460 2915 512 in
2950 475 3055 528 quo
3095 460 3312 529 praefati
3362 462 3485 514 anni

222 567 313 618 per
338 551 473 621 legis
495 552 736 605 ordinem
765 552 1026 605 numerati
1059 566 1223 619 usque
1244 552 1307 603 ad
1333 566 1529 605 annum
1557 566 1806 619 praesen-

218 651 321 695 tem
352 640 479 694 anni
508 640 691 709 quing.
738 681 753 695 .
798 678 813 692 .
859 679 873 694 .
918 679 931 692 .
963 641 1215 709 nongenti
1237 642 1507 709 octoginta
1530 651 1805 708 quattuor.

1912 551 2205 606 conclusio.
2251 589 2264 603 .
2310 588 2323 602 .
2368 586 2381 602 .
2427 588 2440 602 .
2487 588 2499 603 .
2547 587 2558 601 .
2608 587 2619 600 .
2658 588 2670 602 .
2719 588 2730 601 .
2777 588 2790 601 .

221 769 2597 792 h——_———————-———————-——————-——-———————

1356 872 2398 988 ANONYMI

1612 1078 2099 1156 LIBELLUS

997 1254 1173 1367 DE
1264 1253 1929 1373 COMPUTO
2012 1252 2743 1367 PASCHALI.

1624 1450 1958 1461 _.._—————

1450 1554 1788 1637 LIBER
1846 1550 2325 1632 PRIMUS.

299 1693 435 1747 Dum
473 1708 625 1747 mens
647 1692 855 1747 curiosa
888 1692 941 1746 in
968 1706 1024 1746 re
1055 1700 1161 1745 tam
1189 1687 1419 1761 graviori
1451 1701 1499 1743 et
1534 1686 1818 1742 admodum
1856 1684 1900 1742 Β
1927 1683 2096 1736 cunda
2143 1682 2209 1735 ad
2262 1689 2420 1750 caput
2462 1682 2652 1737 iterum
2698 1684 3002 1738 revolvatur
3032 1727 3045 1750 ,
3088 1689 3227 1743 lnntc
3267 1688 3500 1746 Lunares

227 1786 363 1838 satis
394 1783 613 1851 optabili
646 1784 959 1853 propensius
984 1782 1287 1845 desudaret,
1317 1789 1371 1835 et
1393 1781 1481 1833 diu
1515 1775 1817 1832 anhelando

228 1876 489 1930 lectitatis
542 1874 917 1943 perdurasset,
968 1874 1055 1928 illa
1108 1874 1316 1929 scilicet
1362 1888 1479 1942 quae
1539 1871 1810 1924 hominem

226 1964 552 2018 mortalibus
586 1964 789 2033 laqueis
815 1971 1154 2032 occupatum,
1183 1963 1403 2031 jejuniis
1434 1976 1462 2013 a
1493 1960 1701 2014 delictis
1728 1975 1821 2013 ex-

227 2054 434 2122 piatum
469 2062 679 2121 ptIrgal,
717 2063 769 2106 et
812 2052 1085 2105 beatorum
1125 2051 1292 2107 choro
1332 2048 1624 2113 consociat,
1649 2049 1820 2102 cocci-

227 2140 349 2197 neis
376 2141 597 2195 maculis
631 2147 686 2194 et
716 2141 891 2194 alieno
930 2140 1123 2194 rubore
1165 2153 1437 2208 aspersam
1489 2138 1821 2208 baptismatis

228 2233 473 2286 tunicam
526 2242 582 2286 ut
634 2232 808 2286 nivem
863 2230 1080 2285 exhibet
1128 2231 1463 2285 candidatum
1497 2241 1544 2296 ι,
1602 2230 1824 2300 suscipit

230 2324 403 2378 etiam
437 2324 490 2377 in
526 2324 646 2392 agni
678 2324 888 2392 nuptias
916 2322 1216 2377 veternosis
1256 2323 1489 2391 peccatis
1540 2320 1709 2376 bonus
1741 2333 1824 2376 tu-

232 2421 372 2478 met,
406 2409 461 2465 in
487 2412 650 2464 ruina:
674 2426 797 2466 casu
824 2411 1086 2481 dilapsum
1108 2410 1264 2480 erigit
1286 2411 1623 2464 sacerdotum
1654 2413 1825 2479 preci-

231 2501 341 2555 bus
373 2500 609 2554 recivum
638 2498 865 2555 Domino
895 2501 1148 2569 templum
1180 2509 1235 2555 et
1276 2500 1418 2555 subit
1457 2500 1634 2554 odium
1666 2501 1825 2555 mise-

232 2590 469 2645 rationis
499 2590 705 2661 fulgore
731 2592 934 2658 micuit,
954 2590 1125 2660 adque
1154 2591 1393 2648 scientiae
1417 2593 1591 2645 lumen
1607 2590 1823 2658 effulsit,

231 2690 293 2735 ut
326 2682 418 2734 illi
455 2696 573 2751 qua:
605 2682 920 2736 videbantur
949 2682 1212 2751 quaerenti
1243 2690 1296 2736 et
1338 2682 1663 2736 desideranti
1709 2682 1827 2751 qui-

233 2770 465 2826 busdam
488 2771 692 2826 nebulis
718 2772 996 2826 obscurata
1026 2773 1357 2840 pateﬁerent,
1390 2772 1635 2826 universa
1662 2773 1709 2825 ei
1733 2772 1827 2825 de-

234 2870 550 2931 tegerentur
585 2862 815 2927 occulta,
856 2876 885 2916 a
929 2877 1035 2932 quo
1065 2864 1282 2917 lunares
1310 2878 1499 2918 cursus
1531 2864 1581 2916 in
1613 2863 1826 2931 integro

236 2954 612 3020 ﬁrmarentur,
643 2963 696 3006 et
723 2953 999 3021 paschales
1030 2955 1213 3009 circuli
1245 2955 1344 3007 sibi
1377 2954 1603 3009 invicem
1634 2967 1829 3008 conso-

1924 1775 2167 1830 minutize
2194 1782 2512 1843 genuerunt,
2536 1789 2602 1828 eo
2628 1774 2766 1843 quod
2794 1776 2930 1829 inter
2950 1776 3228 1833 duodecim
3249 1795 3417 1837 annos
3449 1791 3504 1836 nt

1921 1865 2130 1934 integro
2169 1863 2445 1933 paselta'es
2493 1862 2613 1918 dies
2646 1866 2989 1929 pronuntiare
3014 1882 3290 1934 possemus
3318 1912 3331 1936 ,
3368 1874 3504 1923 assis

1921 1972 2060 2011 unus
2078 1956 2143 2010 de
2157 1954 2462 2010 arcentibus
2486 1955 2657 2010 unciis
2688 1957 2964 2026 perspicue
2992 1959 3291 2014 invenietur
3310 1968 3505 2028 prater

1922 2048 2069 2103 illum
2099 2062 2272 2101 assem
2298 2046 2545 2102 videlicet
2573 2047 2848 2112 feriarum,
2880 2050 2970 2117 qui
2995 2048 3131 2102 inter
3152 2064 3322 2104 annos
3347 2060 3497 2119 quat-

1925 2149 2045 2194 tuor
2073 2155 2167 2209 pro
2180 2139 2474 2193 bissextum
2502 2139 2798 2207 szepissime
2824 2139 3162 2209 subrogatur.
3191 2140 3330 2210 Ergo
3351 2150 3499 2196 octo~

1923 2232 2039 2301 gies
2067 2240 2251 2300 quater
2282 2232 2471 2285 unciae
2499 2238 2680 2299 septus
2718 2240 2771 2284 et
2810 2231 3008 2299 septies
3051 2230 3379 2301 decusdipun
3403 2231 3504 2286 lius

1927 2320 2125 2375 habeas
2150 2334 2315 2374 annos
2343 2320 2609 2387 octoginta
2640 2330 2906 2389 quattuor,
2940 2320 3131 2389 quibus
3155 2324 3503 2379 sanctissima!

1924 2409 2214 2464 memetriie
2238 2410 2541 2477 Augustalis
2562 2424 2651 2463 sex
2667 2410 2732 2464 de
2754 2420 2957 2479 srptem
2982 2411 3187 2465 assibus
3218 2412 3269 2465 in
3301 2412 3501 2467 ocdoa-

1926 2501 2082 2557 dibus
2120 2512 2175 2556 et
2200 2500 2559 2555 endecadibus
2594 2501 2705 2554 suis
2732 2517 2839 2554 non
2873 2501 3102 2569 propriis
3130 2502 3260 2557 locis
3282 2512 3333 2556 et
3363 2520 3388 2556 s
3409 2504 3505 2557 sdi-

1928 2592 2026 2645 btts
2074 2590 2383 2655 adnotavit;
2434 2605 2566 2659 quos
2616 2605 2711 2658 per
2760 2606 2930 2645 annos
2960 2592 3226 2660 octoginta
3256 2602 3505 2659 quattuor

1926 2682 2145 2736 annales
2170 2682 2337 2735 uncim
2366 2680 2704 2735 invenerunt.
2746 2681 2826 2734 οι)
2847 2696 3003 2748 quam
3038 2696 3149 2736 rem
3185 2682 3236 2734 in
3264 2681 3503 2750 ejusdem

1928 2771 2143 2826 circulis
2193 2786 2345 2825 erre'r
2372 2770 2693 2839 aliquotiens
2730 2770 2998 2825 invenitur
3021 2811 3035 2835 ,
3083 2772 3207 2825 dum
3239 2787 3501 2826 annorum

1930 2879 2157 2919 numero
2183 2904 2197 2929 ,
2229 2872 2280 2918 et
2309 2864 2693 2917 elementorum
2717 2863 2961 2917 cursibus
2994 2862 3245 2931 liquidius
3277 2878 3380 2916 non
3407 2863 3506 2916 ad-

1931 2954 2166 3009 tenditur
2185 2993 2199 3019 ,
2227 2954 2469 3023 quamvis
2502 2966 2637 3005 unus
2668 2952 2804 3005 assis
2831 2952 2897 3005 de
2927 2962 3129 3020 septem
3157 2952 3209 3005 in
3239 2952 3505 3020 octoginta

233 3053 435 3097 nantes-
468 3059 589 3098 cum
616 3043 890 3099 lunaribus
916 3046 1091 3112 annis,
1123 3053 1177 3099 et
1203 3046 1637 3099 embotismorum
1664 3044 1826 3097 titulis
1854 3033 1901 3096 C
1931 3054 2180 3117 quattuor
2200 3047 2352 3098 annis
2376 3058 2589 3112 semper
2604 3042 3217 3112 deducitur,etpa~chali
3240 3060 3507 3113 nunquam

232 3135 361 3190 sine
380 3136 492 3189 ullo
520 3151 704 3191 errore
735 3136 801 3191 ab
829 3137 1195 3207 ignorantibus
1226 3146 1592 3199 noscerentur,
1626 3137 1675 3189 in
1707 3136 1826 3205 qni-

233 3223 340 3278 bus
368 3224 725 3278 ocdoadarum
754 3235 809 3280 et
828 3225 1218 3280 endecadarum
1249 3229 1373 3280 anni
1407 3226 1478 3279 ita
1506 3225 1826 3293 investigati,

235 3313 418 3382 adque
448 3314 631 3368 divino
681 3324 809 3369 nutu
853 3315 1081 3370 confecti
1128 3316 1425 3385 signantur,
1478 3327 1534 3369 ut
1582 3316 1634 3368 in
1683 3316 1828 3368 nullo

238 3418 469 3471 prorsus
499 3403 747 3458 vacillare
787 3406 1124 3474 aliquatenus
1154 3407 1455 3460 videantur.
1482 3405 1683 3471 Quibus
1710 3420 1829 3472 pro-

244 3492 487 3545 videntia
519 3494 810 3547 conditoris
842 3503 983 3548 tanta
1011 3495 1240 3548 titulatio
1266 3494 1438 3549 deﬁxa
1467 3496 1827 3564 cognoscitur,

240 3593 298 3637 ut
331 3583 388 3637 in
417 3600 561 3637 anno
591 3585 801 3638 decimo
832 3586 971 3654 regis
1002 3583 1257 3639 Geiserici
1290 3588 1411 3639 anni
1434 3586 1834 3654 quadringenti-

241 3678 437 3747 viginti
469 3692 495 3728 a
528 3676 778 3745 passione
802 3676 1076 3732 Dominica
1107 3678 1156 3730 in
1184 3678 1355 3745 capite
1377 3679 1558 3745 prima:
1585 3676 1833 3732 ocdoadis

241 3767 672 3835 complerentur,
705 3775 757 3819 et
797 3768 921 3831 tale,
954 3774 1059 3820 tam
1104 3766 1435 3829 Judanorum,
1473 3781 1631 3835 quam
1679 3767 1835 3819 Chri-

238 3859 542 3911 stianorum
572 3857 844 3911 inventum
869 3868 947 3910 est
980 3856 1194 3925 pascha,
1214 3858 1372 3927 quale
1402 3866 1525 3910 tunc
1554 3872 1582 3909 a
1614 3857 1833 3910 Domino

239 3964 367 4003 cum
399 3949 683 4019 Di~cipulis
714 3950 875 4002 fuerit
903 3948 1253 4003 celebratum.
1281 3950 1478 4003 Passus
1504 3948 1704 4002 interea
1737 3963 1833 4016 pro

241 4040 400 4095 nobis
428 4040 621 4094 octabu
643 4040 899 4095 kalendas
929 4042 1160 4110 Apriles,
1185 4042 1307 4096 luna
1330 4041 1689 4098 sextadecima
1711 4084 1724 4106 ,
1760 4040 1837 4095 le-

240 4132 325 4187 ria
369 4139 556 4199 sexta,
604 4140 660 4187 et
694 4134 985 4187 resurrexit
1032 4147 1062 4185 a
1108 4135 1333 4187 mortuis
1372 4142 1523 4187 sextu
1579 4133 1837 4187 kalendas

242 4223 466 4279 easdem
492 4264 506 4285 ,
540 4222 663 4276 luna
709 4222 1139 4293 duodevigesima
1167 4265 1180 4287 ,
1214 4223 1343 4277 feria
1373 4225 1540 4292 prima
1567 4263 1582 4288 ,
1613 4223 1751 4277 sicut
1783 4224 1835 4277 in

244 4328 391 4368 anno
412 4314 587 4382 primo
607 4313 794 4383 prima:
823 4313 1075 4367 ocdoadis
1097 4313 1279 4383 operis
1306 4315 1443 4381 cepti
1481 4312 1836 4380 proculdubio

1931 3136 2150 3189 omnino
2187 3132 2550 3202 supputationi
2598 3132 2945 3193 conceditur;
2988 3133 3267 3201 ipsumque
3308 3148 3506 3198 assem,

1934 3227 2031 3281 nisi
2050 3227 2224 3293 fallor,
2257 3226 2529 3294 preprium
2554 3225 2603 3277 in
2633 3223 2873 3278 lunarem
2896 3238 3110 3277 cursum
3144 3239 3248 3278 non
3274 3225 3510 3278 intentus

1932 3316 2153 3372 immisit
2180 3358 2193 3382 ,
2222 3332 2306 3385 qn:
2330 3330 2379 3369 tn
2406 3317 2585 3384 potius
2612 3331 2772 3384 super
2801 3329 3024 3368 vacuum
3070 3315 3287 3383 integris
3329 3314 3510 3368 adser-

1935 3408 2167 3463 tionibus
2194 3406 2487 3461 declinavit
2521 3424 2533 3459 :
2568 3407 2681 3475 Ipse
2706 3414 2821 3471 est,
2869 3407 2956 3475 qui
2989 3406 3264 3475 paschales
3295 3422 3511 3461 errares

1933 3496 2199 3567 gignendo
2229 3496 2559 3562 dinoscitur,
2594 3497 2733 3552 sicut
2761 3513 3020 3551 annorum
3050 3498 3189 3552 serie
3213 3500 3512 3564 conscripta

1936 3598 2281 3644 monstratur.
2328 3588 2398 3643 Ut
2428 3597 2607 3642 autem
2636 3589 2806 3657 ipsum
2839 3604 3041 3653 assem,
3069 3589 3160 3658 qui
3187 3590 3508 3652 excluditur,

1935 3682 2177 3735 inven're
2224 3682 2398 3748 possis
2436 3695 2464 3733 a
2497 3681 2651 3750 [forte
2676 3678 2797 3747 hac]
2837 3681 3212 3749 supputatione
3244 3682 3317 3734 uti
3350 3681 3514 3735 debe-

1938 3772 2039 3825 bis.
2064 3771 2313 3837 Octogies
2342 3780 2531 3839 quater
2568 3771 2708 3825 enim
2749 3772 2972 3825 decnsts
3002 3774 3151 3826 uncia
3195 3771 3393 3825 faciunt
3424 3771 3517 3826 tibi

1937 3864 2052 3916 dies
2082 3872 2378 3931 nungentos
2409 3862 2623 3930 triginta
2666 3878 2857 3925 unum;
2909 3862 3119 3929 partiris
3152 3863 3481 3930 trigesimum
3503 3900 3517 3919 .

1937 3954 2177 4007 invenies
2209 3955 2437 4007 triesas:
2486 3953 2583 4020 ipsi
2626 3963 2749 4006 sunt
2791 3953 3005 4021 triginta
3052 3962 3104 4005 et
3148 3968 3307 4003 ttnutn
3338 3954 3519 4003 cmbu-

1938 4043 2100 4107 lismi,
2124 4058 2258 4112 quos
2282 4043 2568 4097 Iatcrculns
2596 4043 2771 4095 omnis
2803 4044 3002 4096 habere
3030 4042 3399 4109 cognoscitur;
3429 4057 3513 4095 rc-

1940 4142 2121 4189 tnanet
2153 4148 2291 4188 unus
2321 4134 2457 4187 assis
2484 4134 2592 4196 ille,
2619 4134 2707 4200 qui
2743 4134 2791 4185 in
2827 4132 2931 4186 ﬁne
2960 4147 3221 4186 annorum
3252 4136 3518 4201 octoginta

1939 4234 2190 4293 quattuor
2211 4224 2275 4278 de
2299 4233 2505 4286 septem
2529 4239 2742 4290 semper
2759 4223 3061 4289 deducitur,
3090 4239 3268 4292 quem,
3293 4235 3348 4277 ttt
3378 4224 3517 4277 dixi-

1941 4330 2058 4367 mus
2078 4328 2467 4380 supervacuum
2500 4314 2712 4367 lunares
2735 4314 2972 4367 minutim
2998 4322 3315 4382 genuerunt.
3343 4314 3517 4381 ipsum

246 4406 554 4475 aspectibus
598 4407 796 4460 nostris
841 4406 1089 4459 ver‘.dicis
1134 4406 1434 4459 ostenditur
1478 4404 1833 4458 documentis.
1868 4398 1916 4456 D
1942 4405 2100 4458 etiam
2129 4414 2183 4458 et
2224 4404 2485 4472 Agriustia
2528 4402 2641 4470 ejus
2672 4403 2943 4472 municipii
2976 4403 3398 4456 'l‘ltimidensium
3437 4418 3520 4456 re-

250 4498 340 4551 Est
368 4498 511 4552 enim
544 4510 715 4550 annus
738 4510 972 4564 praesens
996 4496 1048 4549 in
1072 4496 1309 4549 ocdoada
1335 4497 1505 4563 prima
1534 4510 1563 4548 a
1590 4495 1837 4564 passione

253 4589 531 4643 Dominica
575 4586 1133 4657 quadringentesimus
1164 4586 1450 4657 vigesimus
1479 4595 1667 4640 sextus
1697 4600 1838 4638 anno

252 4676 622 4732 sextodecimo
638 4677 817 4745 Regis,
850 4676 1068 4732 secundi
1098 4692 1224 4732 vero
1248 4676 1431 4732 circuli
1462 4686 1619 4746 caput
1642 4692 1837 4731 annum

254 4768 420 4823 habet
445 4768 728 4822 consulatu
750 4766 1036 4823 Theodosii
1068 4768 1253 4823 decem
1278 4776 1333 4823 et
1367 4769 1563 4837 septies
1588 4778 1641 4822 et
1671 4766 1836 4830 Festi,

256 4859 310 4913 in
340 4860 496 4928 cujus
526 4860 628 4913 line
649 4861 717 4914 ab
742 4860 972 4931 Egypto
999 4860 1320 4916 exeuntibus
1344 4860 1467 4914 ﬁliis
1497 4860 1658 4914 Israel
1690 4874 1839 4913 com-

259 4949 390 5018 pleti
436 4958 562 5003 sunt
596 4950 720 5003 anni
752 4950 856 5003 duo
888 4950 1052 5004 millia
1081 4959 1296 5004 centum
1319 4990 1335 5017 ,
1367 4960 1419 5005 et
1463 4951 1737 5004 inventum
1765 4958 1848 5003 est

258 5040 457 5109 pascha
486 5080 501 5104 ,
528 5041 686 5108 quale
716 5042 767 5094 itt
798 5040 1030 5110 Aigypto
1072 5055 1099 5092 a
1132 5040 1377 5095 Patribus
1406 5042 1636 5112 primum
1676 5042 1848 5095 fuerat

260 5134 628 5197 immolatum;
658 5141 817 5202 atque
859 5148 999 5186 anno
1022 5132 1392 5188 seXIodecimo
1422 5134 1581 5202 llegis
1610 5133 1845 5187 adnotali

262 5235 387 5279 sunt
414 5225 521 5279 duo
545 5225 707 5278 millia
734 5233 945 5279 centum
971 5225 1207 5280 sedecim
1240 5227 1293 5281 in
1331 5227 1591 5295 vigesimo
1618 5236 1671 5281 et
1694 5238 1848 5280 sexto

262 5319 465 5373 circulo
505 5334 643 5373 anno
671 5320 896 5389 septimo
926 5319 1135 5374 decim-t
1165 5320 1403 5390 ejusdem
1445 5320 1627 5374 circuli
1653 5360 1667 5384 ,
1696 5319 1846 5388 cujus

265 5412 385 5464 anni
437 5410 774 5465 Dominieum
824 5412 1020 5480 pascha
1069 5413 1241 5481 agitur
1291 5413 1530 5481 quintum
1580 5411 1845 5467 decimum

265 5501 531 5557 Kalendas
573 5503 770 5572 Majas,
804 5503 927 5556 luna
967 5503 1193 5573 septima
1226 5503 1455 5558 decima.
1489 5501 1594 5557 Sed
1626 5508 1683 5555 ut
1713 5516 1848 5555 unus

268 5593 400 5647 assis
437 5594 489 5647 in
541 5592 640 5647 hoc
687 5593 884 5647 circulo
931 5593 1048 5662 plus
1092 5593 1416 5660 inveniatur,
1451 5601 1505 5648 et
1532 5606 1561 5647 a
1591 5591 1712 5648 luna
1756 5605 1847 5645 se-

340 5734 365 5762 “
404 5728 610 5783 Sensus
642 5728 902 5785 turbatus.

1941 4497 2147 4565 giorum
2189 4497 2431 4551 scribens
2472 4495 2744 4549 llilariano
2782 4496 2849 4548 de
2899 4495 3102 4549 ratione
3143 4496 3381 4563 priscltali
3430 4509 3523 4563 per

1943 4588 2205 4655 scripulos
2230 4598 2350 4640 arte
2379 4586 2606 4655 quadam
2639 4583 2781 4639 volui
2835 4586 3122 4640 excludere
3149 4627 3163 4646 .
3198 4586 3430 4639 innitens
3472 4585 3523 4637 in

1942 4692 2113 4730 annos
2139 4676 2377 4745 singulos
2409 4692 2513 4731 non
2548 4676 2794 4731 undecim
2828 4676 2944 4730 dies
2968 4685 3022 4730 et
3064 4676 3279 4740 uncias,
3314 4685 3396 4729 set
3426 4692 3525 4727 ttll-

1945 4767 2119 4822 decim
2144 4768 2259 4822 dies
2292 4767 2613 4822 semiuncias
2635 4808 2650 4832 ,
2683 4768 2805 4822 dum
2845 4767 2973 4822 sela:
2999 4808 3014 4832 ,
3046 4767 3339 4837 scripulum
3373 4780 3526 4820 suum

1946 4859 2424 4923 setnissemiuncia,
2457 4859 2575 4913 dure
2601 4859 2748 4922 selze,
2785 4860 2961 4912 minus
2992 4858 3055 4913 ad
3083 4859 3291 4912 unciam
3324 4856 3529 4927 scripu-

1953 4949 2033 5003 los
2057 4949 2190 5002 duos
2212 4949 2538 5014 cincunsela,
2557 4949 2646 5017 qui
2682 4949 2880 5003 faciunt
2904 4950 2954 5003 itt
2986 4950 3254 5019 octoginta
3278 4958 3531 5018 quattuor

1949 5040 2105 5093 annis
2135 5040 2398 5109 scripulos
2446 5040 2705 5094 ducentos
2753 5050 2981 5109 quatuor
3029 5050 3227 5094 sestam
3277 5041 3367 5108 qui
3408 5046 3531 5093 sunt

1954 5133 2097 5186 Itortn
2126 5142 2277 5197 octo,
2307 5132 2668 5201 setltispuncta
2691 5172 2705 5197 ,
2738 5133 2950 5200 duoque
2976 5131 3165 5185 habeo.
3202 5132 3529 5185 Devidcntur

1952 5224 2081 5277 foris
2105 5224 2361 5279 exclusus.
2392 5224 2563 5277 Minus
2596 5239 2723 5292 ergo
2756 5223 3019 5277 habentur
3043 5222 3108 5276 ad
3140 5222 3354 5291 plenum
3389 5222 3531 5273 diem

1953 5317 2020 5370 de
2046 5316 2350 5384 septenario
2373 5330 2595 5370 numero
2621 5313 3011 5368 excludendum
3042 5314 3203 5367 horas
3228 5321 3331 5365 tres
3355 5350 3370 5375 ,
3401 5311 3535 5363 scri-

1956 5408 2137 5475 pulum
2159 5407 2425 5470 undecim,
2462 5414 2653 5472 puncta
2684 5403 2904 5467 decem;
2941 5404 3062 5458 ideo
3087 5403 3267 5470 utique
3294 5400 3535 5467 aliquan-

1958 5509 2039 5552 tos
2069 5512 2237 5551 annos
2264 5496 2376 5550 suis
2414 5494 2815 5548 adsertionibus
2855 5495 2905 5548 in
2944 5495 3152 5562 integro
3182 5490 3536 5545 determinare

1958 5588 2215 5658 nequivit.
2251 5586 2547 5643 Providens
2570 5586 2727 5655 igitur
2755 5586 2927 5653 ipsum
2956 5599 3131 5642 assem
3160 5578 3537 5637 declinandum
