4016 6182
501 317 602 372 bl?

1743 311 2047 367 ANUNYNII
2090 314 2427 371 AUCTORIS

3665 320 3769 377 MS

501 426 672 481 modis
697 424 945 479 omnibus
968 437 1109 489 esse,
1138 420 1278 491 quod
1309 421 1353 476 si
1386 420 1697 491 Augustalis
1717 436 1833 489 sex,
1862 432 1919 476 ut
1947 423 2075 485 dixi,
2110 427 2155 481 Α
2187 424 2351 479 fuisse
2372 466 2385 491 ,
2415 436 2468 480 et
2498 438 2687 496 quarta
2732 427 2820 480 die
2853 426 2992 495 quod
3023 434 3104 481 est
3133 429 3319 497 quinto
3342 428 3614 484 Kalendas
3635 435 3770 499 ejus-

502 533 651 572 asses
677 517 729 570 in
755 516 993 571 laterculi
1022 514 1274 567 membris
1292 514 1452 567 certis
1476 514 1712 567 numeris
1745 514 2077 575 immisisset,

504 609 808 661 nullatenus
832 607 883 660 in
908 604 1078 659 lunari
1105 620 1262 657 cursu
1287 614 1341 659 et
1370 604 1878 673 paschalibttsannis
1895 605 2080 659 vitium

502 698 813 752 incurrisset
832 737 845 761 ,
880 697 1073 765 quibus
1095 706 1483 764 exproventum
1514 698 1716 751 erroris
1739 697 1878 751 hunc
1908 712 2082 751 assem

502 789 554 842 in
583 804 680 843 suo
712 788 882 842 lunari
906 803 1063 842 curso
1090 788 1357 855 superﬂue
1384 789 1626 842 variatim
1660 790 1806 843 visus
1835 800 1916 844 est
1941 806 2080 858 prte-

468 876 473 879 ’
502 894 723 948 rogare;
761 879 955 932 minori
985 888 1159 932 autem
1194 880 1460 933 elemento
1485 880 1535 933 in
1570 882 1729 934 tertio
1758 880 1957 934 circulo
1981 883 2079 934 tri-

502 967 790 1037 gesimario
836 982 977 1020 anno
1006 968 1264 1032 vigesimo
1298 978 1490 1036 quarto
1520 968 1722 1022 lunaris
1750 970 2086 1024 concluditur

500 1072 708 1111 cursus.
742 1056 1008 1124 Competit
1051 1059 1211 1111 etiam
1257 1057 1340 1110 his
1380 1058 1597 1111 circulis
1623 1059 1962 1127 paschalibus
1992 1074 2086 1129 per

500 1164 671 1203 annos
701 1149 968 1216 octOginta
1007 1158 1277 1216 quattuor,
1308 1150 1501 1217 quibus
1532 1150 1804 1216 explicitis
1835 1151 1898 1203 ad
1929 1162 2086 1218 caput

500 1236 788 1293 reverteris
820 1240 931 1293 sive
960 1239 1012 1291 itt
1044 1240 1320 1293 lunaribus
1348 1240 1626 1304 cancellis,
1654 1255 1745 1293 seu
1779 1241 1829 1293 in
1865 1242 2088 1308 pascha-

500 1331 639 1384 libus
676 1331 850 1383 annis.
884 1332 1122 1395 Quorum
1154 1346 1323 1384 annus
1373 1332 1533 1399 igitur
1557 1332 1816 1399 septimus
1844 1334 2087 1388 decimus

499 1437 641 1475 anno
670 1433 830 1474 sexto
857 1421 1066 1475 decimo
1103 1422 1292 1487 Regis;
1325 1422 1415 1473 sed
1443 1422 1491 1475 in
1528 1422 1719 1486 lunari,
1754 1430 1808 1476 ut
1835 1423 2084 1489 diximus,

499 1528 658 1565 cursu
690 1512 831 1565 inter
853 1527 1022 1564 annos
1061 1511 1340 1563 duodecim
1375 1526 1547 1565 assem
1576 1528 1738 1565 uoum
1779 1514 2002 1567 inmittis
2033 1516 2086 1567 in

500 1604 752 1671 primum,
778 1602 1091 1664 secundum,
1120 1613 1173 1654 et
1199 1602 1409 1655 tertium
1437 1618 1577 1656 t-aac.
1603 1604 1727 1656 Ilum
1760 1620 1919 1672 super
1948 1605 2087 1673 quod

500 1692 690 1745 aluerit
720 1691 946 1744 Kalend.
992 1690 1112 1744 Jan.
1151 1689 1225 1742 sic
1260 1706 1468 1759 quoque
1514 1706 1684 1745 annos
1725 1707 1818 1761 per
1849 1694 2086 1760 singulos

2182 516 2301 568 detn
2328 516 2527 571 dixisse
2549 518 2969 585 omnipotentem
3005 518 3170 572 Deum
3196 520 3322 587 ﬁant
3362 522 3463 573 duo
3483 520 3769 574 luminaria

2182 605 2233 657 in
2259 606 2578 673 ﬁrmamento
2609 608 2752 673 coeli,
2776 609 2848 659 sic
2881 620 2932 660 ut
2966 610 3167 662 luceant
3192 626 3347 678 super
3374 620 3589 675 terram,
3620 623 3670 664 et
3694 614 3770 664 di-

2182 696 2355 750 vidant
2404 696 2534 749 inter
2583 697 2716 749 diem
2762 709 2805 748 et
2837 709 3059 762 noctem,
3090 708 3136 751 et
3175 700 3276 752 sint
3323 700 3375 752 ii:
3422 701 3610 765 signis.
3646 713 3692 754 et
3720 704 3771 756 in

2184 788 2512 852 temporibus,
2555 799 2604 841 et
2632 789 2683 841 in
2717 789 2895 841 diebus
2939 801 2982 841 et
3016 791 3066 842 in
3097 791 3247 842 annis
3273 829 3289 852 ,
3317 801 3361 843 et
3382 795 3485 843 sint
3509 794 3567 842 in
3599 792 3769 861 splen-

2185 881 2306 932 dore
2332 882 2381 931 in
2413 881 2734 947 [irritamento
2752 882 2865 933 caeli
2888 882 2958 933 sic
2981 891 3035 933 ut
3063 882 3267 934 lttt‘t’attl
3294 898 3443 950 super
3464 892 3663 935 (errant
3683 899 3701 945 ;
3721 894 3770 937 et

2187 969 2262 1021 sic
2293 979 2374 1022 est
2422 969 2639 1023 factum.
2674 969 2736 1022 Et
2765 971 2884 1039 fecit
2929 969 3063 1024 Deus
3098 972 3200 1023 duo
3232 972 3506 1024 luminaria
3537 987 3768 1044 inagna;

2188 1058 2439 1112 luminare
2476 1060 2643 1129 majus
2692 1061 2892 1113 initium
2930 1061 3062 1124 diei,
3098 1070 3144 1113 et
3185 1062 3437 1115 luminare
3466 1064 3644 1116 minus
3676 1058 3777 1116 inl-

2187 1151 2312 1200 tiunt
2346 1150 2537 1213 noctis;
2571 1159 2623 1202 et
2651 1160 2854 1203 cetera.
2889 1149 3036 1203 Fecit
3068 1150 3224 1217 igitur
3254 1154 3601 1219 omnipotens
3636 1153 3771 1206 Deus

2187 1240 2356 1290 Solem
2391 1238 2596 1293 initium
2641 1240 2743 1291 diei
2783 1248 2835 1292 et
2866 1240 3105 1294 cucurrit
3133 1251 3416 1308 antequam
3452 1242 3610 1295 ﬁeret
3652 1244 3771 1296 luna

2191 1329 2349 1381 horas
2392 1330 2635 1381 undecim
2664 1338 2718 1382 et
2747 1342 2987 1398 quartam
3022 1340 3225 1399 partem
3255 1331 3452 1397 horae;
3499 1343 3556 1386 et
3589 1334 3770 1387 statim

2186 1418 2342 1485 jussit
2390 1420 2502 1473 ﬁeri
2551 1421 2762 1483 lunam,
2793 1430 2848 1474 et
2878 1423 3122 1490 υτοεοομιί
3176 1438 3321 1488 eum,
3369 1438 3487 1477 cum
3519 1440 3632 1492 quo
3666 1436 3769 1479 tam

2191 1527 2438 1577 maguum
2485 1512 2716 1566 ofﬁciunt
2759 1513 2808 1566 in
2840 1515 2979 1566 cmlo
3012 1513 3185 1568 fuerat
3217 1514 3427 1582 adepta.
3459 1515 3769 1569 Constituta

2190 1615 2271 1658 est
2304 1605 2464 1673 igi'ur
2487 1605 2875 1673 quintadeeinta
2927 1606 3101 1675 plena,
3147 1607 3267 1674 quia
3312 1606 3439 1659 nihil
3480 1606 3627 1673 quod
3668 1624 3768 1662 non

2193 1696 2404 1761 plenum
2460 1696 2859 1765 perfectumque
2901 1696 3129 1750 ediderit
3175 1697 3407 1763 potentia
3438 1696 3769 1753 Conditoris.

500 1784 720 1839 veritate
745 1782 966 1836 fulciris.
1002 1780 1133 1836 Cum
1168 1781 1327 1849 ig3tur
1359 1783 1407 1835 itt
1438 1784 1649 1837 tertium
1691 1783 1985 1837 cancellutn
2020 1784 2083 1837 ad
2123 1774 2166 1833 B
2197 1784 2263 1837 Et
2302 1784 2421 1839 ideo
2453 1787 2635 1853 utique
2664 1786 2862 1839 dictum
2913 1794 2995 1839 est
3018 1826 3033 1851 ,
3069 1786 3350 1839 duodecim
3398 1787 3693 1841 minuentis
3720 1796 3770 1841 et

501 1889 698 1927 annum
760 1875 1069 1944 perveneris
1126 1875 1437 1945 vigesimum
1500 1885 1745 1945 quartum
1796 1878 2085 1930 reverteris

501 1977 619 2036 povt
651 1982 818 2021 annos
874 1970 1141 2037 octoginta
1173 1980 1420 2040 quattuor
1446 2012 1460 2035 ,
1511 1971 1727 2023 excluso
1759 1971 1844 2025 die
1875 1987 1979 2024 uao
2018 1972 2086 2026 de

500 2060 803 2127 septenario
839 2076 1060 2113 numero
1093 2075 1155 2115 ev
1207 2061 1495 2114 crementis
1547 2062 1819 2116 lunaribus
1863 2064 2080 2118 venien-

501 2162 631 2216 tem,
668 2162 722 2207 et
751 2153 987 2207 invenies
1022 2153 1074 2206 in
1107 2156 1464 2209 cancellorum
1491 2156 1665 2223 capite
1689 2154 1865 2209 lunam
1890 2171 2084 2209 secun-

500 2243 641 2309 dam,
666 2244 933 2313 inquibus
959 2244 1025 2297 ab
1059 2247 1096 2297 Α
1124 2260 1289 2309 υε-μιο
1320 2245 1382 2296 ad
1413 2244 1456 2297 K
1476 2245 1659 2298 decem
1687 2246 1873 2299 literae
1895 2261 2083 2298 nume-

500 2343 706 2401 rantur,
738 2349 873 2403 quac
921 2334 1020 2387 sibi
1066 2332 1182 2404 (δῑτ)
1217 2333 1459 2386 exsicnnt
1491 2333 1635 2387 sinos
1681 2334 1821 2400 dies,
1854 2344 1909 2387 ut
1936 2350 2085 2388 men-

502 2422 723 2476 strualis
778 2438 1032 2478 numeros
1065 2425 1312 2492 agitetur.
1357 2424 1471 2491 Ipse
1515 2436 1689 2477 autem
1738 2441 1831 2493 per
1870 2439 2084 2478 menses

502 2511 780 2566 duodecim
808 2513 849 2565 Α
882 2512 1007 2566 foris
1034 2512 1245 2566 deﬁxae
1273 2525 1583 2580 noscuntur,
1609 2513 1675 2567 de
1699 2514 1889 2581 quibus
1920 2514 2085 2567 literis

502 2617 595 2669 per
626 2600 737 2655 dies
779 2600 1017 2669 singulos
1062 2617 1206 2654 eram
1240 2602 1530 2669 prostticis;
1561 2612 1614 2657 et
1641 2603 1717 2656 sic
1749 2605 1798 2656 in
1827 2606 2082 2657 cancellis

502 2709 596 2760 per
627 2708 797 2745 annos
851 2694 1089 2761 singulos
1136 2693 1466 2748 descendens
1513 2696 1562 2747 in
1606 2696 1863 2749 directum
1900 2705 2082 2748 contta

502 2781 667 2852 ipsam
690 2800 836 2838 cram
868 2784 1062 2839 lineam
1094 2784 1400 2853 adsecutus,
1426 2796 1583 2854 quota
1612 2788 1732 2839 luna
1758 2800 1887 2841 vero
1903 2786 2085 2841 verius

501 2874 702 2943 poteris
732 2875 990 2941 invenire,
1012 2891 1139 2930 sane
1161 2878 1380 2931 scientia
1408 2878 1582 2930 cordis
1608 2878 1852 2933 edoctus.
1882 2878 1934 2931 In
1958 2893 2086 2931 ean-

502 2963 653 3018 Cellis
704 2974 879 3018 autem
927 2964 1174 3018 feriarum
1231 2980 1325 3033 per
1376 2980 1657 3019 numerum
1720 2970 2083 3035 septenarium

502 3058 774 3127 quaerenti
816 3057 976 3111 datur
1008 3058 1321 3123 indiculum,
1357 3057 1423 3112 ab
1451 3058 1491 3111 A
1549 3057 1691 3111 enim
1726 3072 1893 3126 usque
1918 3057 1981 3111 ad
2014 3058 2053 3111 ϐ

501 3157 706 3215 septem
741 3147 929 3201 literae
981 3146 1338 3210 adnotantur,
1392 3146 1444 3198 in
1489 3146 1681 3215 quibus
1710 3160 1880 3199 annus
1911 3147 2085 3214 agitur
2113 3120 2160 3181 Ο

502 3240 785 3307 septimus,
806 3238 891 3292 ubi
921 3239 975 3292 in
1004 3238 1295 3292 bissextum
1327 3250 1407 3292 ter
1431 3238 1837 3307 quadriennfum
1863 3236 2087 3292 inmittis

503 3344 675 3382 assem
709 3344 890 3393 unum,
918 3329 1018 3382 hoc
1046 3338 1127 3381 est
1155 3344 1353 3381 annum
1386 3344 1545 3381 unum
1572 3328 1632 3380 Κ.
1665 3335 1718 3381 t-t
1740 3330 1789 3380 in
1820 3329 2083 3381 mensium

503 3421 695 3474 ordine
743 3430 961 3488 quotum
1018 3435 1279 3489 quaerere
1324 3421 1582 3487 volueris,
1615 3436 1768 3488 quam
1819 3422 1885 3475 ad
1930 3430 2090 3490 caput

506 3511 699 3563 videtis
723 3527 867 3563 eram
896 3512 1080 3563 diebus
1108 3511 1331 3579 singulis
1349 3511 1677 3573 aduotatam,
1706 3521 1888 3564 contra
1920 3512 2085 3579 ipsam

504 3590 571 3654 in
591 3600 777 3653 iisdem
799 3602 1051 3654 cancellis
1080 3601 1317 3655 invenies
1336 3599 1518 3654 feriam
1551 3600 1730 3655 lixam.
1757 3586 1812 3654 ln
1839 3602 2086 3655 columna

506 3706 635 3745 vero
668 3691 930 3744 bissextili
960 3732 973 3755 ,
1020 3706 1155 3760 quae
1204 3692 1461 3745 cancellis
1514 3692 1787 3746 lunaribus
1830 3693 2084 3760 glutinata

506 3791 653 3834 certo
687 3782 856 3835 limite
885 3781 1137 3834 sociatur.
1187 3784 1371 3834 Aunus
1416 3781 1575 3849 igitur
1605 3794 1658 3834 et
1688 3784 1801 3851 ipse
1830 3797 1943 3851 St'pl
1972 3797 2088 3836 mus

506 3872 744 3925 det-imus
769 3870 894 3924 feria
928 3874 1113 3934 tert'a;
1147 3871 1238 3923 sed
1269 3871 1355 3924 ubi
1387 3871 1745 3924 Kalendarum
1778 3875 1930 3925 marti
1953 3888 2085 3925 trum

507 3963 646 4015 diem
680 3962 953 4015 inveneris
986 3962 1276 4015 minealum
1304 4002 1317 4025 ,
1349 3960 1456 4015 illic
1486 3960 1651 4014 habes
1680 3962 1970 4015 bissextum
2007 3962 2088 4016 in-

506 4053 667 4104 missa
699 4051 826 4104 feria
858 4051 1213 4120 designatum.
1267 4051 1398 4104 Cum
1447 4060 1621 4105 autem
1676 4054 1986 4120 perveneris
2023 4052 2086 4105 ad

505 4144 814 4213 vigesimum
840 4152 1171 4209 etoctavum,
1202 4142 1266 4195 ad
1294 4144 1522 4212 primum
1550 4146 1842 4198 reverteris
1867 4161 2085 4207 annum;

505 4244 560 4287 et
585 4234 661 4286 sie
683 4249 850 4302 usque
882 4233 932 4286 in
964 4232 1066 4286 line
1095 4233 1273 4286 mundi
1301 4232 1699 4301 recapitulando
1722 4235 1956 4301 singultus
1984 4244 2088 4287 tam

505 4330 782 4397 paschales
811 4344 968 4396 quam
1004 4328 1309 4381 bissextiles
1338 4368 1353 4392 ,
1383 4328 1540 4381 simul
1587 4328 1748 4379 etiam
1792 4337 1843 4379 et
1876 4327 2090 4381 lunares

505 4435 674 4472 annos
697 4463 710 4486 ,
744 4418 1101 4487 feriartttnque
1132 4419 1249 4472 dies
1286 4419 1526 4472 invenies
1559 4418 1862 4471 adnotatos.
1895 4419 1999 4473 Sed
2036 4428 2089 4470 ut

504 4509 674 4578 ipsum
698 4508 729 4562 d
755 4524 835 4561 em
863 4508 1192 4561 hissextilem
1227 4509 1277 4561 in
1307 4508 1517 4577 integro
1548 4522 1921 4575 recognoscas,
1954 4508 2089 4561 hanc

503 4599 763 4651 rationem
794 4599 942 4666 sequi
974 4598 1193 4652 debebis
1243 4609 1294 4652 et
1327 4601 1463 4651 seire
1500 4600 1638 4651 hunc
1664 4598 1804 4652 diem
1838 4598 2088 4652 bissexti-

507 4689 610 4742 Ient
645 4705 747 4741 non
783 4689 1071 4741 lavorahis.
1110 4688 1333 4741 Hebraei
1366 4690 1538 4756 primo
1569 4688 1635 4741 ob
1668 4690 1789 4753 hoc,
1837 4706 1939 4741 nott
1971 4703 2086 4751 sua,

507 4777 597 4830 sed
632 4777 721 4829 Dei
751 4778 1013 4844 sap'eatia
1058 4777 1264 4840 edocti,
1297 4780 1440 4831 circa
1494 4794 1709 4831 cur~um
1759 4780 1914 4832 lunae
1941 4822 1952 4841 ,
1984 4798 2087 4833 tmn

507 4876 791 4934 potuerunt
823 4884 1030 4932 errare;
1057 4878 1109 4921 et
1138 4869 1252 4921 .deo
1282 4868 1492 4935 quando
1520 4870 1748 4938 primum
1776 4872 1823 4922 in
1857 4870 2089 4939 τΕτιγριο

508 4956 674 5025 pridie
718 4955 833 5007 idus
863 4957 1072 5025 Apriles
1102 4968 1289 5026 qttarta
1331 4959 1463 5011 feria
1507 4960 1903 5028 quartadecima
1939 4961 2086 5025 luna,

506 5044 857 5112 liessicdicus,
888 5048 1022 5099 duae
1052 5049 1193 5100 selae
1217 5047 1282 5101 de
1314 5050 1551 5116 seripulo
1582 5054 1741 5117 trion,
1767 5054 2054 5105 setniuttcia
2074 5093 2090 5119 ,

504 5135 737 5190 sicilicus
794 5138 1202 5191 immolaverunt
1256 5140 1474 5207 pascha,
1513 5139 1766 5194 ἀιχοιτιιιιι
1807 5142 2088 5196 duodecim

504 5226 733 5280 inventis
765 5268 777 5290 ,
812 5238 863 5280 et
892 5227 1169 5281 duodecim
1217 5231 1547 5294 crescentis;
1583 5247 1646 5282 ro
1676 5231 1816 5299 qttod
1868 5234 2087 5288 invene-

503 5324 610 5377 rint
641 5324 818 5376 lunam
859 5323 1071 5393 quando
1101 5328 1233 5378 tacta
1276 5327 1345 5378 sit
1377 5340 1406 5377 a
1442 5326 1739 5379 minutione
1772 5343 1873 5379 non
1908 5343 1934 5379 a
1966 5344 2082 5382 cre-

504 5417 696 5469 mentis
724 5417 966 5471 incmtsse
986 5435 998 5483 ;
1022 5416 1161 5470 unde
1187 5417 1659 5486 cutttpreltenditur
1683 5420 2083 5488 aequinoctium

503 5520 746 5565 octavum
799 5511 1062 5566 Kalendas
1104 5512 1315 5580 Apriles
1363 5512 1502 5566 diem
1548 5513 1776 5583 primum
1815 5514 2082 5567 inventum

577 5686 735 5741 ⁸11οε
763 5688 969 5753 signum
1003 5688 1176 5758 reperi
1209 5687 1257 5742 in
1287 5685 1405 5741 cod.

2188 1875 2471 1930 duodecim
2519 1876 2855 1939 crescentis;
2891 1877 3010 1930 luna
3044 1878 3185 1930 enim
3232 1892 3329 1946 per
3359 1876 3645 1930 duodecim
3689 1894 3771 1931 se-

2189 1979 2422 2020 tnesrrua
2473 1968 2760 2033 minuitur,
2794 1977 2849 2021 et
2878 1983 2973 2036 per
3007 1967 3287 2021 duodecim
3329 1977 3631 2021 semestrua
3659 1983 3772 2021 cre-

2187 2061 2329 2124 scit,
2373 2070 2430 2113 ut
2467 2060 2607 2129 quod
2638 2061 2814 2114 minus
2846 2060 2925 2112 sol
2957 2061 3023 2113 ad
3057 2060 3269 2129 plentnn
3298 2061 3436 2114 diem
3469 2062 3774 2115 cucurrisse

2187 2153 2550 2220 cognoscitur,
2576 2151 2676 2206 hoc
2707 2153 2827 2207 luna
2855 2152 3093 2205 divinum
3122 2152 3483 2220 magisterium
3512 2151 3773 2205 minuisse

2188 2258 2216 2296 a
2259 2242 2590 2311 sapientibus
2638 2244 2935 2307 invenitur;
2981 2252 3034 2296 et
3064 2242 3139 2296 sic
3165 2257 3287 2297 eum
3322 2242 3581 2296 Dominus
3605 2240 3771 2311 jussit

2188 2330 2539 2386 dodrantibus
2589 2347 2864 2391 crescere.
2914 2340 2969 2386 et
3015 2332 3367 2387 dodrantibus
3411 2332 3604 2397 minui,
3635 2332 3775 2387 sicut

2187 2436 2247 2475 re
2271 2422 2353 2475 vel
2383 2430 2505 2476 ante
2535 2422 2649 2491 ipso
2675 2422 2974 2476 ostenditur
2993 2422 3248 2475 calculata
3274 2422 3509 2491 partitio.
3533 2422 3775 2487 Qu‘nde-

2186 2512 2295 2566 cies
2344 2513 2487 2567 enim
2539 2513 2832 2567 dodrantcs
2858 2552 2873 2577 ,
2920 2513 3146 2567 decusas
3166 2557 3180 2580 ,
3210 2513 3448 2582 quadrati
3474 2528 3490 2577 ;
3524 2512 3623 2566 sed
3650 2512 3775 2580 quia

2188 2602 2321 2656 dixit
2367 2603 2649 2657 duodecim
2706 2602 2994 2655 mittnctttis
3048 2611 3103 2656 et
3155 2602 3433 2655 duodecim
3478 2602 3775 2655 etesceutis

2187 2692 2502 2748 duodecima
2537 2695 2586 2746 itt
2632 2694 2858 2747 dccusas
2887 2694 3124 2763 quadrati
3151 2693 3308 2747 faciat
3339 2694 3431 2747 tibi
3459 2692 3775 2747 deuusicili-

2187 2799 2302 2838 cus.
2338 2784 2559 2839 Lunaris
2602 2802 2728 2839 vero
2765 2801 2936 2839 annus
2982 2787 3144 2840 habet
3178 2785 3293 2839 dies
3322 2787 3587 2840 tricentos
3616 2786 3773 2854 quin-

2187 2876 2431 2944 quaginta
2462 2887 2731 2945 quattuor,
2764 2878 2813 2930 in
2838 2877 2990 2944 cujus
3017 2879 3141 2929 anni
3170 2891 3351 2931 mense
3384 2877 3627 2931 invenies
3656 2876 3773 2931 dies

2189 2966 2372 3035 viginti
2396 2982 2611 3032 novem,
2637 2966 2819 3033 semis,
2846 2982 3006 3035 super
3025 2981 3155 3035 quos
3178 2965 3343 3020 addes
3365 2965 3771 3033 deunsicilicus,

2188 3065 2240 3108 et
2272 3056 2405 3107 ﬁunt
2437 3055 2529 3109 tibi
2562 3057 2675 3109 dies
2706 3057 2940 3125 triginta,
2981 3056 3431 3111 cincunsicilicus.
3471 3056 3772 3111 Duodecies

2190 3160 2316 3215 ergo
2344 3146 2904 3201 triescincunsicilcus
2934 3146 3131 3200 faciunt
3160 3147 3276 3211 tibi,
3306 3147 3604 3200 secundum
3635 3162 3763 3199 cur-

2189 3249 2310 3289 sum
2347 3236 2741 3305 ROutauorum,
2764 3237 2878 3291 dies
2911 3248 3179 3292 ttecentos
3209 3240 3485 3305 sexaginta
3506 3239 3771 3308 quinque,

2188 3327 2424 3396 quadran
2448 3346 2460 3392 ;
2486 3344 2643 3398 quem
2683 3329 3031 3397 quadrantem
3063 3343 3160 3398 per
3187 3328 3605 3398 quadriennium
3630 3340 3771 3384 tem-

2190 3418 2334 3485 poris
2384 3419 2591 3487 rcdigrs
2619 3461 2633 3485 ,
2663 3428 2719 3473 et
2752 3418 2875 3471 facit
2905 3419 2993 3472 tibi
3023 3434 3184 3471 unum
3230 3433 3405 3473 assem
3436 3419 3769 3484 bissextum,

2193 3508 2291 3560 hoc
2322 3518 2403 3562 est
2430 3519 2619 3577 quater
2649 3510 2973 3577 quadrantes
3001 3510 3136 3562 assis
3163 3525 3176 3572 ;
3207 3508 3338 3563 haec
3364 3519 3446 3564 est
3478 3509 3609 3563 feria
3640 3526 3767 3563 nua.

2193 3600 2266 3654 De
2291 3602 2555 3655 columnis
2581 3612 2780 3667 autem,
2811 3602 3001 3670 quibus
3025 3603 3074 3655 in
3100 3602 3422 3656 circulorum
3449 3602 3625 3669 capite
3646 3618 3769 3654 eum

2189 3693 2300 3746 suis
2342 3700 2468 3745 sunt
2511 3692 2664 3745 lineis
2700 3693 2991 3761 picturatae
3018 3733 3032 3755 ,
3064 3692 3197 3747 haec
3227 3694 3361 3745 ratio
3383 3692 3619 3760 cupienti
3648 3695 3770 3762 cly-

2190 3792 2346 3849 peala
2398 3792 2744 3837 monstratur.
2778 3784 2949 3844 Quota
2971 3784 3113 3836 enim
3159 3782 3315 3835 fuerit
3344 3782 3463 3835 Kal.
3492 3782 3611 3836 Jan.
3642 3783 3768 3835 luna

2190 3881 2371 3925 contra
2404 3874 2570 3940 ipsam
2602 3873 2802 3926 directa
2832 3873 2968 3925 linea
3001 3872 3287 3927 adsecutus
3318 3873 3576 3927 invenies.
3608 3873 3658 3925 In
3684 3887 3769 3926 se-

2190 3964 2361 4016 Clllldl
2395 3965 2641 4018 columna
2676 3966 2874 4017 mensis
2913 3964 3064 4033 primi
3105 3979 3267 4034 quoa
3309 3964 3394 4018 die
3438 3965 3615 4018 lunam
3647 3966 3764 4032 pri-

2192 4069 2330 4108 tttatn
2361 4062 2479 4107 tuos
2502 4066 2623 4108 ante
2646 4056 2828 4109 oculos‘
2854 4058 3044 4120 lixam;
3077 4055 3128 4108 in
3155 4058 3307 4108 tertia
3336 4064 3538 4119 autem,
3558 4064 3765 4123 quarta,

2191 4148 2395 4217 quinta,
2441 4156 2494 4199 et
2545 4155 2693 4200 sexta
2745 4146 2993 4200 columna
3048 4146 3169 4199 luna
3224 4145 3427 4199 decima
3457 4156 3619 4214 quotu
3664 4145 3771 4198 erit

2193 4253 2345 4291 utens
2369 4253 2392 4290 s
2416 4240 2609 4307 quarti,
2643 4238 2837 4306 quinti,
2873 4238 3082 4305 septimi
3111 4249 3166 4291 et
3196 4236 3388 4291 decimi
3414 4238 3549 4290 hanc
3576 4238 3768 4289 lineam

2192 4332 2347 4383 oculo
2377 4344 2625 4388 cernens,
2645 4330 2904 4396 prOSpicis
2937 4345 3028 4396 per
3057 4337 3310 4397 quattuor
3345 4328 3618 4380 columnas
3642 4342 3770 4381 esse

2193 4420 2506 4487 diallOSllilm
2534 4429 2558 4456 ⁸
2587 4432 2626 4474 x
2651 4420 2865 4488 jejuuiis
2894 4420 3034 4475 enim
3070 4420 3317 4487 legitimis
3339 4419 3640 4473 deserviens
3668 4419 3769 4470 ad-

2123 4485 2168 4543 θ
2195 4523 2432 4575 notatur,
2451 4513 2586 4567 sicut
2612 4512 2678 4566 de
2701 4512 2911 4580 septimi
2944 4512 3143 4566 mensis
3172 4511 3375 4579 jejunio
3408 4509 3769 4580 praecipiente

2196 4603 2324 4656 Dom
2351 4619 2417 4655 no
2446 4603 2651 4671 Moyses
2695 4602 3062 4657 sanctissimus
3097 4611 3423 4669 protestatur
3458 4618 3469 4651 :
3505 4602 3607 4653 Ιιαέ
3641 4600 3770 4650 dicit

2194 4694 2445 4747 Dunrinus
2480 4709 2548 4747 :a
2574 4710 2708 4746 nona
2732 4695 2935 4751 mensis.
2965 4693 3157 4759 inquit,
3184 4693 3235 4744 in
3260 4692 3454 4744 decium
3494 4689 3669 4741 mensis
3701 4690 3771 4739 ad

2192 4796 2423 4854 resperas
2463 4785 2838 4838 sabbatizabitis
2865 4784 3073 4837 sabbata
3105 4792 3303 4847 restra;
3345 4793 3389 4836 et
3420 4783 3582 4835 omnis
3603 4783 3690 4849 qui
3720 4796 3770 4832 με

2195 4895 2293 4930 non
2320 4877 2663 4928 ltumiliavei'it
2693 4876 2744 4927 in
2776 4876 2981 4945 ⁸ίιξιιηὶο
3009 4875 3097 4926 illo
3123 4874 3335 4943 perdant
3372 4875 3591 4924 animum
3624 4869 3769 4921 illum

2196 4970 2257 5021 de
2296 4968 2485 5036 populo
2524 4983 2637 5021 suo.
2672 4966 2761 5019 Sic
2807 4977 2861 5019 et
2905 4981 2999 5033 per
3027 4964 3338 5017 Zachariam
3381 4962 3768 5029 Prophetarum

2194 5059 2429 5111 omnium
2460 5057 2723 5121 decus,de
2752 5056 2832 5110 his
2856 5056 3019 5109 sacris
3044 5056 3293 5123 lcgitituis
3316 5070 3398 5120 ,ue
3422 5052 3628 5122 jcjttnii~
3658 5049 3768 5101 Πι-

2194 5150 2369 5203 minus
2414 5160 2535 5216 post.
2563 5149 2898 5217 Captivitatt-s
2924 5157 3135 5212 tempus
3166 5146 3375 5198 lm'ttlus
3425 5154 3505 5197 est
3546 5143 3764 5194 dicens:

2192 5240 2382 5309 factum
2412 5247 2522 5304 est,
2552 5241 2749 5305 inquit,
2806 5236 3007 5290 verbum
3052 5236 3262 5288 Domini
3309 5230 3652 5300 omnipotentis
3698 5230 3767 5280 ad

2196 5348 2296 5394 me,
2320 5333 2492 5383 dicens
2516 5347 2531 5393 ;
2560 5330 2640 5381 dic
2661 5332 2727 5381 at!
2752 5330 2993 5398 pupulum
3013 5338 3195 5392 terrae,
3222 5336 3265 5378 et
3299 5328 3366 5375 od
3389 5324 3654 5377 sacerdotes
3678 5334 3699 5368 :
3720 5321 3768 5371 si

2185 5424 2541 5492 jejuuareritis
2573 5430 2615 5473 et
2642 5420 2938 5491 planxeritis
2964 5420 3015 5471 in
3046 5418 3229 5486 quinti
3259 5425 3345 5467 aut
3373 5417 3425 5467 in
3447 5411 3658 5481 septimis
3677 5411 3768 5478 je-

2190 5512 2373 5581 juniis,
2396 5521 2440 5565 et
2468 5527 2576 5565 cccc
2604 5510 2922 5581 septuaginta
2947 5509 3095 5563 annis
3116 5508 3341 5578 nunquid
3357 5505 3605 5576 jejunium
3624 5500 3770 5571 jejth
