4016 6182
205 277 300 335 549

1272 271 1361 326 DE
1399 270 1724 329 COMPUTO
1764 271 2100 328 PASCHAIJ
2140 272 2264 328 LIB.
2308 274 2372 329 ll.

3365 277 3468 334 550

199 388 352 444 uasti:
375 384 500 438 mihi
528 399 558 437 ο
585 383 766 438 domus
797 381 961 437 Israel
979 385 1003 438 ?
1029 392 1074 436 et
1109 383 1153 438 si
1187 382 1610 436 manducaveritis
1632 393 1677 436 et
1709 382 1779 435 bi-
1809 387 1860 444 Α
1889 400 2106 450 manae,
2139 400 2276 456 quae
2306 385 2358 439 in
2388 400 2447 440 se
2474 385 2635 440 habet
2666 386 2841 456 quarti
2889 384 3089 442 mensis
3119 386 3300 442 lunam
3330 389 3469 444 deci-

200 479 383 542 eeritis,
425 491 592 528 nonne
634 489 721 528 eos
758 473 1077 527 manducetis
1105 483 1150 526 et
1179 489 1265 527 vos
1308 473 1474 526 bibitis
1497 513 1513 538 ,
1548 489 1653 526 non
1675 473 1784 525 lucc

199 568 340 622 verba
359 575 480 620 sunt
507 580 637 634 quae
675 564 874 617 locutus
905 575 978 617 est
1011 563 1265 616 Dominus
1299 563 1352 616 in
1385 563 1618 617 manibus
1652 561 1786 615 Pro-

197 661 459 732 phetarum
477 659 687 713 illorum
717 658 803 727 qui
826 667 942 712 ante
962 675 1056 713 nos
1085 659 1327 728 fuerunt?
1348 659 1478 714 Cum
1506 657 1604 713 fuit
1632 658 1785 714 Jeru-

197 752 361 807 salem
392 750 653 816 habitata,
683 760 736 804 et
767 750 982 819 copiosa
1009 791 1024 816 ,
1071 760 1125 804 et
1148 750 1393 804 civitates
1424 750 1563 804 illius
1583 733 1648 803 ’in
1681 749 1787 804 cir-

195 841 391 896 cuitum
421 879 437 906 ,
468 849 522 894 et
556 849 810 894 montana
841 847 896 894 et
920 849 1248 908 campestres
1280 839 1677 894 habitabantur.
1720 837 1788 892 Et

195 932 386 1001 factum
418 940 491 983 est
530 929 734 984 verbum
762 929 965 983 Domini
990 931 1058 983 ad
1087 929 1398 983 Zachariam
1424 930 1610 984 dicens
1639 945 1654 983 :
1680 929 1789 984 haec

194 1021 318 1074 dicit
346 1019 606 1074 Dominus
633 1020 968 1089 Omnipotens
989 1059 1005 1085 ,
1025 1020 1284 1090 judicium
1301 1022 1507 1090 justum
1525 1018 1784 1091 judicate,

193 1113 571 1166 miserationem
611 1121 658 1165 et
696 1111 1099 1165 misericordiam
1150 1112 1302 1180 facile
1337 1111 1682 1180 unusquisque
1718 1109 1788 1161 ad

192 1204 406 1273 fratrem
430 1218 599 1268 suum,
635 1211 683 1255 et
711 1203 876 1256 vidua:
900 1212 945 1256 et
967 1201 1166 1271 pupillo
1190 1209 1233 1256 et
1257 1202 1487 1266 aduente,
1517 1210 1566 1256 et
1593 1216 1790 1271 pauper

191 1294 364 1348 inclite
407 1293 692 1357 dominari,
733 1301 781 1346 et
814 1293 1062 1345 malitiam
1109 1292 1297 1363 quique
1329 1293 1504 1360 fratris
1528 1291 1609 1345 sui
1635 1290 1791 1344 nolite

193 1399 456 1437 reservare
476 1384 529 1435 in
553 1369 790 1436 cordibus
820 1384 1016 1436 uestris.
1050 1383 1117 1437 Et
1147 1383 1305 1453 paulo
1329 1391 1450 1452 post
1482 1399 1494 1434 :
1527 1381 1637 1436 lucc
1666 1381 1790 1435 dicit

193 1473 456 1528 Dominus
501 1475 852 1544 Omnipotens,
869 1476 1135 1548 jejunium
1155 1482 1414 1545 quartum,
1463 1486 1508 1529 et
1532 1476 1789 1546 jejunium

190 1567 449 1634 quintum,
497 1568 763 1636 jejunium
801 1568 1105 1637 septimum,
1151 1576 1201 1622 et
1239 1569 1497 1639 jejunium
1540 1570 1790 1621 decinmm

196 1668 344 1710 erant
400 1656 577 1709 domui
626 1654 765 1710 Iuda
792 1657 844 1710 in
875 1657 1142 1726 gaudium,
1175 1667 1219 1711 et
1249 1659 1301 1711 in
1319 1660 1710 1727 facunditatem,
1743 1665 1788 1713 ct

1891 491 2031 530 mam
2061 485 2115 530 et
2140 475 2383 531 exsolves
2409 485 2528 544 post
2554 476 2876 532 sacriticium
2903 475 3168 546 jejunium
3199 489 3467 547 quartum.

1887 565 2116 620 Centum
2161 564 2444 620 duodecim
2483 566 2744 634 jejunium
2776 567 3052 637 quintum;
3085 577 3300 623 centum
3345 583 3471 638 scp-

1891 656 2126 724 tuaginta
2147 655 2384 724 quinque
2406 655 2667 726 jejunium
2700 657 3018 726 septimum;
3043 656 3304 713 ducentos
3327 672 3474 714 sexa-

1887 744 2033 814 ginta
2079 758 2176 798 sex
2214 744 2479 813 jejunium
2509 744 2810 811 decimum;
2859 745 2935 800 sic
2965 745 3169 815 singula
3201 745 3253 800 itt
3286 747 3476 802 ordine

1890 834 2218 889 recen<endo
2241 835 2371 890 artis
2393 833 2549 905 hujus
2570 834 2819 903 magister
2836 844 2892 888 et
2918 833 3108 888 doctor
3133 837 3332 903 poterit
3355 850 3475 904 rep-

1890 925 2096 993 perire;
2127 926 2167 978 si
2199 934 2378 980 tamen
2423 925 2777 980 somnolentia
2805 923 3017 992 cordis,
3040 938 3178 991 quae
3207 940 3237 978 a
3264 925 3477 994 sapien-

1891 1018 2033 1074 tibus
2059 1019 2376 1085 dcclinatur,
2401 1033 2507 1072 non
2539 1018 2865 1085 obpresser't
2887 1031 3125 1071 sensum.
3142 1016 3237 1070 His
3263 1032 3475 1086 queque

1890 1109 2210 1179 supradictis
2235 1109 2500 1162 columnis
2535 1107 2673 1162 aliae
2700 1116 2905 1175 septem
2933 1106 3250 1176 junguntur,
3282 1108 3332 1161 in
3358 1108 3477 1178 qni-

1890 1203 1989 1259 bus
2020 1200 2766 1256 KalendarumJanuariarum
2797 1199 2920 1252 luna
2948 1207 3002 1253 et
3031 1201 3261 1268 paschae
3295 1200 3476 1256 Domi-

1893 1295 2133 1348 nicorum
2161 1293 2275 1346 dies
2298 1291 2649 1357 adnotantur;
2684 1292 3068 1346 tricesimarius
3090 1292 3286 1347 etenim
3319 1293 3478 1346 lunae

1891 1398 2173 1439 numerum
2201 1421 2215 1446 ,
2250 1397 2345 1451 per
2380 1384 2802 1451 septetnnarium
2853 1398 3132 1438 numerum
3165 1384 3478 1438 ebdomadis

1893 1475 2097 1529 divisus
2139 1473 2308 1538 spatia
2352 1487 2576 1526 numero
2615 1473 2842 1528 ducenta
2891 1475 3075 1528 decem
3121 1473 3478 1529 disterminat.

1893 1568 1962 1622 Ut
1985 1577 2166 1620 autem
2190 1565 2347 1619 unius
2375 1565 2632 1635 cujusque
2659 1566 2890 1632 paschae
2920 1567 3060 1621 diem
3089 1567 3365 1631 invenias,
3397 1567 3480 1621 lu-

1896 1675 2017 1712 nam
2047 1665 2100 1713 et
2133 1657 2341 1724 feriam,
2370 1672 2507 1727 quae
2534 1658 2692 1713 fuerit
2711 1658 2960 1712 Kalendis
2979 1659 3268 1724 Januariis,
3299 1658 3505 1714 obscr-'

190 1748 241 1801 in
271 1745 629 1802 solemnitate:
659 1749 813 1802 bonas
841 1757 888 1803 et
914 1749 1136 1815 jucundi
1165 1750 1304 1802 eritis
1345 1759 1392 1802 et
1439 1751 1695 1804 ueritatem
1739 1761 1789 1803 et
1824 1736 1871 1795 Β
1899 1753 2046 1806 vabis
2065 1791 2080 1815 ,
2135 1761 2195 1804 ut
2225 1751 2383 1806 lunae
2413 1767 2630 1806 cursum
2679 1761 2868 1806 tenens
2901 1754 2951 1806 in
2981 1752 3168 1806 eadem
3197 1753 3440 1806 co'umna
3465 1793 3480 1818 ,

191 1854 369 1907 pacem
421 1838 680 1894 optabitis.
714 1840 850 1894 Ecce
876 1839 1075 1908 jejunia
1109 1840 1341 1909 legitima
1363 1879 1380 1906 ,
1413 1840 1642 1908 qualiter
1670 1840 1786 1894 ﬁeri

189 1930 523 1993 debeantur,
575 1943 606 1983 a
657 1929 885 1986 Domino
940 1932 1276 1986 nuntiantur.
1320 1930 1426 1987 Sed
1464 1947 1560 1986 cur
1590 1932 1640 1985 in
1670 1931 1785 1986 isis

188 2024 468 2079 mensibus
497 2025 806 2094 des’gnatur
829 2065 845 2091 ,
889 2027 1195 2081 volentibus
1237 2027 1603 2082 ostendamus.
1636 2026 1784 2096 Jeju-

184 2115 331 2170 nium
361 2116 512 2169 enim
543 2124 790 2184 quartum
825 2131 918 2182 pro
949 2118 1196 2184 primitiis
1224 2127 1278 2172 et
1300 2119 1598 2182 mensibus;
1627 2127 1679 2172 et
1704 2119 1786 2186 je-

184 2203 447 2273 junamus
487 2203 750 2272 jejunintn
792 2206 1035 2273 quintum
1075 2220 1172 2274 pro
1220 2207 1362 2261 areis
1390 2207 1696 2276 redigendis
1727 2215 1782 2261 et

183 2293 418 2349 decimis
456 2294 1058 2362 otierendis;jejunium
1076 2299 1358 2365 septimum
1385 2312 1480 2366 pro
1497 2297 1782 2353 vindemiis

189 2382 550 2454 Colligendis;
581 2393 638 2438 et
660 2383 922 2452 jejunium
953 2385 1218 2440 decimum
1253 2402 1348 2455 pro
1377 2388 1783 2442 sementationi-

181 2473 279 2529 bus
303 2478 484 2530 etiam
505 2475 826 2542 seminandi,
854 2475 948 2531 sed
973 2477 1076 2532 olei
1101 2478 1351 2546 primitiis
1374 2479 1692 2534 delibandis.
1727 2478 1783 2532 In

182 2581 420 2634 quorum
475 2565 802 2634 jejuniorum
849 2576 1102 2636 quattuor
1153 2569 1468 2637 septimanis
1511 2569 1628 2624 sine
1679 2570 1785 2625 ulto

183 2669 374 2709 errore
430 2656 613 2708 lunam
664 2656 923 2711 decimam
975 2659 1301 2724 intueberis,
1348 2660 1704 2715 manifestam.
1741 2662 1782 2715 A

184 2747 484 2800 Duminico
510 2757 687 2801 autem
721 2749 914 2817 pascha
945 2756 999 2804 et
1029 2749 1444 2820 uniuscujusque
1473 2752 1597 2806 anni
1636 2766 1786 2806 com-

182 2845 339 2905 putas
371 2837 495 2890 dies
520 2839 786 2907 octoginta
819 2850 1070 2909 quattuor
1097 2882 1112 2908 ,
1145 2843 1198 2896 in
1229 2857 1454 2912 quorum
1487 2843 1787 2898 conclusio-

181 2943 306 2982 nem
341 2928 597 2984 invenies
628 2931 976 2985 sabbatorum
1023 2931 1166 2996 dics,
1200 2933 1339 3000 quod
1367 2942 1449 2987 est
1478 2933 1598 2987 ﬁnis
1621 2934 1787 3003 septi-

1894 1845 2034 1899 diem
2060 1843 2302 1898 invenias
2325 1844 2574 1913 paschae,
2602 1843 2740 1912 quod
2764 1843 2829 1897 ad
2859 1841 3044 1897 feriam
3069 1845 3480 1913 suprascriptum

1896 1937 2165 2007 pertinere
2192 1935 2434 1999 videtur;
2466 1934 2565 1989 hoc
2594 1935 2732 1988 idem
2763 1943 2815 1988 et
2844 1935 2894 1987 in
2946 1933 3124 1988 ﬁbulis
3155 1934 3370 2003 triginta
3401 1948 3481 1988 sc-

1893 2026 2183 2096 quentibus
2205 2025 2550 2092 adprobatur,
2586 2024 2637 2077 in
2666 2022 2860 2093 quibus
2888 2022 3246 2076 Kalendarum
3274 2022 3480 2076 Martia-

1893 2134 2008 2173 rum
2034 2117 2211 2172 lunam
2234 2124 2288 2171 et
2314 2115 2501 2170 feriam
2531 2130 2623 2184 per
2650 2114 3014 2182 septenarium
3035 2128 3314 2166 numerum
3335 2122 3480 2165 utra-

1891 2223 2118 2277 rumque
2147 2207 2197 2261 in
2227 2207 2351 2260 luna
2374 2206 2578 2260 dierum
2606 2206 2818 2274 triginta
2846 2206 3070 2259 ducenta
3098 2203 3282 2258 decem
3313 2204 3480 2268 Spatia

1893 2298 2136 2350 invenies
2158 2296 2432 2360 adnotata,
2466 2294 2782 2348 nuntiantes
2808 2293 3108 2348 certissime
3128 2293 3286 2348 fixum
3321 2293 3480 2346 unius

1891 2389 2150 2457 cujusQue
2203 2387 2330 2450 anni
2375 2387 2704 2440 dominicum
2755 2385 2970 2454 pascha.
3021 2385 3150 2438 Nam
3196 2393 3251 2438 et
3295 2385 3481 2442 harum

1894 2479 2176 2534 ﬁbularum
2206 2493 2486 2533 numerum
2517 2487 2625 2531 tres
2649 2476 2786 2531 aliae
2809 2486 2865 2530 ut
2887 2475 3175 2545 pediseque
3204 2477 3481 2531 columnae

1893 2579 2171 2635 secuntur,
2203 2584 2340 2640 quae
2381 2567 2432 2622 in
2460 2583 2518 2622 se
2550 2568 2992 2622 embolismorum
3027 2567 3210 2620 titulos
3239 2576 3288 2620 et
3324 2567 3483 2619 luna-

1893 2676 1978 2716 res
2005 2675 2176 2715 annos
2213 2659 2367 2714 lineis
2399 2659 2565 2714 tensis
2609 2675 2673 2712 ex
2723 2657 2980 2712 Kalendis
3031 2655 3296 2711 Januariis
3323 2666 3480 2726 quota

1893 2751 2057 2807 fuerit
2107 2750 2333 2805 curiosis
2377 2760 2430 2805 et
2480 2750 2616 2806 bene
2656 2749 2900 2803 sulliritis
2933 2751 3146 2818 pianius
3180 2757 3479 2802 monstrare

1893 2851 2157 2913 coguntur
2180 2884 2196 2908 ,
2228 2853 2285 2895 ut
2331 2842 2521 2895 horum
2567 2840 2888 2894 circulorum
2920 2841 3118 2894 veritas
3148 2839 3200 2893 in
3232 2837 3477 2892 omnibus

1897 2933 2009 2988 suis
2038 2941 2225 2988 ornata
2253 2931 2541 2986 monilibus
2583 2930 2920 2985 ostendatur.

1315 3149 1654 3231 LIBER
1730 3145 2385 3244 SECUNDUS,

855 3277 972 3344 QUI
1011 3278 1079 3334 IN
1116 3277 1195 3334 SE
1232 3278 1447 3334 OMNIA
1483 3276 1913 3335 ORNAMENTA
1950 3274 2292 3333 CONTINET
2331 3275 2799 3333 CIRCULORUM.

255 3393 384 3449 Alia
404 3406 622 3464 quoque
638 3389 778 3447 ratio
799 3393 866 3448 ob
885 3393 1199 3462 vigesimum
1223 3393 1469 3462 quintum
1498 3393 1778 3458 circulum,
1806 3395 1852 3455 C
1886 3392 2225 3461 septingenta
2253 3392 2594 3461 septuaginta
2629 3402 2857 3461 septem,
2894 3392 3049 3448 uncia
3077 3434 3093 3460 ,
3141 3409 3298 3463 quam
3330 3409 3476 3448 sunt-

185 3488 330 3558 quod
380 3489 434 3541 in
466 3501 527 3540 se
558 3501 728 3541 annos
755 3488 1026 3542 contineat
1056 3487 1161 3540 dun
1199 3487 1363 3540 millia
1391 3495 1605 3540 centum
1636 3505 1663 3539 a
1697 3502 1788 3541 sa.-

185 3581 508 3634 cratissimo
535 3579 739 3633 scilicet
783 3581 1011 3648 paSrhae
1043 3579 1129 3633 dic
1161 3578 1210 3632 in
1254 3578 1488 3648 {Egypto
1507 3578 1789 3633 immolato

185 3673 472 3726 adnuente
519 3671 744 3724 Domino
785 3669 1119 3724 ostendimus
1167 3667 1537 3735 manifestam,
1571 3679 1706 3724 utet
1735 3669 1786 3723 in

183 3760 455 3814 Kalendis
486 3759 754 3814 Januariis
772 3761 1061 3813 secundum
1097 3758 1300 3825 lunam,
1331 3768 1384 3813 et
1410 3758 1563 3826 primi
1589 3759 1789 3812 mensis

183 3861 444 3920 quartam
469 3848 731 3903 decimam
747 3849 916 3918 pridie
945 3849 1062 3902 idus
1083 3847 1312 3917 Apriles,
1340 3857 1394 3902 et
1418 3847 1605 3902 feriam
1634 3863 1790 3916 quar-

182 3949 298 3996 tam
351 3941 623 3996 adtendas
672 3941 722 3995 itt
772 3943 946 4011 capite
989 3941 1172 3995 circuli
1213 3940 1434 3996 secundi
1482 3940 1537 3994 in
1578 3940 1788 4009 integro

181 4031 366 4087 fuisse
407 4033 666 4097 defixam,
721 4047 878 4100 quam
927 4040 984 4086 tu
1033 4031 1476 4101 diligentissimus
1527 4041 1792 4086 scrutatur

181 4137 524 4194 supputans,
555 4125 657 4179 hoc
683 4125 840 4178 modo
859 4123 1101 4179 invenire
1124 4124 1365 4178 debebis.
1392 4122 1638 4192 Octogies
1663 4138 1793 4190 qua-

185 4226 272 4271 ter
299 4219 456 4271 enim
491 4217 704 4270 tricenti
729 4218 1057 4286 quinquages
1079 4223 1300 4283 quartus
1321 4213 1522 4268 faciunt
1552 4213 1644 4268 tibi
1675 4213 1791 4267 dies

183 4309 418 4363 lunares
447 4309 636 4376 viginti
669 4323 858 4363 novem
893 4308 1039 4362 milia
1070 4307 1390 4378 septingenti
1422 4307 1633 4375 triginta
1663 4321 1789 4372 sex;

184 4409 241 4455 et
287 4400 548 4468 octogies
577 4409 766 4470 quater
809 4400 1035 4454 decusas
1063 4399 1215 4454 uncia
1243 4440 1257 4464 ,
1297 4399 1496 4454 faciunt
1525 4398 1616 4451 tibi
1659 4413 1794 4450 nun-

182 4495 333 4561 genti
368 4494 591 4562 triginta
615 4492 758 4546 milia
782 4507 873 4546 sex
907 4507 1044 4545 unus
1063 4493 1178 4546 dies
1202 4492 1609 4546 embnlismares
1630 4491 1792 4544 addes

180 4597 354 4652 supra
384 4598 656 4639 summam
688 4584 1041 4650 superiorem,
1082 4593 1134 4637 et
1178 4582 1344 4637 habes
1377 4582 1595 4650 triginta
1646 4580 1791 4633 milia

181 4683 476 4729 sescentos
492 4675 776 4744 sexaginta
799 4683 1001 4742 septem
1029 4674 1165 4728 dics.
1190 4673 1390 4727 Exinde
1404 4673 1626 4727 deducis
1649 4671 1788 4725 diem

1893 3496 2037 3536 niam
2070 3481 2337 3550 superiori
2369 3497 2611 3535 summac
2635 3482 2881 3551 adjungis
2924 3485 3057 3536 liunt
3085 3484 3316 3538 noctimn
3351 3501 3476 3553 ευρ-

1892 3575 2111 3642 tinginta
2143 3574 2478 3642 septuaginta
2499 3575 2790 3628 nnvemilia
2813 3575 3209 3644 quatringintas
3239 3575 3400 3641 duas;
3445 3594 3476 3630 n

1891 3667 2082 3734 quibus
2117 3666 2332 3734 partiris
2383 3665 2708 3735 trigesimum
2744 3667 2964 3722 habt-bis
3007 3667 3194 3737 viginti
3245 3671 3476 3738 quinque

1893 3763 2034 3816 milia
2057 3763 2310 3831 nungeuti
2337 3771 2460 3816 octo
2482 3771 2760 3829 essuperet
2783 3761 3090 3829 dipundius,
3109 3761 3296 3825 uncia;
3322 3762 3474 3827 haec,

1892 3853 2130 3922 inquam,
2179 3854 2276 3906 fuit
2310 3853 2430 3907 luna
2457 3854 2689 3908 secunda
2736 3853 2989 3907 Kalendis
3029 3854 3476 3922 ‘Jannarischt-e

1895 3942 2002 3996 Deo
2033 3942 2232 4010 gratias
2259 3959 2416 4012 quam
2449 3943 2608 4010 digne
2637 3953 2690 3997 ct
2721 3943 3112 3996 rationabiliter
3142 3943 3361 3997 inventa
3393 3955 3476 3999 est

1892 4033 2142 4087 Kllelidts
2171 4035 2437 4088 Januariis
2469 4035 2592 4088 luna
2624 4034 2882 4098 secunda,
2906 4050 3025 4102 quae
3054 4044 3209 4103 quart
3233 4051 3296 4088 .tn
3327 4035 3474 4089 decf-

1894 4140 2031 4177 tnatn
2065 4125 2218 4192 primi
2253 4125 2454 4179 mensis
2475 4139 2594 4177 cum
2625 4123 2927 4177 embolismi
2961 4124 3474 4192 titulurnprncreans

1895 4221 1946 4272 itt
1977 4219 2224 4271 omnibus
2247 4217 2532 4270 invenitur.
2564 4216 2636 4269 Ex
2655 4215 2905 4269 Kalendis
2932 4215 3112 4283 itaque
3135 4215 3261 4284 ipsis
3284 4215 3475 4271 Janua-

1894 4311 1988 4374 ris,
2023 4320 2079 4364 ut
2107 4319 2350 4380 quartam
2376 4310 2639 4363 decimam
2673 4307 2841 4376 pridie
2865 4307 2985 4361 idus
3011 4309 3249 4363 invenire
3279 4309 3471 4376 possis,

1894 4403 1946 4456 in
1972 4404 2130 4457 tertio
2162 4403 2278 4456 idus
2311 4402 2520 4472 Apriles
2543 4409 2882 4469 computans,
2906 4409 2961 4453 et
2987 4399 3150 4454 habes
3180 4411 3392 4455 centum
3420 4411 3473 4455 et

1894 4510 2058 4546 unum
2109 4493 2250 4546 dem
2271 4535 2284 4559 ,
2325 4508 2488 4559 super
2519 4506 2656 4560 quos
2691 4489 2806 4544 dies
2835 4490 2998 4544 addes
3028 4491 3147 4544 luna
3199 4491 3428 4545 secunda
3455 4531 3470 4556 ,

1892 4600 2030 4654 quae
2059 4585 2269 4638 inventa
2295 4593 2510 4638 estesse
2535 4583 2661 4650 ipsis
2679 4581 2935 4636 Kalendis
2959 4581 3247 4646 Januaris,
3274 4581 3474 4636 faciunt

1897 4675 1986 4730 t'bi
2023 4675 2140 4727 dies
2185 4683 2395 4728 centum
2443 4683 2589 4738 tres;
2626 4672 2842 4741 partiris
2891 4672 3276 4740 sexagesimum
3305 4673 3474 4730 habes

181 4780 381 4828 unum,
410 4780 574 4834 quem
603 4765 656 4818 in
686 4765 1034 4834 sequentibus
1061 4764 1216 4818 dictis
1245 4778 1308 4816 ex
1344 4761 1680 4817 detrimentis
1710 4760 1790 4814 lu-
1817 4753 1870 4814 D
1896 4763 2226 4818 bessicilicus
2247 4804 2261 4827 ,
2292 4763 2430 4818 duae
2458 4764 2602 4817 salae
2640 4763 2708 4816 de
2737 4761 2994 4827 scripulu,
3031 4765 3282 4816 triensem
3313 4804 3327 4828 ,
3374 4778 3473 4816 un-

180 4859 422 4911 naribus
455 4857 716 4924 gignitum
750 4871 871 4911 esse
903 4856 1191 4920 docemus,
1216 4863 1270 4908 et
1295 4855 1520 4924 qualiter
1547 4852 1787 4908 decline-

178 4960 267 5003 tur
295 4949 724 5004 evidentissime
746 4950 1201 5002 demonstrnmus.
1229 4949 1366 5015 Ergo
1389 4946 1622 5000 cirCnlus
1650 4961 1789 5002 unus

172 5055 358 5093 annos
390 5039 558 5093 habet
587 5038 859 5106 octoginta
904 5046 1160 5106 quattuor
1181 5077 1196 5102 ,
1229 5038 1316 5106 qui
1347 5037 1398 5090 in
1430 5050 1487 5090 se
1512 5036 1791 5092 continent

171 5129 433 5183 noctium
461 5129 681 5197 triginta
709 5127 1104 5183 miliasescenta
1136 5128 1414 5196 sexaginta
1439 5126 1695 5196 quinque.
1723 5126 1787 5180 Et

1893 4855 2002 4908 cias
2032 4853 2245 4916 silicus;
2298 4852 2400 4906 hoc
2431 4868 2593 4920 super
2628 4861 2841 4906 centum
2878 4859 2987 4905 tres
3017 4851 3130 4904 dies
3171 4851 3362 4916 addes,
3397 4851 3476 4905 fa-

1890 4945 2039 4998 ciunt
2063 4943 2153 4997 tibi
2180 4943 2293 4997 dies
2316 4953 2529 4997 centum
2559 4952 2832 5012 quattuor,
2864 4941 3168 5006 bessilicos,
3200 4943 3305 4995 duo
3327 4941 3474 4996 setae

1893 5035 1961 5092 de
1991 5036 2249 5105 scripulo,
2277 5037 2464 5104 triens,
2495 5037 2792 5099 semuncia,
2825 5035 3098 5098 sicilicus;
3135 5034 3350 5101 pirtiris
3377 5034 3477 5087 tri-

1893 5129 2150 5198 gesimum
2199 5128 2440 5182 invenies
2482 5137 2590 5182 tres
2638 5127 2877 5196 insuper,
2927 5138 2980 5180 et
3026 5125 3189 5178 decus
3232 5135 3471 5193 quattus,

1894 5221 2193 5286 bessilicus,
2218 5219 2324 5274 duo
2351 5221 2512 5285 selae,
2533 5219 2598 5274 de
2617 5220 2874 5287 scripula,
2904 5218 3040 5272 trien
3072 5217 3367 5283 semuncia,
3397 5222 3470 5274 si-

1889 5311 2096 5375 cilicus,
2139 5323 2193 5365 et
2227 5310 2393 5365 habes
2421 5320 2660 5380 quartam
2689 5312 2951 5364 decimam
2988 5309 3141 5377 primi
3172 5309 3390 5370 mensis,
3419 5317 3473 5361 et

1890 5401 2029 5470 quod
2063 5403 2304 5455 excurrit
2354 5402 2521 5468 pridie
2565 5401 2681 5453 idus
2728 5400 2973 5467 Apr-les,
3007 5399 3094 5468 qui
3138 5407 3220 5454 est
3271 5401 3475 5468 primus

1892 5496 2118 5561 paschae
2147 5493 2542 5548 sacratissimus
2563 5492 2698 5546 dies.
2725 5493 2829 5547 Sed
2861 5503 2918 5546 ut
2946 5493 3112 5560 ipsius
3136 5493 3294 5547 lunae
3316 5506 3474 5560 quar-

1890 5591 1974 5636 tae
2015 5581 2256 5635 decimae
2309 5580 2494 5634 t'eriatn
2546 5589 2789 5648 quartam
2843 5581 3184 5649 profectionis
3244 5581 3472 5633 ﬁliorum

1890 5672 2086 5727 lsdrael
2111 5686 2173 5727 ex
2206 5671 2438 5744 [Egypto
2467 5672 2704 5726 invenire
2741 5673 2936 5742 possis,
2970 5673 3216 5735 adverte;
3254 5669 3468 5726 vicessi-

167 5224 450 5286 quoniam
502 5220 790 5288 vigesitnus
845 5221 1063 5284 quintus
1109 5217 1342 5271 circ-elus
1398 5215 1451 5269 in
1505 5218 1785 5270 consulatu

169 5311 467 5365 Theodosi
498 5311 721 5365 sedeces
750 5319 802 5366 et
850 5309 1031 5364 Fausti
1060 5309 1128 5362 ab
1175 5309 1362 5362 eodem
1397 5306 1594 5376 pascha
1626 5306 1789 5361 fuerit

163 5410 570 5463 consumatus,
593 5417 748 5470 quem
772 5403 1007 5457 recalato
1031 5411 1273 5469 tempore
1296 5408 1610 5468 supputans,
1639 5401 1787 5452 inru-

163 5493 288 5546 nies
324 5491 543 5546 habere
570 5492 804 5547 noctium
835 5495 1179 5560 septingenta
1210 5491 1486 5560 sexaginta
1516 5507 1606 5545 sex
1641 5490 1783 5544 milia

159 5593 476 5636 sescentas
502 5581 686 5651 viginti
725 5584 991 5652 quinque,
1045 5596 1181 5651 quas
1215 5597 1335 5636 cum
1365 5584 1590 5650 partitus
1623 5580 1784 5636 fueris

161 5675 215 5727 in
273 5678 692 5742 sexagesimum
749 5683 982 5743 partem,
1036 5674 1275 5729 invenies
1318 5673 1601 5733 duolccim
1638 5673 1780 5728 tnilia
