4000 6176
552 301 649 359 55!
934 300 953 308 ”
1848 298 2128 357 ANONYM

2242 298 2531 359 UCTURIS
3649 321 3727 377 55‘2

551 430 669 470 mus
689 412 828 468 enim
857 424 909 473 et
930 412 1145 485 quintus
1168 413 1398 469 circulus
1427 412 1477 465 iu
1506 412 1609 466 line
1640 411 1860 466 secundi
1885 410 2126 466 laterculi
2157 409 2203 468 Α
2236 427 2368 467 cum.
2416 453 2428 466 .
2477 453 2490 466 .
2534 451 2547 468 .
2594 454 2607 469 .
2656 456 2667 467 .
2714 455 2728 468 .
2773 416 2940 469 edent.
2998 415 3117 471 Non
3166 419 3318 473 cdetis
3356 404 3572 491 erudiuit,
3610 443 3733 499 neque

552 507 620 561 de
650 507 880 576 Aﬁgypto
930 506 1021 559 lilii
1053 504 1249 559 lsdrael
1302 503 1629 559 exeuntibus
1679 503 1953 557 invenitur
2009 517 2130 556 esse

553 597 865 660 conclusus,
897 596 1032 650 sicut
1079 610 1170 664 per
1217 595 1349 662 legis
1388 595 1613 648 storiam
1646 610 1910 647 annorum
1936 594 2136 647 indicat

553 695 738 738 sextus
767 685 927 739 vicies
957 686 1209 753 quinque.
1239 684 1293 737 Si
1327 699 1453 754 ergo
1498 695 1718 753 octoges
1750 694 1967 753 quattus
1998 684 2133 737 ﬁunt

555 789 745 842 pascae
774 776 882 828 duo
908 775 1052 828 milia
1079 784 1319 840 centum,
1344 784 1398 829 et
1422 774 1743 829 invicesimo
1768 784 1820 828 et
1845 783 2002 827 sexto
2025 774 2133 826 cir-

552 865 673 916 culo
702 864 751 915 in
777 863 953 932 capite
980 869 1317 931 complentur
1346 864 1470 917 anni
1501 863 1754 917 duomilia
1784 872 1997 917 centum
2025 864 2137 917 bis-

552 955 757 1020 milies;
793 956 969 1024 itaque
998 956 1201 1009 centies
1230 956 1451 1010 trecenti
1474 956 1723 1024 sexagies
1745 956 1979 1024 quinque
2003 969 2134 1024 qua-

552 1046 728 1109 dran,
789 1046 989 1103 faciunt
1045 1048 1135 1101 tibi
1195 1047 1401 1101 dierum
1461 1048 1797 1116 septingenta
1857 1046 2134 1112 sexaginta

552 1147 758 1207 septem
789 1140 933 1193 milia
949 1139 1130 1208 viginti
1161 1140 1413 1208 quinque.
1440 1138 1494 1191 In
1514 1139 1822 1205 ItiSpartiris
1852 1137 2135 1203 septimam

553 1240 607 1285 et
631 1232 793 1285 babes
818 1240 1029 1286 centum
1058 1246 1193 1285 nove
1211 1232 1354 1285 milia
1373 1230 1645 1299 quingenti
1664 1238 1900 1297 septaes,
1923 1237 2139 1297 quattus

553 1335 714 1391 Super
741 1331 796 1376 et
822 1330 1027 1390 septus.
1060 1322 1236 1389 Incipe
1261 1335 1545 1375 numerare
1584 1335 1612 1372 a
1642 1320 1768 1375 feria
1802 1320 1970 1388 prima
2000 1334 2070 1387 qu
2109 1334 2140 1373 e

556 1411 656 1466 fuit
685 1413 815 1482 ipsis
844 1412 1098 1467 Kalendis
1140 1412 1407 1466 Januariis
1440 1412 1611 1481 primo
1643 1427 1784 1464 anno
1817 1410 2046 1479 paschae
2082 1411 2136 1465 in

554 1499 791 1570 Egypto
819 1492 1095 1555 immolato
1120 1501 1186 1555 ab
1208 1516 1328 1555 asse
1348 1500 1520 1571 primo
1536 1502 1588 1555 iu
1609 1511 1813 1569 septem
1838 1501 2065 1566 assibus,
2087 1509 2142 1555 et

556 1591 797 1645 invenies
814 1590 982 1659 pridie
1013 1590 1280 1645 Kalendas
1303 1590 1584 1645 ianuarias
1608 1590 1797 1645 feriam
1825 1591 2136 1659 septimam;

556 1683 686 1752 ipsis
733 1696 945 1753 quoque
987 1682 1240 1738 Kalendis
1269 1682 1517 1737 Janttaris
1559 1683 1745 1737 feriam
1775 1683 2035 1751 primam;
2071 1699 2136 1739 ex

554 1788 781 1841 quarum
802 1775 981 1841 utique
995 1772 1352 1829 Kalendarum
1368 1773 1509 1828 diem
1534 1773 1585 1826 in
1612 1773 1780 1841 pridie
1797 1773 1913 1827 idus
1931 1775 2138 1843 Apriles
2172 1753 2217 1812 Β

552 1872 864 1931 computus,
895 1871 949 1916 et
979 1863 1219 1916 invenies
1240 1862 1355 1916 dies
1370 1870 1586 1916 uentum
1619 1862 1774 1917 duos.
1809 1863 1863 1917 lu
1895 1863 1979 1918 his
2013 1880 2137 1934 par-

555 1953 671 2008 tiris
696 1952 1000 2021 septimam,
1024 1961 1079 2006 et
1100 1953 1264 2007 habes
1288 1954 1449 2008 decus
1472 1962 1685 2023 quattus
1714 1968 1876 2023 super
1898 1966 1949 2009 et
1980 1963 2137 2025 quat-

557 2054 669 2111 lus;
704 2046 835 2101 haec
851 2056 935 2101 est
962 2047 1091 2101 feria
1116 2058 1301 2116 quarta
1316 2047 1780 2117 quartaedecimae
1804 2048 1960 2103 lunae
1980 2049 2135 2119 primi

553 2141 756 2193 mensis
786 2141 908 2194 anni
942 2139 1117 2208 primi,
1155 2148 1211 2193 ut
1239 2139 1472 2194 diximus
1494 2182 1509 2207 ,
1542 2142 1594 2195 in
1622 2142 1798 2209 carite
1824 2143 2011 2197 circuli
2053 2158 2139 2197 se-

559 2229 743 2294 cundi,
792 2229 843 2283 in
876 2246 982 2299 quo
1002 2230 1300 2284 invenimus
1333 2231 1527 2299 pascha
1559 2232 1982 2287 sacratissimum
2013 2244 2137 2288 tunc

556 2334 584 2373 a
616 2322 859 2389 patribus
891 2323 941 2373 in
987 2319 1219 2389 Egypt)
1246 2321 1598 2375 immolatum.
1623 2321 1731 2376 Sed
1756 2337 1875 2376 cum
1907 2323 2005 2376 hos
2034 2323 2139 2376 cir-

554 2412 704 2467 culos
737 2413 787 2465 in
818 2413 1006 2467 ordine
1055 2413 1305 2466 adtentus
1350 2413 1514 2467 lueris
1552 2413 1837 2468 adsecutus
1886 2414 2022 2468 intra
2055 2429 2139 2469 co-

557 2501 768 2556 lumnas
792 2502 907 2555 dies
939 2502 1169 2569 pasclrte
1191 2503 1457 2558 veridicos
1486 2505 1725 2558 invenies
1749 2504 2054 2569 adnotatas,
2085 2514 2138 2559 ct

558 2592 680 2646 illos
717 2592 805 2661 qui
834 2592 964 2646 fo:is
989 2601 1113 2647 sunt
1151 2609 1246 2662 pro
1268 2602 1414 2647 certo
1446 2592 1736 2648 lalsissimo
1766 2610 1924 2663 super
1952 2596 2135 2649 cilium

555 2684 923 2737 columnarum
962 2695 1191 2739 encauto
1240 2686 1576 2740 can-cribtos
1613 2686 1730 2740 sine
1770 2686 1931 2740 dubio
1959 2688 2009 2740 in
2046 2702 2135 2741 er-

557 2790 678 2830 rore
701 2776 861 2830 fuisse
875 2776 1099 2830 defixos.
1118 2777 1323 2831 Videtis
1344 2777 1523 2846 igitur,
1542 2779 1829 2844 carissimi,
1852 2779 1991 2847 quod
2019 2781 2137 2832 titti-

557 2869 755 2938 cuique
779 2879 1017 2924 nostrum
1050 2870 1177 2923 nihil
1211 2869 1436 2939 denegat
1457 2868 1812 2937 Omnipotens
1838 2870 1996 2925 Deus.
2030 2871 2135 2925 Sed

554 2961 673 3027 quis
722 2970 920 3029 quanta
965 2960 1032 3014 de
1064 2962 1178 3028 ipso
1210 2961 1595 3027 praesumserit
1639 2960 1869 3015 ﬁdeliter
1898 2961 2133 3031 cup‘cuti

557 3056 616 3104 ut
642 3049 870 3104 voluerit
898 3050 1206 3120 dilui-gitur?
1234 3050 1306 3104 ita
1337 3051 1479 3105 enim
1513 3050 1628 3104 hinc
1657 3062 1989 3107 sacramenta
2023 3068 2134 3105 ma-

2234 514 2427 557 coctam
2458 506 2508 557 iu
2538 522 2671 573 aqua
2699 508 2798 560 nisi
2834 519 3057 561 assatnm
3082 512 3210 579 igni.
3243 510 3395 580 Cule
3420 530 3517 567 cum
3539 522 3733 588 pedibus,

2234 605 2281 649 et
2310 598 2439 651 inter
2484 600 2644 651 retteis
2688 597 2819 651 nihil
2854 601 3261 667 derelinquentes
3290 620 3350 656 ea:
3373 606 3437 658 eis
3462 608 3506 658 in
3530 624 3683 677 mane,
3703 626 3740 667 et

2235 702 2291 739 os
2312 704 2410 740 non
2442 690 2771 758 confringctis
2806 691 2866 742 ab
2900 707 2977 743 eo.
3012 694 3155 755 Quae
3177 693 3409 745 derelicta
3437 696 3600 764 furrint
3624 704 3674 753 de
3696 720 3739 756 ro

2237 794 2395 846 usque
2418 779 2474 831 in
2500 796 2648 832 mane
2686 781 2791 851 igni
2825 782 3202 836 cremabantur.
3231 783 3320 836 Sic
3342 794 3500 838 autem
3528 792 3745 845 comedetis

2236 882 2351 919 eum
2374 882 2392 929 ;
2417 869 2575 921 lumbi
2602 871 2755 923 vesrri
2784 873 3080 939 praecincti,
3106 884 3153 926 et
3168 874 3485 929 Calciamenta
3503 878 3548 930 in
3577 882 3744 947 pedibus

2237 960 2412 1013 vestris
2438 999 2451 1024 ,
2484 970 2529 1014 et
2555 961 2736 1015 bacula
2766 974 2929 1016 vestra
2967 965 3021 1017 in
3066 965 3299 1020 manibus
3339 970 3532 1035 castris;
3564 981 3604 1024 et
3625 974 3748 1027 edetis

2238 1062 2351 1100 cum
2379 1050 2696 1117 festinanter,
2739 1052 2930 1121 pascha
2981 1064 3053 1107 est
3091 1056 3225 1107 enim
3272 1053 3486 1112 Domini.
3525 1059 3749 1128 Praecepit

2240 1136 2398 1206 igitur
2427 1138 2778 1209 Omnipotens
2804 1144 2941 1197 Deus
2962 1158 3059 1213 per
3100 1144 3322 1214 Moysen
3350 1149 3603 1205 universae
3626 1167 3753 1221 syna-

2238 1243 2404 1297 gogae
2436 1230 2668 1285 liliorum
2715 1230 2915 1287 lsdrael
2963 1235 3015 1287 in
3061 1251 3248 1291 mense
3294 1252 3565 1305 novorum,
3595 1242 3667 1310 qui
3691 1253 3753 1297 est

2242 1322 2445 1376 initium
2496 1326 2761 1378 mensium
2794 1325 2844 1379 in
2880 1328 3154 1383 mensibus
3200 1330 3363 1395 anni,
3393 1330 3442 1385 in
3478 1346 3573 1402 quo
3612 1335 3757 1390 habitu

2240 1410 2458 1467 ederent
2483 1413 2709 1480 pascha;
2743 1414 2807 1468 ad
2830 1414 2935 1469 hoc
2965 1417 3149 1485 tttique
3173 1462 3188 1486 ,
3214 1428 3274 1473 ut
3312 1428 3368 1474 et
3392 1435 3531 1475 suam
3552 1422 3758 1478 divinita-

2240 1510 2348 1555 tem
2404 1503 2749 1558 credentlbus
2795 1507 2953 1560 nobis
2995 1508 3047 1559 in
3092 1506 3309 1564 Christo
3354 1512 3683 1568 manilestaret
3715 1525 3758 1569 et

2242 1592 2453 1647 illorum
2486 1594 2824 1650 latrocinium
2846 1636 2862 1661 ,
2885 1596 2993 1666 jam
3021 1605 3147 1653 tunc
3176 1616 3205 1653 a
3239 1602 3438 1669 pascha
3472 1604 3696 1672 primum,
3716 1604 3762 1659 in

2244 1681 2476 1753 Egypto
2520 1685 2851 1740 celebratum
2898 1688 3342 1756 demonstraret;
3384 1694 3468 1761 qui
3499 1694 3547 1746 in
3576 1693 3760 1765 Alma

2245 1774 2309 1825 ad
2341 1788 2618 1840 vesi:eram
2642 1815 2657 1839 ,
2706 1775 2845 1829 idest
2876 1777 2930 1830 in
2961 1779 3255 1833 novissima
3301 1782 3498 1835 saeculi
3526 1791 3726 1852 tempnm
3750 1824 3762 1846 ,

2246 1862 2557 1931 praecincti,
2590 1874 2644 1917 et
2673 1865 2887 1919 calciati
2930 1866 3188 1922 adversus
3216 1884 3415 1939 agnum
3440 1871 3525 1925 Dei
3555 1872 3766 1939 immacu-

2244 1952 2405 2005 latum
2430 1952 2600 2020 prima
2634 1952 2720 2007 die
2745 1954 3042 2010 azfmorunt
3073 1955 3139 2009 ad
3174 1936 3457 2025 vesperam
3482 1936 3590 2013 cum
3614 1961 3769 2029 gladiis

2241 2053 2296 2099 et
2341 2046 2568 2099 fustibus
2615 2047 2821 2100 exirent
2849 2090 2863 2114 ,
2901 2056 2953 2100 et
2978 2049 3225 2103 universa
3247 2092 3260 2113 ,
3318 2067 3453 2119 quae
3482 2053 3545 2106 ab
3569 2054 3772 2108 omnibus

2242 2133 2523 2203 Prophetis
2550 2136 2618 2189 de
2639 2150 2705 2189 eo
2732 2137 3006 2203 praedicta
3034 2138 3266 2204 fuerant,
3292 2142 3352 2195 in
3381 2156 3499 2196 eum
3520 2145 3775 2197 committe-

2242 2231 2381 2277 rent.
2410 2223 2474 2276 Et
2504 2224 2623 2278 ideo
2653 2239 2750 2278 nos
2777 2226 2866 2293 qui
2889 2226 2999 2295 jam
3035 2243 3139 2283 non
3172 2231 3471 2285 secundum
3496 2232 3774 2300 imaginem,

2241 2313 2381 2365 sicut
2412 2312 2509 2378 illi,
2541 2312 2634 2367 sed
2661 2313 2952 2368 secundum
2975 2314 3251 2369 veritatem
3273 2318 3332 2370 in
3360 2322 3781 2373 commemoratio-

2242 2419 2362 2457 nem
2406 2405 2672 2472 passionis
2726 2405 2821 2459 ﬁlii
2878 2406 2970 2460 Dei
3018 2407 3212 2476 pascha
3272 2411 3623 2475 celebramus,
3667 2410 3777 2463 nihil

2240 2493 2385 2548 aliud
2415 2496 2465 2547 in
2492 2497 2679 2562 primis
2710 2498 2811 2549 nisi
2845 2497 2911 2551 de
2948 2499 3116 2565 ipsius
3142 2500 3359 2554 Domini
3394 2502 3556 2555 nostri
3588 2503 3782 2553 adventu

2241 2585 2370 2638 totis
2396 2586 2599 2639 viribus
2625 2586 2746 2641 ﬁdei
2779 2595 2995 2642 nostrae
3020 2588 3314 2658 diligenter
3339 2593 3607 2660 requ'rere
3624 2590 3785 2643 debea-

2242 2691 2359 2731 mus
2401 2687 2455 2731 et
2501 2686 2626 2733 tunc
2664 2680 2992 2733 circulorum
3034 2684 3179 2737 serie
3221 2675 3585 2738 rewl'vantus.
3614 2685 3791 2737 Primus

2239 2770 2384 2824 enim
2418 2768 2580 2838 Gajus
2600 2771 2775 2825 Julius
2800 2771 2999 2827 Caesar
3022 2773 3221 2829 Romae
3246 2776 3540 2844 imperavit
3562 2776 3699 2828 annis
3716 2774 3788 2827 de.

2241 2876 2379 2927 cem,
2413 2863 2685 2916 mensibus
2710 2872 2981 2934 quattuor,
3005 2864 3199 2920 diebus
3227 2881 3349 2920 sex.
3380 2868 3507 2921 Post
3533 2863 3792 2935 Cajumlu-

2242 2952 2369 3005 lium
2394 2951 2676 3007 Caesarem
2704 2956 3247 3026 successitAugustus
3270 2958 3591 3027 imperatur,
3608 2957 3687 3027 qui
3714 2956 3791 3008 im-

2245 3043 2451 3107 peravit
2500 3041 2700 3097 Romae
2745 3045 2902 3098 annis
2940 3046 3333 3114 quinquaginta
3391 3062 3512 3111 sex,
3560 3045 3795 3101 mensibus

556 3140 798 3196 nil'estari
849 3143 1154 3211 praecepit,
1188 3151 1242 3196 ut
1272 3156 1299 3194 a
1333 3142 1585 3211 passione
1618 3143 1891 3197 Dominica
1926 3144 1975 3195 in
2009 3159 2135 3207 «,ua-

2242 3141 2509 3200 quattuor,
2534 3133 2621 3187 dle
2650 3149 2775 3187 uno.
2806 3134 2915 3188 lluc
2948 3136 3250 3204 imperante
3287 3139 3514 3193 advenit
3536 3138 3790 3197 Iohannes.

554 3232 981 3303 dringcntesimo
1023 3244 1078 3288 et
1107 3233 1365 3302 vigesimo
1401 3248 1544 3287 anno
1588 3235 1725 3302 regis
1754 3229 2011 3287 Geiserici
2042 3234 2138 3287 de-

555 3326 698 3381 cimo
725 3340 865 3380 anno
901 3325 1041 3381 diem
1092 3325 1478 3391 inveniremus,
1512 3326 1564 3380 in
1596 3342 1701 3395 quo
1731 3325 1986 3379 Dominus
2014 3341 2136 3380 cum

556 3417 667 3470 suis
689 3416 962 3484 discipulis
1005 3416 1202 3483 pascha
1234 3416 1655 3470 sacratissimum
1680 3416 2051 3479 manducavit;
2087 3416 2135 3468 in

558 3507 748 3561 eodem
789 3522 998 3575 quoque
1027 3507 1428 3574 complerentur
1459 3506 1583 3559 anni
1613 3507 1721 3559 duo
1747 3507 1889 3560 milia
1920 3517 2135 3561 centum

558 3596 776 3659 decem,
815 3596 881 3649 ab
920 3610 1056 3664 agno
1102 3595 1307 3649 scilicet
1356 3596 1446 3648 illo
1487 3597 1738 3649 anniculo
1783 3597 1899 3650 sine
1928 3597 2054 3649 vitio
2088 3600 2135 3649 iu

560 3685 793 3755 Egypto
845 3685 1147 3749 immolato,
1204 3685 1342 3738 sicut
1387 3700 1415 3738 a
1470 3686 1690 3740 secundi
1741 3686 1926 3741 circuli
1965 3689 2139 3757 capite

558 3775 919 3829 ostenduntur
936 3776 984 3827 in
1012 3774 1201 3829 ordine
1221 3774 1433 3828 titulati.

630 3866 950 3934 lueipiamus
992 3866 1169 3935 itaque
1196 3906 1211 3931 ,
1246 3865 1443 3920 fratres
1469 3908 1481 3930 ,
1509 3864 1576 3919 ab
1608 3866 1764 3921 exodi
1800 3866 2029 3923 lectione
2074 3868 2140 3923 de

557 3954 676 4023 ipso
705 3970 840 4024 agno
874 3955 923 4009 in
954 3954 1186 4025 Egypto
1216 3955 1491 4009 immolato
1536 3956 1585 4009 in
1619 3958 1930 4010 memoriam
1965 3958 2140 4012 scien-

559 4048 699 4101 tibus
743 4062 1017 4112 revocare,
1067 4056 1124 4100 ut
1173 4048 1439 4115 possimus
1488 4057 1837 4117 utrorumque
1880 4064 2138 4116 agnorum

555 4137 789 4207 speciem
811 4138 1116 4192 volentibus
1140 4137 1533 4192 demonstrare.
1561 4139 1615 4191 In
1640 4154 1742 4208 qua
1776 4139 2007 4193 lectione
2056 4155 2142 4193 re—

555 4228 925 4296 COgnnscimus
952 4231 1123 4296 ipsum
1161 4229 1330 4282 Deum
1360 4239 1415 4282 et
1467 4229 1745 4283 Dominum
1788 4240 2029 4284 nostrum
2073 4233 2138 4286 ad

558 4318 771 4386 Moysen
833 4326 889 4371 et
935 4319 1076 4372 Aron
1131 4320 1348 4372 fratrem
1403 4318 1520 4387 ejus
1569 4319 1621 4372 in
1678 4331 1874 4374 terram
1922 4320 2141 4391 Egypti

555 4406 755 4461 dixisse
788 4425 800 4459 :
832 4410 1013 4461 mensis
1041 4409 1124 4461 ltic
1146 4448 1162 4474 ,
1193 4409 1380 4477 inquit,
1415 4410 1619 4463 initium
1641 4414 1911 4478 mensium,
1946 4416 2139 4481 primus

554 4499 649 4551 erit
687 4500 845 4562 vobis,
879 4500 931 4552 in
961 4500 1214 4553 mensibus
1245 4504 1372 4569 fasce
1399 4542 1411 4562 ,
1443 4501 1510 4555 ad
1553 4516 1768 4557 omnem
1799 4504 2133 4575 Syuagogam

557 4589 786 4644 ﬁliorum
816 4590 1015 4644 lsdrael
1049 4591 1232 4645 dicens
1262 4606 1277 4643 ε
1311 4592 1505 4646 decimo
1541 4594 1624 4648 die
1651 4596 1836 4648 mensis
1872 4597 2027 4667 hujus
2051 4614 2135 4650 ac-

555 4682 747 4748 cipiant
775 4682 871 4735 sibi
900 4683 1089 4750 singuli
1121 4698 1207 4749 per
1234 4682 1409 4735 domos
1451 4684 1675 4738 tribuum
1724 4701 1862 4740 ovem
1907 4703 1995 4756 per
2042 4690 2137 4741 do-

555 4788 692 4824 mum
716 4788 733 4835 ;
765 4780 811 4823 et
840 4773 884 4823 si
904 4771 1072 4841 exigui
1099 4780 1244 4825 erunt
1271 4772 1323 4823 iu
1348 4775 1518 4837 domo,
1546 4782 1598 4826 ut
1624 4790 1725 4827 non
1754 4777 1855 4828 sint
1885 4778 2137 4845 stt/ﬁcien-

556 4871 626 4916 tes
642 4865 709 4915 ad
735 4879 893 4929 ovem,
920 4864 1191 4917 adsumant
1212 4881 1379 4917 secum
1408 4866 1625 4918 vicinum
1649 4870 1936 4936 proximum
1959 4887 2130 4937 suum,

555 4970 644 5020 per
692 4968 951 5005 numerum
994 4954 1280 5005 animarum
1328 4952 1520 5025 singuli
1562 4958 1702 5024 quod
1757 4959 2001 5026 sufﬁcient
2037 4959 2135 5012 sibi

552 5044 914 5114 computabant
948 5046 1000 5097 in
1032 5060 1190 5097 ovem.
1219 5044 1339 5097 Oris
1365 5047 1430 5097 sit
1459 5046 1567 5098 sine
1595 5048 1712 5100 vitio
1731 5088 1746 5113 ,
1775 5049 2134 5104 immaculatus

553 5136 803 5203 perfestus
845 5136 1097 5187 masculus
1130 5147 1175 5188 et
1205 5136 1472 5188 anniculus
1516 5138 1610 5190 erit
1635 5138 1770 5191 vobis
1815 5140 1878 5192 ab
1916 5143 2062 5209 agnis
2087 5152 2132 5195 ct

551 5227 612 5278 ab
636 5226 760 5278 a'dis
789 5226 952 5293 accipi
976 5266 991 5291 ,
1020 5242 1077 5277 ea
1110 5227 1171 5278 sit
1196 5226 1333 5279 vobis
1363 5227 1680 5279 observatum
1708 5245 1866 5298 usque
1892 5230 1957 5282 ad
1980 5248 2135 5299 quar-

552 5326 655 5370 tam
687 5318 930 5370 decimam
953 5318 1084 5368 diem
1109 5318 1293 5371 mensis
1320 5316 1492 5388 hujus.
1522 5316 1587 5370 Et
1619 5320 1812 5372 occidet
1845 5337 1960 5373 eum
1985 5337 2133 5376 omne

552 5412 728 5479 vulgus
753 5426 1042 5481 synagogae
1072 5410 1297 5476 filiorum
1329 5409 1529 5464 lsdrael
1559 5412 1625 5462 ad
1656 5429 1951 5477 vesperam;
1979 5424 2025 5467 et
2046 5430 2133 5466 ac-

550 5507 736 5571 cipient
761 5505 824 5556 de
845 5505 1089 5573 sanguine
1113 5507 1241 5575 ejus,
1267 5513 1311 5555 et
1338 5514 1525 5573 ponent
1548 5521 1697 5572 super
1717 5507 1844 5559 duos
1874 5516 2059 5575 postes,
2084 5514 2134 5559 et

550 5611 704 5662 super
731 5596 900 5647 limem
941 5595 990 5647 in
1019 5595 1269 5656 domibus,
1304 5595 1354 5646 in
1377 5595 1552 5662 quibus
1583 5611 1693 5649 cum
1726 5596 1894 5661 edent,
1926 5596 1979 5648 in
2008 5596 2131 5664 ipsis

551 5694 599 5734 et
654 5686 799 5739 cdcnt
839 5701 1016 5739 Carnis
1064 5686 1199 5750 ipsas
1256 5694 1400 5738 nocte
1459 5696 1655 5738 assulas
1706 5687 1814 5753 igni
1873 5697 1916 5739 et
1965 5687 2127 5740 azima

2239 3223 2529 3277 Zachariae
2573 3225 2872 3278 sacerdotis
2923 3225 3066 3279 ﬁlius
3093 3269 3107 3291 ,
3142 3230 3348 3283 missas
3400 3245 3430 3282 a
3469 3230 3577 3283 Deo
3619 3224 3795 3296 |\l‘-'elil'

2238 3327 2364 3367 cans
2377 3313 2696 3382 baptismum
2714 3317 3084 3385 pmniteutiae,
3100 3320 3190 3385 qui
3222 3320 3528 3374 secundum
3560 3317 3798 3386 prﬂt’tllC'l-

2241 3406 2443 3459 tionem
2473 3405 2605 3474 legis
2644 3407 3133 3477 prophetarumque
3160 3412 3415 3463 omnium
3444 3410 3701 3463 Christum
3724 3419 3799 3457 uso

2242 3495 2431 3556 tendit,
2456 3494 2726 3550 Christum
2763 3496 2927 3550 ﬁlium
2956 3498 3046 3550 Dei
3077 3497 3375 3553 advenisse
3418 3501 3473 3552 in
3516 3500 3649 3551 hunc
3674 3510 3800 3547 unm-

2240 3587 2389 3654 duut,
2436 3586 2572 3640 idest
2605 3588 2656 3641 in
2683 3589 2899 3656 regione
2931 3588 3101 3642 Iudae
3126 3630 3140 3652 ,
3172 3589 3409 3644 dicens:
3462 3591 3545 3642 Itic
3573 3600 3643 3641 est
3669 3599 3803 3655 agnus

2246 3677 2371 3741 Dei,
2403 3679 2490 3745 qui
2514 3678 2678 3746 aufert
2708 3690 2911 3747 peccatu
2938 3680 3150 3744 mundi;
3177 3691 3228 3733 et
3257 3682 3343 3732 hic
3366 3666 3441 3734 est
3471 3679 3807 3734 Salvatorsae-

2241 3769 2381 3830 culi;
2411 3768 2491 3819 hic
2520 3776 2591 3818 est
2622 3767 2685 3819 de
2709 3784 2808 3836 quo
2841 3769 2949 3821 dixi
2997 3784 3014 3822 :
3054 3768 3203 3822 homo
3247 3781 3376 3823 ante
3419 3787 3501 3822 me
3545 3773 3697 3838 factus
3721 3777 3807 3823 est.

2242 3859 2391 3926 cujus
2423 3872 2523 3909 non
2562 3872 2674 3908 sunt
2703 3858 2888 3927 dignus
2928 3860 3201 3927 corrigiam
3248 3856 3811 3913 calciamentorumsol-

2241 3963 2372 4001 vere.
2426 3949 2629 4004 Exinde
2670 3950 2812 4019 cepit
2844 3949 3001 4005 Jesus
3044 3951 3239 4006 docere
3285 3953 3558 4022 populum
3587 3960 3637 4002 rt
3664 3948 3811 4002 facere

2243 4040 2469 4093 virtutes
2501 4050 2554 4095 et
2594 4041 2748 4111 signa
2794 4057 3006 4111 magna,
3042 4058 3177 4111 quae
3220 4045 3415 4097 nullus
3452 4043 3593 4096 alius
3625 4042 3813 4094 iecerat.

2244 4130 2605 4185 Manifestavit
2634 4142 2808 4188 autem
2839 4148 2896 4186 se
2928 4142 3048 4201 post
3087 4133 3428 4197 baptismum
3465 4135 3707 4186 universo
3739 4132 3814 4179 Itu-

2244 4236 2406 4275 mano
2436 4224 2617 4289 generi
2672 4224 2901 4277 ﬁliorum
2936 4224 3052 4285 Dei,
3084 4223 3315 4277 missum
3374 4241 3406 4278 a
3458 4225 3572 4278 Deo
3605 4232 3740 4292 patre
3768 4218 3819 4269 ad

2243 4313 2622 4367 stabiliendum
2679 4324 2735 4369 et
2782 4316 3179 4370 reformandum
3206 4357 3219 4377 ,
3262 4316 3818 4379 reconciliandttmquﬂ

2249 4406 2501 4472 populum
2527 4406 2631 4460 sibi
2662 4410 3041 4477 compositum.
3075 4408 3275 4476 quibus
3310 4410 3521 4464 electis
3569 4405 3819 4462 duodecim

2243 4494 2527 4562 discipulis
2549 4495 2669 4548 data
2692 4504 2775 4550 est
2807 4506 3042 4565 potestas
3071 4499 3123 4550 itt
3169 4507 3371 4552 sancto
3395 4499 3645 4567 Spiritu;
3671 4504 3719 4547 et
3740 4491 3819 4545 mi-

2243 4586 2315 4639 sit
2339 4600 2433 4639 eos
2464 4601 2560 4655 per
2585 4601 2774 4641 omnes
2800 4600 3009 4657 gentes,
3035 4587 3420 4657 docentesque
3450 4591 3727 4643 docerent.
3750 4583 3823 4635 De-

2244 4676 2368 4731 hinc
2394 4678 2660 4732 ordinatis
2704 4679 2785 4733 eis
2826 4679 2891 4732 ad
2936 4679 3168 4733 ofﬁcium
3206 4680 3585 4747 praedicandi
3627 4676 3819 4747 gratiam

2245 4768 2337 4821 Dei
2380 4767 2571 4821 factam
2622 4784 2717 4837 per
2747 4784 2940 4824 nomen
2981 4770 3096 4837 ejus
3120 4810 3135 4833 ,
3168 4771 3579 4826 remissionem
3612 4775 3829 4839 peccato-

2240 4874 2381 4922 rum,
2414 4861 2863 4915 resurrectionem
2888 4862 3082 4926 carnis,
3111 4870 3409 4916 aeternam
3431 4866 3607 4918 vitam
3635 4857 3827 4914 mortuis

2238 4952 2644 5020 resurgentibus
2668 4995 2682 5019 ,
2720 4953 2983 5021 praedixit
3004 4954 3082 5007 eis
3106 4962 3318 5022 quanta
3366 4970 3643 5024 passurus
3668 4959 3831 5007 esset:

2237 5042 2454 5098 Judaeis
2503 5058 2673 5114 usque
2715 5045 2779 5098 ad
2811 5056 3060 5111 mortem,
3093 5055 3331 5099 mortem
3369 5058 3568 5101 autem
3600 5044 3766 5100 crucis
3788 5048 3833 5092 et

2237 5134 2376 5206 quod
2408 5135 2586 5189 triduo
2614 5152 2898 5190 mansurus
2924 5146 3069 5191 esset
3092 5139 3145 5190 in
3177 5137 3362 5192 cat-de
3390 5151 3611 5202 terrae,
3636 5146 3691 5193 et
3713 5131 3834 5201 quod

2240 5227 2396 5279 tertia
2424 5226 2512 5280 die
2545 5244 2570 5275 a
2604 5224 2831 5279 mortuis
2861 5237 3194 5296 resurgeret,
3227 5238 3287 5280 et
3342 5239 3479 5296 post
3505 5223 3837 5283 re~urrectio—

2239 5332 2359 5371 nem
2406 5318 2573 5372 caelos
2606 5319 2874 5387 petiturus
2914 5328 3076 5372 esset.
3114 5319 3325 5373 Deinde
3352 5322 3624 5375 Tiberius
3664 5318 3840 5372 Caesar

2239 5411 2522 5477 imperavit
2552 5410 2705 5465 annis
2744 5413 2926 5480 viginti
2960 5411 3165 5465 duobus
3191 5452 3204 5475 ,
3256 5414 3577 5466 mensibus
3624 5420 3837 5476 septem.

2237 5502 2424 5557 diebus
2453 5502 2867 5571 vigintidunbus.
2900 5502 3011 5557 l‘loc
3039 5504 3353 5569 imperante
3377 5544 3395 5567 ,
3424 5502 3577 5557 idest
3606 5497 3843 5557 sextade-

2235 5595 2378 5647 cimo
2418 5607 2561 5646 anno
2612 5592 2820 5660 imperii
2864 5592 3000 5660 ejus,
3043 5603 3387 5660 procurante
3427 5593 3639 5665 Jadaea
3669 5586 3840 5643 Pontio

2239 5686 2411 5741 Pilato
2459 5687 2557 5743 sub
2602 5686 2757 5739 Anna
2803 5693 2856 5740 ct
2886 5685 3032 5739 Cail‘a
3062 5684 3496 5753 sacerdotibus,
3533 5679 3841 5743 octabulia-
