4000 6176
232 304 330 361 δόδ

1290 303 1375 358 DE
1414 303 1737 363 COMPUTO
1770 304 2099 361 PASCIIALI
2143 304 2267 360 LIB.
2322 305 2382 366 ΙΙ.

3348 316 3451 373 554

234 416 406 473 lendas
434 414 645 485 Apriles
670 455 684 479 ,
709 412 917 467 duobus
943 412 1182 468 Geminis
1204 413 1558 481 Consulibus,
1600 415 1787 470 incidit
1812 417 1861 474 Α
1894 414 2076 484 prima:
2100 416 2351 471 ocdoadis
2373 432 2481 473 sua:
2512 421 2564 474 in
2595 420 2798 491 integro
2825 422 3088 491 deﬁxerit,
3122 440 3218 482 nec
3248 436 3453 483 certum

230 522 365 564 sexta
396 506 602 559 decima
640 504 784 567 luna,
820 514 1129 570 parasceve,
1155 504 1365 571 quando
1402 505 1656 560 Dominus
1688 520 1782 560 no-

228 610 349 663 ster,
379 596 628 651 Salvator
654 596 870 663 generis
901 593 1139 657 humani,
1173 592 1328 648 Jesus
1365 592 1610 648 Christus
1642 595 1784 648 ﬁlius

228 688 314 741 Dei
342 698 529 753 passus
559 692 659 735 est.
693 678 987 751 Perpessus
1017 683 1177 751 igitur
1199 684 1377 736 omnia
1401 726 1414 751 ,
1440 698 1579 752 quae
1625 682 1692 737 de
1718 699 1783 737 eo

228 781 426 831 luerant
447 775 670 841 scripta,
703 770 994 827 secundum
1026 768 1477 840 praedicationem
1501 773 1631 842 legis
1655 774 1785 829 Pro-

226 869 606 937 phetaruinque
635 866 873 918 omnium
897 874 951 919 et
980 864 1387 934 Evangeliorum
1418 865 1553 933 ejus,
1574 876 1777 933 passus,

225 968 277 1012 ut
302 957 554 1019 diximus,
582 954 775 1009 oetabu
800 953 1062 1009 Kalendas
1084 954 1312 1023 Apriles,
1341 955 1428 1010 die
1447 968 1778 1022 paraseaeve.

224 1044 399 1102 Tertio
432 1060 559 1100 vero
594 1044 683 1098 die
707 1059 737 1098 a
766 1045 989 1099 mortuis
1017 1046 1352 1112 resurrexit,
1386 1045 1473 1100 die
1506 1044 1780 1100 Dominica

221 1148 364 1192 scxtu
399 1135 661 1191 Kalendas
681 1136 919 1199 easdem,
949 1143 1002 1190 et
1032 1143 1376 1189 conversatus
1400 1150 1521 1189 cum
1550 1136 1783 1204 Aposto-

222 1227 283 1280 lis
302 1235 355 1281 et
390 1225 669 1293 DisCipulis
714 1224 1063 1294 quadraginta
1099 1224 1268 1279 ferme
1293 1223 1480 1279 diebus
1502 1265 1518 1289 ,
1552 1227 1779 1279 cireum-

220 1318 323 1370 fusa
357 1315 503 1369 nube
528 1314 581 1368 in
611 1314 748 1369 CtBIO
788 1322 871 1368 est
901 1323 1166 1383 receptus.
1217 1312 1423 1369 Exinde
1460 1315 1623 1382 igitur
1649 1357 1664 1382 ,
1698 1330 1782 1370 re-

217 1419 411 1477 gnaute
458 1410 627 1476 gratia
672 1406 788 1471 Dei,
844 1405 1090 1461 homines
1129 1405 1411 1462 credentes
1458 1408 1510 1461 in
1563 1408 1782 1464 nomine

216 1498 323 1566 cjus
374 1496 687 1549 inluminari
716 1503 1015 1563 cmperunt.
1044 1495 1109 1550 Et
1140 1495 1262 1550 ideo
1302 1496 1357 1549 in
1406 1497 1493 1550 bis
1529 1498 1781 1552 omnibus

214 1588 439 1656 gratiam
482 1585 780 1641 referamus
826 1584 961 1641 haec
1002 1586 1179 1640 omnia
1223 1586 1524 1655 disponenti
1563 1594 1781 1657 prepter

215 1688 452 1731 nostram
498 1677 760 1741 salutem;
793 1686 846 1731 et
878 1685 1035 1731 vocat
1060 1691 1155 1732 nos
1187 1677 1253 1731 ad
1280 1676 1515 1733 divinam
1555 1679 1781 1747 agnitio-

1888 521 2168 561 numerum
2220 522 2479 561 annorum
2551 510 2787 564 veridice
2849 515 3249 580 lerminaveris;
3319 518 3457 572 sicut

1887 603 2060 651 textus
2112 596 2309 651 indicat
2357 608 2659 654 nostrorum
2717 605 3050 669 sequentium
3108 607 3452 675 circulorum,

1885 699 2111 755 quorum
2142 687 2346 742 scilicet
2390 689 2441 742 in
2469 690 2641 759 capite
2686 691 2957 747 inveniens
2983 694 3232 751 Kalendis
3257 700 3455 754 Janua-

1884 775 1977 829 riis
2007 776 2130 829 luna
2166 776 2441 845 vigesima,
2494 788 2549 833 et
2590 783 2819 837 secunda
2848 781 2977 835 feria
3014 785 3453 857 septima,'quar-

1886 864 2144 920 tadecima
2176 868 2331 935 primi
2384 870 2613 934 mensis;
2646 870 2853 925 decimu
2889 872 3155 929 Kalendas
3212 880 3449 945 Apriles,

1885 955 2015 1011 feria
2057 972 2129 1012 tv.
2184 960 2511 1015 Dominicum
2544 964 2755 1030 pascha:
2786 980 2858 1018 vt.
2913 966 2989 1021 ld.
3040 968 3272 1039 Apriles,
3329 973 3449 1027 luna

1883 1043 2331 1115 duodevigesima,
2360 1057 2413 1103 et
2443 1049 2493 1103 in
2523 1049 2637 1117 ejus
2670 1051 2993 1107 circulorum
3032 1054 3252 1111 habetur
3278 1057 3332 1112 in
3358 1074 3453 1113 ca-

1886 1134 1992 1200 pite
2040 1134 2160 1190 Kal.
2191 1136 2456 1192 Januariis
2503 1139 2625 1192 luna
2659 1155 2745 1193 xx.
2780 1141 2907 1195 feria
2939 1158 3010 1197 vt.
3056 1149 3449 1212 quartadecima

1885 1223 2040 1290 primi
2071 1225 2269 1278 mensis
2290 1234 2475 1280 octavu
2515 1226 2767 1281 kalendas
2795 1228 3005 1297 Apriles
3035 1232 3165 1287 feria
3197 1250 3246 1287 v.
3277 1235 3451 1289 domi-

1884 1310 2120 1365 uinicum
2148 1326 2338 1381 pascar,
2372 1328 2421 1367 v.
2464 1313 2569 1367 kal.
2598 1317 2827 1384 Apri'es,
2866 1318 2990 1371 luna
3022 1335 3110 1373 vtt.
3143 1322 3195 1374 In
3229 1324 3328 1377 hoc
3360 1325 3449 1378 die

1884 1408 2034 1467 putat
2071 1414 2191 1455 esse
2218 1403 2518 1470 passionem
2549 1400 2898 1471 Dominicam’,
2929 1411 3069 1477 quod
3117 1412 3334 1466 omnino
3362 1415 3447 1468 ul-

1884 1490 2091 1545 latenus
2134 1493 2377 1561 congruit
2404 1494 2634 1548 veritati.
2674 1495 2761 1550 Sic
2792 1497 2951 1552 etiam
2996 1502 3193 1555 nostris
3224 1506 3452 1570 aspecti-

1884 1582 1981 1636 bus
2012 1584 2211 1637 lunaris
2242 1583 2357 1653 ipse
2385 1586 2683 1641 cursiculus
2710 1586 2908 1643 indicat
2954 1591 3116 1644 rutilo
3140 1591 3335 1648 lumine
3362 1610 3449 1649 ra-

1884 1674 2080 1741 diatus,
2105 1676 2261 1729 simul
2289 1684 2343 1731 et
2362 1692 2620 1731 annorum
2651 1694 2903 1734 numerus
2929 1691 3076 1735 certo
3108 1684 3158 1736 in
3192 1684 3307 1739 loco
3328 1685 3449 1755 jure

215 1783 329 1822 nem
362 1768 622 1822 Dominus
661 1768 799 1821 Deus
825 1767 1162 1836 omnipotens
1191 1777 1338 1837 pater
1369 1767 1579 1824 Domini
1609 1770 1777 1825 nostri
1808 1760 1855 1819 B
1886 1762 2114 1816 deﬁxus.
2145 1764 2409 1832 Agriustia
2451 1780 2576 1820 vero
2614 1768 2814 1835 primus
2858 1770 3128 1836 pravitatis
3161 1773 3355 1838 cultor,
3393 1784 3449 1830 et

212 1858 331 1912 Jesu
365 1857 587 1924 Christi,
619 1856 706 1912 cui
730 1856 798 1910 sit
826 1856 995 1911 honor
1015 1866 1070 1912 et
1097 1858 1267 1927 gloria
1300 1873 1395 1927 per
1421 1859 1647 1915 eundem
1672 1860 1777 1913 Do-

210 1951 415 2003 minnm
444 1948 714 2002 Christum
743 1948 794 2001 in
820 1948 1015 2003 Sancto
1044 1946 1245 2015 Spiritu
1278 1963 1371 2016 per
1393 1948 1570 2002 omnia
1601 1948 1776 2003 secula

210 2042 539 2096 secnlorum.
578 2043 765 2093 Amen.

278 2132 441 2184 Fiunt
461 2144 588 2198 ergo
619 2145 646 2182 a
671 2128 1033 2197 pretoplausto
1062 2122 1227 2183 Adam
1256 2129 1308 2182 in
1355 2144 1493 2184 anno
1522 2128 1775 2184 sextode-

207 2223 342 2275 cimo
370 2220 571 2274 Tiberii
603 2218 851 2283 Caesaris,
885 2218 1021 2273 idest
1049 2218 1099 2272 in
1133 2219 1395 2287 passionis
1420 2218 1625 2272 Domini
1665 2218 1774 2283 die,

208 2312 329 2366 anui
356 2328 414 2364 v.
451 2312 613 2365 millia
640 2304 933 2379 quingenti,
964 2318 1065 2364 eta
1098 2312 1342 2379 passione
1369 2311 1572 2366 Domini
1613 2325 1777 2378 usque

206 2403 269 2455 ad
324 2416 530 2455 annum
579 2400 843 2456 decimum
895 2400 1077 2469 Regis,
1118 2400 1244 2456 anni
1290 2402 1657 2471 quadringenti
1700 2403 1777 2456 vi-

206 2495 367 2562 ginti;
416 2507 522 2561 quo
552 2506 691 2546 anno
717 2500 770 2547 et
800 2492 1039 2546 invenies
1080 2488 1219 2546 diem
1248 2492 1457 2560 paschae
1481 2492 1774 2549 sacratissi-

206 2599 374 2649 mum,
413 2584 468 2637 in
508 2595 611 2651 quo
644 2581 894 2635 Dominus
939 2588 1122 2636 noster
1160 2596 1257 2650 pro
1283 2582 1435 2638 nobis
1468 2598 1635 2652 agnus
1680 2583 1776 2639 Dei
1836 2638 1839 2639 ν

200 2672 364 2727 fuerit
417 2671 743 2725 immolatus.
772 2671 873 2739 Qui
913 2669 1028 2727 dies
1079 2670 1133 2725 in
1163 2671 1337 2741 capite
1386 2672 1570 2727 circuli
1616 2673 1775 2741 primi

204 2778 346 2816 anno
379 2762 594 2816 decimo
623 2761 859 2830 ejusdem
898 2756 1058 2832 Regis
1106 2762 1372 2833 deligitur,
1405 2763 1642 2832 perfecto
1678 2780 1775 2820 nu-

205 2868 356 2907 rnero
404 2851 664 2905 titulatus.
706 2851 760 2905 ln
792 2852 875 2906 bis
919 2853 1096 2921 itaque
1140 2854 1293 2907 annis
1321 2853 1647 2923 Augustalis;
1693 2856 1774 2909 sui

198 2940 450 2996 laterculi
480 2952 689 3007 auctor,
714 2942 840 2996 dum
869 2952 923 2997 et
963 2943 1256 2998 litterarum
1287 2943 1355 2998 sit
1381 2945 1601 2999 scientia
1635 2960 1772 3014 pra:-

198 3031 362 3094 ditus,
391 3043 450 3085 et
474 3030 833 3086 calculationis
863 3039 978 3087 arte
1007 3033 1243 3101 peritus,
1275 3034 1461 3088 vitium
1485 3035 1774 3091 incurrisse

1879 1853 2078 1905 erroris
2107 1852 2188 1904 sui
2243 1862 2464 1916 amator,
2518 1855 2931 1925 assertionisque
2974 1872 3083 1911 suze
3112 1860 3447 1928 imperitissi-

1879 1954 1998 1996 mus
2024 1941 2211 1996 ductor
2253 1950 2308 1996 et
2338 1943 2646 2011 semipsum,
2676 1958 2833 2012 quem
2861 1946 2985 2001 dum
3028 1949 3257 2005 diximus
3282 1952 3448 2007 decli-

1878 2030 2132 2097 nandum,
2160 2044 2329 2085 annos
2357 2047 2449 2100 per
2474 2033 2708 2102 singulos
2738 2034 2981 2104 scripulis
3002 2038 3322 2107 dissiparare
3355 2022 3447 2096 co-

1878 2130 2052 2187 natur,
2083 2131 2141 2176 ut
2166 2125 2280 2190 ejus
2316 2122 2517 2177 falsitas
2542 2123 2759 2179 evidens
2790 2137 2999 2181 ostensa
3028 2131 3275 2197 nudetur,
3326 2146 3377 2187 et
3401 2147 3431 2186 a

1878 2215 2097 2269 veritate
2123 2216 2325 2269 alienus
2357 2216 2691 2271 innotescere
2719 2216 2978 2272 videatur.
3012 2220 3126 2289 Ipse
3146 2220 3198 2275 in
3229 2223 3439 2277 doctius

1879 2310 2002 2356 tunc
2032 2303 2531 2371 interrogationibus
2570 2308 2815 2373 agitetur,
2847 2308 2999 2375 quasi
3026 2309 3107 2362 vel
3136 2324 3270 2378 quos
3294 2313 3441 2365 sola-

1878 2393 2036 2448 minis
2064 2403 2377 2463 argumento
2408 2395 2458 2447 in
2490 2395 2604 2462 ipso
2632 2397 2757 2449 anni
2784 2397 3048 2452 curriculo
3081 2401 3191 2455 suis
3220 2402 3444 2456 latercu-

1877 2483 1943 2539 lis
1965 2484 2101 2538 lunte
2126 2491 2452 2538 crementum
2479 2499 2626 2539 asses
2647 2485 2888 2539 undecim
2907 2490 3196 2553 semuncia,
3222 2506 3278 2543 tt.
3306 2495 3440 2561 sele,

1875 2574 2165 2642 scripulum
2195 2589 2357 2628 unum
2387 2575 2664 2630 semissem
2689 2576 2863 2640 uncia,
2898 2577 3016 2631 duae
3047 2579 3173 2633 selre
3213 2583 3443 2637 voluerit

1876 2679 2183 2735 prorogare,
2215 2674 2269 2721 et
2293 2678 2399 2720 non
2426 2681 2571 2721 asses
2600 2666 2846 2722 undecim
2873 2676 2925 2722 et
2957 2670 3127 2733 uncia,
3158 2671 3299 2739 quod
3325 2688 3444 2740 pro-

1876 2754 2124 2809 culdubio
2146 2757 2199 2809 in
2227 2756 2339 2825 ipsa
2365 2756 2703 2825 separatione
2724 2758 2899 2810 annali
2926 2758 3110 2814 eadem
3136 2760 3258 2813 luna
3283 2770 3445 2816 testa-

1877 2854 1963 2898 tur
1998 2844 2302 2914 augmentis
2347 2858 2561 2914 augere.
2597 2845 2701 2900 Per
2738 2861 2893 2916 quam
2924 2849 3103 2918 utique
3142 2852 3350 2909 unciam
3389 2854 3442 2907 in

1877 2940 2030 2994 annis
2060 2940 2325 3007 octoginta
2355 2948 2606 3007 quattuor
2634 2950 2841 3008 septem
2888 2955 3037 2996 asses
3064 2942 3263 2999 habere
3293 2958 3443 3013 pote-

1876 3038 1957 3082 rat
1982 3038 2317 3098 supputator,
2349 3028 2415 3084 de
2442 3028 2633 3098 quibus
2660 3044 2821 3083 unum
2856 3043 3062 3097 assem,
3093 3032 3181 3098 qui
3212 3046 3325 3102 post
3349 3036 3442 3091 tri-

196 3120 565 3189 cn-gnoseitur,
599 3129 818 3190 propter
843 3136 1102 3176 annorum
1143 3123 1343 3179 scilicet
1371 3138 1649 3179 numerum
1676 3139 1773 3180 suo
1799 3111 1844 3174 C
1874 3121 2019 3190 ginta
2063 3133 2225 3173 unum
2254 3120 2423 3173 currit
2468 3129 2704 3187 tempore
2748 3119 2934 3191 Moysi.
2968 3123 3245 3178 'el‘italem
3277 3140 3443 3194 agno-

197 3214 246 3264 iu
276 3212 459 3265 lunari
484 3226 659 3275 cursu,
692 3213 773 3267 cui
804 3213 924 3281 plus
949 3214 1083 3267 assis
1108 3229 1240 3267 unus
1266 3230 1329 3267 ex
1373 3213 1489 3283 ipso
1513 3220 1770 3270 annorum

198 3288 373 3355 fallaci
403 3316 625 3355 numero
655 3301 913 3357 accidisse
941 3303 1212 3372 probatur.
1244 3303 1382 3357 Dicit
1409 3305 1547 3358 enim
1590 3321 1619 3359 a
1652 3319 1770 3374 pas-

197 3394 344 3447 sione
377 3392 656 3447 Dominica
686 3394 975 3448 centesimo
1004 3394 1330 3463 octogesimo
1360 3403 1411 3448 et
1439 3404 1590 3450 sexto
1611 3411 1770 3462 anno,

195 3484 442 3551 ejusdem
476 3482 691 3536 Pascha:
717 3483 824 3549 die,
854 3483 993 3539 diem
1024 3478 1128 3538 diei
1176 3483 1510 3549 convenisse,
1559 3494 1678 3539 cum
1720 3486 1773 3538 in

196 3580 335 3624 anno
361 3572 663 3625 centesimo
692 3571 1023 3640 sexagesimo
1052 3580 1105 3625 et
1151 3588 1291 3627 nono
1318 3588 1346 3626 a
1373 3574 1544 3642 capite
1588 3575 1773 3630 circuli

197 3664 337 3717 tertii
375 3664 521 3716 diem
575 3663 744 3731 ipsum
789 3662 971 3718 debuit
1018 3664 1321 3732 repperire,
1349 3680 1504 3733 quem
1563 3667 1613 3719 in
1665 3667 1775 3719 suis

198 3752 429 3805 circulis
458 3767 598 3805 anno
619 3752 953 3821 sexagesimo
983 3764 1031 3806 et
1066 3769 1207 3805 nono
1235 3754 1472 3807 noscitur
1499 3752 1768 3809 defixisse.

196 3836 348 3895 lllum
386 3856 519 3895 vero
560 3841 671 3895 sine
716 3840 970 3895 membris
997 3840 1135 3896 diem
1162 3857 1281 3895 cum
1311 3844 1561 3896 vocabulo
1593 3858 1775 3912 perso-

194 3940 383 3985 natum
421 3930 559 3998 apud
581 3944 678 3986 nos
713 3944 852 3984 anno
877 3932 1102 3999 septimo
1122 3931 1352 3995 decimo,
1385 3932 1620 3986 habitum
1647 3946 1772 3985 suo-

193 4037 312 4074 rum
345 4019 674 4074 circulorum
697 4019 748 4073 in
778 4020 949 4086 capite
975 4021 1028 4073 in
1058 4022 1260 4074 incerto
1289 4036 1512 4074 numero
1538 4021 1775 4075 ostendi-

194 4122 283 4164 tur
310 4110 592 4173 titulasse;
619 4110 737 4165 ideo
762 4110 940 4179 utique
965 4109 1017 4163 in
1039 4125 1221 4165 errore
1241 4111 1523 4165 devenisse
1546 4112 1771 4175 videtur,

194 4203 333 4257 sicut
362 4204 481 4271 ipse
508 4216 606 4255 suo
634 4200 880 4269 adloquio
931 4202 1225 4269 proﬁtetur.
1257 4201 1408 4269 Quod
1448 4212 1646 4268 autem,
1689 4204 1769 4256 in-

195 4294 332 4362 quit,
370 4306 479 4346 nou
511 4290 578 4344 ab
603 4306 668 4345 eo
708 4305 849 4344 anno
877 4306 981 4359 quo
1005 4307 1189 4360 passus
1213 4302 1293 4346 est
1325 4294 1579 4347 Dominus
1602 4307 1772 4346 anno-

196 4398 313 4435 rum
346 4380 581 4436 ordinati
610 4388 731 4433 sunt
770 4379 957 4435 circuli
1000 4380 1295 4449 investigati
1325 4381 1495 4451 adque
1522 4382 1771 4450 rcpperiti

1874 3216 2050 3263 sceret
2105 3210 2319 3277 plenum
2376 3209 2555 3263 decuit
2613 3209 2729 3279 (sic)
2794 3210 3132 3266 declinasset.
3190 3214 3439 3284 Detegit-s

1874 3306 2080 3365 quater,
2112 3312 2240 3367 ergo
2263 3306 2319 3352 ut
2342 3297 2497 3361 dicit,
2529 3298 2819 3351 semiuncia
2846 3298 2964 3353 duae
2990 3301 3120 3355 scite
3149 3304 3437 3371 scripulqu

1877 3401 2045 3438 unum
2088 3386 2363 3441 semissem
2405 3386 2557 3439 uncia
2596 3401 2653 3439 tt.
2701 3387 2850 3449 seire,
2882 3388 2993 3455 ipse
3018 3388 3193 3457 itaque
3223 3406 3443 3461 respou-

1874 3474 1951 3527 dit
1994 3476 2164 3539 sexis,
2198 3474 2467 3543 quadrans
2496 3475 2718 3543 scripuli
2751 3476 2995 3532 undecim
3031 3480 3242 3535 destun.
3289 3483 3439 3553 (sic);

1875 3564 2014 3632 quod
2042 3572 2124 3618 est
2151 3563 2291 3632 quod
2322 3566 2532 3618 asserit.
2565 3564 2628 3617 Et
2657 3565 2747 3619 ille
2775 3566 2849 3619 ait
2870 3567 3014 3621 sexis
3042 3568 3159 3623 dies
3188 3583 3311 3625 sunt
3348 3588 3441 3629 sex

1874 3666 1928 3709 et
1946 3656 2208 3724 quadrant
2234 3655 2379 3708 hora:
2406 3664 2530 3708 sunt
2551 3664 2659 3711 tres
2687 3656 2906 3725 scripuli
2929 3673 3056 3714 vero
3086 3662 3328 3716 undecim
3350 3662 3443 3719 de-

1876 3754 2016 3800 stant
2044 3760 2325 3799 sennarum
2354 3745 2472 3813 (sic)
2505 3746 2677 3800 minus
2708 3756 2898 3814 puncta
2928 3748 3035 3803 duo
3064 3765 3182 3805 esse
3208 3755 3437 3819 proban-

1877 3845 1979 3901 tur,
2011 3837 2134 3906 quia
2177 3836 2232 3890 in
2279 3837 2522 3891 destante
2551 3845 2742 3906 puncta
2774 3838 2963 3893 decem
3012 3843 3257 3896 concludi
3280 3859 3440 3912 aper-

1877 3928 2082 3981 tissime
2109 3926 2476 3980 dinoseuntur.
2506 3926 2641 3992 Quid
2672 3927 2721 3980 in
2749 3927 2849 3983 hac
2894 3930 3307 3999 interrogatione
3328 3950 3440 3988 ma-

1877 4016 2138 4079 nifestius,
2163 4016 2286 4083 quid
2318 4017 2366 4067 in
2397 4030 2489 4069 sua
2517 4017 2860 4083 responsione
2910 4019 3251 4086 p-obabilius,
3282 4038 3440 4090 quam

1877 4115 1933 4159 ut
1961 4118 2059 4157 suo
2088 4104 2270 4158 fomite
2300 4104 2602 4158 vinceretur
2630 4105 2862 4173 ineptus,
2892 4109 3222 4176 suspiciones
3241 4125 3365 4166 suas
3387 4126 3440 4168 et

1876 4212 2004 4251 usus
2046 4196 2135 4264 qui
2189 4195 2335 4248 solus
2380 4194 2538 4249 horas
2584 4203 2735 4249 octos
2783 4196 3055 4251 emmisset
3096 4210 3286 4267 puncta
3333 4205 3440 4255 duo

1879 4294 2080 4341 tantum
2121 4284 2413 4339 secundum
2445 4284 2649 4339 arbitrii
2692 4284 2772 4337 sui
2816 4285 3144 4342 voluntatem
3190 4292 3338 4345 uisus
3366 4294 3437 4347 sit

1878 4376 2199 4441 exclusisse,
2233 4384 2289 4429 et
2316 4376 2527 4445 plenum
2556 4389 2729 4429 assem
2756 4377 2962 4444 pcnitus
3012 4392 3119 4433 non
3148 4381 3311 4435 valuit
3348 4384 3440 4438 de-

195 4472 507 4541 cempendii
538 4473 741 4527 utilitas
769 4486 860 4525 sua
892 4471 960 4524 sit
986 4487 1016 4525 a
1063 4448 1270 4525 duobus
1302 4448 1538 4527 Geminis
1575 4448 1770 4527 consu-
1800 4448 1850 4508 Ῑ)
1876 4466 2093 4520 clinare.
2123 4464 2202 4518 0b
2230 4478 2386 4533 quam
2427 4479 2538 4518 rem
2564 4465 2754 4519 retices
2785 4464 2901 4533 (sic)
2944 4481 3129 4522 omnes
3156 4470 3221 4523 ad
3252 4474 3440 4529 verita~

196 4564 341 4617 libus
372 4577 482 4629 quo
504 4576 643 4614 anno
670 4575 853 4628 passus
879 4567 960 4615 est
992 4560 1247 4615 Dominus
1287 4574 1453 4628 usque
1481 4562 1545 4615 ad
1574 4576 1769 4615 annum

194 4653 515 4706 consulatus
531 4650 783 4705 Antonini
804 4662 993 4719 quater
1012 4661 1065 4704 et
1086 4651 1279 4715 Albini,
1304 4651 1392 4720 qui
1410 4653 1459 4705 in
1486 4652 1585 4706 hoc
1612 4667 1773 4720 opere

112 4808 115 4817 κ
193 4742 412 4811 primus
440 4748 540 4805 est,
574 4740 695 4793 anni
735 4748 943 4793 centum
970 4741 1229 4808 octoginta
1279 4754 1371 4793 sex
1406 4752 1768 4807 numerantur,

193 4844 247 4885 et
293 4833 423 4899 quia
462 4832 561 4884 hoc
591 4830 793 4884 eodem
820 4829 1045 4884 Consule
1072 4830 1311 4897 contigit,
1343 4841 1397 4884 ut
1439 4831 1773 4885 omnifariam

194 4923 419 4986 pascha:
448 4920 563 4974 dies
590 4919 691 4973 diei
723 4920 983 4988 passionis
1008 4919 1212 4973 Domini
1238 4922 1549 4975 conveniret
1580 4922 1776 4983 utilitas

194 5012 388 5063 obluta
420 5009 537 5077 (sic)
568 5008 849 5077 compendi
900 5008 1121 5061 fastidiri
1173 5025 1279 5061 non
1322 5010 1524 5063 debuit.
1570 5010 1650 5062 Ab
1677 5010 1777 5063 hoc

192 5107 367 5175 igitur
416 5105 676 5168 Consule,
732 5118 836 5172 quo
879 5104 1059 5172 primae
1116 5104 1368 5157 oeduadis
1410 5105 1557 5157 initia
1608 5115 1775 5173 empta

194 5206 351 5259 sunt,
409 5209 577 5262 usque
631 5194 698 5247 ad
754 5208 875 5245 eum
921 5208 1114 5245 annum
1172 5207 1277 5260 quo
1323 5194 1676 5261 octogesimus
1723 5200 1779 5246 et

191 5294 432 5354 quartus
484 5298 654 5336 annus
708 5297 826 5335 cum
856 5282 966 5335 suis
991 5282 1418 5334 embolismorurn
1458 5284 1621 5349 signis
1648 5297 1775 5336 con-

194 5376 465 5443 cluditur,
497 5375 745 5444 perfacile
771 5384 851 5428 est
879 5376 1276 5441 inspicientihus
1306 5374 1572 5429 Kostnutaa
1593 5375 1772 5430 calcu-

193 5468 427 5522 laiionis
448 5468 719 5521 veritatem
747 5466 915 5519 oculis
938 5481 1147 5535 quoque
1171 5466 1388 5521 testibus
1404 5465 1768 5535 comprobare,

190 5559 438 5627 qualiter
466 5558 517 5611 in
549 5557 645 5610 hac
675 5558 1043 5625 supputatione
1072 5558 1421 5626 comprobare
1450 5571 1508 5611 se
1550 5558 1773 5627 promit-

192 5650 296 5715 tit;
362 5664 480 5703 cum
540 5664 637 5701 nec
688 5648 828 5702 diem
877 5649 1134 5716 passionis
1164 5650 1447 5705 Dominica:
1498 5650 1549 5704 in
1603 5652 1773 5717 capite

500 5745 764 5802 Ριτιιοι..
815 5740 974 5800 LIX.

1881 4557 1947 4611 tis
1978 4556 2211 4625 regulam
2245 4554 2426 4608 docuit
2471 4553 2788 4619 descivisse,
2819 4564 2874 4609 et
2901 4567 2955 4609 ut
2983 4561 3123 4612 caeci
3161 4560 3270 4629 jam
3304 4562 3442 4619 facto

1880 4648 2017 4701 ultra
2062 4646 2274 4700 luminis
2322 4644 2535 4711 januam
2588 4658 2693 4696 non
2750 4646 2980 4712 poterint
3036 4648 3303 4714 invenire;
3349 4655 3441 4707 sed

1880 4739 2103 4808 qualiter
2152 4736 2498 4806 prudentibus
2528 4737 2687 4789 errtls
2731 4738 2967 4790 numeris
2996 4738 3294 4795 declinetur
3314 4759 3443 4813 cap-

1882 4840 1966 4885 tus
1987 4839 2039 4884 et
2070 4830 2274 4896 integer
2306 4841 2496 4881 sensus
2532 4841 2635 4878 non
2666 4835 2907 4879 avertere
2938 4839 3175 4883 moretur
3197 4831 3445 4903 Octogies

1881 4932 2071 4989 quater
2093 4921 2231 4974 enim
2266 4919 2491 4972 trecenti
2527 4917 2790 4985 quinques
2816 4927 3047 4985 quattus,
3080 4929 3203 4975 sunt
3232 4923 3348 4978 dies
3372 4928 3444 4977 vi-

1879 5012 2154 5080 gintinove
2183 5009 2329 5061 milia
2376 5007 2699 5075 septingenti
2738 5008 2949 5075 triginta
2977 5022 3107 5074 sex;
3156 5022 3210 5065 et
3252 5014 3438 5068 iterum

1880 5105 2117 5172 octogies
2137 5111 2323 5171 quater
2344 5099 2567 5153 decusas
2596 5098 2781 5152 uncias
2816 5098 3015 5154 faciunt
3044 5100 3135 5154 tibi
3163 5082 3279 5158 dies
3311 5121 3413 5158 non

1878 5194 2020 5263 genti
2053 5193 2276 5261 trigenta
2308 5204 2500 5253 unum;
2527 5202 2659 5258 quos
2688 5189 2950 5257 superiori
2994 5205 3231 5246 summae
3258 5196 3441 5260 adjun-

1880 5286 1991 5354 gis,
2047 5291 2202 5338 erunt
2247 5281 2363 5335 dies
2421 5280 2647 5348 trigenta
2697 5280 2841 5332 milia
2893 5282 3128 5334 sexcenti
3174 5286 3440 5351 sexaginta

1882 5383 2083 5443 septem
2108 5389 2124 5430 ε
2168 5371 2258 5441 qui
2284 5371 2398 5445 dies
2424 5384 2519 5438 per
2547 5368 2811 5422 ocdoadas
2840 5378 2892 5422 et
2919 5370 3212 5424 endecadas
3252 5373 3319 5425 ita
3350 5373 3435 5426 de-

1883 5462 2150 5519 terminati
2183 5471 2495 5523 noscuntur,
2526 5466 2583 5511 ut
2608 5466 2662 5510 et
2702 5456 2871 5522 ipsum
2912 5472 3066 5526 quem
3098 5460 3149 5513 in
3178 5476 3235 5515 se
3259 5477 3442 5529 super-

1882 5568 2101 5609 vacuum
2125 5552 2398 5605 continent
2425 5549 2563 5602 diem
2585 5546 2947 5613 excluderent,
2992 5557 3046 5602 et
3071 5560 3271 5604 certum
3304 5552 3354 5605 in
3386 5570 3443 5608 se

1881 5646 2147 5703 seclusum
2182 5654 2459 5696 numerum
2506 5639 2967 5710 consingnassent.
3011 5642 3255 5709 Quinque
3302 5648 3443 5703 enim

3102 5732 3178 5793 18
