4016 6182
510 263 614 320 555

1786 246 2092 304 ANONYMI
2129 245 2465 303 AUC'I‘URIS

3645 244 3742 302 556

510 382 634 433 sunt
658 370 923 430 ocdoadae
952 376 1006 425 et
1052 363 1337 421 endccada:
1367 368 1634 431 quattuor,
1670 373 1802 430 quae
1826 356 2079 413 ocdoadac
2106 355 2153 415 Α
2182 359 2261 415 cia
2286 375 2300 423 ;
2334 358 2498 413 addes
2540 369 2698 426 supra
2744 367 3003 411 summam
3033 351 3320 421 praefatam
3339 392 3355 418 ,
3388 361 3441 407 et
3470 351 3638 406 habes
3663 369 3745 409 as-

509 468 740 539 quinque
796 461 925 517 inibi
971 458 1379 514 cmbolismares
1417 452 1720 522 quindecim
1763 458 1816 504 et
1869 449 2082 503 lunares

511 569 682 613 annos
724 552 905 624 viginti
936 549 1164 619 quinque
1197 558 1411 601 menses
1465 542 1662 598 habent
1704 539 2083 610 quadragintos

515 647 806 717 nonaginta
826 642 1080 712 quinque,
1111 639 1201 719 qui
1230 636 1283 690 in
1316 650 1373 691 se
1402 634 1663 704 optinent,
1696 632 1810 687 dies
1836 638 2085 700 quattuor

514 736 779 793 decimilia
817 738 1090 788 sescentos
1128 729 1315 782 decem
1363 734 1417 780 et
1463 734 1736 794 quattuor,
1785 719 2086 778 endecadae

517 830 648 886 inibi
691 826 1094 884 embolismares
1138 830 1192 876 et
1239 819 1449 874 lunares
1476 817 1660 887 viginti
1692 823 1844 880 octo,
1874 824 2088 868 menses

520 919 717 973 habent
765 912 1079 991 quingentos
1107 909 1455 979 quadraginta
1502 914 1772 977 quattuor,
1802 904 1888 974 qui
1948 903 2000 955 in
2030 915 2089 957 se

518 1011 765 1068 exolvent
793 1008 907 1062 dies
933 1002 1260 1061 sedecimilia
1300 1000 1679 1071 quinquaginta
1705 1013 1831 1063 sex;
1862 1010 2090 1067 quorum

520 1105 725 1158 dierum
775 1111 1036 1154 summam
1094 1092 1531 1163 superadjungis,
1584 1090 1781 1145 faciunt
1836 1088 1926 1143 tibi
1978 1087 2093 1143 dies

444 1191 474 1207 "
524 1192 736 1259 triginta
783 1187 923 1241 milia
971 1191 1216 1239 sescento
1248 1181 1520 1250 sexaginta
1568 1192 1684 1233 sex.
1719 1179 1854 1232 Ecce
1894 1175 1960 1230 de
2000 1175 2095 1230 tri-

526 1282 669 1350 ginta
713 1276 949 1331 millibus
978 1280 1031 1328 et
1068 1271 1335 1327 sexcentis
1373 1268 1643 1337 sexaginta
1674 1273 1876 1334 septem
1905 1264 2094 1319 diebus

528 1369 762 1425 breviter
790 1365 1037 1420 exclusus
1073 1376 1210 1415 unus
1238 1360 1374 1414 assis
1405 1356 1813 1435 inlocdoadibus
1856 1363 1909 1410 et
1933 1354 2097 1409 ende-

525 1457 746 1517 cadibus
782 1469 877 1523 per
905 1454 1111 1507 dierum
1153 1450 1471 1504 divisionem
1519 1445 1754 1500 veridice
1783 1444 2095 1512 comproba-

529 1558 614 1601 tur
639 1556 690 1600 et
717 1556 842 1599 tunc
873 1543 937 1597 ab
968 1539 1249 1610 imperitis,
1295 1546 1349 1592 et
1375 1536 1628 1591 studiosis
1668 1535 1720 1589 in
1745 1534 2098 1591 contentioni-

529 1638 627 1691 bus
652 1635 964 1702 dissipatur.
997 1631 1083 1685 Sic
1114 1629 1272 1683 etiatn
1327 1628 1377 1681 in
1429 1626 1630 1680 circulo
1685 1627 1927 1694 sequenti
1977 1639 2097 1678 cum

2186 451 2325 505 sium
2371 449 2701 517 septingenta
2746 460 2935 501 novem
2968 444 3110 498 milia
3139 441 3535 513 quadringenti,
3564 443 3746 511 dipon-

2185 540 2328 608 dius,
2364 540 2544 594 uncia.
2577 539 2630 591 In
2660 538 2744 592 his
2788 535 3005 606 partiris
3032 534 3359 603 trigesimum
3382 575 3397 600 ,
3437 542 3491 587 et
3532 533 3749 589 habebis

2187 631 2373 701 viginti
2412 629 2646 700 quinque
2690 628 2837 682 milia
2882 630 3179 696 nongentos
3218 633 3495 693 octogenta
3538 634 3752 691 superet

2188 721 2495 792 dipondius,
2542 720 2729 788 uncia,
2762 718 2899 773 sicut
2941 726 3023 773 est
3052 716 3178 771 luna
3218 716 3269 769 in
3315 714 3533 769 secundi
3576 714 3758 807 ιιῑιιριιὶ

2191 812 2366 882 capite
2404 811 2610 865 titulata
2631 850 2645 877 ,
2675 817 2729 864 et
2757 805 3111 863 declinaberis
3140 804 3208 858 ad
3236 803 3556 873 semipsum,
3604 803 3754 871 qu'cm

2192 901 2247 956 in
2277 900 2381 955 fine
2406 900 2729 955 circulorum
2755 896 3071 967 saepissime
3098 894 3331 951 diximus
3357 893 3754 949 declinandum.

2193 990 2446 1061 Quisquis
2494 1004 2553 1047 es
2597 1003 2827 1058 namque
2865 988 2993 1044 dolo
3032 986 3315 1043 vecordiae
3355 984 3651 1048 sauciatus,
3680 983 3757 1037 vel

2195 1081 2352 1152 hujus
2388 1081 2616 1137 rationis
2642 1081 2881 1151 ignarus,
2904 1094 3000 1149 per
3030 1093 3187 1149 quam
3224 1077 3383 1131 altam
3412 1074 3759 1145 profundam-

2194 1188 2298 1243 que
2330 1173 2633 1242 partitionis
2684 1185 2970 1238 summam,
3020 1177 3080 1226 ut
3109 1169 3294 1225 verius
3339 1168 3532 1233 dicam,
3588 1168 3760 1236 potius

2195 1265 2431 1320 dilucide
2469 1266 2916 1332 demonstratum,
2951 1264 3039 1318 hic
3076 1264 3217 1317 assis
3246 1262 3313 1317 de
3340 1276 3566 1316 numero
3592 1270 3760 1331 septe-
3791 1255 3794 1258 ’

2198 1357 2349 1410 nario
2379 1356 2539 1411 fuerit
2576 1357 2823 1409 exeiusus
2847 1368 3113 1423 agnosce;
3154 1353 3432 1422 quemdam
3461 1366 3679 1406 omnem
3711 1354 3757 1405 En

2198 1456 2287 1503 tua
2334 1447 2710 1517 supputatione
2754 1445 3024 1500 declinare
3087 1442 3388 1512 nequiveris
3440 1443 3490 1494 in
3540 1450 3761 1509 utroque

2200 1538 2503 1593 ncutericus
2533 1536 2816 1603 inveniris.
2848 1533 3066 1598 Desine,
3112 1546 3317 1602 quzcso,
3347 1531 3455 1599 iam
3497 1530 3689 1584 desine
3712 1530 3759 1583 in

2201 1644 2385 1684 errore
2413 1628 2638 1682 miseros
2666 1625 2887 1694 populos
2912 1639 3007 1693 per
3036 1624 3295 1677 fallaciam
3320 1623 3427 1676 tuis
3452 1619 3758 1675 evers'enlis

530 1726 789 1795 superiori
817 1721 1053 1792 germina
1080 1716 1362 1773 concordia
1392 1714 1585 1770 ociavit
1610 1729 1703 1783 per
1729 1714 2096 1778 embolismos,
2130 1701 2175 1760 Β
2204 1720 2441 1783 insitirc;
2467 1717 2676 1773 veritati
2709 1730 2919 1785 quoque
2948 1713 3161 1769 tandem
3183 1710 3469 1780 aliquando
3485 1711 3619 1763 dura
3636 1710 3760 1763 colla

533 1820 704 1888 adque
732 1828 1039 1871 communes
1063 1827 1233 1868 annos
1280 1826 1454 1866 assem
1482 1811 1652 1878 ipsum
1700 1809 1931 1864 furiosus
1983 1808 2097 1879 (sic)

531 1907 841 1978 quantocius
872 1906 1082 1974 plenum
1118 1903 1359 1957 invenies
1404 1900 1749 1956 declinatum.
1796 1898 1929 1955 Sunt
1958 1898 2100 1952 enim

534 1999 587 2053 iu
629 1998 682 2052 et
707 1995 941 2052 secundo
970 1994 1171 2047 circulo
1198 1993 1337 2048 sicut
1363 2000 1416 2046 et
1445 1992 1500 2044 in
1533 1991 1728 2059 primo,
1760 1989 2104 2043 cmbolisma-

534 2104 617 2144 res
637 2088 760 2142 anni
785 2097 921 2151 xxxi,
950 2094 1001 2140 et
1021 2097 1330 2161 communes
1352 2072 1733 2151 qu’nquagiuta
1764 2088 1870 2133 tres
1894 2078 2099 2132 tricies.

534 2180 709 2236 Sumel
752 2192 882 2248 ergo
928 2175 1149 2232 trecenti
1180 2175 1384 2239 decies,
1414 2181 1660 2241 quattus,
1690 2169 1980 2241 respondet
2011 2169 2104 2223 tibi

536 2269 876 2326 undecintilia
934 2264 1189 2335 nongenti
1237 2271 1475 2333 quattus,
1524 2271 1579 2316 et
1627 2260 1977 2330 quinquagies
2027 2266 2108 2314 ter

538 2359 755 2415 trecenti
786 2357 1110 2428 quinquages
1153 2362 1369 2423 quattus
1417 2352 1617 2406 faciunt
1648 2352 1742 2406 tibi
1769 2352 1885 2407 dies
1922 2352 2106 2405 decem

541 2462 594 2506 et
620 2463 740 2505 octo
772 2450 916 2503 milia
969 2446 1295 2517 septingenti
1335 2444 1612 2514 sexaginta
1660 2443 1783 2497 dua.
1813 2444 1922 2498 Hae
1974 2442 2110 2497 duae

540 2540 818 2595 summula:
846 2538 945 2591 sibi
977 2537 1203 2591 invicem
1217 2522 1432 2605 junctae
1461 2534 1697 2588 efficiunt
1724 2533 1839 2588 dies
1866 2532 2110 2587 sexmilia

539 2638 811 2685 sescentos
840 2627 1111 2698 sexaginta
1158 2639 1275 2693 sex,
1302 2633 1357 2681 et
1399 2623 1699 2679 declinatus
1743 2630 1827 2678 est
1853 2622 1991 2678 assis
2020 2621 2111 2677 ille

543 2720 866 2793 praedictus.

614 2811 913 2865 Redeamus
960 2809 1117 2879 igitur
1156 2815 1211 2863 et
1255 2806 1322 2861 ad
1369 2806 1517 2861 illam
1556 2818 1820 2861 summam
1874 2803 1927 2858 in
1959 2801 2114 2863 dictis

542 2900 908 2972 superioribus
937 2899 1006 2953 de
1030 2913 1094 2951 eo
1119 2911 1261 2952 anno
1290 2904 1478 2952 venter
1505 2905 1557 2951 et
1588 2904 1807 2963 tectum,
1835 2908 1931 2963 per
1956 2907 2114 2962 quam

543 2992 715 3062 primo
742 3005 881 3044 anno
909 2990 1105 3059 pasche
1146 2987 1199 3042 in
1242 2988 1473 3058 [Egypto
1510 2987 1834 3042 celebratum
1862 2984 2111 3039 Kalendis

2203 1808 2503 1872 summitte,
2535 1808 2620 1875 qu'
2658 1819 2751 1875 per
2779 1804 3001 1859 nebulas
3034 1812 3087 1856 et
3123 1801 3377 1871 perstigia
3422 1814 3487 1854 ex
3512 1796 3760 1869 ιδῃ-μισ,

2203 1899 2270 1955 de
2301 1898 2584 1967 incognitis
2629 1895 3022 1964 provinciarum
3046 1892 3233 1961 spatiis
3274 1900 3330 1946 et
3358 1891 3509 1958 longa
3536 1891 3762 1943 interca-

2208 1990 2386 2059 pidine
2430 1999 2686 2043 terrarum
2732 1987 2881 2056 quasi
2922 1984 3225 2039 venientem
3272 1981 3365 2037 tibi
3417 1981 3635 2035 nuntios
3683 1994 3766 2045 pa-

2206 2081 2367 2135 schae
2390 2079 2527 2133 diem
2570 2075 2985 2131 sacratissimum
3026 2075 3143 2128 sine
3174 2084 3412 2141 tempore
3440 2072 3767 2140 frequentius

2208 2168 2434 2222 inaniter
2460 2164 2860 2221 celebrandum.
2884 2162 3015 2218 Cum
3045 2162 3233 2215 horum
3265 2176 3489 2229 namque
3534 2160 3764 2215 circulo-

2208 2272 2325 2312 rum
2358 2256 2544 2309 lunare
2570 2257 2620 2308 in
2653 2256 2729 2308 tui
2758 2252 2988 2322 pectoris
3008 2265 3225 2307 sensum
3263 2250 3631 2320 gluttinaberis
3656 2265 3770 2304 cur-

2208 2362 2347 2403 sum.
2378 2346 2527 2401 Tunc
2556 2359 2586 2399 a
2628 2346 2799 2414 primo
2826 2358 2966 2398 anno
2995 2342 3223 2411 paschae
3250 2341 3302 2396 in
3332 2340 3562 2411 IEgypto
3586 2344 3769 2395 immo-

2211 2438 2375 2493 latum
2420 2436 2715 2491 veridicum
2762 2433 3005 2489 iuvenies
3057 2430 3477 2498 fundamentum,
3531 2430 3673 2501 quod
3724 2441 3773 2485 et

2213 2527 2489 2583 lunaribus
2522 2525 2775 2580 cancellis
2801 2524 2945 2578 veris
2974 2532 3027 2578 et
3057 2521 3400 2591 paschalibus
3436 2521 3603 2576 titulis
3648 2536 3774 2576 con-

2211 2634 2398 2690 gruum
2426 2628 2509 2673 sat
2534 2632 2654 2674 esse
2679 2617 2979 2686 cognoscis.
3021 2614 3096 2670 Ex
3140 2613 3399 2670 Kalendis
3442 2629 3671 2683 namque
3698 2613 3774 2669 Ja-

2214 2712 2435 2775 nuariis,
2484 2708 2675 2779 quibus
2720 2706 3091 2776 superioribus
3144 2705 3302 2760 dictis
3347 2707 3671 2760 circulorum
3723 2705 3772 2757 in

2214 2802 2384 2871 capite
2410 2800 2587 2854 lunam
2617 2798 2902 2853 secundam
2932 2797 3200 2851 inventam
3230 2796 3570 2863 habitataque
3594 2794 3774 2856 fuisse.

2210 2890 2323 2959 jam
2352 2890 2497 2943 noris
2540 2889 2591 2942 in
2635 2886 2806 2957 pridie
2837 2885 3141 2941 earumdem
3190 2884 3547 2940 Kalendarum
3588 2884 3777 2939 Janua-

2218 2980 2416 3033 riarum
2469 2976 2593 3032 anni
2641 2974 2914 3045 sequentis
2967 2973 3311 3044 supputabis,
3361 2982 3621 3042 eruntque
3667 2972 3777 3025 dies

541 3082 808 3138 Ianuariis
839 3081 961 3136 luna
1002 3079 1235 3139 secunda
1268 3078 1428 3133 fuisse
1456 3078 1728 3133 didiceris.
1763 3078 1819 3131 In
1867 3077 2039 3145 ipsum
2065 3076 2110 3128 si
2138 3050 2182 3111 Ο
2216 3071 2437 3128 trecenti
2464 3070 2734 3139 sexaginta
2767 3068 3017 3137 quinque,
3051 3080 3211 3133 super
3236 3080 3369 3133 quos
3414 3065 3575 3119 addes
3606 3065 3778 3118 lunam

544 3174 821 3228 advertere
851 3169 1113 3235 volueris,
1158 3168 1296 3223 hunc
1324 3168 1551 3224 eundem
1593 3182 1767 3222 assem
1808 3167 2115 3235 plenissime

543 3262 859 3317 declinabis.
886 3260 1234 3314 Continentur
1257 3258 1402 3313 enim
1427 3258 1481 3312 in
1506 3257 1828 3326 praedictam
1851 3269 2115 3310 summam

545 3354 744 3409 assium
786 3352 1119 3421 septingenta
1150 3351 1432 3420 sexaginta
1462 3364 1561 3403 sex
1593 3348 1743 3402 milia
1771 3348 2003 3403 sescenti
2035 3345 2111 3400 vi-

544 3446 678 3514 ginti
722 3446 976 3511 quinque,
1026 3457 1091 3495 ex
1144 3441 1334 3507 quibus
1379 3439 1599 3494 deducis
1642 3452 1791 3493 asses
1848 3444 2118 3491 tricentos

547 3532 824 3602 sexaginta
870 3529 1123 3599 quinque,
1180 3528 1306 3585 anni
1338 3528 1546 3582 scilicet
1573 3528 1847 3581 novissimi
1893 3527 2123 3581 circulo-

547 3638 688 3688 rum,
715 3629 773 3676 ut
799 3628 1053 3690 appareat
1082 3620 1255 3687 ipsum
1285 3631 1479 3682 assem,
1505 3627 1561 3673 et
1586 3632 1677 3686 per
1701 3617 1838 3672 hanc
1857 3631 2119 3671 summam

548 3713 832 3769 exclusum
874 3710 1039 3765 fuisse
1064 3709 1132 3765 de
1175 3706 1482 3777 septenario
1532 3722 1755 3761 numero
1786 3708 2025 3761 innatum
2053 3721 2118 3761 ex

552 3804 826 3858 unciarum
862 3809 1168 3869 augmento.
1204 3799 1398 3853 Verum
1445 3806 1500 3852 et
1538 3796 1850 3866 vigesimum
1897 3796 2121 3865 primam

551 3897 730 3951 lunam
761 3895 878 3950 sine
905 3893 1077 3947 unciis
1110 3891 1416 3961 plenissime
1445 3890 1640 3945 nudam
1665 3890 1791 3943 anni
1824 3889 2123 3958 octogisimi

508 4000 517 4006 ‘
556 3988 732 4060 quarti
763 4002 883 4042 esse
932 3984 1238 4041 condiscas.
1270 3981 1404 4037 Cum
1457 3992 1632 4037 autem
1682 3982 1984 4051 praedictos
2012 3980 2127 4035 dies

556 4094 764 4136 rursum
796 4076 1092 4146 superioris
1123 4078 1365 4129 summae
1409 4072 1768 4135 revocaveris,
1796 4081 1849 4126 et
1880 4072 2017 4125 hanc
2044 4070 2129 4140 ip-

560 4188 674 4229 sam
724 4173 950 4241 partitus
1001 4167 1190 4235 fueris,
1248 4166 1536 4220 secundam
1594 4166 1871 4233 repperies
1926 4164 2126 4231 lunam,

558 4279 717 4335 quam
765 4260 1018 4317 Kalendis
1062 4258 1328 4313 Januariis
1378 4259 1432 4312 in
1477 4256 1700 4312 secundi
1728 4256 1917 4311 circuli
1956 4254 2131 4324 capite

559 4354 744 4419 adfati,
777 4366 937 4405 manu
981 4350 1088 4403 scis
1120 4348 1289 4402 fuisse
1338 4348 1619 4417 signatam.
1653 4346 1907 4402 Deductis
1954 4346 2130 4414 itaque

563 4443 646 4498 his
684 4442 892 4497 assibus
941 4438 1193 4494 trecentis
1240 4436 1519 4506 sexaginta
1564 4435 1823 4504 quinque,
1851 4443 2131 4490 remanent

562 4535 758 4586 assium
790 4531 1119 4599 septingenta
1148 4526 1423 4594 sexaginta
1448 4539 1541 4579 sex
1568 4526 1714 4579 milia
1739 4524 1954 4579 ducenti
1978 4538 2132 4578 sexa-

558 4626 731 4694 ginta,
761 4622 814 4674 in
844 4620 1033 4688 quibus
1066 4616 1279 4685 partiris
1306 4616 1719 4683 scxagesimam,
1753 4614 1974 4669 habebis
1996 4613 2129 4667 duo-

563 4712 828 4768 decimilia
858 4710 1222 4779 septingentos
1246 4709 1576 4776 septo-tgitita
1599 4721 1795 4770 unum;
1839 4705 2003 4761 addes
2031 4706 2135 4758 hoc

564 4815 722 4871 supra
746 4814 1006 4856 summam
1030 4798 1372 4866 praedictam,
1396 4806 1555 4852 erunt
1582 4799 1780 4850 assium
1799 4797 2133 4864 septingenta

567 4893 897 4962 septuaginta
922 4905 1057 4944 nove
1081 4890 1226 4944 milia
1260 4893 1481 4943 trtccnta
1509 4902 1692 4941 unum.
1724 4886 1777 4940 In
1804 4887 1887 4940 his
1916 4887 2133 4956 pa-tiris

573 4983 920 5055 trigesimam,
954 4980 1198 5035 invenies
1230 4980 1413 5048 viginti
1445 4981 1680 5047 quinque
1710 4978 1852 5031 milia
1882 4980 2134 5047 nongenti

565 5075 843 5143 sexaginta
865 5082 1068 5140 septem
1097 5078 1312 5138 superet
1342 5082 1492 5123 asses
1518 5068 1705 5136 viginti
1739 5084 1921 5122 unum.
1948 5068 1983 5121 li
2013 5076 2137 5122 sunt

573 5170 695 5219 luna
726 5180 755 5218 v
782 5164 984 5231 gesima
1028 5160 1199 5228 prima
1227 5160 1539 5227 octogesimi
1585 5159 1757 5227 quarti
1790 5158 1935 5211 anni.
1968 5158 2137 5212 Revo-

570 5256 706 5310 catis
734 5266 947 5322 quoque
989 5249 1274 5318 praedictis
1323 5249 1531 5302 assibus
1572 5250 1826 5303 trecentis
1861 5248 2137 5316 sexaginta

574 5345 808 5415 quinque
826 5344 889 5396 ad
921 5343 1061 5396 illam
1092 5341 1426 5410 superiorem
1456 5354 1739 5404 summam,
1760 5350 1916 5394 erunt
1939 5338 2138 5393 assium

576 5437 906 5505 septingenta
958 5433 1230 5503 sexaginta
1291 5447 1381 5487 sex
1439 5434 1606 5487 millia
1659 5432 1897 5486 sexcenti
1953 5431 2139 5499 viginti

578 5527 833 5594 qu‘nque,
867 5533 923 5577 ut
952 5538 1129 5592 supra.
1168 5523 1223 5576 In
1254 5523 1445 5591 quibus
1489 5522 1699 5591 partiris
1728 5524 2135 5590 sexagesimum,

581 5625 633 5670 et
660 5617 896 5674 invenies
933 5614 1304 5671 duodecimilia
1336 5614 1653 5680 septingenti
1681 5623 1830 5681 septe
1860 5613 2016 5678 septi,
2046 5628 2141 5666 un—

2216 3164 2530 3229 sccundam,
2566 3175 2701 3231 quae
2730 3160 2899 3214 isdem
2930 3157 3021 3212 fuit
3053 3157 3324 3223 Kalendis,
3357 3167 3416 3211 ut
3458 3157 3588 3209 dixit
3619 3172 3778 3224 agno-

2216 3257 2351 3313 scite
2376 3256 2500 3312 licet
2521 3252 2860 3323 procedendi,
2884 3251 2997 3323 (sic)
3021 3260 3074 3305 et
3098 3250 3227 3303 fiunt
3254 3249 3367 3302 die.
3392 3250 3608 3303 trecenti
3631 3264 3781 3303 s-cxn-

2217 3346 2361 3416 ginta
2392 3343 2693 3413 septcm,in
2733 3341 2923 3411 quibus
2989 3340 3199 3409 partiris
3252 3338 3655 3407 sexagesimam,
3702 3337 3753 3390 in

2220 3439 2401 3493 venies
2430 3433 2749 3497 scxisuncia,
2781 3433 2915 3486 duae
2942 3431 3085 3486 selae
3135 3430 3299 3484 addes
3324 3444 3481 3498 supra
3527 3441 3779 3481 summam

2222 3527 2535 3599 predictam,
2566 3535 2618 3580 et
2652 3523 2812 3580 habes
2844 3521 2955 3574 dies
2987 3525 3254 3573 trecentos
3281 3527 3620 3587 septuagenta
3650 3525 3779 3582 tres,

2225 3622 2376 3683 uncia
2396 3665 2409 3685 ,
2441 3618 2576 3672 duae
2625 3615 2790 3670 selae.
2822 3614 2879 3668 In
2929 3611 3009 3665 his
3038 3624 3167 3680 ergo
3199 3610 3411 3679 partiris
3443 3607 3780 3677 trigesimam,

2224 3711 2463 3766 invenies
2490 3708 2652 3763 decus
2677 3703 2992 3773 dipondios;
3020 3708 3260 3770 superest
3289 3698 3450 3752 decus
3481 3696 3782 3751 tresisuzcia

2226 3802 2364 3855 duae
2393 3799 2561 3863 selae,
2592 3794 2838 3849 similiter
2868 3791 3027 3846 etiam
3058 3797 3113 3842 et
3165 3788 3215 3842 in
3248 3801 3386 3841 anno
3430 3786 3664 3854 sequenti
3694 3780 3785 3849 qui

2227 3890 2281 3945 in
2313 3890 2502 3943 ordine
2552 3885 2740 3941 tertius
2789 3880 3079 3950 appellatus
3106 3885 3393 3946 snpputare
3436 3873 3669 3929 debebis.
3697 3871 3785 3925 Bis

2230 3980 2408 4049 itaque
2452 3976 2674 4031 trecenti
2729 3985 2951 4041 sexages
2977 3968 3206 4040 quinque
3262 3966 3394 4020 fiunt
3429 3964 3541 4020 dies
3592 3962 3785 4044 septin-

2229 4070 2375 4142 genti
2403 4067 2637 4136 triginta.
2670 4062 2896 4117 Inmittis
2922 4074 3048 4114 vero
3077 4067 3132 4113 ut
3171 4071 3333 4127 supra
3362 4056 3487 4110 anni
3525 4054 3677 4124 pritni
3706 4052 3783 4107 ld-

2233 4176 2355 4215 natn
2385 4156 2674 4214 secundant
2702 4162 2756 4209 et
2780 4150 3001 4208 habebis
3029 4149 3141 4204 dies
3180 4148 3544 4217 septingentos
3584 4145 3784 4213 triginta

2234 4249 2390 4314 duos,
2416 4249 2467 4301 in
2498 4246 2689 4315 quibus
2710 4241 2923 4310 partiris
2945 4237 3353 4308 sexagesimam,
3371 4235 3607 4290 invenies
3631 4234 3785 4288 decus

2236 4336 2536 4408 dipondius.
2588 4333 2809 4387 Restant
2862 4329 3000 4384 duae
3047 4327 3229 4390 selae;
3278 4324 3443 4379 addes
3490 4323 3589 4378 hoc
3634 4335 3783 4389 supra

2155 4399 2208 4459 D
2233 4399 2497 4482 summam
2528 4423 2851 4494 praedictam
2869 4460 2883 4484 ,
2917 4426 2971 4472 et
2996 4426 3153 4471 erunt
3181 4416 3298 4469 dies
3324 4414 3640 4483 septingenti
3666 4426 3782 4481 qua-

2233 4520 2473 4589 draginta
2495 4523 2777 4584 quattuor;
2807 4517 3013 4565 restant
3033 4506 3171 4563 duae
3196 4506 3359 4570 selae,
3393 4507 3446 4559 in
3469 4505 3655 4574 quibus
3676 4517 3786 4570 par-

2239 4611 2353 4665 tiris
2382 4606 2707 4678 trigesimam
2726 4644 2740 4671 ,
2775 4601 3012 4656 invenies
3041 4597 3157 4652 dies
3188 4604 3403 4665 quattus
3431 4609 3589 4663 super
3607 4602 3656 4647 et
3683 4591 3727 4644 ri
3760 4604 3785 4643 s

2236 4712 2469 4775 quattus,
2501 4706 2703 4755 restant
2731 4695 2867 4751 duae
2894 4694 3058 4748 selae.
3091 4690 3180 4744 Sic
3207 4700 3385 4743 autem
3429 4687 3645 4757 singulis
3673 4685 3783 4754 qui-

2238 4795 2443 4863 busque
2467 4789 2621 4844 annis
2670 4800 2835 4855 usque
2881 4782 2935 4836 in
2964 4779 3343 4849 octogesimum
3375 4786 3429 4832 et
3478 4777 3676 4833 tertium
3700 4788 3787 4825 an-

2241 4862 2366 4938 num
2396 4878 2735 4950 supputabis;
2766 4888 2922 4944 quem
2967 4870 3352 4940 octogesimum
3383 4878 3438 4922 et
3480 4876 3709 4936 quartum
3735 4862 3787 4915 in

2244 4976 2346 5030 fine
2374 4972 2692 5027 circulorum
2733 4965 3039 5020 adnotatum
3070 4960 3337 5029 agnoscis.
3367 4968 3426 5011 ut
3451 4959 3607 5012 etiam
3637 4956 3683 5009 in
3713 4952 3787 5005 his

2242 5066 2463 5136 singulis
2493 5062 2649 5135 annis
2675 5057 2919 5112 undecim
2950 5068 3096 5107 asses
3151 5061 3206 5106 et
3234 5051 3386 5105 uncia
3416 5051 3691 5105 immittam
3716 5043 3786 5096 vi-

2242 5134 2441 5222 dea—ris,
2473 5164 2527 5209 et
2557 5152 2715 5207 nullis
2741 5145 3100 5204 cancellorum
3128 5141 3455 5197 anfractibus
3481 5140 3561 5193 vel
3609 5134 3786 5191 lunari-

2246 5248 2343 5302 bus
2371 5243 2505 5300 tituli
2533 5255 2713 5297 erasse
2738 5237 2956 5293 omnino
2985 5232 3243 5289 noscaris.
3278 5232 3539 5301 Dominus
3553 5230 3682 5284 enim
3709 5238 3787 5278 no-

2246 5348 2357 5393 ster
2383 5336 2642 5398 Christus,
2669 5339 2923 5400 paternae
2969 5325 3225 5381 obediens
3265 5322 3517 5391 jttssioni,
3548 5324 3613 5375 ita
3648 5314 3786 5385 hujus

2247 5430 2403 5483 lunae
2427 5426 2625 5479 almum
2650 5421 2810 5491 sydus
2840 5417 3029 5477 edidit,
3063 5424 3118 5469 ut
3150 5414 3216 5468 de
3268 5415 3441 5467 noctis
3468 5411 3692 5466 invenies
3720 5406 3787 5459 lu-

2251 5532 2370 5572 men
2400 5514 2657 5570 solidatae
2688 5507 2952 5564 tenebrari
2985 5506 3053 5559 ob
3077 5505 3385 5558 nubimenta
3419 5510 3650 5557 tenuaret
3668 5508 3785 5567 quae

2251 5611 2394 5665 claro
2423 5608 2629 5661 invecta
2656 5599 2922 5665 curriculo
2952 5597 3121 5653 cautis
3151 5610 3366 5651 vacasse
3392 5610 3489 5665 per
3520 5588 3784 5650 erroribus,
