4016 6182
310 352 412 407 561

311 465 823 477 -—~—————-—-—-————--

1161 356 1448 410 AUCTOR.
1496 352 1852 407 INLZERI‘US.
1888 382 1949 389 κ-
1982 349 2413 405 OBSERVATIO
2457 349 2747 403 CRI'HCA.

3033 461 3529 480 -ῌ-ιν-σοη-ᾕ--ι--ἐ

1653 555 1869 597 EODEM
1903 554 2221 597 TEMPOBE.

700 693 1718 904 AUCTOR
1867 696 3214 957 INCERTUS.‘

1482 996 2407 1024 ψ

1300 1108 2026 1196 OBSERVATIO
2085 1108 2583 1191 CRITICA.

1477 1261 2292 1289 ἡ*

2294 1277 2396 1286 ς.-

374 1407 630 1477 Quisquis
676 1409 729 1461 in
763 1407 1035 1463 Scotorum
1086 1410 1295 1464 historia
1332 1411 1408 1463 vel
1448 1411 1618 1463 leviter
1658 1420 1886 1463 versatus
1916 1407 1962 1467 Α
1992 1406 2149 1474 palis)
2174 1405 2491 1460 observatum
2513 1407 2689 1478 fuisse.
2720 1406 2852 1460 Nam
2881 1408 2975 1461 hoc
3001 1410 3361 1462 monasterium
3387 1408 3564 1463 Kilro-

287 1514 586 1566 agnoscere
619 1498 759 1552 debet
792 1500 982 1569 primos
1015 1499 1327 1555 Christianos
1368 1502 1627 1570 religionis
1668 1502 1890 1555 doctores

288 1589 345 1641 in
376 1588 641 1642 hodierna
668 1588 845 1644 Scotia
884 1591 1131 1645 exslitisse
1169 1593 1285 1646 vitae
1317 1593 1611 1645 monasticae
1647 1593 1888 1657 cultores,

288 1678 444 1731 unde
465 1682 719 1747 famosum
734 1678 864 1732 illud
887 1677 1121 1733 Forduni
1150 1681 1202 1733 in
1223 1680 1641 1735 Scoti-Chronico
1661 1680 1750 1735 lib.
1774 1695 1887 1746 xui,

284 1783 413 1835 cap.
454 1770 510 1834 8,
539 1787 658 1840 pag.
691 1771 810 1837 184,
834 1772 1042 1840 dictum,
1072 1774 1165 1844 qui
1192 1774 1254 1829 de
1282 1786 1456 1829 sancto
1484 1774 1722 1829 Palladio
1754 1778 1890 1830 circa

286 1875 502 1912 annum
525 1861 631 1917 430
658 1861 725 1914 ad
748 1863 931 1917 Scotos
960 1866 1011 1916 in
1033 1863 1289 1919 Christum
1316 1867 1429 1936 jam
1458 1867 1709 1920 credentes
1737 1868 1888 1921 m'sso

283 1952 549 2020 episcopo
571 1951 642 2004 sic
666 1951 889 2021 loquitur
910 1968 928 2007 :
947 1970 965 2004 ι
993 1954 1122 2008 Ante
1142 1957 1289 2026 cujus
1313 1955 1589 2026 (Palladii)
1616 1958 1888 2009 adventant

285 2041 560 2093 habebant
588 2039 729 2095 Scoti
753 2042 873 2107 ﬁdei
904 2044 1162 2109 doctores,
1194 2062 1253 2098 ac
1279 2057 1709 2100 sacramentorum
1738 2048 1888 2101 mini-

282 2141 553 2186 stratores
582 2134 893 2202 presbyteros
921 2136 1242 2191 solummodo
1277 2137 1574 2204 monachos,
1615 2140 1771 2191 ritum
1807 2155 1886 2192 se-

282 2231 513 2291 quentes
541 2221 782 2277 Ecclesia:
819 2227 1103 2293 primitivce.
1138 2246 1159 2281 ι
1189 2227 1294 2282 Per
1314 2246 1428 2300 qua:
1452 2246 1574 2284 sane
1605 2231 1749 2284 verba
1783 2233 1889 2285 sin-

286 2328 455 2368 cerus
482 2314 575 2367 ille
594 2314 820 2369 historia:
840 2315 1055 2373 Scotica:
1082 2320 1314 2375 conditor
1338 2321 1507 2375 solum
1530 2322 1788 2377 insinuare
1814 2324 1887 2376 vi-

283 2405 478 2469 detur,
508 2404 879 2463 S.Palladium
900 2409 1056 2479 fuisse
1080 2413 1298 2481 primum
1322 2415 1612 2485 episcOpum
1638 2432 1667 2468 a
1688 2432 1885 2471 summo

280 2494 554 2564 pontiﬁce
577 2495 807 2551 Romano
843 2499 1054 2554 missum
1088 2501 1157 2555 ad
1187 2502 1508 2558 Scoticanam
1532 2505 1814 2559 Ecclesium
1854 2526 1885 2562 a

284 2588 586 2643 cunabulis
630 2600 971 2662 resurgentem
1013 2594 1415 2665 gubernandum,
1447 2614 1559 2652 cum
1594 2609 1711 2653 ante
1746 2600 1885 2654 illius

280 2682 605 2749 adventum,
634 2693 681 2738 et
711 2686 882 2739 eadem
902 2687 1070 2740 adhuc
1092 2689 1386 2759 imperfecta
1413 2707 1473 2744 ac
1492 2693 1634 2747 rudis
1655 2710 1744 2763 per
1773 2711 1886 2761 pre-

1992 1513 2135 1550 sense
2156 1495 2304 1567 vulgo
2326 1496 2622 1551 Culrosense
2641 1498 2828 1551 dictum
2851 1509 3069 1552 erectum
3090 1509 3182 1561 est,
3206 1516 3237 1553 a
3260 1500 3319 1554 S.
3336 1500 3565 1555 Servano

1996 1590 2364 1644 Orcadensium
2402 1592 2688 1644 insularum
2718 1592 2973 1660 apostolo,
3007 1600 3052 1644 et
3082 1592 3142 1646 S.
3165 1589 3387 1645 Palladii
3415 1580 3567 1644 disci?

1992 1681 2133 1749 pulo,
2151 1681 2239 1747 qui
2261 1696 2360 1733 non
2378 1696 2555 1734 noram
2574 1680 2895 1749 disciplinam
2912 1682 3243 1734 monasticam
3263 1682 3561 1747 introduxit,

1990 1770 2079 1823 sed
2117 1779 2330 1824 veterem
2360 1772 2616 1840 primtevis
2637 1771 2805 1826 Sectis
2845 1774 3101 1827 monachis
3132 1788 3444 1826 communem
3476 1789 3563 1826 ca:-

1990 1858 2168 1913 coluit.
2189 1858 2314 1913 Erat
2336 1870 2502 1914 autem
2525 1864 2619 1913 hoc
2642 1863 2998 1915 monasterium
3020 1863 3073 1915 in
3094 1863 3332 1916 wstuario
3354 1860 3564 1915 Fort/ue

1986 1949 2089 2002 sive
2102 1947 2361 2004 Bodotria:
2379 1951 2550 2016 situm,
2570 1952 2637 2003 ad
2660 1951 2912 2004 borealem
2927 1954 3153 2021 ﬂuminis
3175 1954 3338 2023 ripam
3359 1962 3404 2006 et
3426 1954 3565 2019 infra

1991 2039 2312 2111 Strivelinga:
2350 2050 2571 2094 castrum
2600 2057 2689 2095 sea:
2716 2042 3016 2095 milliaribus
3035 2046 3247 2114 jacens,
3280 2044 3363 2096 ubi
3390 2045 3560 2112 ﬂuxus

1989 2140 2036 2186 et
2066 2133 2296 2201 reﬂuxus
2325 2133 2491 2186 adhuc
2517 2135 2757 2198 cernitur,
2786 2149 2934 2201 quem
2963 2142 3140 2187 auctor
3166 2135 3281 2189 vita:
3303 2134 3362 2189 S.
3385 2134 3561 2187 Kinti-

1986 2224 2130 2292 gerni
2156 2224 2292 2294 apud
2313 2222 2602 2293 Bolandum
2631 2225 2693 2278 15
2718 2222 2955 2277 Januarii
2985 2242 3072 2295 per
3095 2225 3349 2278 Malenam
3389 2236 3433 2277 et
3468 2224 3564 2278 Le-

1988 2315 2166 2367 donem
2192 2314 2372 2379 ﬂuvios
2398 2315 2656 2384 designat;
2681 2315 2749 2367 ad
2772 2331 2960 2368 morem
2986 2316 3323 2384 quorumdam
3346 2324 3563 2369 veterum

1987 2420 2078 2475 per
2099 2404 2353 2459 Ledonem
2377 2406 2665 2475 intelligens
2686 2414 2866 2459 wstum
2889 2414 2933 2460 et
2961 2409 3158 2475 ﬂuxum
3178 2407 3353 2475 maris,
3385 2422 3561 2475 quem-

1988 2496 2266 2549 admodum
2306 2505 2354 2549 et
2393 2513 2482 2565 per
2535 2495 2791 2551 Malenam
2816 2498 3062 2551 denotans
3083 2498 3237 2567 ιρι-[ἵκω
3252 2513 3333 2549 um
3357 2498 3459 2550 sive
3488 2513 3565 2550 rc-

1988 2601 2184 2640 cessum
2213 2585 2399 2650 maris;
2440 2602 2565 2654 quos
2591 2586 2748 2656 igitur
2779 2589 2907 2641 male
2934 2590 3060 2640 duos
3093 2588 3353 2640 distinctos
3381 2588 3563 2657 ﬂuvios

1988 2676 2310 2744 existimavit,
2350 2692 2462 2729 cum
2494 2678 2634 2745 apud
2663 2676 2937 2732 Kilrosiam
2977 2679 3171 2732 nullum
3202 2679 3343 2731 aliud
3374 2682 3592 2748 ﬂumen

278 2771 537 2841 sbyteros
560 2773 623 2826 ab
643 2773 758 2828 aliis
779 2776 1016 2846 legitimis
1037 2779 1285 2849 episcopis
1306 2782 1577 2837 ordinatos
1587 2800 1648 2836 ac
1668 2784 1890 2852 plerum-

1994 2780 2176 2838 prwter
2201 2768 2500 2823 Bodotriam
2532 2780 2798 2840 appareat,
2831 2772 2916 2824 ubi
2956 2780 3144 2839 tamen,
3168 2772 3395 2842 quamvis
3426 2774 3563 2825 locus

276 2880 385 2933 que
404 2865 699 2919 monachos
724 2867 972 2922 instructa
996 2871 1098 2939 fuei
1110 2871 1171 2935 it,
1190 2872 1279 2925 sed
1292 2874 1404 2942 jam
1428 2873 1495 2925 ad
1516 2876 1889 2944 suscipiendam

276 2971 605 3025 supremam
633 2956 878 3013 Ecclesia:
922 2958 1264 3015 Itierarchiam
1308 2966 1691 3019 accommodata
1740 2974 1890 3035 prout

274 3045 411 3101 alite
443 3058 629 3117 gentes
649 3053 716 3101 ad
738 3048 993 3106 Christum
1019 3068 1270 3107 conversa:
1296 3055 1443 3123 prius
1465 3073 1553 3124 per
1578 3056 1890 3127 presbyteros

276 3139 572 3192 instructi:
596 3149 732 3206 sunt,
776 3158 930 3211 quam
970 3144 1245 3214 episcopali
1272 3146 1632 3215 jurisdictione
1665 3149 1887 3201 donatas.

283 3227 499 3284 Verum
542 3244 714 3283 rerum
745 3230 1067 3287 Scoticarum
1112 3238 1381 3303 scriptores
1405 3246 1452 3290 et
1480 3238 1588 3306 ipse
1606 3235 1887 3291 Fordunus

274 3327 596 3390 agnoscunt
632 3330 863 3375 sanctum
889 3323 1104 3377 Niniam
1126 3323 1374 3380 Candida:
1397 3326 1540 3381 Casa:
1574 3328 1884 3399 episcOpum,

274 3418 534 3462 sanctum
563 3408 880 3479 Palladium,
908 3424 1136 3469 sanctum
1159 3412 1469 3483 Fernanum,
1504 3418 1884 3485 S.Servanum,

273 3500 771 3571 S.Kentigernum,
796 3504 1023 3577 aliosque
1049 3510 1313 3576 primitiuae
1338 3511 1575 3567 Ecclesia:
1597 3513 1885 3569 Scoticana:

272 3594 596 3663 episcopos,
615 3597 863 3653 exstitisse
884 3615 1024 3653 veros
1044 3603 1337 3671 monachos,
1362 3622 1422 3658 ac
1439 3607 1721 3679 disciplina:
1741 3625 1884 3664 acer-

272 3687 451 3739 rimos
503 3683 762 3755 vindices,
802 3690 889 3759 qui
938 3696 1272 3761 monasteria,
1315 3706 1553 3767 tanquam
1586 3700 1887 3755 Christiana:

274 3777 575 3849 religionis
606 3781 835 3845 qua'dam
870 3794 1058 3849 castra,
1086 3799 1366 3854 erexerunt,
1391 3807 1453 3844 ea:
1478 3792 1658 3860 quibus
1686 3794 1887 3863 prodie-

270 3878 409 3922 runt
445 3878 526 3922 tot
564 3872 872 3926 sanctissimi
900 3875 1082 3931 milites
1115 3878 1183 3931 ad
1208 3878 1566 3935 debellandam
1599 3883 1883 3938 dazmonum

271 3961 543 4015 militiam
584 3965 870 4030 exercitati,
909 3974 954 4020 et
989 3968 1058 4021 ad
1094 3974 1482 4040 prapagandam
1519 3975 1886 4042 ﬁdemChristi

268 4053 579 4122 aptissimi.
611 4052 785 4125 Hujus
811 4057 886 4110 rei
910 4058 1129 4113 vividum
1155 4065 1438 4133 exemplum
1462 4067 1647 4135 prwbet
1674 4084 1886 4137 sequens

1989 2860 2081 2913 ille
2118 2861 2295 2929 viginti
2330 2862 2634 2916 milliaribus
2672 2863 2736 2915 ab
2776 2863 2903 2916 ostio
2935 2863 3160 2931 ﬂuminis
3196 2865 3362 2926 distet,
3401 2873 3564 2915 tamen

1991 2964 2207 3016 magnus
2233 2950 2403 3018 ﬂuxus
2429 2959 2474 3003 et
2498 2953 2726 3019 reﬂuxus
2753 2953 2905 3005 maris
2932 2953 3233 3006 observetur.
3267 2952 3331 3005 In
3353 2952 3445 3005 hoc
3470 2955 3564 3020 igi-

1989 3047 2073 3090 tur
2101 3039 2406 3092 monasterio
2429 3040 2671 3093 educatus
2698 3050 2769 3092 est
2793 3040 2851 3096 S.
2871 3040 3210 3113 Kentigernus
3231 3044 3379 3113 vulgo
3402 3043 3563 3095 dictus

1990 3129 2046 3183 Μ
2053 3147 2185 3200 ungo
2213 3120 2414 3202 primus
2435 3131 2762 3203 Olasguensis
2791 3135 2841 3187 in
2867 3133 3042 3189 Scotia
3065 3137 3329 3205 episc0pus
3359 3144 3404 3190 et
3434 3137 3565 3189 mul-

1990 3233 2155 3276 torum
2192 3224 2557 3277 monachorum
2594 3234 2757 3296 pater,
2793 3228 2904 3295 qui,
2945 3226 3172 3281 Kilrosia
3208 3228 3277 3280 ad
3315 3227 3565 3281 australes

1990 3324 2158 3382 partes
2185 3319 2440 3381 secedens,
2470 3317 2749 3370 necessario
2781 3318 3073 3371 a’stuarium
3097 3317 3308 3373 Fortius
3335 3320 3566 3373 transivit

1989 3416 2211 3478 tempore
2239 3407 2457 3464 Matina?
2481 3411 2583 3463 sive
2610 3411 2837 3479 reﬁuxus
2863 3412 3040 3478 maris,
3064 3420 3210 3482 atque
3246 3414 3387 3483 apud
3409 3412 3563 3466 Glas-

1989 3515 2142 3569 gnam
2171 3500 2332 3569 ﬁgens
2357 3502 2534 3568 pedem
2562 3501 2757 3573 insigne
2788 3503 2947 3556 erexit
2984 3505 3357 3557 monasterium
3377 3521 3409 3557 a
3440 3521 3565 3558 non-

1987 3593 2148 3661 gentis
2178 3593 2551 3663 quinquaginla
2575 3594 2831 3648 monachis
2856 3594 3213 3663 inhabitatum,
3246 3597 3427 3667 quibus
3459 3598 3562 3650 uti-

1988 3700 2083 3752 que
2114 3684 2436 3755 discip’inam
2463 3686 2790 3739 monasticam
2819 3701 2849 3738 a
2874 3685 3177 3741 S.Servano
3206 3690 3446 3759 magistro
3472 3706 3563 3743 suo

1987 3778 2232 3830 usitatam
2267 3777 2571 3848 pra’scripsit
2614 3777 2989 3831 observandam.
3018 3777 3402 3834 Celeberrimum
3444 3797 3563 3852 ergo

1987 3880 2092 3924 erat
2118 3870 2407 3924 Kilrosensc
2438 3873 2829 3941 monasterium,
2866 3884 2911 3926 et
2953 3878 3124 3944 forsan
3153 3886 3267 3929 ante
3294 3877 3562 3931 adventum

1989 3962 2287 4016 S.Pall..dii
2327 3965 2391 4016 ab
2417 3965 2543 4031 ipsis
2574 3964 2836 4018 monachis
2865 3964 3034 4019 Scotis
3060 3967 3163 4019 sive
3189 3965 3413 4021 Kiledeis
3440 3982 3561 4021 con-

1987 4062 2252 4118 structum,
2270 4070 2300 4106 a
2315 4054 2494 4121 quibus
2514 4065 2560 4107 et
2580 4055 3031 4109 denominationem
3050 4058 3322 4127 sumpsisse
3340 4060 3556 4124 videtur,

274 4142 436 4196 Ordo
463 4144 802 4209 monasticus,
824 4147 885 4199 ab
907 4149 1125 4220 antiquis
1148 4154 1405 4206 monachis
1428 4155 1595 4209 Scolis
1617 4156 1709 4208 sub
1734 4173 1886 4210 επον-
1911 4144 1958 4205 C
1989 4162 2105 4200 cum
2143 4163 2209 4200 ex
2245 4159 2359 4200 αηιε
2402 4147 2549 4201 dicm
2588 4148 2792 4201 οηεηὶηο
2840 4158 3057 4213 Commi
3099 4151 3372 4204 ηιοηαείιοδ
3419 4154 3556 4222 (ψιίά

266 4235 367 4288 dio
396 4242 669 4304 susceptae
687 4234 993 4295 Christiana
1018 4242 1278 4313 religionis
1307 4245 1618 4312 observatus,
1652 4248 1741 4317 qui
1771 4264 1883 4301 cum

268 4327 707 4382 vetustissimum
730 4331 800 4384 sit
842 4334 1062 4387 omnium
1094 4334 1461 4391 Monachorum
1486 4338 1886 4395 Occidentalium

272 4425 716 4483 monumentum,
757 4436 1091 4493 magnamque
1128 4442 1240 4478 cum
1265 4427 1631 4498 JEggptiorum
1670 4427 1885 4484 Patrum

266 4512 495 4581 regulis
524 4513 889 4567 conuexionem
916 4515 1117 4582 habeat,
1139 4519 1211 4572 sic
1234 4520 1412 4573 merito
1440 4528 1549 4589 post
1574 4522 1633 4575 S.
1654 4520 1886 4576 Cassiani

267 4602 655 4655 institutiones
673 4612 721 4654 et
743 4605 971 4673 regulam
984 4605 1024 4660 S
1033 4605 1320 4662 .Pachomii
1336 4610 1557 4663 debitum
1571 4610 1736 4665 locum
1754 4613 1885 4666 inter

261 4690 389 4745 Iure
417 4692 790 4747 additamenta
808 4704 1045 4765 meretur,
1071 4706 1247 4762 utpote
1263 4702 1593 4755 arctissimam
1610 4703 1885 4758 Orientalis

258 4784 409 4837 disci
412 4784 595 4850 pz'ince
612 4783 975 4840 observantiam
990 4790 1348 4859 complectens,
1365 4794 1582 4863 exceptis
1604 4795 1882 4865 frequenti-

261 4877 367 4929 bus
396 4875 531 4928 illis
561 4875 613 4928 in
652 4892 837 4945 aquam
877 4879 1304 4950 immersionibus,
1331 4900 1443 4951 qua:
1481 4886 1602 4938 solis
1623 4885 1883 4940 monachis

259 4969 460 5024 Scotis
496 4970 534 5035 Ῑ
533 4977 710 5020 uerunt
729 4970 1030 5035 peculiares.
1053 4973 1184 5027 Cum
1206 4975 1385 5047 igitur,
1407 4978 1553 5047 longe
1572 4988 1687 5032 ante
1706 4978 1884 5031 adven-

254 5072 382 5113 tum
419 5060 495 5114 S.
524 5056 771 5125 Palladii,
793 5062 843 5113 in
863 5061 1109 5116 hodierna
1133 5064 1309 5120 Scotia
1332 5068 1615 5123 exstiterint
1632 5079 1881 5123 monaste-

251 5154 377 5216 ria,
408 5165 649 5221 quorum
684 5152 920 5220 inquilini
958 5154 1352 5210 nominabantur
1379 5157 1582 5212 Kilcdei
1610 5159 1683 5212 vel
1712 5158 1879 5214 Kildei

251 5243 323 5295 ab
344 5244 497 5312 ipsis
521 5240 679 5303 cellis,
693 5257 820 5310 quas
835 5243 1201 5312 inhabitabant,
1217 5263 1315 5301 non
1336 5265 1365 5301 a
1380 5247 1519 5300 cultu
1534 5264 1681 5318 quem
1694 5250 1878 5302 ibidem

254 5334 619 5399 exercebant,
639 5334 710 5386 sic
730 5334 1008 5403 appellati;
1032 5338 1256 5403 adeoque
1283 5341 1477 5393 veritati
1510 5356 1785 5395 consonum
1812 5345 1881 5396 vi-

254 5429 454 5489 detur,
488 5423 632 5477 hunc
655 5423 894 5480 Ordinem
910 5426 962 5480 Μ
971 5429 1249 5481 onasticum
1271 5431 1420 5482 etiam
1441 5443 1558 5485 ante
1576 5431 1634 5488 S.
1651 5432 1880 5488 Cassiani

1990 4236 2170 4292 Scotos
2195 4240 2308 4309 jam
2342 4237 2536 4291 dudum
2562 4238 2814 4308 floruisse.
2844 4238 2909 4292 In
2944 4240 3096 4293 veteri
3130 4241 3262 4294 enim
3286 4241 3559 4297 Scotorum

1986 4330 2227 4385 idiomate
2248 4331 2329 4384 Kil
2358 4330 2597 4386 denotare
2621 4330 2780 4384 ullam
2806 4333 3230 4403 quemadmodum
3272 4345 3318 4388 et
3339 4334 3447 4389 Ros
3481 4335 3558 4389 vel

1986 4421 2123 4476 Ross
2152 4423 2441 4495 signiﬁcare
2468 4424 2864 4493 promontorium
2901 4425 3308 4481 animadvertunt
3337 4430 3559 4495 antiqui-

1986 4516 2104 4568 tatis
2131 4514 2346 4569 Scoticce
2382 4516 2550 4585 periti,
2581 4516 2649 4569 ita
2684 4515 2821 4583 quod
2857 4516 3058 4572 Keil-ros
3096 4520 3342 4573 exstiterit
3387 4533 3558 4573 rerum

1986 4604 2317 4659 Kiledeorum
2347 4607 2773 4673 promontorium,
2802 4621 3014 4677 quorum
3053 4611 3194 4665 cellae
3220 4611 3408 4664 ibidem
3439 4627 3559 4664 con-

1983 4704 2188 4750 structte
2223 4698 2491 4751 altitudine
2534 4699 2719 4752 eximia
2760 4700 3006 4770 reliquam
3032 4703 3296 4771 planitiem
3342 4719 3558 4770 supera-

1985 4797 2183 4853 verunt,
2234 4789 2510 4859 prwsertim
2550 4790 2618 4842 ad
2662 4789 2797 4843 latus
2839 4792 3037 4847 bereale
3088 4796 3311 4849 wstuarii
3360 4796 3555 4863 positae.

1992 4876 2178 4931 Virum
2207 4881 2404 4934 labente
2431 4881 2618 4935 sa'culo
2649 4884 2860 4952 septimo
2889 4885 2981 4938 hoc
3009 4887 3208 4955 insigne
3230 4886 3556 4942 Kiledeorum

1982 4972 2364 5037 monasterium,
2394 4988 2426 5024 a
2448 4971 2608 5026 Danis
2631 4983 2678 5028 et
2704 4973 2989 5046 Nonvegis,
3015 4976 3333 5032 Britanniam
3362 4990 3558 5052 septen-

1983 5065 2250 5118 trionalem
2299 5065 2671 5121 devastanlibns
2714 5068 2781 5120 ad
2819 5069 3000 5122 incitas
3040 5080 3110 5123 est
3146 5073 3420 5139 redactum,
3467 5092 3557 5127 nec

1981 5164 2098 5207 ante
2126 5171 2313 5207 annum
2342 5156 2475 5209 1217
2505 5161 2732 5228 reparari
2760 5172 2993 5228 ccvperat.
3022 5164 3082 5214 At
3107 5165 3201 5217 hoc
3225 5167 3398 5218 eodem
3419 5183 3556 5220 anno

1984 5247 2291 5302 Malcolmus
2328 5248 2465 5319 Fifa:
2493 5267 2657 5304 comes
2700 5252 2832 5304 idem
2873 5254 3233 5321 depopulatum
3277 5257 3554 5311 coenobium

1981 5340 2304 5404 restauravit,
2346 5341 2669 5409 amplissimis
2698 5343 2835 5412 agris
2874 5352 2919 5395 et
2950 5343 3093 5397 donis
3126 5346 3462 5415 locupletavit,
3493 5363 3553 5400 ac

1980 5445 2130 5482 sacro
2157 5430 2321 5483 ordini
2343 5430 2658 5484 Cisterciensi
2683 5436 2922 5487 concessit
2938 5450 2954 5496 ;
2980 5439 3126 5506 cujus
3154 5437 3364 5506 piissimi
3386 5437 3555 5507 inqui-

253 5518 677 5571 institutionum
705 5520 1140 5588 propagationem,
1166 5522 1227 5573 ab
1269 5522 1370 5576 illis
1392 5522 1622 5578 Kiledcis
1644 5527 1745 5579 sive
1769 5526 1878 5581 ΚΗ-
1911 5514 1958 5573 D
1984 5519 2075 5571 lini
2111 5519 2172 5573 S.
2215 5520 2491 5574 Serranum
2533 5523 2651 5574 olim
2693 5526 3062 5579 sanctissimum
3111 5527 3211 5580 loci
3239 5528 3461 5582 abbatem
3502 5532 3554 5586 in

251 5611 389 5665 dcis
418 5608 698 5678 (corrupte
733 5625 820 5676 per
849 5612 1102 5679 sequiores
1132 5612 1403 5681 scriptores
1430 5613 1643 5670 Culdeis
1674 5634 1871 5673 nuncu-

335 5747 369 5778 ⁸
410 5741 512 5798 Ex
546 5740 761 5800 Mariam.
796 5743 883 5801 Br.
917 5747 1111 5804 Codice
1144 5749 1389 5818 Regulur.
1426 5760 1552 5807 tom.
1586 5751 1648 5807 ll.

1984 5610 2150 5663 divum
2174 5609 2427 5663 lifularem
2450 5624 2790 5682 suscvperunt,
2813 5617 3023 5687 ejus‘ue
3045 5634 3238 5671 sacram
3264 5621 3552 5675 memoriam
