4016 6182
506 246 608 306 ξδδ

1774 243 2111 301 AUCTORIS
2151 241 2416 297 INCERTI

3636 244 3731 299 εδδ

507 362 576 414 ad
619 361 750 413 diem
797 362 1014 429 primum
1055 360 1186 414 Julii
1241 362 1502 416 annuatim
1544 359 1755 414 solemni
1803 360 2071 429 festivitate
2099 360 2147 416 Δ
2176 357 2394 425 primum
2416 355 2697 409 introducta
2719 356 2784 409 sit
2805 354 2980 425 regula
3007 352 3363 419 S.Benedicti,
3384 362 3533 422 atque
3549 356 3735 423 sequia.

510 451 842 507 celcbrabant.
884 452 947 505 Et
977 452 1199 520 quidem,
1225 449 1421 503 etiamsi
1446 466 1579 502 anno
1601 450 1703 504 'll'l
1733 450 1870 519 apud
1890 450 2071 507 Scotot

511 543 623 595 dent
662 552 957 613 sumptuosa
993 542 1214 594 cwnobia
1255 540 1590 604 obtinuerint;
1634 549 1877 607 attamen,
1922 538 2075 606 longo

512 641 735 699 tempore
762 634 895 687 hunc
930 630 1171 693 Ordinem
1208 630 1539 697 monasticum
1577 630 1626 681 in
1667 628 1916 697 aliquibus
1950 627 2078 680 locis

511 730 855 775 conservatum
889 720 1047 789 fuisse
1073 729 1282 773 testatur
1311 729 1453 783 arcta
1491 719 1759 786 disciplina
1800 718 2078 777 monastica

510 827 542 861 cr
568 808 737 863 Scotis
760 790 1017 862 manuchis
1046 824 1134 876 per
1148 805 1496 872 Germaniam,
1520 806 1765 871 Galliam,
1788 816 1832 859 et
1850 805 2078 873 Belgium

512 898 771 950 observata
789 900 941 951 etiam
963 908 1228 966 post’juam
1250 899 1345 964 illi,
1371 914 1463 967 pro
1484 899 1726 966 primaria
1748 899 1857 949 vita:
1879 912 2075 959 norma,

512 989 735 1055 regulam
766 987 1139 1041 Benedictinam
1175 996 1527 1057 susceperant,
1563 986 1985 1056 quemadmodum
2020 1000 2082 1037 cr

512 1079 665 1132 rariis
702 1078 827 1132 locis
857 1080 1122 1133 monastici
1154 1077 1347 1132 Scotici
1399 1079 1715 1131 instruimnr.
1753 1077 1991 1145 Adeoque
2019 1078 2082 1128 de

513 1170 665 1241 hujus
692 1172 889 1239 antiqui
912 1171 1222 1224 monumenti
1250 1171 1628 1223 authenticitate
1650 1168 1849 1223 nullum
1875 1168 2083 1223 dubium

512 1260 809 1313 intervenire
832 1260 1005 1326 debet,
1038 1276 1172 1327 cum,
1196 1270 1311 1313 ante
1345 1260 1551 1329 [atatem
1573 1260 1991 1313 monasteriorum
2028 1260 2081 1312 in

515 1349 693 1417 Scotia
739 1350 1136 1414 dissolutionem,
1188 1351 1407 1418 plurima
1458 1359 1624 1403 vetera
1666 1360 1986 1403 monumenta
2029 1352 2086 1404 in

521 1438 853 1505 It'iledeorum
880 1440 1118 1503 cteuobiis
1146 1440 1420 1508 pra’sertim
1446 1438 1704 1491 Dunblani
1732 1448 1779 1492 et
1804 1438 2085 1494 Dunkeldaz

466 1536 477 1548 ‘
513 1530 613 1597 sint
643 1539 956 1596 cmrservata,
990 1546 1103 1599 qua:
1137 1532 1340 1595 quidem
1370 1530 1473 1585 duo
1499 1532 1801 1584 monasteria
1827 1532 2087 1600 quoddam

515 1620 691 1679 uteris
718 1621 998 1691 disciplina:
1020 1623 1281 1692 uestig?um
1302 1620 1567 1675 retinuisse
1587 1620 1818 1674 ridentur
1844 1637 2000 1692 usque
2019 1624 2089 1675 ad

515 1708 754 1777 sa'culum
771 1724 864 1777 xtl,
882 1711 1079 1780 quando
1100 1711 1151 1764 in
1174 1711 1435 1769 distinctos
1456 1712 1745 1781 epicOpatus
1763 1720 1925 1765 erecta
1945 1723 2080 1767 sunt.
2116 1710 2161 1769 Β

2176 446 2315 500 ribus
2342 448 2539 503 saeculis
2569 447 2778 515 plurimi
2807 447 2919 499 novi
2944 447 3093 498 erecti
3123 446 3328 498 ordines
3354 446 3615 499 monastici
3645 448 3735 500 ibi-

2180 537 2262 592 Ex
2286 537 2490 591 archiva
2512 539 2669 609 igitur
2692 537 3069 591 Dunblanensis
3095 535 3351 598 Ecclesice,
3376 536 3509 588 hunc
3528 552 3740 602 ρτωίεηο

2180 640 2278 684 tem
2304 629 2546 689 Ord‘nem
2578 631 2912 684 monasticam
2939 629 3202 695 descripsit
3239 628 3313 682 vir
3340 627 3601 696 religiosus
3626 627 3741 679 δεμ

2179 735 2336 772 vanus
2360 718 2615 781 Thomson
2638 719 2843 783 Status,
2872 717 3147 777 monachus
3168 716 3523 769 Benedictinus
3548 716 3599 767 in
3624 716 3745 768 cele-

2180 810 2396 862 berrimo
2444 809 2852 879 Dunfermlensis
2894 808 3117 862 canobio
3156 809 3443 877 professus,
3488 824 3744 871 secumque

2183 902 2513 955 Ratisbonam
2548 906 2659 954 cutis
2699 900 2817 953 aliis
2843 900 3156 952 documentis
3191 899 3411 967 antiquis
3436 899 3631 962 attulit,
3656 900 3746 967 flo-

2181 1001 2320 1045 rente
2360 992 2528 1044 adhuc
2557 992 2696 1060 apud
2727 989 2909 1043 Scotos
2944 988 3227 1041 orthodoxa
3258 996 3305 1039 et
3343 986 3596 1039 catholica
3629 987 3747 1041 reli-

2181 1086 2349 1154 gione.
2380 1082 2541 1148 Nam,
2559 1098 2694 1134 anno
2711 1080 2846 1134 159.6
2868 1080 3123 1149 piis~imus
3140 1090 3305 1131 noster
3321 1089 3462 1148 pater
3499 1079 3749 1133 Serranus

2183 1189 2297 1225 cum
2328 1172 2444 1224 aliis
2474 1170 2735 1224 monachis
2765 1169 3231 1238 Dunfermlensibus
3260 1168 3320 1219 ab
3352 1170 3544 1236 optimo
3573 1179 3749 1235 patruo

2185 1266 2322 1316 dom.
2350 1261 2550 1316 Joanne
2577 1261 2832 1314 Thomson
2872 1259 3166 1312 monasterii
3195 1255 3257 1312 S.
3280 1256 3459 1311 Jacobi
3486 1258 3749 1312 Scotorum

2188 1352 2479 1407 Ratisbonte
2507 1353 2686 1405 abbate
2716 1350 3015 1420 dignissimo
3047 1356 3280 1412 vocatus,
3322 1355 3368 1399 et
3407 1346 3589 1400 ibidem
3624 1349 3751 1412 prior

2186 1444 2531 1497 conoentualis
2553 1442 2871 1505 constitutus,
2896 1440 3177 1508 piissimam
3200 1437 3355 1490 vitam
3377 1436 3547 1500 duxit,
3570 1438 3753 1488 acerri-

2188 1551 2299 1588 mus
2334 1533 2568 1586 arctioris
2605 1532 2890 1600 disciplinae
2929 1528 3215 1582 ntonasticw
3256 1526 3456 1589 vindex,
3498 1542 3658 1593 usque
3691 1525 3753 1578 ad

2188 1641 2379 1679 annum
2404 1623 2559 1688 l5“,
2582 1638 2680 1692 quo
2708 1621 3001 1692 religiosam
3029 1619 3253 1672 quintam
3283 1616 3390 1670 Deo
3410 1616 3657 1669 reddidit.

1158 1922 1745 2068 OBDO
1837 1920 3113 2070 MONASTICUS
3184 1970 3193 1978 '

784 2142 903 2225 ΙΝ
961 2141 1402 2224 VETERI
1477 2139 1914 2221 SCOTUE
1986 2140 2746 2224 MONASTERIO
2818 2138 2978 2220 DE
3049 2136 3518 2219 KIL-ROS

1801 2292 1961 2349 OLIM
2001 2293 2463 2352 OBSERVATUS.

586 2534 857 2592 Serranus
892 2528 1185 2600 discipulus
1225 2528 1285 2585 S.
1308 2527 1553 2593 Palladii,
1593 2528 1735 2584 circa
1764 2544 1961 2583 artuum
1989 2532 2092 2587 L58

518 2622 796 2677 :rdilicavit
843 2621 1225 2676 monasterium
1270 2619 1338 2675 de
1363 2619 1584 2686 Culros,
1628 2620 1809 2690 ibique
1846 2634 2091 2688 magnam

517 2714 861 2784 congregavit
906 2712 1288 2771 monachorum
1330 2713 1822 2781 congregationem,
1858 2728 1992 2783 quos
2038 2715 2092 2771 in

518 2806 708 2865 timore
739 2804 831 2859 Dei
866 2811 923 2858 et
959 2804 1015 2858 in
1060 2818 1245 2872 magna
1280 2802 1604 2858 continentia
1646 2803 1952 2868 custodivit,
1999 2805 2090 2875 qui

517 2910 546 2947 a
572 2895 837 2948 communi
870 2894 1020 2962 plebe
1046 2893 1371 2949 vocabantur
1390 2893 1571 2949 Culdei
1602 2894 1717 2948 sive
1740 2893 1966 2959 Colidei,
1996 2895 2092 2950 sed

518 2988 731 3056 proprie
776 2987 1088 3044 dicebantur
1129 2986 1365 3049 Kiledei,
1411 2986 1492 3041 sic
1542 2986 1799 3041 nominati
1850 2987 1917 3040 ab
1966 2987 2095 3056 ipsis

518 3079 685 3147 cellis,
712 3093 841 3149 quas
864 3078 1254 3145 inhabitabant,
1279 3086 1334 3133 et
1364 3078 1474 3133 veri
1506 3076 1751 3132 monachi
1774 3086 1943 3142 erant,
1972 3077 2094 3131 imi-

519 3179 691 3235 tantes
713 3172 1002 3229 monachos
1024 3170 1325 3241 Egyptios,
1357 3179 1411 3224 et
1439 3170 1670 3223 similem
1704 3170 1811 3224 illis
1838 3170 2093 3225 ducentes

521 3264 704 3327 vitam.
746 3262 876 3325 Nam
911 3262 1172 3331 imprimis
1202 3270 1515 3330 perpetuum
1540 3262 1804 3330 jejunium
1832 3263 2091 3317 observa-

2198 2550 2318 2591 csse
2355 2536 2669 2603 debuerunt,
2703 2550 3017 2607 quocunque
3053 2539 3177 2592 anni
3208 2547 3464 2607 tempore,
3506 2553 3605 2608 per
3634 2540 3770 2595 none

2199 2627 2404 2696 pulsum
2422 2628 2640 2682 excitati
2666 2628 2737 2681 ita
2758 2635 2817 2685 ut
2837 2627 3009 2685 media
3028 2636 3183 2682 nocte
3204 2644 3417 2698 semper
3438 2629 3770 2685 surrexerint

2198 2718 2264 2772 ad
2304 2719 2508 2788 vigilias
2548 2726 2839 2777 nocturnas
2884 2720 3229 2788 peragendas.
3272 2719 3400 2785 Qua:
3442 2720 3645 2788 vigilite
3682 2736 3769 2789 per

2202 2808 2439 2877 integras
2487 2817 2594 2863 tres
2637 2807 2796 2871 horas
2836 2806 3117 2873 durabant,
3162 2811 3286 2877 quia
3324 2810 3546 2879 singulis
3586 2812 3769 2879 viginti

2199 2899 2433 2967 psalmos
2479 2899 2833 2968 deputabunt,
2883 2909 2937 2954 et
2979 2900 3044 2954 ad
3085 2901 3242 2955 linem
3286 2902 3540 2970 cujusque
3585 2903 3771 2971 psalmi

2197 2988 2463 3058 profunde
2480 3004 2625 3059 genu
2650 2989 2953 3054 ﬂectebant,
2980 3004 3099 3045 sese
3128 2992 3180 3045 in
3207 3001 3399 3046 terram
3429 3001 3771 3060 prosternen-

2198 3090 2296 3135 tes.
2341 3080 2581 3149 Expletis
2611 3080 2779 3136 tribus
2807 3081 3003 3150 vigiliis
3032 3083 3332 3147 nocturnis,
3362 3097 3597 3137 consona
3629 3084 3775 3138 vocis

2197 3184 2251 3226 et
2277 3171 2455 3225 cordis
2486 3170 2780 3225 intentione
2807 3186 2994 3225 omnes
3034 3172 3183 3227 exire
3222 3172 3289 3226 de
3318 3174 3549 3226 oratorio
3578 3172 3773 3227 debue~

2196 3270 2350 3325 runt;
2378 3262 2524 3315 solus
2547 3271 2722 3317 autem
2756 3272 2904 3329 pater
2930 3262 3236 3315 monasterii
3259 3272 3517 3317 secretam
3543 3264 3657 3318 Deo
3681 3279 3775 3331 pro

522 3357 667 3419 bant,
696 3354 862 3408 semel
895 3356 949 3407 in
981 3354 1069 3407 die
1097 3354 1274 3408 cibum
1304 3362 1596 3420 sumentes,
1626 3362 1680 3407 et
1706 3354 1920 3423 quidem
1956 3364 2090 3408 tem-
2125 3356 2169 3418 C
2200 3363 2342 3407 statu
2366 3353 2624 3407 Ecclesia:
2656 3353 2902 3407 inridebat
2936 3353 3255 3419 orationem,
3288 3353 3411 3407 dum
3438 3354 3632 3424 reliqui
3667 3371 3773 3409 me-

522 3459 650 3513 pore
677 3441 921 3511 hiemali,
954 3442 1335 3511 apparentibus
1362 3444 1537 3498 stellis
1566 3444 1620 3497 in
1652 3446 2007 3509 lirmamento,
2041 3446 2093 3498 in

521 3544 707 3589 n-state
735 3545 908 3588 autem
942 3542 1058 3604 post
1089 3549 1335 3593 occasum
1367 3534 1518 3590 solis.
1559 3535 1686 3601 Qua:
1714 3535 1931 3590 reiectio
1956 3536 2095 3603 apud

522 3627 644 3691 illos
674 3625 960 3680 vocabatur
996 3640 1178 3692 omna,
1208 3636 1258 3681 et
1293 3627 1343 3679 in
1374 3641 1556 3681 mensa
1595 3642 1698 3681 non
1738 3636 2099 3696 opposuerunt

523 3720 853 3774 diversorum
894 3718 1093 3774 fercula
1141 3732 1425 3788 saporum,
1484 3734 1657 3790 neque
1713 3719 2097 3776 esculentiores

523 3820 727 3881 pastus,
766 3809 860 3865 sed
907 3810 1201 3867 secundum
1252 3810 1646 3867 comedentium
1696 3828 1973 3868 numerum
2021 3821 2101 3868 tot

524 3901 816 3971 parimacia
858 3900 1029 3971 panis,
1071 3914 1229 3971 atque
1267 3902 1411 3957 olera
1441 3912 1613 3969 cocta,
1644 3903 1738 3958 sed
1770 3904 1942 3958 solum
1987 3905 2099 3961 Sale

526 3994 756 4067 colldita.
808 3994 1089 4065 Nunquam
1140 4009 1330 4051 carnes
1378 3996 1458 4051 vel
1509 3995 1683 4064 pisces
1724 3998 2095 4065 comederunt,

524 4101 695 4155 neque
729 4099 942 4141 caseum
971 4086 1054 4141 vel
1084 4085 1330 4156 butyrum
1357 4085 1708 4155 admiserunt,
1740 4089 1840 4143 nisi
1872 4089 2100 4145 domini-

526 4178 603 4245 cis
628 4185 683 4233 et
710 4176 912 4235 festivis
937 4178 1150 4247 diebus,
1182 4178 1394 4248 quando
1426 4177 1605 4233 binam
1634 4179 1980 4237 refectionem
2009 4197 2100 4236 su-

526 4268 760 4335 mebant,
780 4268 985 4326 scilicet
1004 4268 1284 4338 prandium
1305 4277 1361 4325 et
1378 4282 1609 4326 orenam.
1634 4268 1740 4326 Pro
1762 4283 1884 4340 pom
1909 4288 2098 4343 aquam

527 4357 828 4415 habuerunt
866 4374 1053 4429 puram
1091 4369 1147 4416 et
1186 4360 1471 4430 aliquando
1515 4362 1734 4421 mixtam
1776 4363 1942 4427 lacte,
1979 4380 2099 4419 nam

526 4449 711 4511 vinum
738 4460 791 4505 et
813 4452 1073 4525 cererisia
1098 4451 1203 4517 illis
1227 4453 1404 4522 ignota
1435 4464 1605 4513 erant.
1665 4456 1894 4509 lniirmis
1925 4466 2099 4512 tamen

527 4542 610 4597 vel
638 4552 795 4619 aetate
824 4544 1114 4614 provectis,
1140 4544 1221 4601 vel
1250 4546 1407 4601 etiam
1438 4546 1595 4616 longo
1621 4546 1815 4604 itinere
1842 4548 2103 4619 fatigatis,

529 4631 704 4704 aliqua
723 4633 983 4707 suavioris
1003 4632 1107 4699 cibi
1128 4634 1510 4693 oblectamenta
1533 4636 1814 4705 dabantur,
1833 4656 2099 4710 nunquam

2200 3446 2581 3511 dilationibus,
2625 3445 3084 3515 genuﬂevionibus
3119 3446 3343 3515 aliisque
3384 3446 3484 3516 piis
3524 3449 3775 3516 Operibus

2200 3537 2606 3603 incumbebant,
2646 3552 2813 3606 usque
2841 3535 3151 3590 diluculum.
3195 3535 3261 3590 Et
3294 3546 3416 3591 tunc
3444 3537 3571 3592 dato
3600 3541 3770 3610 signo,

2200 3642 2387 3685 omnes
2416 3628 2705 3682 oratorium
2727 3626 3004 3693 accedant,
3038 3626 3101 3679 ad
3130 3627 3417 3683 matutinas
3444 3626 3630 3682 laudes
3657 3644 3775 3695 per-

2200 3720 2503 3787 solvendas,
2527 3719 2721 3790 quibus
2742 3719 2929 3784 ﬁnitis,
2952 3728 3102 3789 pater
3123 3720 3431 3775 monasterii
3454 3718 3777 3790 quotidianis

2200 3812 2552 3884 lacrymarum
2572 3813 2805 3869 fontibus
2826 3813 3123 3879 exundans,
3147 3812 3458 3867 thuriﬁeatis
3478 3815 3777 3869 orationum

2201 3902 2748 3961 bolocaustomatibus
2771 3903 3017 3961 redolens
3045 3919 3270 3973 gemmae
3310 3904 3545 3959 caritatis
3583 3907 3778 3960 ardore

2201 3995 2453 4066 ﬂagrans,
2472 3996 2702 4052 debitam
2731 3994 2980 4050 dominici
3012 3996 3254 4064 corporis
3280 3996 3599 4051 oblationem
3626 3998 3775 4067 puris

2200 4086 2449 4144 sacrabat
2466 4086 2732 4153 manibus,
2754 4086 2937 4156 sicque
2962 4086 3031 4143 ad,
3054 4086 3350 4155 angelicum
3373 4087 3627 4156 pergebat
3648 4088 3777 4140 allo-

2200 4178 2405 4248 quium.
2431 4176 2630 4248 Synaxi
2652 4176 2820 4242 ﬁnita,
2841 4177 3001 4247 aliqui
3028 4176 3269 4245 frigidam
3295 4179 3537 4246 petebant
3558 4192 3771 4247 aquam,

2203 4269 2259 4324 in
2283 4283 2388 4338 qua
2410 4268 2609 4325 diutius
2636 4268 2916 4335 morando,
2946 4283 3143 4338 corpus
3168 4268 3428 4338 rigabant,
3455 4283 3776 4337 omnemque

2202 4360 2385 4416 carnis
2414 4359 2665 4415 ardorem
2696 4360 3029 4414 domitabant
3059 4377 3074 4413 :
3106 4360 3337 4430 quandiu
3367 4368 3542 4415 autem
3574 4362 3626 4414 in
3655 4376 3779 4413 ora-

2207 4453 2344 4509 torio
2374 4460 2616 4520 orarent,
2647 4451 2821 4505 nullus
2850 4452 3102 4519 oscitare,
3135 4452 3308 4506 nullus
3338 4453 3774 4507 sternutationem

2203 4540 2402 4609 facere,
2435 4541 2609 4596 nullus
2645 4541 2865 4595 snlivam
2890 4542 3070 4609 jacere
3102 4542 3325 4596 licenter
3358 4541 3597 4595 auderet.

2279 4633 2480 4689 Deinde
2522 4648 2713 4689 omnes
2758 4633 2821 4686 ad
2869 4632 3211 4687 laborandum
3254 4633 3397 4687 domi
3442 4633 3523 4687 vel
3569 4631 3673 4686 ruri
3722 4646 3781 4686 se

530 4735 709 4799 tamen
747 4739 938 4793 carnes
980 4726 1348 4789 comedebant.
1398 4727 1452 4782 ln
1495 4744 1675 4785 mensa
1714 4739 1895 4785 autem
1937 4731 2100 4786 altum
2133 4718 2181 4778 Ι)
2208 4725 2597 4794 prmparabant,
2622 4723 3007 4793 utquotidiano
3022 4723 3342 4778 desudantes
3363 4723 3509 4792 operi
3532 4738 3779 4776 manuum

532 4814 885 4891 observabant
923 4815 1196 4872 silentium
1237 4816 1431 4875 divina:
1475 4818 1688 4875 lectioni
1726 4830 1779 4875 ct
1815 4821 2103 4889 spiritualis

536 4907 703 4971 patris,
726 4905 1185 4973 exhortationibus
1210 4907 1425 4971 intenti,
1449 4916 1609 4977 atque
1631 4907 1731 4967 hoc
1753 4910 1911 4963 modo
1936 4910 2105 4966 lessus

534 5004 681 5059 artus
700 5004 932 5063 accepta:
952 5010 1120 5053 ruente
1145 4995 1436 5053 reiectione
1458 4997 1785 5067 relevabant,
1809 5015 1907 5055 nec
1928 5008 2104 5056 tamen

536 5086 602 5153 ad
641 5086 968 5159 satietatem;
1010 5087 1171 5141 nimia
1211 5087 1353 5141 enim
1390 5088 1631 5154 satietas,
1659 5091 1902 5158 quamvis
1939 5092 2107 5148 solius

538 5176 712 5246 panis,
737 5176 997 5251 luxuriam
1019 5177 1208 5249 gignit,
1235 5176 1328 5232 sed
1352 5186 1476 5232 tunc
1499 5192 1593 5245 pro
1615 5178 1801 5247 impari
1823 5194 2103 5250 corporum

537 5267 619 5321 vel
636 5277 847 5321 mtatum
873 5267 1199 5334 conditione,
1217 5266 1443 5338 quisque
1471 5281 1677 5322 cmnam
1692 5284 1884 5337 capere
1911 5271 2100 5338 potuit.

607 5360 805 5427 omnes
849 5358 903 5415 in
942 5372 1048 5413 uno
1078 5358 1196 5414 loco
1226 5357 1590 5424 dormiebant,
1620 5360 1713 5414 sed
1756 5360 1806 5416 in
1846 5362 2105 5430 separatis

539 5450 902 5525 lectisterniis,
924 5459 979 5506 et
1007 5452 1221 5521 quidem
1254 5453 1450 5518 vestiti,
1479 5461 1532 5506 et
1560 5467 1691 5508 zona
1722 5452 1941 5519 pellicea
1974 5468 2106 5522 prm-

538 5542 720 5609 cincti,
761 5550 818 5596 ut
860 5542 1214 5612 expergefacti
1259 5543 1486 5598 alacrius
1522 5553 1821 5613 surgerent.
1869 5542 1999 5599 Nam
2039 5544 2103 5599 ad

542 5634 765 5703 primum
804 5635 927 5707 galli
970 5643 1181 5692 cantum
1226 5636 1276 5690 in
1321 5634 1555 5691 oratorio
1592 5649 1779 5691 omnes
1816 5645 2104 5706 prmscntes

2206 4817 2449 4873 laborare
2470 4832 2618 4871 suam
2644 4817 2697 4871 in
2720 4832 3001 4871 commune
3030 4819 3383 4885 transigerent
3405 4818 3586 4882 vitam,
3610 4817 3781 4885 probe

2207 4908 2440 4963 Scientes
2459 4908 2601 4976 quod
2628 4922 2814 4962 secura
2838 4906 2985 4975 quies
3006 4915 3061 4962 et
3078 4905 3318 4961 otiositas
3337 4907 3584 4961 vitiorum
3608 4915 3780 4958 mater

2207 5004 2262 5053 et
2293 4997 2465 5053 fomes
2495 5006 2658 5059 esset,
2690 5005 2743 5052 et
2774 4996 2897 5050 ideo
2928 4996 3177 5050 humeros
3206 5010 3331 5050 suos
3364 4994 3562 5050 divinis
3599 4993 3781 5061 fatiga-

2210 5087 2445 5144 tionibus
2493 5086 2881 5153 submiserunt;
2930 5096 2986 5141 et
3037 5086 3344 5156 impensiori
3392 5084 3600 5149 studio,
3642 5084 3776 5152 peds

2211 5194 2477 5249 manuque
2500 5178 2833 5243 laborabant,
2859 5188 3016 5247 atque
3045 5178 3115 5232 ita
3142 5178 3373 5247 propriis
3399 5176 3619 5239 viribus,
3646 5189 3750 5228 cun

2212 5279 2297 5327 cta
2343 5270 2767 5339 congregationis
2810 5283 2971 5336 Opera
3021 5283 3141 5323 eum
3180 5268 3373 5338 gaudio
3410 5265 3773 5336 expediebant.

2210 5358 2341 5414 Nam
2369 5360 2434 5414 ad
2460 5360 2639 5414 rurale
2662 5374 2796 5429 opus
2822 5359 3069 5426 accincti,
3090 5358 3273 5428 jugum
3301 5368 3499 5427 ponunt
3525 5355 3775 5423 humeris,

2209 5454 2549 5519 sustossoria,
2568 5454 2873 5521 va‘ngasque
2895 5451 3092 5505 invicto
3112 5450 3330 5504 brachio
3350 5460 3503 5504 terra-
3523 5449 3772 5517 deligunt,

2211 5544 2469 5611 sarculos,
2518 5556 2800 5611 serrasque
2846 5541 2915 5597 ad
2951 5540 3327 5597 succirlendum
3368 5539 3570 5593 sanctis
3607 5537 3776 5592 ferunt

2214 5636 2486 5705 manibus,
2529 5636 2814 5707 omniaque
2856 5641 3109 5706 prastant
3162 5633 3377 5704 proprio
3413 5631 3623 5694 labore,
3656 5640 3772 5694 qui!
