4016 6182
297 297 400 349 565

1579 276 1757 333 Οῐὶῡυ
1799 271 2253 330 MONAS'HCUS.

3427 278 3530 336 536

295 405 537 459 lmmines
572 400 754 455 rustici
791 398 985 453 auxilio
1023 397 1054 451 b
1076 410 1179 450 mm
1218 404 1271 451 et
1310 407 1565 463 equorum
1602 392 1858 461 perticcre
1884 391 1937 445 A
1963 390 2159 459 aliquid
2184 405 2276 458 pro
2298 389 2630 459 eleemosyna
2653 390 2945 445 concedere
2968 389 3208 456 voluerit,
3228 391 3531 450 immediate

297 497 488 551 solent.
518 493 647 547 Nam
677 490 814 560 apud
842 491 999 557 ipsos,
1033 487 1175 557 nulla
1207 502 1311 540 trra
1339 485 1496 539 boum
1526 492 1579 537 et
1604 495 1858 550 equorum

298 594 391 635 aut
420 582 643 635 aliorum
674 579 978 632 animalium
1013 574 1384 630 inveniebatur
1412 573 1479 626 ad
1507 584 1663 640 agros
1699 583 1860 623 exco-

291 670 504 733 lendos,
530 669 611 722 vel
636 668 984 738 quodcunque
1011 680 1143 735 Opus
1166 661 1545 733 perliciendum
1572 661 1695 730 quia
1718 661 1867 728 qu‘s-

292 775 403 829 que
423 772 536 814 erat
560 760 653 813 bos
674 765 726 813 et
747 771 913 826 equus
938 755 1002 809 ad
1026 754 1395 810 laborandum.
1419 751 1575 807 Solus
1598 750 1867 805 seniculus

294 850 463 904 abbas
488 847 669 903 habuit
693 845 989 916 equiculum
1016 844 1082 899 ad
1121 846 1224 899 iter
1252 844 1550 899 faciendum
1593 850 1645 896 et
1672 855 1868 910 paucas

293 953 491 993 vaccas
530 938 737 992 ratione
775 936 957 997 lactis,
989 934 1145 990 sicuti
1174 944 1228 989 et
1255 948 1381 988 oves
1410 932 1616 987 ratione
1650 931 1783 985 lana:
1818 940 1873 987 et

294 1029 459 1099 pellis
498 1027 828 1091 nutriebant,
855 1039 974 1080 nam
1002 1039 1188 1079 omnes
1226 1025 1357 1079 alias
1388 1023 1753 1094 possessiones
1788 1037 1871 1077 re-

292 1120 582 1188 Splteanl,
620 1127 675 1174 et
714 1117 930 1172 divitias
971 1115 1388 1172 detestabantur.
1433 1114 1655 1182 Quando
1694 1122 1871 1167 autem

294 1224 439 1277 opus
474 1208 651 1263 rurale
678 1207 875 1261 diutius
903 1206 1131 1269 duravit,
1167 1213 1289 1258 tunc
1326 1204 1380 1258 in
1416 1202 1617 1271 campis
1659 1200 1873 1256 solitum

295 1302 630 1373 psalmorum
685 1314 906 1371 pensum
961 1297 1317 1368 peragebant,
1368 1294 1652 1349 observato
1700 1292 1878 1348 debito

295 1403 565 1461 tempore,
598 1404 694 1460 pro
727 1389 950 1458 singulis
979 1388 1127 1443 horis
1168 1386 1469 1448 canonicis,
1500 1383 1565 1438 ad
1608 1383 1708 1438 hoc
1736 1383 1876 1437 enim

297 1482 516 1547 intenti,
540 1491 595 1535 ut
615 1481 839 1551 singulis
858 1480 1043 1535 diebus
1064 1478 1329 1547 integrum
1352 1474 1667 1531 Psalterium
1690 1473 1881 1528 devote

298 1578 616 1629 recitarent.
643 1571 886 1639 Quandiu
911 1582 1087 1628 autem
1115 1570 1445 1635 laborabant,
1475 1567 1674 1622 nullum
1701 1566 1883 1621 audie-

296 1665 466 1719 batur
487 1680 747 1731 murmur,
768 1664 970 1719 nullum
992 1669 1186 1733 praeter
1207 1660 1565 1716 necessarium
1586 1659 1884 1715 habebatur

1964 486 2282 552 pauperibus
2327 483 2738 553 distribuebant,
2787 486 2978 555 quibus
3027 486 3185 540 etiam
3236 488 3533 541 oblationes

1967 577 2202 632 fidelium
2250 586 2663 642 concesserunt;
2715 578 2767 630 in
2815 577 3007 631 vicinia
3050 578 3191 633 enim
3238 578 3537 632 habuerunt

1969 649 2380 735 xenoilochium,
2424 669 2514 722 ubi
2560 682 2818 738 pauperes
2856 678 2910 721 et
2952 668 3174 737 debiles,
3222 670 3440 724 claudos
3485 679 3541 723 et

1969 774 2163 823 caecos,
2198 774 2353 815 senes
2391 768 2444 813 et
2484 760 2751 828 orphanos
2787 759 3110 825 nutriebant,
3144 774 3367 829 quorum
3399 773 3534 828 prae-

1970 851 2179 920 cipuam
2225 865 2404 904 curam
2451 851 2666 918 g«-rebat
2715 852 3078 914 S.Servanns,
3123 850 3309 904 iisdem
3364 850 3543 904 omnia

1972 942 2271 997 necessaria
2316 941 2579 1011 praebens,
2622 940 2826 1013 piisque
2867 941 3327 998 exhortationibus
3366 943 3399 997 i-
3424 956 3540 996 ser-

1973 1047 2143 1087 Vlells.

2044 1122 2246 1179 Vilibus
2273 1124 2629 1180 induebantur
2650 1126 2904 1192 vestibus,
2930 1126 3160 1181 maxime
3186 1125 3425 1195 pellinis,
3448 1124 3540 1181 sed

1974 1214 2079 1271 albi
2107 1214 2320 1279 coloris,
2344 1224 2403 1269 ut
2431 1217 2670 1272 moribus
2699 1218 2775 1271 sic
2806 1226 2858 1272 et
2884 1216 3117 1272 veStibus
3145 1216 3353 1272 candidi
3382 1231 3543 1285 appa-

1977 1312 2174 1369 rerent,
2204 1304 2428 1360 Habitus
2456 1307 2598 1359 enim
2630 1306 2850 1360 interior
2878 1322 2941 1361 ex
2974 1306 3090 1359 alba
3119 1306 3235 1359 lana
3266 1312 3547 1360 contextus

1981 1395 2046 1450 ad
2084 1411 2253 1466 genua
2296 1395 2672 1462 descendebat,
2706 1396 2901 1466 illoque
2944 1396 3010 1450 ad
3046 1395 3390 1449 laborandum
3432 1404 3551 1451 ute-

1982 1485 2212 1551 bantur,
2264 1500 2387 1539 nam
2433 1485 2601 1539 lineas
2652 1494 2827 1539 vestes
2885 1498 3151 1552 nunquam
3205 1482 3549 1537 adhibebant.

1986 1576 2233 1631 Exterior
2260 1574 2472 1629 habitus
2502 1583 2618 1629 erat
2646 1574 2839 1641 birras,
2867 1573 2954 1641 qui
2981 1582 3034 1628 et
3064 1572 3396 1641 amphibalus
3423 1571 3553 1627 dici-

1988 1677 2092 1734 tur,
2128 1682 2323 1737 corpus
2352 1666 2507 1722 simul
2539 1675 2593 1721 et
2620 1673 2780 1734 caput
2816 1673 3028 1735 tegens,
3063 1678 3220 1733 quem
3248 1677 3378 1717 zona
3409 1662 3557 1731 pelli-

296 1756 657 1824 colloquium,
689 1754 782 1809 sed
813 1755 1032 1824 quisque
1062 1761 1155 1808 aut
1181 1750 1403 1820 orando,
1440 1761 1531 1807 aut
1558 1760 1702 1806 recte
1738 1749 1882 1822 cogi-
1911 1732 1959 1792 Β
1987 1732 2087 1815 eea
2110 1732 2526 1828 praecinxerunt,
2557 1732 2717 1825 atque
2757 1758 2835 1810 sic
2874 1732 3200 1810 incedebant
3229 1754 3463 1824 quotidie
3492 1753 3558 1808 ad

304 1847 480 1901 tando
510 1846 801 1914 iniunctum
833 1843 1114 1914 peragebat
1145 1858 1298 1913 opus.

375 1939 607 1991 Peracto
640 1952 802 2005 opere
829 1935 988 1990 rurali
1007 1976 1023 2003 ,
1055 1949 1147 1991 seu
1177 1949 1490 2005 quocunque
1517 1933 1624 1988 alio
1650 1933 1887 2004 iniuncto

298 2028 495 2082 labore
522 2028 630 2095 jam
660 2026 830 2093 finito,
853 2025 916 2079 ad
948 2027 1111 2080 cellas
1141 2028 1380 2095 proprias
1409 2025 1766 2089 revertebant,
1799 2023 1887 2077 ubi

299 2130 393 2171 aut
426 2116 713 2171 scribendo
735 2124 824 2169 aut
849 2115 1051 2170 orando
1082 2124 1244 2169 totam
1276 2116 1341 2169 ad
1363 2129 1638 2184 vesperam
1672 2128 1888 2183 perage-

302 2212 445 2263 bant
473 2210 638 2272 diem,
682 2207 781 2261 nisi
813 2206 1023 2276 quando
1068 2215 1274 2275 tempus
1312 2206 1496 2260 aderat
1534 2204 1600 2259 ad
1630 2204 1888 2259 orandum

305 2300 477 2351 horas
508 2297 794 2351 canonicas
828 2296 880 2349 in
912 2296 1167 2350 oratorio.
1213 2294 1442 2364 Vespere
1479 2302 1656 2348 autem
1701 2306 1892 2362 appro-

306 2392 637 2458 pinquante,
658 2403 780 2442 cum
808 2388 943 2442 notae
970 2387 1152 2457 pulsus
1178 2386 1507 2451 audiebatur,
1533 2387 1756 2455 quisque
1782 2393 1893 2439 stu-

302 2481 464 2534 diUm
496 2489 591 2537 aut
619 2479 851 2532 laborem
882 2477 1181 2532 deserebat.
1231 2476 1632 2543 Quamprimum
1665 2474 1807 2527 extim
1839 2475 1892 2527 in

304 2575 542 2628 auribus
567 2573 923 2641 cujuscunque
952 2568 1131 2639 pulsus
1159 2575 1453 2637 resonaret,
1484 2566 1678 2635 scripto
1710 2563 1895 2619 littera

304 2668 495 2736 apice,
520 2666 605 2717 vel
628 2666 785 2718 etiam
809 2664 1024 2717 dimidia
1047 2661 1281 2730 ejusdem
1315 2660 1503 2713 littera:
1533 2658 1716 2728 figura,
1741 2658 1897 2710 citius

305 2764 690 2823 assurgentes,
722 2768 815 2808 sua
848 2753 1099 2807 ﬁniebant
1126 2751 1317 2814 officia,
1343 2751 1521 2818 sicque
1548 2764 1665 2801 cum
1686 2748 1897 2802 silentio

305 2858 365 2900 et
406 2847 696 2915 gravitate,
748 2847 863 2899 sine
914 2844 1018 2897 ulla
1058 2842 1307 2912 colloquii
1349 2841 1683 2895 fabulositate
1724 2847 1901 2893 orato-

309 2941 464 2994 rium
491 2938 763 3004 petebant.
795 2938 1028 3005 Expletis
1057 2937 1377 3005 psalmorum
1400 2934 1643 3001 canticis,
1667 2946 1902 2987 consona

307 3031 513 3089 cordis
542 3040 599 3084 et
628 3031 771 3085 vocis
809 3031 1107 3085 intentione
1143 3028 1365 3099 quisque.
1404 3026 1626 3097 privatis
1657 3025 1902 3096 precibus

307 3134 367 3178 et
417 3121 889 3191 genuflexionibns
934 3120 1291 3185 inserviebat,
1340 3118 1683 3189 quoadusque
1731 3115 1902 3170 sidera

308 3217 476 3270 coelo
508 3216 619 3267 visa
654 3212 858 3266 finitum
888 3212 1194 3268 clauderent
1221 3210 1384 3279 diem,
1416 3211 1468 3265 in
1495 3217 1678 3264 aestate
1704 3216 1902 3272 autem,

309 3306 392 3361 ob
430 3304 617 3358 noctis
642 3302 975 3365 brevitatem,
1008 3317 1175 3372 usque
1205 3302 1270 3357 ad
1302 3315 1547 3357 occasum
1576 3300 1726 3355 solis.

392 3396 649 3451 Tandem
687 3395 750 3449 ad
791 3409 1026 3451 mensam
1069 3395 1414 3461 conveniunt,
1456 3405 1511 3448 ut
1553 3395 1720 3447 fessos
1762 3400 1912 3446 artus

308 3502 510 3543 caena:
550 3485 837 3540 refectione
876 3486 1217 3552 relevarent,
1267 3485 1352 3539 ubi
1395 3484 1605 3554 quidem
1648 3482 1911 3552 spirituali

310 3577 561 3633 teeth-ni
596 3576 709 3644 plus
738 3570 1085 3632 attendebant
1112 3590 1268 3645 quam
1299 3575 1539 3630 ciborum
1566 3575 1770 3644 sapori;
1805 3581 1911 3628 tota

310 3675 482 3727 enim
507 3671 729 3724 refectio
750 3685 856 3724 non
878 3669 991 3723 aliis
1012 3669 1143 3723 cibis
1169 3681 1324 3737 quam
1351 3667 1616 3721 communi
1644 3681 1778 3735 pane
1802 3665 1915 3719 sale

312 3761 577 3817 conditis
607 3761 909 3829 constabat,
950 3767 1005 3813 ut
1024 3760 1133 3828 jam
1164 3759 1359 3813 dictum
1390 3767 1492 3813 est.
1525 3757 1727 3811 Modice
1758 3758 1916 3825 igitur

311 3853 555 3921 refecti,
590 3865 708 3904 cum
747 3850 1035 3920 gratiarum
1071 3849 1281 3904 actione
1314 3848 1603 3902 oratorium
1643 3847 1915 3917 petebant,

310 3955 377 4001 et
430 3960 541 4014 per
592 3941 752 3998 breve
804 3951 1009 4011 tempus
1057 3940 1355 3995 orationem
1399 3938 1751 4003 eﬂ‘undentes,
1793 3939 1918 3992 dato

308 4037 521 4106 signo,
549 4043 605 4089 et
630 4040 842 4101 accepta
871 4032 1036 4101 patris
1063 4030 1352 4101 spiritualis
1379 4030 1772 4095 benedictione,
1797 4029 1919 4083 dor-

309 4127 623 4184 mitorium
644 4124 967 4181 accedebant
994 4137 1199 4191 onmes,
1223 4122 1463 4181 seniores
1486 4137 1637 4191 teque
1660 4137 1722 4175 ac
1743 4121 1922 4190 junio-

311 4238 443 4287 res,
522 4221 812 4273 secundum
860 4219 1101 4274 ordinem
1153 4219 1510 4279 claustralem,
1558 4230 1730 4283 neque
1777 4214 1922 4269 vocis

312 4310 652 4367 mussitatio
682 4310 854 4363 audita
879 4319 979 4373 est,
1002 4309 1094 4364 sed
1124 4324 1287 4379 usque
1307 4308 1372 4362 ad
1406 4310 1629 4376 primum
1651 4306 1771 4376 galli
1797 4320 1918 4360 can-

1986 1849 2244 1906 orandum
2273 1859 2327 1905 et
2353 1848 2723 1912 laborandum,
2752 1856 2808 1902 et
2833 1847 2994 1901 etiam
3026 1846 3104 1900 sic
3131 1845 3488 1921 dormiebant.

2059 1940 2222 2011 Igitur
2250 1940 2389 2010 apud
2428 1941 2677 2008 antiquos
2708 1938 2829 1992 illos
2859 1936 3149 1991 monachos
3196 1937 3307 2005 sive
3335 1934 3561 1990 Culdeos

1987 2030 2221 2101 fulgebat
2250 2030 2480 2100 perfecta
2512 2044 2719 2082 morum
2746 2027 3001 2098 probitas,
3026 2028 3147 2081 vita:
3178 2034 3481 2095 paupertas,
3508 2026 3559 2077 in

1988 2120 2209 2191 agendis
2237 2120 2439 2175 act'bus
2462 2127 2717 2189 perpetua
2747 2119 3095 2180 continentia,
3124 2129 3281 2185 atque
3311 2115 3374 2168 ad
3400 2116 3563 2184 patris

1990 2210 2281 2280 spiritualis
2298 2210 2576 2280 imperium
2601 2209 2906 2264 indetieiens
2926 2208 3247 2264 obedientia.
3266 2207 3371 2261 Nec
3392 2206 3563 2261 solum

1993 2303 2129 2373 patri
2161 2302 2494 2371 monasterii,
2527 2302 2620 2356 sed
2660 2311 2712 2356 ct
2744 2301 3048 2357 senioribus
3077 2300 3145 2355 ab
3184 2301 3299 2368 ἱιιιο
3338 2300 3400 2351 ad
3434 2298 3564 2351 invi-

1994 2395 2261 2464 gilandum
2310 2394 2610 2449 constitutis
2656 2392 2873 2447 obedire
2915 2392 3212 2446 debuerunt
3264 2404 3469 2456 omnes,
3515 2400 3569 2443 et

1996 2485 2385 2555 refragantibus
2437 2486 2584 2539 dura).
2639 2483 3001 2538 subdebantur
3062 2481 3406 2550 pmnitentiae.
3468 2479 3570 2533 Pro

1996 2577 2240 2648 qualibet
2274 2575 2415 2632 enim
2448 2574 2602 2643 culpa
2642 2574 2804 2630 etiam
2851 2573 3067 2627 minima
3106 2586 3289 2625 severa
3332 2570 3571 2639 iniunge-

1999 2667 2156 2720 batur
2180 2680 2353 2734 pinna,
2382 2665 2458 2719 sic
2480 2664 2693 2734 quando
2713 2665 2936 2733 quisque
2960 2661 3158 2731 aliquid
3182 2660 3279 2715 sibi
3305 2660 3570 2729 proprium

2000 2757 2295 2810 vindicaret
2315 2765 2366 2809 et
2384 2756 2768 2823 pronuntiaret,
2787 2753 2932 2809 verbi
2954 2752 3145 2821 gratia,
3165 2751 3334 2805 Meum
3360 2752 3575 2815 librttm,

2002 2857 2130 2913 etc.,
2156 2857 2279 2901 tunc
2305 2854 2499 2901 exutus
2526 2846 2780 2912 vestibus,
2810 2859 2870 2898 se
2899 2858 3033 2912 aqua
3065 2842 3382 2911 immergere
3413 2854 3577 2909 usque

2003 2939 2070 2993 ad
2115 2938 2313 2993 collum
2360 2937 2565 3002 debuit,
2613 2936 2791 3005 ibique
2837 2935 3044 2988 diutius
3113 2931 3369 2986 morando
3421 2945 3578 2985 oume

2008 3032 2237 3105 propriae
2286 3029 2569 3085 voluntatis
2629 3042 2804 3096 pravae
2854 3026 3175 3081 desiderium
3220 3025 3571 3093 exstinguere.

2012 3127 2067 3183 Si
2112 3135 2290 3179 autem
2339 3123 2507 3191 patris
2551 3119 2861 3188 spiritualis,
2908 3118 2992 3172 vel
3036 3116 3257 3170 aliorum
3309 3119 3578 3170 seniorum

2007 3218 2153 3289 iussa
2186 3216 2427 3269 hilariter
2462 3222 2514 3267 ct
2554 3211 2806 3266 alacriter
2839 3225 2943 3263 non
2984 3207 3372 3277 adimplererit,
3405 3221 3435 3260 a
3477 3205 3581 3261 fra-

2012 3320 2152 3363 trum
2193 3304 2461 3360 consortio
2502 3309 2833 3371 segregatus,
2862 3314 2996 3370 pane
3033 3309 3084 3355 et
3121 3313 3255 3369 aqua
3291 3298 3469 3353 landitt
3505 3299 3583 3351 vi-

2012 3414 2137 3454 vere
2159 3397 2367 3462 debuit,
2388 3396 2558 3449 donec
2578 3391 2941 3462 resipisceret,
2964 3398 3018 3446 et
3042 3389 3087 3446 si
3102 3388 3346 3443 obstinax
3367 3390 3420 3442 in
3438 3388 3581 3442 diso-

2012 3490 2276 3548 bedientia
2310 3486 2682 3558 permanserit,
2717 3493 2769 3540 et
2803 3484 3010 3553 culpam
3052 3481 3387 3537 commissam
3425 3496 3586 3549 agno-

2014 3599 2163 3639 scere
2187 3581 2438 3645 renuerit,
2462 3579 2710 3650 squalore
2731 3577 2961 3633 carceris
2985 3574 3318 3645 puniebatur.
3344 3573 3445 3628 Pro
3472 3587 3589 3640 par-

2017 3676 2096 3745 vis
2115 3675 2282 3743 culpis
2300 3672 2510 3743 publice
2530 3668 2830 3725 commissis
2850 3681 3029 3722 coram
3053 3675 3160 3721 tota
3182 3664 3588 3733 congregatione

2018 3765 2382 3836 paenitentiam
2417 3762 2648 3832 agebant
2672 3761 2806 3816 diris
2838 3758 3151 3813 verberibus
3178 3756 3436 3827 percussi,
3470 3769 3589 3824 illul!

2020 3857 2222 3926 ﬂagella
2250 3853 2631 3927 ptenitentialia
2662 3849 3091 3905 nominabantur.

2091 3950 2243 4004 Hunc
2279 3962 2523 4015 asperum
2565 3954 2618 3998 et
2654 3944 2845 3998 durum
2885 3939 3100 3995 vivendi
3138 3938 3352 3994 modum
3390 3939 3592 3991 inibant

2022 4041 2223 4097 Kiledci
2252 4041 2363 4094 sive
2390 4036 2634 4091 monachi
2657 4034 2858 4103 antiqui
2878 4032 3227 4086 Culrosenses
3255 4043 3373 4083 eum
3403 4045 3591 4096 magno

2021 4131 2236 4201 gaudio,
2254 4139 2313 4183 ut
2334 4127 2592 4181 violenter
2612 4133 2863 4192 raperent
2881 4136 3100 4191 regnum
3123 4121 3402 4185 calorum,
3424 4134 3593 4186 neque

2025 4223 2194 4278 facilis
2221 4220 2287 4275 ad
2326 4217 2654 4273 subeundam
2693 4226 2798 4268 tam
2837 4213 3056 4269 arduam
3090 4212 3394 4266 monasterii
3434 4209 3595 4263 disci-

2026 4315 2225 4384 plinam
2279 4312 2550 4380 ingreSsus
2583 4306 3004 4369 concedebatur,
3036 4304 3274 4373 quamvis
3327 4301 3474 4354 mn‘ti
3528 4301 3591 4353 ad

311 4414 475 4468 tum,
523 4401 757 4469 quietem
799 4402 1099 4455 sumebant.
1144 4401 1317 4470 Atque
1347 4401 1447 4455 hoc
1473 4401 1650 4465 modo,
1683 4415 1778 4469 per
1807 4398 1902 4454 sin.

2028 4422 2234 4462 morum
2258 4402 2690 4460 reformationem
2715 4398 3119 4454 concurrebant.
3143 4394 3270 4448 Nam
3295 4394 3596 4462 quicunque

307 4496 496 4563 gulas
530 4491 656 4545 anni
701 4491 814 4545 dies
841 4500 894 4545 et
922 4501 1105 4546 noctes
1129 4493 1367 4547 Creatori
1406 4508 1504 4547 suo
1540 4491 1921 4555 inserviebant,

311 4587 428 4637 ιηδὶ
472 4582 627 4651 quod
659 4598 686 4634 a
720 4592 872 4636 nocte
902 4581 1106 4636 sabbati
1135 4597 1411 4651 quousque
1438 4582 1609 4653 primo
1633 4582 1921 4636 dilucnlum

307 4678 554 4731 scilicet
588 4675 752 4741 prima
792 4674 894 4728 diei
939 4674 1216 4729 dominica:
1260 4675 1387 4729 hora
1427 4673 1673 4738 eluxcrit,
1706 4674 1920 4741 vigiliis,

304 4763 709 4826 orationibus,
738 4763 1194 4831 genuflexionibus
1223 4779 1341 4818 sese
1371 4763 1743 4832 impenderim,
1772 4778 1926 4817 exce—

307 4870 417 4930 pta
456 4871 576 4912 una
608 4855 736 4911 hora
767 4864 889 4925 post
917 4856 1203 4909 matutinas
1249 4856 1454 4921 laudes,
1481 4856 1692 4925 quando
1718 4870 1835 4910 sese
1860 4855 1924 4908 ad

306 4948 642 5008 scrutanda
686 4948 869 5001 intima
912 4948 1091 5003 cordis
1134 4958 1337 5003 secrrta
1385 4948 1771 5017 przeparabant.
1816 4947 1928 5013 Qua

309 5051 596 5117 peremta,
630 5049 683 5094 et
718 5054 839 5095 vere
877 5040 1202 5109 compnneti,
1236 5050 1437 5109 patrem
1480 5039 1807 5109 spiritualem
1839 5053 1931 5092 ac-

308 5141 663 5197 cesserunt,
711 5134 795 5187 cui
840 5133 1189 5202 cogitationes
1231 5147 1354 5187 suas
1402 5134 1764 5203 prepalabant,
1817 5132 1934 5187 sine

313 5232 509 5301 cujus
532 5227 687 5296 jussu
717 5227 845 5281 nihil
878 5234 1128 5295 praestare
1153 5234 1457 5297 potuerunt,
1487 5227 1579 5281 sed
1606 5226 1745 5281 illius
1769 5227 1935 5281 lieen-

314 5324 480 5394 tiaut
516 5320 683 5371 etiam
718 5317 797 5372 vel
825 5318 891 5370 ad
923 5326 1123 5371 naturae
1153 5317 1403 5387 requisita
1434 5317 1795 5387 acquirebant.

402 5413 805 5475 Paupertatem
844 5411 1073 5464 maxime
1100 5410 1398 5476 coluerunt,
1432 5425 1531 5466 nec
1570 5411 1697 5465 alias
1724 5424 1936 5480 posses-

314 5505 540 5559 siones
567 5500 884 5567 ltznbucrunt,
912 5504 1011 5557 nisi
1040 5518 1171 5571 quas
1192 5505 1417 5572 propriis
1439 5504 1681 5558 manibus
1703 5504 1942 5557 laborare

318 5598 635 5664 poterant.
673 5591 802 5646 llinc
836 5593 977 5645 dona
1019 5594 1319 5661 iniquorum
1363 5604 1700 5663 respuerunt,
1732 5596 1945 5648 divitias

315 5684 785 5742 detestabantur.
818 5686 873 5742 Si
902 5694 1077 5742 autem
1102 5687 1293 5756 aliquis
1324 5687 1390 5743 de
1420 5689 1747 5756 magnatibus
1780 5696 1939 5743 terra:

2030 4498 2199 4553 sancti
2226 4494 2477 4566 propositi
2502 4490 2959 4547 conservationem
2988 4486 3325 4550 desideravit,
3352 4486 3597 4537 {nitrum-

2032 4607 2136 4663 que
2164 4588 2491 4646 consortium
2522 4584 2728 4639 sincere
2758 4580 3061 4652 postulavit,
3094 4580 3237 4648 prius
3265 4578 3449 4631 decem
3480 4576 3595 4628 die-

2033 4685 2131 4737 bus
2162 4695 2271 4749 pra:
2315 4678 2514 4732 foribus
2553 4673 2892 4741 monasterii,
2929 4672 3077 4742 quasi
3118 4669 3451 4739 reprobatus,
3501 4680 3599 4721 nec

2035 4789 2139 4829 non
2163 4773 2444 4827 verborum
2462 4767 2761 4840 opprobriis
2781 4766 3080 4821 conl'dtatus
3103 4778 3377 4817 remanere
3396 4761 3595 4827 debuit,

2035 4865 2230 4934 saepius
2274 4864 2510 4932 pulsans,
2562 4860 2656 4915 sed
2703 4858 2906 4912 nullum
2953 4858 3250 4925 ingressum
3300 4855 3595 4909 inveniens.

2037 4957 2094 5013 Si
2124 4969 2299 5011 autem
2329 4955 2462 5009 bene
2492 4961 2649 5007 utens
2678 4950 2925 5021 patientia
2953 4950 3018 5003 ad
3048 4948 3311 5003 decimum
3344 4956 3605 5017 perstaret

2038 5048 2201 5113 diem,
2236 5058 2360 5102 tunc
2389 5055 2541 5115 porta
2566 5044 2782 5099 claustri
2822 5043 2918 5096 fuit
2946 5048 3159 5110 aperta,
3191 5051 3242 5095 et
3274 5040 3483 5092 nuvitcr
3524 5039 3604 5090 in-

2039 5142 2284 5211 grediens
2313 5137 2512 5195 seniori
2540 5137 2603 5192 ad
2634 5145 2837 5205 portam
2879 5136 3169 5189 constituto
3212 5132 3473 5186 inservire
3516 5129 3607 5183 de-
3648 5194 3652 5204 .

2042 5210 2173 5298 buit,
2208 5233 2385 5301 ibique
2413 5246 2507 5299 per
2534 5228 2756 5283 multum
2810 5226 3061 5294 temporis
3090 5224 3375 5284 desudans,
3402 5220 3609 5273 multis-
3646 5210 3651 5253 ί

2041 5339 2143 5394 quo
2172 5323 2333 5377 animi
2372 5318 2783 5375 adversitatibus
2822 5315 3096 5384 probatus,
3135 5313 3345 5365 tandem
3387 5310 3608 5364 fratrum

2044 5413 2347 5468 merebatur
2366 5413 2497 5466 inire
2518 5406 2860 5462 consortium.
2878 5405 3185 5474 Quicunque
3205 5404 3363 5459 etiam
3386 5399 3607 5453 fratrum
3648 5410 3655 5465 χ

2044 5504 2503 5560 conversationem
2546 5499 2809 5568 cupiebat,
2842 5497 2988 5565 prius
3018 5510 3227 5549 omnem
3259 5489 3612 5547 substantiam

2048 5596 2364 5666 pauperibus
2402 5592 2721 5645 distribuere
2757 5590 2967 5651 debu‘t,
3000 5603 3119 5642 nam
3163 5586 3288 5639 nihil
3330 5585 3395 5638 ab
3436 5598 3516 5647 eo,
3550 5598 3615 5640 ne

2049 5689 2261 5755 qudem
2295 5686 2375 5741 vel
2415 5698 2577 5738 unum
2613 5692 2668 5739 ut
2710 5683 2781 5737 ita
2819 5681 2989 5737 deum
3022 5678 3328 5741 denarium,
3379 5678 3428 5730 in
3464 5688 3613 5731 usum
