4000 6176
575 195 675 250 567
1965 192 2406 252 PBUDENTIUS.
3657 211 3735 266 568

574 329 885 384 monasterii
921 330 1162 398 accipere
1192 328 1352 381 voluit
1389 326 1681 395 sptritualis
1714 334 1880 396 pater,
1910 326 2002 380 sed
2044 343 2139 380 nu-
2169 313 2212 370 Α
2247 313 2501 376 “Mrem.
2535 320 2625 365 θυι
2656 311 2925 381 religionis
2953 312 3185 368 habitum
3225 324 3493 383 apportans
3531 320 3575 371 Vt
3601 330 3739 373 extor-

571 419 669 472 dus
720 418 882 473 veluti
922 434 951 474 θ
988 418 1261 488 naufragio
1310 417 1542 471 evadens
1587 417 1639 472 in
1678 416 2139 485 congregationem
2248 418 2467 478 queret,
2501 421 2617 474 quae
2647 408 2971 461 monasterio
3012 408 3239 474 reliquit,
3273 417 3321 462 et
3350 407 3548 462 fratrum
3577 414 3740 477 patien-

573 515 816 576 receptus
850 518 952 574 est,
980 524 1097 561 nam
1138 517 1191 562 et
1220 510 1531 562 vestimenta
1575 508 1850 561 saecularia
1896 518 2017 561 ante
2062 509 2140 560 in-
2248 502 2374 554 tiam
2403 508 2760 554 commoveret
2792 500 2841 553 in
2874 500 3027 559 iram.
3055 498 3177 552 Hmc
3204 499 3407 565 aliaque
3435 500 3567 567 plura
3590 514 3740 568 aspera

570 611 810 663 gressum
856 598 1121 665 deponere
1168 605 1219 651 et
1261 597 1579 665 pauperibus
1609 596 1736 650 dare
1764 596 1964 649 debuit.
2020 596 2141 649 ΙΙςιιο
2248 590 2460 660 quidem
2493 599 2546 643 et
2573 590 2704 643 dura
2734 590 3054 644 exercebant
3081 590 3279 656 antiqui
3313 588 3383 640 illi
3411 588 3613 650 Kiledei,
3640 606 3743 658 quo-

571 695 748 737 autem
778 684 952 739 omnia
985 684 1105 738 ideo
1134 696 1388 754 praestare
1418 683 1753 753 obligabatur
1781 698 1948 736 novus
1993 697 2139 736 recc-
2248 696 2362 733 rum
2395 680 2689 748 disciplina:
2725 680 2972 746 rigorem,
3015 679 3249 747 quamvis
3274 679 3335 730 ad
3374 677 3647 732 imitandum
3672 696 3744 734 ne-

571 782 713 839 ptus,
753 780 808 826 ut
849 773 922 826 ibi
960 773 1307 827 voluntariam
1352 774 1607 843 deligi-ret
1656 780 2044 842 paupertatem,
2086 781 2140 825 et
2247 771 2521 836 cesserim,
2584 769 2851 836 proposita
2905 767 3207 835 compendi
3258 768 3476 819 brevitas
3522 777 3645 821 vetat
3668 785 3742 824 nos

500 864 523 881 ‘
571 876 899 929 nequaquam
931 862 1069 915 inter
1100 863 1287 917 intres
1315 863 1580 917 exce'lcns
1616 876 1735 916 sese
1774 861 2027 925 elevarct,
2056 860 2137 913 vel
2247 874 2531 928 exponere.
2574 857 2675 913 Sed
2708 857 2983 926 [Egyptios
3017 857 3302 910 monachos
3331 857 3379 909 in
3408 857 3627 912 omnibus
3650 859 3741 913 imi-

572 964 667 1002 sua
694 952 944 1006 sullultus
972 952 1265 1007 substantia
1294 954 1550 1021 mqualem
1577 952 1828 1005 fratribus
1857 966 1958 1005 n0u
1986 951 2142 1005 iniret
2248 950 2338 1003 tati
2374 958 2516 1013 sunt,
2550 948 2880 1016 similemque
2908 948 2985 1001 eis
3016 946 3281 1000 duxerunt
3307 946 3478 1001 vitam.

1127 1089 3121 1559 WMM
3136 1089 3248 1451 .58
3368 1374 3380 1385 .

1859 1662 2019 1703 ANNO
2066 1661 2287 1703 DOMINI
2331 1660 2541 1703 CCCCV.

857 1795 1748 2006 AUREL.
1798 1792 3511 2154 TIUS.

1820 2083 1977 2143 Juxta
2007 2083 2296 2141 editionem
2331 2082 2587 2150 Arevali.)

2184 1091 2427 1101 -ν

814 1089 3079 1109 ᾕῄ-ἠ-ο-Μ--ν-ΜΜ
3099 1089 3113 1095 η
3138 1088 3248 1094 -Ηηκ
3361 1089 3373 1093 φ
3576 1088 3599 1093 Ὗ.
3630 1090 3638 1093 Α

2027 2226 2359 2237 .___._..___.

1452 2320 2046 2492 Cipi-etate
2135 2313 2939 2458 hebicatoria.

914 2556 1293 2618 Beatissimo
1320 2559 1479 2635 patri
1519 2566 1578 2618 et
1609 2558 1681 2616 D.
1713 2558 1785 2616 N.
1822 2560 1931 2617 Ριο
1965 2560 2173 2618 Ssxro
2210 2573 2390 2636 papas
2421 2557 2700 2617 maximo
2728 2556 3079 2617 Fsus'rmas
3114 2557 3474 2619 Anevsws.

649 2690 1026 2755 Christiana:
1053 2714 1305 2774 pocseos
1339 2706 1746 2768 monumenta,
1782 2696 2083 2769 omnium,
2109 2714 2240 2775 quae
2266 2696 2444 2756 modo
2481 2704 2749 2767 exstant,
2787 2702 2893 2756 aut
2930 2695 3242 2757 exstitisse
3276 2714 3531 2774 unquam
3557 2692 3756 2766 scimus,

568 2795 1105 2867 prxstantissima,
1139 2796 1235 2855 Μ.
1273 2796 1522 2859 Aurelii.
1543 2794 1875 2859 Prudentii
1910 2796 2231 2867 Carmina,
2266 2814 2449 2874 quam
2482 2796 2944 2872 diligentissime
2973 2798 3109 2873 ﬁeri
3150 2795 3388 2872 potuit,
3416 2795 3757 2871 recognitart

570 2902 848 2954 correcta
891 2893 1017 2956 luci
1048 2893 1311 2973 publica:
1353 2896 1642 2956 mandare
1681 2898 2010 2968 constitui,
2056 2896 2321 2966 nomini,
2373 2896 2796 2973 majestatique
2837 2905 2979 2972 tute,
3017 2897 3126 2957 Pie
3165 2898 3469 2975 Pontifex
3512 2895 3756 2960 Maxime,

567 3001 950 3058 consecrata.
981 2994 1226 3074 Patere,
1275 2996 1708 3059 humanissime
1743 2998 2048 3075 Princeps
2075 3039 2092 3070 ,
2128 3003 2202 3056 ut
2240 3014 2368 3056 non
2408 2997 2587 3057 modo
2620 2997 2699 3057 ad
2730 2999 2957 3060 solium
2984 2997 3157 3057 istud
3189 3008 3365 3057 tuum
3400 3007 3451 3059 et
3482 2998 3555 3057 ad
3581 2995 3758 3075 pedum
3808 3006 3839 3025 -'

565 3093 776 3154 oscula
811 3092 1127 3157 beatorum
1159 3096 1474 3169 demissus,
1511 3106 1579 3159 ut
1612 3114 1732 3177 par
1760 3104 1870 3170 est,
1902 3116 1972 3156 ac
1998 3096 2463 3158 venerabundus
2489 3098 2790 3167 accedam,
2824 3116 3034 3159 verum
3064 3101 3242 3161 etiam
3272 3108 3337 3159 ut
3372 3106 3428 3159 et
3460 3099 3623 3161 libere
3643 3115 3759 3177 pro-

561 3199 764 3274 fitear,
798 3216 1021 3259 munus
1051 3198 1190 3277 hoc,
1222 3201 1387 3279 quod
1431 3199 1546 3263 tibi
1576 3201 1794 3279 offero,
1824 3217 1955 3259 non
1984 3200 2222 3260 nullius
2257 3217 2380 3258 esse
2411 3200 2626 3276 pretii,
2655 3209 2709 3258 et
2741 3201 3089 3279 cujusmodi
3118 3201 3234 3261 hoc
3264 3204 3345 3262 sit
3376 3202 3641 3280 pretium,
3667 3218 3759 3275 pa-

561 3291 683 3352 lam
717 3294 1059 3354 edisseram.
1096 3296 1249 3356 Etsi
1285 3298 1439 3359 enim
1472 3302 1557 3356 tot
1587 3298 1932 3369 sustineas,
1964 3314 2039 3357 ac
2068 3302 2244 3357 tanta
2282 3299 2531 3377 negotia
2556 3296 2727 3358 solus
2760 3296 2947 3376 (quod
2974 3299 3284 3358 verissime
3308 3300 3479 3360 etiam
3508 3297 3572 3357 de
3593 3305 3639 3356 te
3662 3295 3760 3354 dici

557 3382 811 3472 potest),
842 3394 909 3454 in
935 3394 1234 3455 Ecclesiae
1260 3396 1577 3457 catholica:
1606 3395 2111 3473 gubernationem
2147 3397 2461 3474 singulari
2498 3397 2706 3457 studio
2738 3405 2792 3457 et
2821 3397 3126 3475 sapientia
3154 3398 3507 3474 incumbas,
3534 3396 3759 3475 populo-

557 3509 693 3551 rum
737 3492 850 3555 tibi
875 3494 1269 3555 subditorum
1300 3495 1594 3572 felicitati
1615 3494 1967 3555 incredibili
1993 3495 2332 3573 vigilantia
2360 3503 2413 3555 et
2446 3494 2845 3572 providentia
2876 3495 3272 3573 prospicias;
3311 3504 3502 3555 tamen
3532 3498 3589 3555 in
3622 3499 3760 3551 tanta

556 3605 764 3648 rerum
807 3589 963 3650 mole
997 3590 1145 3650 adeo
1200 3610 1343 3671 erga
1375 3592 1611 3653 litteras
1641 3610 1712 3657 ac
1755 3591 1943 3652 bonas
1974 3602 2136 3652 artes
2171 3593 2429 3673 affectus
2460 3612 2551 3669 es,
2586 3601 2654 3653 ut
2688 3593 2802 3653 hac
2843 3595 3022 3653 etiam
3057 3596 3119 3653 in
3146 3603 3333 3672 parte
3358 3594 3638 3673 prwclara
3679 3600 3761 3649 tua

556 3689 775 3750 merita
816 3708 946 3751 una
976 3693 1248 3757 omnium
1278 3712 1419 3753 voce
1448 3703 1500 3753 et
1530 3692 1972 3771 prwdicatione
2009 3693 2437 3764 celebrentur;
2486 3712 2679 3774 neque
2707 3694 2839 3755 ulla
2872 3713 3163 3774 unquam,
3195 3697 3487 3774 quamdiu
3516 3712 3646 3754 suus
3672 3691 3762 3752 lit-

561 3788 711 3849 teris
742 3796 797 3849 et
827 3787 1206 3851 humanitati
1229 3791 1417 3853 stabit
1449 3792 1668 3868 honos,
1700 3792 1921 3853 tacebit
1952 3792 2310 3870 posteritas.
2346 3792 2530 3868 Quod
2562 3795 2718 3853 enim
2746 3810 3017 3851 muscum
3049 3792 3599 3870 splendidissimum
3630 3789 3762 3849 omni

557 3885 905 3948 illustrium
932 3899 1464 3950 monumentorum
1495 3907 1706 3968 genere
1731 3889 1811 3951 ad
1836 3889 2230 3969 praesentium
2265 3898 2317 3949 et
2346 3896 2741 3968 posterorum
2777 3890 2904 3950 sive
2941 3890 3442 3966 admirationem,
3475 3891 3590 3951 sive
3614 3888 3761 3948 etiam

555 3986 854 4055 invidiam
887 3992 1305 4062 instruxeris;
1336 3993 1501 4071 quod
1524 3993 1796 4071 plurima
1825 4012 1895 4054 ac
1925 3992 2194 4052 maxima
2228 3989 2516 4070 beneﬁcia
2554 3992 2623 4052 in
2657 3991 2921 4067 litteras,
2953 3992 3017 4051 in
3044 3992 3353 4052 litteratos
3397 3993 3579 4065 viros,
3606 3992 3661 4052 in
3683 4002 3761 4046 ar-

558 4092 644 4148 tes
665 4099 933 4169 cteteras,
959 4111 1090 4174 qua:
1117 4115 1154 4155 a
1176 4093 1550 4158 liberalitate
1571 4112 1789 4155 nomen
1806 4093 2050 4170 habent,
2080 4093 2560 4155 cumulatissime
2591 4092 2969 4162 contuleris;
2999 4094 3163 4173 quod
3192 4092 3604 4154 bibliothecam
3629 4098 3761 4148 tuam

555 4188 724 4248 omni
746 4189 1052 4254 librorum
1077 4195 1258 4272 copia
1282 4201 1339 4254 et
1366 4194 1604 4255 delectu
1636 4193 1704 4253 in
1724 4193 1949 4272 primis
1984 4194 2378 4267 conspicuam
2404 4190 2773 4265 reddideris,
2799 4191 3143 4250 raticanam
3172 4209 3314 4251 vero
3342 4188 3571 4269 magnis
3600 4200 3761 4246 acces-

555 4286 835 4349 sionibus
870 4289 1346 4369 locupletaveris
1370 4312 1390 4360 ;
1424 4291 1593 4370 quod
1619 4290 1861 4353 assidue
1890 4289 1961 4349 de
1987 4290 2218 4351 litteris
2253 4288 2441 4367 deque
2472 4289 2843 4366 optimarum
2867 4289 3098 4350 artium
3124 4288 3352 4349 studiis
3381 4288 3631 4349 maxima
3656 4298 3762 4344 cum

553 4390 752 4451 animi
779 4391 1118 4470 voluptate,
1148 4392 1361 4453 limata
1395 4392 1732 4471 subtilique
1749 4392 1992 4473 judicio
2024 4392 2288 4454 disseras
2322 4412 2341 4453 :
2373 4391 2495 4452 haec
2524 4392 2768 4471 aliaque
2788 4392 2973 4471 huius
3000 4392 3167 4452 modi
3192 4393 3579 4459 vehementem
3609 4400 3657 4447 et
3686 4402 3763 4445 ae-

554 4504 797 4547 censum
825 4490 1146 4566 exquisitae
1180 4490 1483 4552 doctrinae
1517 4508 1781 4551 amorem
1827 4509 1962 4551 cum
1998 4491 2289 4553 doctrina
2325 4493 2462 4570 ipsa
2492 4493 2896 4571 conjunctum
2943 4492 3096 4552 satis
3133 4491 3476 4553 declarant.
3508 4489 3647 4553 Cum
3669 4504 3763 4546 au-

554 4593 671 4644 tem
707 4602 913 4645 rerum
954 4587 1505 4649 ecclesiasticarum
1538 4590 1817 4668 cognitio
1851 4592 2085 4651 caeteris
2117 4590 2234 4651 tibi
2261 4590 2541 4651 sanctior
2569 4597 2628 4650 et
2656 4592 2981 4669 antiquior
3008 4593 3116 4659 sit,
3145 4592 3315 4670 quod
3346 4591 3442 4650 his
3474 4577 3678 4649 studiis
3707 4582 3763 4643 ab

551 4684 970 4745 adolescentia
1001 4686 1375 4760 innutritus,
1410 4707 1642 4748 summa
1667 4708 1743 4749 ex
1775 4706 1984 4750 eorum
2022 4692 2393 4751 tractatione
2421 4689 2659 4750 laudem
2688 4692 2882 4768 fueris
2916 4700 3250 4763 assecutus,
3287 4691 3400 4751 hac
3422 4686 3763 4769 potissimum

553 4783 624 4841 de
664 4802 851 4843 causa
872 4803 1093 4845 novam
1126 4786 1281 4847 hanc
1310 4787 1644 4848 Prudentii
1672 4788 1999 4855 editionem
2036 4791 2152 4850 tibi
2178 4809 2302 4850 non
2329 4792 2906 4870 solumjucundam,
2928 4793 3032 4854 sed
3058 4794 3238 4856 etiam
3264 4803 3500 4871 gratam
3528 4794 3765 4870 futuram

554 4895 676 4936 esse
711 4880 978 4956 confido.
1022 4882 1097 4943 Ut
1133 4884 1291 4941 enim
1324 4883 1605 4943 Ecclesia
1632 4885 1784 4943 Jesu
1813 4884 2070 4959 Christi,
2116 4889 2291 4967 cujus
2324 4898 2389 4948 lu
2419 4890 2600 4961 vices,
2633 4889 2806 4949 bonis
2840 4891 3121 4951 omnibus
3152 4892 3605 4970 plaudentibus,
3635 4884 3767 4964 geris
3788 4874 3793 4965 ξ

552 4974 622 5032 in
676 4977 888 5050 terris,
925 4976 1217 5038 adversus
1266 4977 1580 5042 haereticos
1626 4982 1963 5059 impiosque
1992 4982 2177 5061 hujus
2221 4987 2422 5046 celatis
2469 4986 2739 5048 homines
2788 4989 3176 5068 defendatur,
3230 4994 3452 5070 optime
3485 4986 3765 5062 intelligis,

556 5071 863 5149 Pontifex
894 5075 1370 5152 sapientissime,
1418 5086 1732 5138 auctorem
1776 5081 2203 5155 gravissimum
2249 5102 2367 5145 esse
2414 5085 2851 5149 Prudentium.
2893 5088 3137 5168 Quippe
3171 5092 3225 5153 is
3244 5092 3531 5170 profanis
3574 5083 3765 5148 litteris

550 5169 826 5246 opprime
874 5170 1178 5243 eruditus,
1228 5174 1466 5251 forensi
1504 5175 1857 5254 eloquentia
1902 5179 2313 5251 exercitatus,
2348 5184 2634 5244 maximis
2661 5185 3003 5248 honoribus
3046 5190 3113 5250 in
3160 5169 3432 5251 Romana
3491 5183 3765 5266 republica

549 5271 946 5348 perfunctus,
977 5273 1446 5334 amamissimum
1485 5275 1799 5353 ingenium
1823 5277 2173 5357 leporesque
2201 5282 2477 5357 poeticos
2503 5282 2583 5343 ad
2609 5283 2755 5362 fidei
2787 5284 3138 5348 christiana:
3165 5306 3405 5349 causam
3433 5283 3763 5353 ornandam,

632 5407 744 5493 {In
778 5408 875 5465 bac
898 5411 1036 5492 serie
1060 5424 1422 5493 eosrauetores
1452 5415 1829 5493 collocavimus
1857 5416 1943 5493 qui
1975 5416 2307 5493 Sulnmmndn
2331 5418 2410 5493 vel
2445 5420 2711 5487 prxcipue
2735 5437 2983 5479 sermone
3009 5426 3231 5480 metrica
3256 5427 3593 5493 scripserunt,
3616 5429 3660 5474 et
3682 5414 3763 5493 sub

557 5484 837 5599 goetarum
876 5485 1105 5537 maxime
1152 5484 1306 5539 titulo
1337 5499 1503 5552 usque
1541 5501 1678 5538 nunc
1715 5486 1910 5554 vulgati
1944 5502 2005 5539 ac
2040 5488 2149 5541 noti
2189 5496 2332 5541 sunt.
2372 5484 2633 5541 Caeterum
2668 5493 2749 5542 bis
2792 5507 3078 5549 accensere
3112 5513 3204 5562 per
3237 5512 3331 5551 nas
3360 5484 3481 5550 licet
3511 5484 3695 5547 Avitum
3719 5492 3764 5534 et

603 5544 828 5599 tdon'um
864 5550 915 5599 in
940 5552 1042 5599 lmn
1070 5564 1120 5599 et
1145 5554 1461 5599 nrmnedonti
1494 5566 1637 5599 lnmn
1660 5556 1830 5599 miith
1876 5572 2007 5599 mins:
2032 5557 2167 5599 furta,
2198 5575 2300 5599 nnn
2330 5560 2664 5599 (hulpmsicept
2699 5563 2843 5599 lnmn
2874 5566 3010 5599 inlnp
3036 5565 3189 5599 Ιιιιςιια
3220 5568 3393 5599 tumul:
3419 5581 3482 5599 nn
3504 5575 3589 5599 .mc
3633 5557 3759 5599 Ιῇιιτ.

603 5544 828 5605 ἰάυηῖυηι
863 5550 916 5608 in
940 5552 1042 5611 hoc
1070 5564 1120 5607 et
1144 5544 1463 5622 praecedenti
1494 5566 1637 5610 tomo
1660 5544 1850 5623 editos,
1876 5572 2007 5626 quos
2028 5557 2167 5613 forte
2196 5575 2300 5613 non
2330 5560 2671 5616 dedecuisset
2697 5544 2847 5617 locus
2870 5544 3193 5636 riittcr'littius
3220 5544 3608 5636 s'iléuii'ﬁésiits.
3631 5557 3759 5613 Ευιτ-
