4000 6176
93 212 96 214 ’
181 222 288 281 .569
743 219 762 244 '
819 189 826 198 ’
1272 261 1274 263 μ
1433 214 1761 278 EPISTULA
1805 218 2273 276 DEDlCATORIA.
3326 221 3428 274 570

193 339 648 415 illustrandam,
685 337 970 398 tuendam
1027 335 1378 415 felicissime
1424 335 1752 396 convertit.
1788 335 2002 410 Atque,
2036 339 2103 392 ut
2135 331 2261 393 alia
2299 337 2656 408 praeteream
2693 328 2900 407 (nihil
2952 331 3107 390 enim
3146 327 3430 389 Pruden—

193 445 310 504 tius
338 442 404 501 in
447 441 539 500 his
569 436 795 497 studiis
825 434 1252 497 ecclesiasticis
1278 435 1651 496 intentatum
1695 429 2020 510 reliquit),
2050 431 2309 492 multum
2352 428 2459 490 ille
2503 429 2773 490 contulit
2803 429 2884 490 ad
2928 427 3238 490 sublimem
3276 427 3434 488 hanc

188 543 550 620 gravitatem
577 547 636 599 et
666 537 1051 613 dignitatem,
1076 554 1215 615 qua:
1234 538 1300 596 in
1325 537 1615 596 Ecclesiae
1634 533 1919 612 precibus
1946 533 2305 612 hymnisque
2326 533 2450 594 Deo
2478 532 2872 594 concinendis
2902 533 3115 604 elucet,
3140 541 3194 592 et
3217 533 3283 592 in
3315 550 3437 610 qua

187 651 273 707 tu,
309 638 421 698 Pie
467 637 1206 712 Pontifex,_summopere
1235 632 1580 694 delectaris.
1632 635 1936 692 Prceterea
1980 632 2386 712 antiquitates
2439 631 2821 694 Christianas
2848 631 3114 692 maxime
3146 651 3222 692 ea:
3260 638 3439 710 parte

190 735 543 813 complexus
573 742 659 793 est
686 754 708 798 εκ
734 731 838 792 sed
871 731 1015 792 illos
1042 732 1204 792 ritus
1233 732 1597 791 accuratius,
1627 729 1979 807 descripsit,
2014 731 2123 808 qui
2152 749 2321 790 nunc
2354 730 2421 790 in
2448 729 2852 808 quorumdam
2881 719 3191 792 hominum
3216 748 3439 808 repre-

183 833 534 892 hensionem
561 832 897 890 incurrunt
915 848 936 896 ;
971 845 1044 887 ac
1077 828 1448 887 nominatim
1481 827 1838 904 religiosum
1869 827 2129 900 cultum,
2165 831 2284 906 quo
2317 836 2563 888 sanctos
2600 829 2825 889 caelites
2855 831 3135 892 venerari
3169 839 3439 907 oportet,

190 945 296 987 suo
334 928 472 1006 ipso
504 923 784 1003 exemplo
813 923 1158 985 luculenter
1185 923 1652 993 demonstravit,
1683 922 1827 983 dum
1875 933 2078 984 tenero
2105 925 2360 1002 pietatis
2405 925 2663 1003 affectu,
2695 944 2868 1004 quem
2913 929 3063 988 trito
3109 929 3276 1007 apud
3323 947 3442 990 nos

190 1025 490 1087 vocabulo
523 1026 917 1086 devotionem
949 1023 1355 1100 appellamus,
1386 1031 1621 1083 stratus
1643 1023 1814 1082 humi
1838 1023 1918 1084 ad
1944 1032 2289 1103 martyrum
2310 1025 2617 1103 sepulcra,
2643 1025 2948 1102 lacrymas
2975 1025 3272 1086 uberrime
3296 1029 3444 1105 fun-

189 1123 366 1194 dens,
410 1123 624 1184 oscula
669 1119 1076 1181 marmoribus
1125 1123 1315 1198 ﬁgens
1340 1164 1355 1191 ,
1397 1121 1764 1198 tumulisque
1807 1120 1953 1181 adeo
2009 1129 2180 1182 arcte
2221 1122 2560 1194 inhaerens,
2605 1130 2674 1183 ut
2714 1123 2878 1184 altar
2913 1129 3260 1200 lepescerel
3294 1143 3437 1199 ore,

193 1237 424 1282 saxum
457 1227 734 1298 pectore,
761 1237 857 1279 eos
884 1219 1077 1280 animi
1097 1237 1309 1278 sensus
1329 1219 1781 1297 experiebatur,
1803 1238 1956 1299 quos
1989 1219 2125 1292 tibi,
2149 1221 2260 1282 Pie
2291 1224 2610 1302 Pontifex,
2635 1242 2768 1284 eum
2797 1225 3140 1286 Prudentia
3174 1245 3444 1292 comm_u-.

193 1341 296 1382 nes
341 1339 487 1391 esse,
521 1337 720 1380 omnes
754 1319 1063 1380 novimus.
1099 1318 1360 1379 Constat
1386 1319 1569 1393 enim,
1605 1329 1835 1398 quanta
1867 1322 2223 1382 constantia
2270 1323 2693 1401 hujuscemodi
2721 1327 2976 1403 pietatis
3016 1328 3222 1405 officia
3271 1348 3446 1390 exse-

195 1424 434 1503 quaris,
496 1437 676 1501 quam
733 1418 1029 1495 religiosa
1082 1426 1280 1479 mente
1332 1418 1664 1498 habituque
1725 1420 1854 1480 oris
1911 1439 1981 1480 ac
2042 1421 2325 1498 corporis
2387 1422 2731 1497 gloriosum
2789 1425 2866 1483 Β.
2915 1427 3091 1486 Petri
3142 1427 3450 1504 principis

194 1521 617 1600 apostolorum
641 1518 989 1595 sepulcrum
1013 1515 1213 1590 adire,
1231 1516 1474 1595 ejusque
1494 1517 1891 1578 venerabilem
1913 1517 2236 1593 imaginem
2257 1519 2534 1596 quotidie
2553 1521 2737 1598 ferme
2759 1522 3042 1582 venerari
3080 1529 3131 1580 et
3177 1524 3452 1583 osculari

199 1618 280 1677 sis
307 1617 556 1677 solitus.
588 1613 898 1676 Graviora
933 1629 1073 1671 vero
1105 1620 1249 1672 sunt
1283 1612 1420 1686 illa,
1447 1613 1614 1690 quod
1643 1613 2026 1675 Prudentius
2046 1632 2162 1691 pro
2191 1615 2515 1676 altissimis
2540 1618 2867 1694 religionis
2894 1620 3124 1680 nostra:
3147 1621 3452 1696 mysteriis

195 1727 418 1780 contra
451 1715 818 1795 sophisticas
850 1713 1280 1774 haereticorum
1307 1713 1882 1790 argumentationes
1909 1715 2092 1776 docto
2127 1733 2198 1775 ao
2229 1732 2434 1776 severo
2458 1716 2946 1795 philosophandi
2975 1736 3193 1796 genere
3213 1737 3452 1797 propu-

193 1817 437 1896 gnavit,
467 1833 639 1876 aram
673 1830 815 1876 vero
860 1812 1512 1890 Victoriastotumque
1549 1810 1863 1872 idolorum
1897 1814 2131 1874 cultum
2161 1813 2308 1874 adeo
2339 1815 2573 1874 acriter
2607 1823 2659 1874 et
2689 1833 2942 1876 nervoso
2974 1817 3310 1879 insectatus
3340 1826 3453 1888 est,

199 1919 309 1978 cia:
340 1924 412 1976 ut
447 1914 781 1994 quidquam
821 1919 1035 1992 postea
1072 1911 1338 1973 scribere
1365 1919 1474 1970 aut
1509 1910 1763 1989 obloqui
1789 1912 2018 1974 ethnici
2047 1913 2188 1973 ausi
2214 1914 2477 1992 fuerint.
2511 1914 2694 1986 Quod
2729 1916 2785 1976 si
2819 1933 2947 1976 non
2974 1936 3040 1976 ea
3068 1918 3290 1992 solum,
3324 1935 3457 1995 qua:

200 2033 513 2076 commune
544 2013 840 2074 Ecclesiae
868 2011 1092 2072 bonum
1123 2013 1491 2091 respiciunt»,
1531 2013 1634 2074 sed
1661 2014 1772 2075 illa
1802 2015 1985 2075 etiam
2033 2001 2424 2076 considerare
2451 2017 2730 2092 velimus,
2758 2034 2892 2095 quae
2937 2019 3018 2079 ad
3050 2021 3456 2098 apostolicam

205 2125 376 2177 tuam
407 2113 627 2185 sedem,
664 2114 778 2175 Pie
824 2112 1149 2190 Pontifex,
1185 2113 1444 2190 proprie
1476 2106 1781 2190 spectant,
1829 2132 2178 2202 quanquam
2221 2115 2375 2197 quid
2404 2123 2521 2190 est,
2561 2115 2728 2195 quod
2757 2117 2838 2176 ad
2865 2117 3204 2178 Ecclesium
3234 2118 3458 2178 Roma-

201 2234 365 2289 nam,
399 2215 543 2294 ﬁdei
570 2221 627 2274 et
661 2230 898 2274 morum
929 2215 1313 2291 magistram,
1343 2213 1737 2274 ecclesiarum
1765 2212 2037 2285 omnium
2070 2225 2326 2286 matrem
2354 2215 2692 2295 pertineat,
2729 2217 2896 2296 quod
2925 2235 3052 2278 non
3081 2217 3236 2279 idem
3270 2235 3454 2298 quam

202 2315 544 2375 arctissime
579 2331 717 2375 cum
743 2313 1050 2376 communi
1073 2311 1398 2389 religionis
1431 2312 1748 2384 catholica:
1772 2330 1956 2377 causa
1986 2321 2196 2393 aptum
2232 2333 2694 2396 cannea-umque
2723 2317 2854 2378 sit?
2887 2317 3007 2379 Sed
3035 2325 3235 2379 tamen
3264 2318 3450 2397 quid-

203 2413 356 2494 quid
387 2412 455 2475 id
485 2419 595 2485 est,
623 2410 791 2492 quod
821 2409 902 2471 ad
930 2411 1111 2473 istam
1137 2411 1401 2488 primam
1435 2410 1786 2480 cathedram
1819 2412 2016 2490 magis
2039 2415 2300 2492 proprie
2320 2421 2579 2493 spectat,
2611 2415 2738 2495 ejus
2763 2415 3151 2495 dignitatem,
3175 2417 3457 2496 majesta-

209 2525 348 2589 t—em,
391 2515 828 2578 auctoritatem
861 2514 956 2574 ita
997 2511 1381 2574 Prudentius
1421 2512 1750 2590 praedicat,
1779 2521 1850 2572 ut
1890 2517 1985 2572 tot
2020 2520 2263 2592 tamque
2290 2513 2487 2576 variis
2517 2514 2894 2578 successibus
2921 2516 3187 2577 Romani
3215 2512 3460 2592 imperii

207 2616 366 2689 nihil
397 2614 572 2686 aliud
599 2621 802 2675 actum
829 2611 1186 2684 crediderit,
1215 2612 1344 2674 nisi
1380 2619 1449 2672 ut
1486 2610 1731 2673 Christo
1750 2612 1884 2690 jam
1914 2615 2042 2671 tum
2069 2610 2340 2674 venienti
2367 2612 2468 2674 via
2503 2619 2907 2687 sterneretur,
2933 2612 3240 2692 cordaque
3264 2612 3462 2672 homi-

206 2731 355 2780 num.
390 2731 516 2779 uno
548 2711 800 2791 illigata
820 2709 1072 2773 vinculo
1106 2726 1234 2788 pax
1281 2717 1340 2770 cl
1369 2710 1566 2770 Roma
1602 2715 1895 2780 tenerent,
1932 2708 2139 2785 capita
2180 2708 2314 2770 hinc
2357 2715 2416 2770 et
2447 2709 2727 2771 culmina
2758 2729 2998 2785 rerum,
3032 2720 3085 2769 et
3133 2709 3244 2768 sub
3272 2710 3460 2768 unius

208 2813 578 2890 principatu
611 2827 788 2873 mens
815 2826 943 2872 una
976 2825 1305 2872 sacrorum
1337 2808 1518 2871 foret.
1542 2808 1633 2868 Ac
1661 2825 1807 2868 sane
1834 2807 2219 2868 Prudentius
2247 2824 2375 2868 non
2402 2809 2582 2870 modo
2608 2816 2954 2888 martyrum
2976 2810 3278 2889 sepulcra,
3307 2827 3462 2888 quo-

205 2930 345 2972 rum
389 2905 744 2975 innumeros
792 2912 1023 2973 cineres
1052 2909 1280 2972 vidisse
1324 2926 1386 2968 se
1430 2909 1635 2968 Roma!
1664 2913 1923 2969 testatus
1961 2914 2074 2980 est,
2112 2906 2586 2984 elegantissimis
2614 2906 2892 2969 versibus
2923 2906 3240 2983 describit,
3270 2924 3461 2985 neque

201 3013 404 3076 solum
425 3010 802 3091 populorum
828 3026 1167 3070 concursus
1196 3007 1278 3069 ad
1307 3024 1519 3068 eorum
1546 3007 1869 3086 reliquias,
1913 3009 2224 3087 festosque
2273 3002 2408 3069 dies'
2438 3006 2828 3069 celebrandas
2862 3008 3146 3072 maximis
3174 3007 3461 3070 laudibus
3527 3035 3529 3038 ⁴

203 3119 494 3182 exornat,
528 3127 738 3172 verum
767 3109 948 3170 etiam
975 3108 1218 3168 domum
1239 3121 1521 3167 reversus
1564 3123 1784 3183 magno
1815 3103 2025 3167 studio
2061 3098 2210 3183 egit,
2250 3113 2325 3166 ut
2368 3104 2562 3166 multa
2589 3123 2720 3186 qua:
2748 3105 2816 3166 in
2849 3105 2966 3166 hoc
3010 3123 3223 3184 genere
3259 3107 3462 3168 Romae

206 3212 443 3273 viderat
482 3230 556 3272 ac
583 3209 914 3284 didicerat,
948 3208 1016 3269 in
1046 3205 1548 3267 consuetudinem
1575 3204 1745 3282 apud
1776 3204 2098 3282 Hispanos
2124 3222 2267 3266 suos
2290 3194 2753 3272 inducerentur.
2788 3205 3008 3284 Itaque
3029 3224 3134 3284 ego
3171 3207 3459 3268 Pruden-

209 3315 364 3373 tium
396 3313 512 3373 tali
543 3329 616 3372 ac
644 3317 818 3371 tanta
848 3309 1140 3370 doctrina
1178 3317 1232 3369 et
1259 3309 1489 3387 pietate
1519 3311 1746 3380 virum,
1775 3310 2256 3388 scriptoremque
2290 3327 2426 3370 cum
2469 3326 2700 3388 semper
2734 3315 2914 3370 antea
2946 3309 3158 3372 utilem
3203 3317 3259 3370 et
3293 3310 3460 3371 salu-

208 3419 422 3487 tarem,
453 3419 582 3470 tum
605 3410 839 3470 nostris
866 3408 1128 3468 maxime
1160 3408 1537 3469 calamitosis
1566 3406 1948 3484 temporibus
1980 3409 2416 3483 necessarium,
2451 3409 2658 3488 quoad
2683 3409 2884 3488 facere
2913 3417 2966 3470 et
3002 3409 3219 3470 conari
3247 3412 3456 3488 potui,

208 3529 245 3571 a
272 3507 503 3570 mendis
532 3527 662 3587 qua:
693 3516 1029 3586 temporum
1061 3508 1321 3586 injuria,
1349 3513 1459 3566 aut
1493 3505 1898 3568 librariorum
1925 3507 2206 3584 inscitia,
2229 3515 2338 3569 aut
2362 3509 2732 3570 oscitatione
2755 3510 3158 3587 irrepserunt,
3183 3507 3462 3568 vindica-

211 3615 340 3666 tum
361 3611 649 3684 proferre
679 3608 743 3667 in
771 3605 965 3666 lucem
997 3604 1318 3675 constitui,
1354 3623 1670 3684 omnesque
1699 3621 1921 3667 nervos
1948 3607 2262 3679 contendi,
2293 3614 2362 3666 ut
2395 3623 2608 3667 eorum
2643 3607 2938 3682 omnium,
2971 3609 3080 3684 qui
3104 3614 3249 3668 ante
3271 3626 3362 3668 me
3399 3609 3462 3668 in

212 3705 325 3766 hoc
357 3707 560 3767 stadio
600 3705 1010 3782 desudarunt,
1044 3705 1420 3767 industriam
1450 3704 1835 3785 laboremque
1867 3724 2241 3786 superarem,
2269 3716 2323 3767 et
2359 3709 2486 3770 nisi
2519 3727 2608 3768 me
2639 3727 2803 3770 meus
2831 3709 3005 3789 fallit
3038 3710 3303 3785 animus,
3340 3728 3456 3769 su-

208 3814 448 3888 peravi.
483 3811 659 3874 Illud
686 3817 887 3871 autem
915 3827 1104 3888 neque
1135 3817 1333 3870 tacere
1362 3807 1570 3883 debeo,
1601 3816 1656 3869 et
1681 3807 2030 3886 gloriosum
2059 3808 2208 3870 mihi
2239 3809 2395 3870 duco
2425 3810 2734 3888 proﬁteri,
2765 3827 3050 3870 concessu
3077 3829 3147 3870 ac
3173 3809 3459 3888 beneﬁcio

212 3915 346 3977 tuo,
385 3909 497 3968 Pie
522 3907 846 3984 Pontifex,
880 3908 1112 3986 factum
1145 3924 1293 3977 esse,
1343 3915 1412 3965 ut
1442 3905 1867 3983 antiquissimi
1894 3905 2132 3966 codices
2167 3906 2446 3968 vaticani
2489 3907 2664 3983 mihi,
2699 3907 3201 3985 quandocumque
3230 3906 3459 3976 vellem,

207 4006 398 4068 libere
428 3995 737 4084 paterent,
767 4005 988 4085 quibus
1020 4005 1272 4084 facilius
1321 4013 1374 4065 et
1408 4003 1804 4082 locupletius,
1847 4004 2017 4084 quod
2061 4005 2534 4081 destinaveram,
2577 4023 2817 4083 possem
2843 4005 2924 4066 ad
2967 4007 3202 4066 exitum
3238 4007 3464 4084 perdu-

211 4123 366 4167 cere.
403 4108 650 4170 Utinam
681 4127 773 4178 ea,
798 4125 932 4186 qua:
957 4124 1065 4184 ego
1096 4105 1177 4166 ad
1215 4104 1626 4166 Prudentium
1665 4105 2112 4166 illustrandum
2155 4104 2508 4184 adjicienda
2553 4123 2674 4165 esse
2722 4106 2954 4182 censui,
2983 4122 3111 4164 non
3153 4105 3245 4167 ita
3283 4109 3466 4182 parvi

209 4209 398 4284 pretii
425 4215 481 4268 et
509 4206 759 4268 levioris
787 4223 985 4285 opera:
1019 4204 1220 4266 videri
1242 4204 1514 4282 possint,
1569 4211 1639 4263 ut
1677 4203 1879 4266 minus
1911 4211 2242 4289 propterea
2288 4207 2507 4285 gratus
2554 4211 2958 4282 acceptusque
3002 4202 3082 4262 ad
3128 4209 3183 4263 te
3216 4203 3467 4264 accedat

213 4307 348 4384 ipse
390 4307 777 4369 Prudentius
805 4307 828 4366 l
869 4307 1092 4368 Verum
1131 4303 1245 4364 hoc
1267 4289 1453 4364 etiam
1484 4302 1600 4362 erit
1635 4301 2038 4364 humanitatis
2071 4309 2212 4375 tuor,
2244 4300 2600 4365 Beatissime
2628 4301 2838 4371 Pater,
2870 4307 2940 4359 ut
2988 4319 3080 4377 ea,
3111 4318 3242 4380 quae
3283 4301 3348 4362 in
3375 4320 3466 4361 me

209 4421 432 4481 parum
448 4404 910 4482 probabuntur,
931 4401 1276 4465 Prudentia
1311 4399 1639 4470 condones,
1673 4409 1732 4459 et
1764 4400 1818 4460 si
1851 4417 1976 4462 non
2006 4399 2447 4478 perfectionem
2473 4398 3056 4460 commentariorum
3086 4398 3154 4458 in
3178 4395 3478 4458 Pruden-"

215 4503 396 4577 tium,
423 4512 484 4564 at
517 4511 812 4564 conatum
838 4502 1050 4563 saltem
1077 4501 1338 4580 aliquem
1365 4518 1557 4559 meum
1582 4498 2086 4576 diligentiamque
2123 4498 2404 4572 comiter,
2439 4505 2508 4558 ut
2539 4498 2721 4565 soles,
2750 4504 2808 4556 et
2838 4495 3118 4558 benevole
3147 4497 3469 4574 complecti

217 4600 388 4660 velis.
430 4601 594 4662 Mihi
618 4600 859 4680 quidem
891 4599 1049 4659 nihil
1086 4599 1360 4674 gratius.
1392 4596 1551 4658 nihil
1580 4596 1885 4677 optatius,
1911 4595 2094 4666 nihil,
2124 4594 2292 4674 quod
2323 4613 2400 4655 ea:
2434 4595 2625 4656 animi
2669 4595 2784 4655 mei
2814 4595 3005 4672 magis
3032 4595 3336 4655 sententia
3364 4597 3464 4672 fu-

214 4705 426 4758 turum
451 4699 558 4775 sit,
602 4697 877 4760 accidere
898 4695 1163 4782 poterit,
1195 4713 1377 4773 quam
1404 4694 1459 4754 si
1489 4693 2039 4780 calholicuspoeta
2082 4692 2489 4764 Prudentius,
2523 4713 2558 4751 a
2587 4711 2676 4752 me
2708 4693 2822 4764 ita,
2855 4699 2927 4753 ut
2962 4691 3156 4765 vides,
3186 4694 3471 4770 recogni-

215 4796 595 4875 tus,judicii
622 4799 739 4870 tui,
767 4797 932 4875 quod
957 4793 1389 4872 gravissimum
1420 4794 1699 4854 omnibus
1732 4811 1852 4852 esse
1883 4793 2079 4870 debet,
2121 4793 2544 4870 praerogativa
2570 4791 2951 4865 honestatus,
2985 4793 3119 4869 regi
3161 4782 3468 4854 catholico

213 4894 440 4956 Carolo
462 4895 599 4972 III,
630 4896 769 4970 Pio,
816 4893 1030 4964 Felici,
1070 4893 1387 4978 .Augusto,
1441 4891 1704 4952 Domino
1753 4909 1880 4951 meo
1931 4889 2422 4961 clementissimo,
2471 4891 2650 4968 cujus
2693 4890 2884 4950 unius
2937 4888 3359 4969 beneﬁcentia,
3399 4900 3468 4952 ut

213 4994 563 5056 incumbere
614 4996 681 5058 in
716 4994 838 5057 lucc
866 4994 1072 5056 studia
1102 5012 1225 5056 meo
1256 4989 1573 5054 arbitratu
1594 5008 1862 5070 possem,
1905 4999 2220 5069 acceptum
2255 4991 2488 5068 referre
2516 4989 2722 5065 debeo,
2753 4989 2922 5052 haud
2947 4990 3330 5070 injucundus
3355 4989 3464 5050 ad-

213 5091 450 5152 veniat.

1566 5252 1794 5366 ῧξὲἕϊξξκ
1817 5305 1846 5312 ι,

1617 5252 2100 5459 κέρὲἒξὲἓκ

1827 5523 1874 5560 ‘3’
