4016 6182
575 328 668 382 571

1991 319 2433 375 PRUDENTIUS.
3738 312 3829 367 57:!

1520 445 2922 683 ’ὺῖὗῡΕΝΤΙΑΝΑ

2110 779 2251 821 εινε

3635 445 3800 456 -..δ”

1844 914 2517 993 PROLEGOMEN
2531 918 2585 997 Α

1633 1067 1699 1120 IN
1740 1065 2105 1119 EDITIONEM
2148 1066 2489 1121 ROMANAM
2527 1067 2807 1123 OPERUM

1038 1224 1181 1324 M.
1250 1216 1773 1323 AUBELII
1842 1216 2571 1377 CLEMENTIS
2645 1224 3379 1334 PRUDENTII.

1872 1416 2582 1441 m

1098 1538 1324 1595 CAPUT
1363 1539 1646 1596 PRIMUM.

951 1632 1107 1688 Ratio
1131 1648 1191 1686 ac
1217 1632 1395 1687 divisio
1422 1632 1574 1687 totius
1605 1631 1795 1701 operis.

2193 1540 2247 1601 Δ
2273 1543 2438 1598 meris
2462 1555 2755 1620 martyrum
2787 1552 3069 1622 sepulcris,
3104 1570 3222 1624 qua:
3253 1555 3436 1611 Romae
3464 1557 3596 1612 vidit
3625 1556 3841 1613 Pruden-

2274 1633 2379 1690 tius
2400 1675 2417 1701 ,
2447 1637 2519 1694 de
2541 1642 3060 1710 peregrinationibus
3089 1644 3514 1702 Christianorum
3539 1692 3553 1714 ,
3589 1648 3706 1703 sive
3726 1663 3840 1701 con-

663 1726 707 1794 ι
747 1722 795 1777 ι.
840 1721 1009 1791 Quam
1050 1722 1258 1777 laudem
1306 1722 1603 1797 Prudentio
1649 1720 1920 1777 tribuebat
1964 1721 2175 1790 Gaspar
2271 1739 2431 1781 cursu
2457 1728 2523 1783 ad
2549 1745 2734 1785 eorum
2776 1732 2910 1789 festa
2957 1735 3274 1791 celebranda
3301 1778 3317 1803 ,
3354 1737 3423 1795 de
3447 1739 3688 1809 cryptis;
3734 1755 3839 1806 qua:

588 1812 863 1882 Barthius,
881 1828 987 1884 quo
1005 1828 1105 1883 ego
1128 1813 1347 1868 homine
1366 1813 1635 1869 neminem
1660 1812 1712 1867 in
1736 1811 1910 1883 poetis
1930 1811 2172 1881 legendis

585 1917 643 1964 et
672 1908 1002 1964 illustrandis
1030 1916 1124 1962 aut
1148 1907 1555 1976 diligentiorem
1584 1915 1674 1963 aut
1702 1906 1999 1962 doctiorem
2022 1906 2173 1973 novi,

586 2000 834 2069 equidem
880 2013 997 2054 eam
1033 2013 1063 2052 a
1111 1998 1353 2065 caeteris,
1397 1997 1442 2051 si
1482 2006 1813 2068 repugnent,
1843 2005 2173 2064 extorquere

587 2106 694 2147 non
732 2091 1018 2146 admodum
1056 2091 1333 2146 conabor:
1367 2090 1465 2146 sed
1501 2097 1648 2146 certe
1690 2090 1956 2159 ejusmodi
1985 2104 2173 2146 vocem

586 2198 654 2239 ex
682 2197 775 2238 nre
804 2182 1152 2238 ecclesiastici
1180 2181 1319 2250 viri,
1346 2182 1544 2252 quique
1572 2182 1885 2252 religionem
1916 2181 2176 2235 Christia-

504 2302 518 2313 -
592 2291 717 2330 nam
737 2316 752 2339 ,
784 2274 1020 2342 addam,
1061 2273 1379 2329 catholicam
1418 2274 1745 2341 Romanam,
1777 2273 1933 2327 unice
1963 2272 2173 2341 diligat,

589 2364 947 2421 libentissime
964 2364 1287 2435 exciperem.
1316 2364 1478 2433 Igitur
1498 2362 1744 2418 Barthius
1762 2362 1855 2417 lib.
1874 2379 1926 2417 ιχ
1947 2361 2172 2417 Advers.

587 2469 708 2524 cap.
751 2457 801 2521 Ι,
831 2469 952 2512 cum
982 2455 1249 2520 dixisset,
1282 2454 1351 2510 de
1381 2454 1803 2512 Christianorum
1831 2455 1883 2509 in
1910 2464 2026 2509 rota
2054 2469 2179 2523 sup-

592 2545 768 2615 pliciis
792 2547 978 2616 plenos
997 2561 1118 2601 esse
1140 2546 1415 2601 beatorum
1431 2547 1631 2601 Christi
1654 2546 1877 2601 militum
1901 2560 2177 2601 common.-

597 2638 762 2691 tarios
780 2677 798 2704 ,
826 2653 1044 2706 quarunt
1065 2677 1081 2697 .
1120 2630 1354 2703 addidit,
1384 2637 1460 2692 uel
1488 2638 1711 2708 primum
1740 2653 2018 2708 praeconem
2058 2645 2179 2708 puto

592 2727 950 2793 Prudentium,
982 2726 1351 2795 dulcissimum,
1381 2728 1663 2798 piissimum
1701 2738 1746 2783 et
1783 2729 2181 2782 eruditissimum

592 2828 822 2889 poetam,
856 2835 1001 2887 quem
1029 2830 1084 2873 ut
1114 2829 1308 2874 teneam
1331 2860 1345 2886 ,
1376 2835 1477 2873 non
1506 2834 1683 2889 negent
1712 2820 1939 2873 omnium
1970 2818 2177 2874 Graeco-

593 2925 709 2963 rum
740 2909 1144 2980 Latinorumque
1181 2920 1353 2964 vatum
1382 2911 1570 2978 scripta
1599 2920 1932 2967 contemnere.

663 3000 718 3054 9..
760 3000 838 3055 Illi
871 3001 970 3069 ipsi
1004 3000 1319 3065 heterodoxi
1343 3042 1359 3065 ,
1400 3001 1489 3069 qui
1524 3009 1734 3070 poetam
1764 3001 1904 3056 hunc
1933 3000 2179 3055 divinum

594 3092 844 3148 maximis
870 3092 1115 3146 laudibus
1142 3092 1413 3159 evehunt,
1440 3101 1493 3147 et
1521 3093 1571 3147 in
1598 3107 1819 3162 operum
1849 3094 1964 3160 ejus
1989 3091 2179 3147 editio-

597 3184 753 3238 nibus
789 3182 1118 3237 adornandis
1153 3182 1413 3252 majorem
1456 3198 1614 3253 quam
1654 3183 1820 3237 nostri
1851 3182 2182 3252 diligentiam

598 3274 978 3341 adhibuerunt,
1005 3273 1159 3328 fateri
1189 3282 1473 3342 coguntur,
1499 3289 1620 3328 eum
1648 3274 1715 3329 de
1742 3274 1912 3329 libero
1940 3272 2180 3340 arbitrio,

598 3368 668 3423 de
692 3367 872 3422 carnis
901 3365 1231 3431 innocentia,
1261 3364 1329 3420 de
1355 3365 1510 3420 bonis
1540 3365 1813 3435 operibus,
1841 3372 1896 3420 et
1923 3364 2183 3435 imprimis

599 3459 669 3513 de
695 3458 1033 3513 invocatione
1071 3466 1367 3527 martyrum
1400 3455 1731 3526 aliorumque
1758 3463 2091 3521 sanctorum,
2118 3455 2186 3508 de

601 3548 826 3617 Virgine
852 3548 1029 3613 beata,
1054 3554 1109 3601 et
1132 3561 1251 3616 qua:
1277 3546 1377 3601 alia
1405 3546 1645 3616 ejusdem
1675 3547 1887 3617 generis
1913 3552 2058 3613 sunt,
2086 3544 2188 3602 hoc

600 3646 685 3696 est
705 3679 720 3706 ,
765 3640 877 3695 fere
917 3638 985 3693 de
1013 3638 1263 3693 omnibus
1289 3637 1449 3693 rebus
1469 3677 1485 3703 ,
1523 3637 1591 3693 de
1617 3641 1668 3709 2
1695 3636 1890 3707 quibus
1917 3637 2056 3692 male
2085 3637 2187 3705 ipsi

602 3732 861 3795 sentiunt,
888 3744 1010 3784 cum
1040 3728 1318 3785 catholicis
1347 3728 1533 3785 eadem
1560 3729 1784 3785 sentire.
1816 3728 1961 3796 Scio,
1989 3727 2058 3782 ab
2082 3727 2192 3782 ha:-

602 3824 785 3879 retieis
833 3821 1183 3877 Prudentium
1208 3862 1223 3887 ,
1266 3829 1453 3891 aperte
1487 3822 1553 3877 ab
1594 3821 1724 3890 ipsis
1763 3819 2190 3885 dissentientem,

603 3915 874 3981 excusari,
892 3913 976 3968 vel
999 3912 1139 3983 quod
1164 3914 1369 3981 poetice
1391 3913 1600 3968 locutus
1621 3912 1799 3979 fuerit,
1820 3914 1901 3967 vel
1924 3912 2061 3982 quod
2079 3912 2189 3982 jam

605 4019 732 4063 tunc
757 4006 1172 4076 superstitionis,
1199 4014 1254 4060 ut
1274 4006 1498 4076 jactant,
1527 4005 1736 4060 semina
1765 4006 1901 4059 inter
1929 4004 2189 4059 Christia-

603 4115 704 4156 nos
732 4101 904 4172 spargi
932 4100 1225 4170 cmpissent
1253 4115 1266 4151 :
1298 4114 1455 4169 quam
1487 4112 1762 4167 perverse,
1796 4098 1879 4152 vel
1909 4096 2186 4167 impuden-

603 4201 688 4251 ter
717 4192 892 4261 potius
914 4234 929 4259 ,
977 4190 1058 4247 his
1092 4190 1536 4260 responsionibus
1572 4190 1857 4245 abutantur
1880 4230 1894 4252 ,
1935 4189 2038 4243 alio
2068 4188 2187 4243 loco

2276 1815 2483 1884 planius
2519 1818 2764 1893 intelligo
2784 1864 2801 1891 ,
2828 1824 2957 1880 dum
2988 1826 3330 1884 Prudentium
3358 1829 3476 1901 lego
3500 1871 3513 1895 ,
3546 1847 3702 1901 quam
3728 1830 3841 1885 dum

2274 1908 2444 1963 oculis
2472 1912 2781 1981 perlustro?

2347 2003 2399 2057 '5.
2440 2002 2558 2059 Jam
2582 2020 2709 2062 vero
2734 2022 2854 2062 cum
2881 2017 3177 2082 martyrum
3207 2026 3437 2068 coronas
3463 2013 3699 2069 celebrat
3728 2014 3840 2067 Pru-

2277 2090 2488 2149 dentius
2511 2136 2526 2161 ,
2558 2114 2835 2169 peragrans
2862 2101 3009 2167 loca,
3050 2103 3245 2156 nullius
3282 2113 3398 2158 ante
3433 2104 3555 2157 trita
3589 2108 3724 2169 σοιο,
3753 2120 3844 2174 quo

2279 2182 2477 2253 ingenii
2523 2188 2770 2244 acumine
2801 2198 2855 2244 et
2884 2190 3125 2247 ubertate
3144 2233 3159 2258 ,
3204 2208 3310 2262 quo
3336 2204 3505 2261 uestro
3533 2193 3732 2248 Christi
3760 2194 3847 2247 mi-

2279 2273 2429 2329 litum
2456 2277 2641 2344 robur,
2667 2280 3043 2348 constantiam,
3070 2283 3233 2337 verba
3263 2283 3330 2337 ad
3358 2293 3615 2353 tyrannos
3644 2283 3843 2347 invicta,

2281 2368 2589 2435 patientiam
2624 2370 2675 2424 in
2714 2371 3045 2440 perferendis
3083 2375 3391 2444 suppliciis,
3424 2375 3725 2430 mirabilem
3755 2385 3849 2430 tor-

2281 2470 2581 2514 mentorum
2620 2464 2933 2517 varietatem
2980 2465 3136 2519 nobis
3183 2476 3572 2534 reprtesentat,
3624 2474 3678 2521 et
3713 2466 3849 2536 quasi

2279 2560 2404 2605 ante
2441 2552 2621 2607 oculos
2652 2554 2826 2620 ponit!
2870 2556 2925 2609 ln
2972 2556 3180 2625 hymnis
3217 2565 3394 2612 autem
3424 2558 3738 2612 diurnarutn
3769 2558 3852 2610 ho-

2281 2655 2459 2695 rarum
2510 2652 2737 2711 quantus
2783 2644 3107 2701 inventionis
3151 2647 3340 2701 decor!
3395 2648 3451 2702 ln
3490 2651 3653 2703 animi
3695 2665 3852 2719 pugna

2283 2734 2596 2800 exponenda
2627 2748 2782 2801 quam
2811 2746 2955 2788 certa
2985 2744 3037 2790 et
3072 2751 3136 2790 ex
3170 2737 3286 2805 ipso
3314 2740 3553 2807 mystica:
3586 2740 3853 2808 theologize

2285 2820 2432 2877 fonte
2458 2824 2621 2891 petita
2650 2824 2892 2879 doctrina
2921 2826 2936 2879 ε
2984 2826 3040 2880 ln
3068 2827 3317 2882 omnibus
3342 2827 3575 2897 denique
3605 2831 3719 2899 ejus
3742 2845 3854 2899 ope-

2211 2907 2259 2968 B
2286 2912 2435 2969 ribus
2454 2924 2683 2983 quantus
2707 2916 2918 2985 pietatis
2945 2918 3103 2973 ardor
3127 2918 3348 2973 emicat!
3383 2918 3514 2974 Cum
3538 2920 3682 2975 enim
3706 2922 3854 2974 multa

2282 3019 2344 3058 ac
2375 3005 2518 3059 varia
2565 3006 2720 3061 nobis
2767 3007 2965 3078 scripta
3012 3009 3332 3079 reliquerit,
3379 3024 3484 3065 non
3534 3013 3741 3080 poteris
3781 3010 3856 3065 vel

2284 3096 2500 3151 unicum
2529 3098 2649 3167 ejus
2677 3114 2891 3156 versum
2922 3104 3159 3171 reperire
3185 3143 3202 3170 ,
3230 3105 3321 3173 qui
3350 3113 3443 3160 aut
3466 3104 3531 3160 ad
3558 3106 3858 3176 religionem

2283 3187 2684 3257 stabiliendam,
2716 3200 2810 3247 aut
2833 3192 2900 3248 ad
2942 3193 3223 3251 fovendam
3252 3196 3505 3266 pietatem
3536 3213 3645 3253 non
3676 3197 3859 3252 refera-

2287 3286 2392 3344 tur,
2422 3286 2479 3331 ut
2509 3280 2655 3334 multi
2679 3281 2789 3350 jam
2821 3293 3096 3340 notarunt.
3144 3332 3147 3337 .

2357 3369 2413 3424 4.
2445 3371 2597 3439 Quod
2618 3372 2661 3428 si
2687 3374 2805 3442 quis
2825 3383 3020 3444 prteter
3045 3376 3317 3447 ingenium
3342 3378 3571 3435 sublime
3594 3393 3863 3449 argentea-

2289 3462 2436 3532 tique
2471 3462 2803 3518 nobilitatem
2854 3466 2986 3522 alias
3014 3466 3168 3524 dotes
3211 3469 3269 3524 in
3313 3469 3606 3525 Prudentio
3649 3479 3860 3540 quaerat.

2287 3550 2611 3620 singularem
2635 3552 2750 3621 ejus
2773 3552 3127 3623 eloquentiam
3152 3557 3204 3611 in
3225 3556 3523 3623 Laurentio,
3545 3560 3597 3613 in
3621 3558 3861 3613 Romano.

2288 3640 2533 3695 adversus
2561 3641 2961 3713 Symmachum,
2992 3652 3151 3715 atque
3180 3646 3234 3701 in
3261 3646 3512 3702 omnibus
3541 3647 3659 3716 ejus
3686 3646 3868 3701 carmi-

2290 3730 2447 3785 nibus
2477 3731 2741 3801 imprimis
2770 3730 3045 3799 indicabo;
3095 3743 3151 3789 ut
3180 3734 3338 3790 facile
3364 3735 3533 3805 possis
3561 3750 3865 3806 agnoscere,

2292 3820 2563 3876 hominem
2614 3820 2667 3875 in
2714 3821 3029 3891 eloquentia:
3078 3823 3267 3879 studiis
3303 3826 3546 3895 apprime
3586 3836 3868 3886 versatum,

2295 3919 2547 3980 poemata.
2569 3912 2660 3966 illa
2704 3912 3010 3977 condidisse
3052 3931 3067 3968 :
3098 3931 3219 3971 nam
3243 3959 3259 3987 ,
3294 3925 3351 3972 ut
3379 3918 3588 3974 dicebat
3616 3918 3872 3972 Antonius

2288 4003 2429 4073 apud
2452 4004 2768 4062 Ciceronem
2821 4002 2971 4081 (Lib.
3002 4026 3040 4064 ιι
3069 4009 3134 4065 de
3163 4009 3378 4066 Oratore
3401 4053 3417 4077 ,
3457 4029 3579 4083 pag.
3610 4012 3684 4067 52
3707 4056 3724 4080 ,
3755 4013 3867 4067 edit.

2294 4093 2416 4148 Ald.
2450 4096 2633 4168 1554),
2660 4098 2712 4168 3
2741 4110 3039 4154 cwterarum
3066 4104 3253 4155 artium
3277 4101 3504 4157 homines
3530 4104 3765 4156 ornatius
3789 4102 3874 4155 illa

2298 4204 2393 4265 sua
2415 4190 2623 4256 dicunt;
2651 4192 2837 4261 siquid
2860 4192 2923 4246 ab
2936 4193 3040 4246 «hac
3067 4178 3177 4249 arte
3204 4193 3549 4265 (eloquentia)
3571 4195 3874 4247 didicerunt.

605 4258 907 4352 explicabo.
948 4258 1201 4338 Profecto:
1241 4298 1346 4337 non
1387 4283 1559 4337 solum
1600 4280 1921 4336 Prudentius
1952 4280 2194 4333 insanam
2225 4261 2270 4324 (ἶ
2301 4258 2428 4347 llis,
2455 4283 2502 4335 si
2532 4283 2705 4350 lubet,
2725 4258 2991 4356 adjungas
3020 4258 3377 4342 versus-bene
3403 4258 3664 4350 tornatos,
3697 4300 3877 4338 nume-

564 4432 583 4453 .
607 4375 925 4430 idololatriae
967 4376 1399 4445 superstitionem
1430 4375 1627 4429 acriter
1663 4382 1930 4443 Oppugnat
1957 4411 1973 4439 ,
2021 4387 2192 4440 neque

606 4468 777 4521 solum
821 4464 1092 4537 religionis
1119 4477 1317 4521 nostra:
1354 4465 1698 4521 fundamenta
1730 4464 1987 4519 adversus
2014 4462 2191 4533 genti-

610 4558 689 4612 les
718 4559 934 4627 egregie
959 4558 1217 4619 sustiner,
1250 4573 1422 4625 neque
1455 4555 1629 4611 solum
1664 4555 2008 4609 llebrzeorum
2038 4552 2196 4621 perli-

606 4649 749 4702 diam
778 4648 1120 4704 vehementer
1146 4648 1433 4714 convellit,
1472 4661 1646 4716 neque
1672 4646 1841 4700 solum
1871 4652 2056 4701 contra
2085 4645 2197 4698 lue-

606 4743 804 4794 reticos
827 4739 915 4808 qui
944 4747 1327 4809 pra-cesserant
1355 4746 1601 4793 accurate
1627 4737 1880 4806 diSputat,
1907 4737 1998 4792 sed
2025 4737 2193 4790 multa

604 4831 766 4883 etiam
810 4830 993 4893 addit,
1035 4831 1227 4900 quibus
1273 4830 1515 4886 haeretici
1555 4841 1858 4884 nostrorum
1896 4839 2193 4900 temporum

604 4922 760 4975 facile
784 4922 990 4990 possint
1015 4922 1215 4977 revinei
1245 4940 1257 4976 :
1283 4926 1542 4992 praeterea
1565 4924 1699 4978 ritus
1718 4923 1916 4978 veteris
1942 4923 2197 4983 Ecclesiae

605 5011 674 5065 de
705 5027 805 5066 usu
830 5012 1091 5066 luminum
1115 5053 1130 5078 ,
1159 5012 1227 5069 de
1255 5013 1536 5078 altaribus,
1564 5014 1635 5068 de
1664 5020 1854 5067 ornatu
1884 5013 2194 5084 divitiisque

611 5104 954 5172 templorum,
977 5105 1045 5159 de
1068 5104 1412 5174 reliquiarum
1440 5104 1608 5172 cultu,
1632 5104 1700 5159 de
1725 5112 2029 5159 sanctorum
2060 5104 2191 5161 ima-

606 5194 822 5265 ginibus
846 5237 861 5262 ,
894 5196 1066 5265 deque
1099 5196 1217 5250 aliis
1256 5194 1560 5265 hujusmodi
1592 5197 1663 5251 ita
1690 5196 1940 5267 graphice
1965 5237 1979 5263 ,
2016 5199 2196 5268 itaque

607 5283 841 5340 dilucide
869 5284 1148 5352 describit,
1181 5292 1240 5340 ut
1266 5286 1492 5343 irridere
1521 5286 1683 5343 libeat
1713 5288 2065 5357 quorumdam
2093 5289 2192 5343 bo-

610 5372 814 5428 minum
840 5374 1214 5444 ignorantiam,
1241 5374 1354 5432 sive
1383 5378 1719 5447 pravitatem,
1742 5378 1830 5448 qui
1860 5380 2199 5449 superstitio-

611 5480 735 5521 nem
774 5466 827 5519 in
861 5480 917 5521 re
945 5467 1181 5537 qualibet
1209 5466 1362 5540 quasi
1404 5469 1754 5527 subverentes
1775 5510 1791 5537 ,
1821 5487 1929 5527 non
1956 5472 2198 5528 dubitant

608 5555 957 5610 cmremonias
985 5560 1382 5624 sanctissimas,
1411 5560 1496 5615 vel
1531 5560 1599 5615 ab
1635 5561 1765 5630 ipsis
1797 5562 2051 5619 Ecclesiae
2083 5565 2191 5634 pri-

615 5647 718 5701 mis
764 5647 976 5702 stcculis
1021 5649 1278 5718 usitatas,
1332 5660 1581 5725 tanquam
1632 5652 1845 5706 inventa
1904 5655 2193 5709 monastica

613 5738 885 5807 aspernari
915 5746 971 5797 et
997 5740 1241 5811 rejieerc.
1290 5739 1420 5796 Nam
1450 5740 1574 5814 quid
1608 5756 1706 5812 ego
1739 5743 1925 5812 loquar
1953 5745 2015 5800 de
2046 5746 2196 5801 innu-

2222 5614 2273 5675 D

2301 4387 2496 4442 resque
2525 4373 2578 4427 in
2618 4376 2762 4430 omni
2807 4386 3102 4431 metrorum
3150 4390 3347 4445 genere
3398 4376 3591 4431 leniter
3636 4377 3874 4437 ﬂuentes,

2303 4472 2411 4516 tum
2462 4464 2849 4520 sententiarum
2912 4468 3267 4537 gravitatem,
3327 4468 3726 4537 verborumque
3782 4480 3875 4519 non

2299 4555 2570 4625 vulgarem
2611 4556 2930 4626 elegantiam
2970 4544 3043 4614 ei
3092 4562 3312 4629 optimis
3349 4562 3646 4629 quibusque
3690 4560 3875 4615 Latini

2301 4648 2422 4700 tatis
2474 4648 2782 4703 auctoribus
2830 4651 3143 4720 plerumque
3185 4666 3519 4722 expressam.
3568 4652 3698 4705 Nam
3747 4649 3878 4719 quod

2301 4740 2542 4794 nonnulli
2594 4740 2881 4797 Prudentio
2934 4743 3193 4811 plurimos
3242 4744 3294 4799 in
3349 4743 3596 4814 prosodia
3651 4756 3878 4803 errores,

2300 4846 2566 4901 vocesque
2596 4847 2778 4901 parum
2802 4833 3018 4889 Latinas
3044 4834 3323 4906 objiciunt,
3358 4834 3411 4891 id
3441 4849 3689 4905 separa'o
3717 4834 3885 4901 capite

2301 4937 2332 4976 a
2363 4923 2515 4977 nobis
2541 4931 2624 4978 est
2653 4923 3028 4993 refellendum,
3058 4942 3164 4996 quo
3208 4927 3428 4996 planum
3460 4928 3551 4982 liet
3586 4928 3886 4982 vehemen-

2302 5021 2385 5067 ter
2412 5028 2503 5069 eos
2543 5013 2653 5068 falli
2695 5015 2786 5084 qui
2838 5015 3149 5072 existimant
3194 5018 3542 5073 Prudentium
3578 5019 3693 5074 sine
3746 5030 3885 5072 certa

2302 5100 2510 5160 ratione
2535 5113 2589 5159 et
2611 5113 2746 5173 arte,
2780 5105 2897 5160 sine
2927 5115 3171 5162 veterum
3199 5109 3516 5163 auctoritate
3547 5118 3597 5161 ct
3621 5109 3884 5177 exemplo,

2302 5196 2475 5251 solum
2504 5212 2570 5251 ex
2601 5211 2779 5251 rermn
2810 5196 3108 5267 ignorantia
3140 5198 3404 5254 interdum
3446 5200 3499 5254 in
3541 5201 3763 5269 syllabis
3797 5215 3891 5249 vu-

2303 5290 2615 5360 eabulisque
2644 5290 2912 5351 nonnullis
2944 5290 3211 5347 diversum
3240 5292 3306 5346 ab
3346 5292 3466 5346 aliis
3506 5307 3705 5346 morem
3739 5304 3889 5342 secu-

2304 5388 2414 5435 tum
2444 5380 2627 5437 fuisse.
2678 5380 2761 5435 Nil
2789 5397 2916 5436 vero
2948 5396 3175 5438 necesse
3200 5390 3311 5451 est,
3344 5382 3619 5439 Pru'dentii
3652 5379 3837 5434 laudes
3861 5430 3887 5460 ,ι

2307 5485 2392 5526 me
2418 5486 2560 5526 nunc
2588 5472 2800 5527 contexi
2823 5491 2835 5525 :
2858 5482 2933 5527 tot
2962 5474 3106 5528 enim
3134 5483 3345 5545 tamque
3375 5476 3555 5545 gravia
3580 5474 3647 5529 de
3667 5489 3730 5526 eo
3759 5487 3894 5541 pra--

2305 5561 2458 5616 conia
2488 5562 2869 5617 adoctissimis
2915 5563 3220 5619 hominibus
3267 5580 3331 5619 ex
3380 5566 3527 5619 omni
3576 5575 3729 5624 anule
3757 5604 3773 5627 .
3828 5576 3892 5615 εἰ

2298 5651 2443 5708 omni
2480 5652 2668 5707 ordine
2695 5654 2893 5723 prolata
2919 5695 2933 5719 ,
2967 5666 3147 5723 postea
3180 5656 3471 5725 adducam,
3500 5658 3627 5714 nihil
3654 5666 3703 5711 ut
3740 5657 3795 5709 in
3825 5670 3892 5708 eo

2297 5761 2493 5815 genere
2524 5745 2691 5816 possit
2720 5746 3037 5805 cumulatius
3072 5749 3387 5805 desitlctarf.
