4000 6176
202 250 306 307 573

1496 220 1503 227 ’
1561 240 2087 299 PROLECOMEXA.

3361 250 3469 307 ὅτι

270 365 326 420 5.
357 363 487 431 Qua
513 374 633 417 cum
673 359 745 417 ita
772 358 911 428 sint,
935 358 1057 429 quis
1086 371 1191 412 non
1222 355 1444 411 miretur
1470 354 1782 423 scriptorem
1813 360 1860 416 Α
1890 356 1942 409 in
1974 355 2117 409 bono
2147 352 2350 409 lumine
2386 352 2735 411 collocemus.
2784 354 2889 413 Sed
2927 357 3098 428 quid?
3140 360 3340 433 inquiet
3365 365 3465 419 an-

202 457 339 510 hunc
370 454 659 521 insignem,
686 451 777 522 qui
798 450 1127 506 ‘eminentem
1157 446 1439 518 quemdam
1465 445 1639 501 locum
1670 454 1780 499 tum

197 547 336 599 inter
382 552 604 613 poetas,
653 549 762 596 tum
814 540 953 595 inter
998 539 1096 613 SS.
1131 537 1382 592 Ecclesiae
1409 535 1596 590 Patres
1622 534 1783 589 debet

198 635 478 701 obtinere,
528 632 762 687 nondum
810 645 905 686 eos
947 636 1398 686 commentatores
1441 626 1781 695 editorcsque

197 725 466 789 habuisse,
488 725 580 793 qui
609 721 947 793 prudentium
970 720 1243 775 hominum
1263 718 1402 773 votis
1431 717 1781 786 undecunque

195 815 421 870 fecerint
448 815 617 867 satis?
660 812 844 882 Atqui,
874 812 921 868 si
946 811 1065 881 quis
1096 810 1261 877 alius,
1292 808 1610 864 Prudentius
1633 818 1780 863 certe

194 908 470 974 perspicua
497 905 759 974 doctaque
784 902 1235 959 commentatione
1260 902 1480 972 indiget,
1506 915 1614 955 non
1636 900 1778 970 quod

190 998 531 1053 obscuritatis
560 998 691 1052 vitio
719 996 927 1052 iuberet
949 1037 965 1063 ,
1014 995 1155 1066 quod
1183 995 1348 1065 aliqui
1388 993 1526 1049 male
1552 1000 1778 1064 putant;

190 1089 282 1144 sed
314 1090 438 1159 quia
469 1090 698 1165 primum
732 1096 903 1158 poetae
930 1087 1038 1141 alia
1073 1087 1225 1156 quasi
1258 1086 1437 1155 lingua
1468 1084 1774 1155 loquuntur,

190 1194 364 1250 neque
414 1180 571 1234 facile
613 1179 681 1234 ab
708 1178 776 1234 iis
806 1177 1172 1249 intelliguntur
1212 1177 1301 1247 qui
1346 1190 1534 1231 eorum
1580 1174 1777 1230 idioma

189 1286 294 1327 non
324 1271 550 1339 callent,
581 1269 881 1339 praesertim
908 1270 960 1324 in
986 1268 1147 1324 rebus
1172 1268 1325 1323 novis
1343 1306 1361 1334 ,
1406 1280 1644 1337 quasque
1670 1279 1777 1321 ca:-

189 1363 288 1417 tcri
328 1376 439 1416 non
483 1361 818 1431 attigerunt;
867 1368 980 1415 tum
1018 1359 1347 1424 auctoribus,
1373 1358 1464 1428 qui
1503 1356 1774 1414 recondita

188 1455 430 1509 doctrina
450 1454 720 1509 excellunt
747 1461 804 1508 et
827 1459 1139 1522 argumenta
1166 1451 1434 1507 subtiliter
1460 1449 1773 1521 expediunt,

189 1559 428 1615 persaepe
454 1544 799 1600 obscuritatis
826 1544 1037 1613 culpam
1069 1543 1414 1613 imputamus,
1444 1556 1567 1598 cum
1599 1542 1776 1613 potius

188 1636 526 1705 tarditatem,
558 1636 911 1705 ignorantiam
937 1643 992 1690 et
1013 1636 1310 1691 ctecitatem
1342 1642 1578 1691 nostram
1618 1647 1779 1689 accu-

184 1743 304 1783 sare
330 1728 624 1783 debeamus
662 1725 763 1796 (a).

249 1820 307 1876 6.
338 1820 515 1888 Atque
544 1826 604 1873 ut
630 1832 795 1873 unum
819 1831 851 1873 e
875 1816 1061 1872 multis
1085 1816 1562 1887 praeclarissimum
1590 1829 1777 1873 exen-

181 1910 329 1980 plum
360 1908 629 1979 proferam
650 1950 667 1977 ,
704 1909 760 1962 in
787 1907 1090 1978 prwfatione
1117 1906 1537 1978 Psycltomacltite
1560 1907 1775 1964 celebre

180 2010 263 2056 est
291 2000 518 2070 aenigma
547 2000 642 2071 (ita
674 2000 816 2054 enim
842 1999 1083 2070 vocant),
1113 2000 1255 2071 quod
1281 1999 1627 2055 Prudentium
1651 2000 1774 2056 data

181 2107 345 2160 opera
389 2091 456 2146 ad
501 2091 727 2147 aliorum
771 2090 1042 2160 ingenium
1090 2090 1449 2146 exercendum
1498 2089 1638 2146 circa
1668 2090 1776 2145 518

180 2185 404 2240 Abrami
429 2185 765 2253 vernaculos,
797 2199 1090 2252 eorumque
1116 2182 1396 2254 mysticam
1423 2182 1774 2251 signiﬁcatio-

180 2292 303 2332 nem
333 2277 391 2349 4.
423 2276 763 2349 proposuisse
798 2290 901 2331 non
930 2291 1090 2331 nemo
1118 2275 1366 2340 credidit,
1394 2274 1636 2344 plerique
1658 2272 1774 2329 sine

180 2370 258 2427 (Ε
280 2372 410 2440 lipo,
436 2379 529 2425 aut
556 2370 812 2439 Spltynge
840 2368 1094 2438 explicari
1128 2382 1284 2438 posse
1314 2375 1571 2435 negarunt
1599 2366 1700 2437 (ὁ).

244 2462 306 2518 7.
343 2461 606 2525 Czcterum
649 2459 764 2515 haec
792 2460 1001 2528 aliaque
1039 2457 1342 2527 huiusmodi
1374 2457 1578 2513 inﬁnita
1603 2496 1621 2523 ,
1651 2472 1769 2525 qute

178 2552 228 2606 in
258 2552 366 2606 hoc
390 2562 605 2606 auctore
644 2550 854 2617 latent,
892 2549 1369 2618 diligentissimum
1416 2548 1769 2615 interpretem

179 2659 217 2698 τι
236 2644 482 2711 quirunt,
506 2643 593 2711 qui
622 2657 866 2715 magnam
889 2656 1106 2711 operam
1133 2641 1187 2695 in
1217 2640 1531 2710 theologicis
1556 2639 1767 2706 litteris,

177 2751 280 2789 non
306 2736 481 2789 minus
508 2751 664 2806 quam
702 2737 754 2789 in
783 2736 1189 2797 humanioribus
1211 2736 1447 2804 posuerit
1477 2752 1489 2787 :
1518 2742 1600 2790 est
1627 2734 1771 2799 enim

176 2828 262 2895 ille
333 2829 682 2884 inexhaustus
746 2828 964 2901 quidam
1045 2828 1326 2882 thesaurus
1385 2826 1772 2895 perreconditaa

177 2918 500 2973 eruditionis
532 2918 785 2987 profanae,
815 2920 981 2973 multo
1010 2932 1139 2973 vero
1168 2920 1338 2987 magis
1364 2917 1766 2983 ecclesiasticae,

176 3024 279 3077 qua
313 3010 431 3064 inec
463 3009 516 3063 in
548 3010 691 3067 omni
720 3024 821 3065 suo
849 3024 1048 3083 genere
1077 3016 1221 3077 patet
1257 3006 1536 3069 latissime.
1583 3006 1769 3076 Neque

1888 449 2039 517 quis,
2072 459 2298 516 putasne
2345 464 2375 503 a
2407 458 2458 505 te
2489 447 2540 504 id
2569 449 2755 519 perﬁci
2784 464 2942 520 posse
2970 453 3114 523 quod
3156 462 3233 509 tot
3263 457 3467 512 nobiles

1885 540 2206 608 interpretes
2255 554 2587 617 nequaquam
2621 550 2912 598 assecutus
2947 558 3067 600 esse
3114 548 3470 615 pronuntias?

1885 630 1995 686 lmo
2023 645 2155 686 vero
2180 630 2224 685 si
2252 630 2303 686 id
2329 645 2435 702 ego
2460 634 2780 711 putarem,si
2812 642 2970 691 tantae
3000 651 3173 693 essem
3206 640 3466 708 stultitim,

1885 733 1938 778 ut
1966 727 2177 795 plenam
2202 723 2505 779 facultatem
2534 726 2839 796 explicandi
2864 727 3138 784 Prudentii
3165 731 3296 784 mibi
3322 746 3471 789 arro-

1882 830 2063 885 garem
2089 854 2107 881 ,
2140 830 2245 870 non
2278 823 2429 879 certe
2460 815 2561 870 hoc
2589 830 2833 887 agerem,
2876 828 2933 873 ut
2959 834 3024 877 ex
3054 821 3290 875 omnium
3322 837 3469 876 cout-

1883 906 2158 961 mentariis
2186 907 2387 976 optima
2418 922 2645 978 quasque
2678 907 2939 978 deligens,
2970 926 3129 966 unum
3158 912 3317 967 veluti
3350 928 3470 966 tor-

1881 1011 1982 1066 pus
2010 998 2444 1069 compingerem;
2487 1000 2580 1054 sed
2614 1001 2791 1070 potius
2820 1002 3041 1059 molirer
3068 1017 3262 1059 novum
3293 1005 3468 1058 aedifi-

1881 1076 2021 1143 cium
2050 1102 2079 1141 a
2110 1089 2467 1147 fundamentis
2495 1091 2733 1148 excitare
2757 1134 2772 1159 ,
2804 1109 2910 1165 quo
2944 1094 3269 1165 reliquorum
3306 1095 3465 1150 lumio

1883 1177 2041 1233 nibus
2068 1178 2404 1234 obstruerem
2440 1181 2537 1250 (ε).
3217 1226 3222 1232 .

1952 1273 2002 1355 5
2024 1271 2077 1328 8.
2110 1272 2260 1327 Nunc
2288 1273 2540 1349 quoniam
2570 1282 2625 1329 et
2655 1275 2940 1331 maximam
2976 1278 3054 1334 rei
3096 1277 3464 1336 difﬁcultatem

1880 1364 2083 1433 optime
2136 1378 2416 1433 pernosco,
2445 1374 2502 1419 et
2548 1381 2679 1421 mea:
2720 1370 2863 1423 vires
2896 1384 3052 1437 quam
3100 1370 3208 1426 sint
3257 1372 3467 1441 exigua:

1880 1455 2038 1525 plane
2062 1457 2265 1521 sentio,
2294 1456 2432 1523 hanc
2461 1457 2626 1525 viam,
2653 1473 2773 1528 quae
2804 1458 2924 1514 facil
2950 1474 3013 1514 or
3039 1471 3140 1527 est,
3164 1462 3299 1517 inire
3335 1476 3465 1519 con-

1879 1547 2026 1607 stitui
2062 1555 2118 1600 ut
2141 1546 2544 1615 lucubrationes
2581 1548 2820 1602 omnium
2863 1550 2915 1603 in
2946 1549 3292 1606 Prudentium
3338 1551 3464 1608 itac—

1880 1645 2036 1691 tenus
2052 1637 2226 1692 editas
2252 1637 2616 1707 expenderem
2654 1653 2717 1693 ac
2767 1638 2937 1695 libere
2986 1652 3469 1712 reprmsentarem;

1803 1728 1851 1789 B
1879 1736 1988 1791 tum
2011 1729 2056 1783 si
2085 1728 2211 1798 quid
2235 1728 2364 1783 mihi
2395 1738 2725 1797 occurreret,
2745 1746 2852 1801 quo
2892 1731 3029 1803 loca,
3080 1732 3149 1787 ab
3191 1733 3308 1791 aliis
3330 1750 3465 1803 prrs-

1880 1820 2036 1885 terita
2062 1833 2421 1889 exponerem,
2452 1829 2543 1880 aut
2573 1820 3041 1891 interpretationes
3067 1823 3297 1878 aliorum
3347 1825 3465 1880 sive

1875 1910 2276 1979 conﬁrmarem,
2301 1911 2417 1966 sive
2446 1911 2767 1977 refellerem,
2800 1913 2854 1967 in
2882 1912 3115 1968 medium
3142 1914 3464 1985 proferrem,

1875 2016 1985 2057 non
2014 2003 2163 2073 quasi
2196 2003 2479 2058 inveniens
2499 2002 2698 2071 denuo,
2740 2004 2855 2058 sed.
2881 2005 3033 2074 quasi
3080 2005 3192 2075 jam
3224 2007 3462 2063 inventis

1875 2094 2117 2148 nonnihil
2143 2093 2369 2149 addens.
2408 2093 2669 2155 Videbam
2689 2095 2831 2150 enim
2877 2104 3065 2150 nostro
3121 2097 3462 2166 potissimum

1874 2188 2073 2243 saeculo
2099 2187 2280 2256 plures
2302 2196 2570 2257 auctores,
2616 2196 2733 2241 tum
2783 2202 2990 2256 sacros,
3036 2195 3148 2244 tum
3180 2187 3457 2259 profanos,

1876 2277 1930 2331 in
1961 2277 2102 2335 hunc
2140 2277 2278 2333 ferre
2319 2277 2537 2333 modum
2581 2292 2773 2347 magno
2811 2288 3065 2355 apparatu
3116 2279 3457 2349 elegantissi-

1875 2370 2082 2438 misque
2113 2371 2250 2440 typis
2277 2370 2468 2425 excudi
2514 2384 2692 2440 :quos
2747 2370 2886 2425 haud
2932 2371 3179 2441 equidem
3223 2386 3457 2441 negave-

1872 2461 1976 2516 rim
2001 2469 2147 2515 tanto
2179 2462 2362 2517 labore
2406 2475 2528 2516 esse
2569 2459 2784 2531 dignos,
2832 2476 2896 2521 ac
2967 2463 3015 2516 si
3057 2464 3158 2530 vis,
3212 2463 3458 2523 doctrina

1872 2553 2138 2623 exquisita
2164 2550 2553 2623 prmditos,sed
2581 2552 2723 2608 nihil
2776 2552 2841 2606 ad
2887 2552 3256 2613 Prudentium.
3304 2552 3458 2611 Vide-

1872 2642 1992 2696 bam
2011 2642 2192 2706 etiam,
2239 2641 2347 2709 jam
2377 2641 2575 2695 smculo
2633 2642 2879 2711 proxime
2919 2642 3103 2712 elapso
3152 2644 3307 2712 paulo
3338 2654 3457 2713 post

1871 2733 2078 2789 initium
2110 2749 2137 2785 a
2161 2733 2393 2789 Weitzio
2422 2734 2717 2790 editionem
2764 2733 2994 2803 Operum
3028 2734 3306 2792 Prudentii
3332 2751 3456 2793 cum

1870 2828 2130 2893 omnium,
2155 2836 2212 2881 ut
2234 2828 2471 2896 putabat,
2508 2834 2770 2897 quotquot
2825 2828 2880 2880 in
2922 2828 3274 2882 Prudentium
3323 2829 3455 2884 scri-

1871 2927 2109 2987 pserant,
2134 2917 2534 2972 commentariis
2558 2915 2725 2973 fuisse
2746 2926 3085 2984 procuratum
3117 2935 3129 2970 :
3160 2917 3252 2973 sed
3281 2929 3458 2987 neque

1871 3009 2136 3065 W‘eitzius
2162 3023 2349 3073 omnes
2372 3022 2556 3061 eorum
2581 3006 2671 3077 qui
2701 3016 3087 3077 praecesserant
3127 3017 3455 3064 commenta-

174 3113 301 3152 vero
341 3098 625 3155 inﬁciabor
668 3099 848 3168 plures
888 3100 1162 3156 exstitisse
1209 3098 1353 3154 viros
1392 3098 1763 3165 doctissimos,
1790 3092 1837 3152 C
1871 3097 1983 3151 rios
2030 3095 2192 3165 vidit,
2217 3105 2270 3151 et
2300 3106 2419 3167 post
2458 3110 2579 3163 eum
2611 3095 2764 3150 multi
2813 3096 3163 3167 scripserunt,
3216 3097 3454 3153 Pruden-

177 3194 259 3260 qui
289 3194 345 3246 in
380 3193 485 3247 hoc
513 3207 648 3262 opus
670 3193 1039 3259 incubuerint;
1070 3190 1163 3249 sed
1189 3206 1373 3253 eorum
1402 3190 1492 3245 aYii
1521 3192 1591 3244 ad
1616 3191 1764 3245 scha-

175 3281 339 3334 lar-um
363 3325 380 3348 ,
414 3283 529 3336 sive
558 3283 696 3352 quod
732 3282 787 3345 in
816 3282 955 3337 idem
986 3282 1206 3346 recidit,
1248 3282 1314 3333 ad
1341 3279 1586 3350 Delphini
1615 3298 1763 3335 usum

174 3372 438 3435 editiones
471 3387 596 3427 suas
622 3373 1115 3443 accomntodarunt,
1146 3372 1236 3426 alii
1268 3370 1610 3440 theologiam,
1643 3386 1762 3439 quae

174 3460 235 3513 ad
258 3469 504 3517 exactam
532 3461 692 3530 hujus
726 3470 898 3531 poetae
926 3462 1418 3531 interpretationem
1452 3460 1660 3530 penitus
1680 3469 1763 3516 est

177 3553 480 3606 necessaria
501 3593 517 3617 ,
547 3559 642 3605 aut
670 3552 891 3617 nullam,
919 3559 1028 3618 aut,
1062 3551 1203 3622 quod
1234 3550 1386 3620 pejus
1414 3558 1501 3617 est
1518 3591 1535 3616 ,
1565 3551 1759 3619 malam

178 3640 502 3707 habuerunt.
550 3642 668 3709 Quo
714 3641 884 3711 magis
922 3641 1074 3697 nobis
1123 3650 1207 3697 est
1247 3640 1556 3696 enitendum
1603 3650 1764 3711 atque

176 3729 559 3789 elaborandum
581 3773 596 3799 ,
626 3739 686 3789 ut
711 3741 883 3805 poetae
912 3732 1083 3797 nostri
1122 3732 1360 3787 carmina
1384 3742 1438 3787 et
1465 3731 1761 3789 doctrinam

244 3886 321 3955 (α)
362 3888 533 3940 Acuta
564 3885 692 3940 olim
732 3885 953 3942 Porcius
996 3884 1158 3940 Latro
1197 3885 1464 3952 Marillio,
1502 3898 1602 3940 suo
1645 3898 1759 3939 ma-

207 3957 342 4013 istro
368 3996 385 4019 ,
428 3956 701 4023 respondit
739 3957 792 4011 in
832 3955 1005 4024 Opere
1036 3956 1535 4015 Controversiarum
1557 3996 1573 4021 ,
1615 3955 1756 4025 quod

174 3970 342 4081 suo
368 3996 385 4019 ,
428 3970 701 4023 responmt
739 3973 792 4011 tn
832 3970 1005 4024 upere
1036 3970 1535 4015 controversiarum
1557 3996 1573 4021 ,
1615 3970 1756 4025 quou

251 4029 316 4081 tri
348 4026 568 4108 Seneca
600 4026 922 4108 philosophi,
946 4041 1101 4108 quem
1114 4026 1366 4108 ’ῥίψουσι-
1384 4032 1593 4108 vocant,
1617 4025 1757 4108 solet

175 4111 313 4150 nunc
342 4096 557 4150 attribui
599 4093 673 4167 (in
700 4093 915 4167 Prre'fat.
941 4093 1028 4149 lib.
1062 4112 1077 4148 ι
1108 4097 1383 4167 Controv.)
1406 4113 1418 4148 :
1445 4095 1572 4150 Cum
1602 4096 1759 4167 disci-

172 4167 281 4235 puli
308 4182 531 4222 essemus
557 4166 697 4235 apud
734 4166 1024 4221 Mai-illium
1050 4167 1299 4221 rhetorem
1318 4206 1333 4230 ,
1365 4166 1615 4219 hominem
1635 4166 1758 4219 satis

172 4238 379 4289 aridum
404 4239 709 4307 paucissima
738 4238 885 4303 belle,
913 4238 1000 4291 sed
1028 4254 1128 4291 non
1150 4236 1354 4307 vulgato
1378 4252 1558 4305 genere
1584 4237 1761 4289 dicen-

179 4317 297 4372 tem,
347 4306 462 4360 cum
506 4308 593 4362 ille
621 4310 898 4364 exilitatem
927 4307 1167 4365 orationis
1202 4322 1307 4363 ante
1335 4306 1606 4373 imputaret
1635 4322 1761 4361 con-

176 4379 459 4444 frorersiaz,
506 4386 554 4431 et
599 4378 833 4432 diceret:
875 4395 893 4428 t
930 4376 1150 4431 Necesse
1198 4388 1303 4441 est,
1356 4391 1436 4429 me
1461 4391 1550 4445 per
1577 4376 1755 4445 apina-

176 4463 286 4500 sum
336 4450 501 4518 locum
558 4449 1217 4518 ambulantentsuspcnsos
1273 4448 1421 4518 pedes
1468 4462 1684 4518 ponere,
1727 4465 1749 4518 Δι

176 4518 333 4570 aiebat
366 4516 524 4570 Latro
555 4534 574 4573 :
610 4537 628 4569 ι
664 4517 785 4572 Non
818 4505 1131 4572 Mehercnles
1185 4518 1259 4569 tui
1273 4505 1432 4583 'pedea
1459 4505 1630 4585 spinas
1656 4505 1764 4569 eal-
1790 4505 1841 4565 Β

176 4600 306 4656 eam,
333 4590 423 4642 sed
434 4587 669 4644 habent.»
691 4587 757 4643 Et
770 4588 940 4643 statim
964 4590 1077 4655 ipse
1100 4587 1292 4641 dicebat
1320 4587 1612 4657 sententias,
1643 4602 1757 4656 qut:

176 4657 425 4729 interponi
444 4660 759 4731 argumentis
796 4674 910 4717 cum
943 4660 1167 4719 maxime
1186 4656 1516 4711 declamantis
1536 4656 1751 4710 Murillii

173 4737 619 4868 magnl‘limirum
664 4798 940 4854 historiam
985 4814 1049 4854 ex
1100 4797 1297 4853 Cenes.
1350 4811 1469 4865 cap.
1512 4797 1608 4868 lii,
1650 4811 1753 4865 qua

173 4867 263 4920 Ab.
280 4867 368 4921 am
393 4870 585 4924 dicitur
605 4885 822 4923 numera
834 4869 968 4923 \lSSC
992 4869 1272 4936 expeditos
1295 4867 1609 4920 vernaculus
1630 4879 1756 4923 suos

176 4947 443 4993 trecentos
489 4940 675 4994 decem
719 4948 773 4994 et
821 4950 979 5002 octo,
1021 4940 1214 5002 quibus
1255 4938 1405 4990 irruit
1453 4938 1505 4989 in
1550 4937 1755 5000 hostes,

172 5020 490 5092 captumque
512 5011 611 5065 Lot
636 5010 865 5076 reduxit,
894 5012 959 5063 ad
984 5008 1293 5079 allegoriam
1316 5015 1661 5075 convertens,
1684 5008 1756 5061 ita

171 5091 365 5135 ωομεν.
395 5097 407 5134 :

426 5192 524 5243 Nos
545 5205 659 5242 esse
682 5192 817 5253 large
837 5191 1145 5242 vernularum
1169 5191 1366 5246 divites.

422 5256 473 5303 Si
497 5256 609 5315 qttid
636 5252 866 5315 trecenti,
891 5254 965 5302 his
990 5254 1192 5303 novenis
1217 5252 1413 5313 additis,

420 5312 632 5379 Possint,
658 5312 810 5378 ﬁgura
833 5312 1112 5365 noverimus
1134 5316 1353 5377 mystica.

173 5460 439 5524 hiantem
477 5475 583 5515 non
612 5474 731 5514 esse
761 5460 981 5528 aenigma
1006 5498 1021 5522 ,
1061 5456 1154 5512 sed
1187 5456 1754 5528 caplicationemalle-

166 5532 406 5598 gnricaut
453 5531 567 5599 ejus
617 5527 891 5595 historic,
930 5546 997 5583 eo
1028 5538 1267 5596 tempato
1316 5531 1367 5581 in
1399 5543 1493 5591 ore
1522 5538 1575 5581 et
1606 5527 1756 5585 libris

170 5603 461 5656 multorum
492 5601 980 5670 fchIlenliSsltttam
1001 5642 1015 5663 ,
1049 5599 1324 5670 evidenter
1352 5600 1753 5670 demonstrabo,

166 5688 289 5728 cum
323 5673 572 5729 distincto
592 5668 772 5742 capite
800 5685 995 5741 ponam
1023 5668 1365 5733 auctoritates
1394 5668 1751 5734 SS..l‘atrunt,

1871 3186 2003 3239 tium
2027 3186 2464 3256 interpretantes,
2490 3185 2727 3239 uberiori
2758 3185 2877 3240 luce
2903 3201 3061 3258 quam
3093 3196 3298 3244 veteres
3333 3204 3453 3258 per-

1869 3276 1994 3344 fusi,
2039 3292 2212 3347 neque
2242 3279 2437 3332 minori
2463 3277 2725 3333 industria
2747 3280 2975 3333 connisi.

1940 3368 2196 3438 9.1taque
2222 3382 2383 3424 nemo
2413 3368 2546 3423 mihi
2575 3368 2708 3424 vitio
2757 3378 2951 3435 vertet,
3008 3369 3118 3424 imo
3170 3373 3369 3440 multis,
3393 3382 3452 3428 ut

1868 3476 2049 3532 spero,
2102 3474 2311 3531 gratum
2339 3459 2554 3526 faciam,
2580 3460 2625 3514 si
2651 3461 2996 3516 Prudentium
3037 3477 3102 3517 eo
3158 3475 3349 3519 ornatu
3395 3467 3448 3519 in

1870 3554 2040 3608 lucem
2072 3555 2334 3621 emittam,
2368 3569 2474 3623 quo
2504 3553 2656 3617 multi
2684 3563 2891 3611 veteres
2913 3556 3204 3625 scriptorcs
3234 3557 3453 3627 prodie-

1868 3655 2013 3708 runt,
2044 3645 2293 3717 notisque
2318 3644 2545 3707 aliorum
2568 3645 2806 3702 omnium
2838 3645 3085 3707 indicatis
3114 3663 3260 3707 meas
3285 3651 3448 3705 etiam

1869 3733 2365 3799 animadversiones
2394 3734 2698 3807 adiungam.
2729 3736 2926 3813 Quales
2966 3737 3071 3793 illze
3097 3738 3209 3799 sint.
3233 3740 3448 3811 futurae,

1865 3888 1955 3957 qui
1987 3887 2041 3943 in
2081 3888 2335 3944 trecentis
2377 3897 2431 3943 et
2475 3889 2841 3957 duodeviginti
2882 3889 3097 3945 Abrami
3147 3894 3448 3951 vernaculis

1864 3972 2079 4033 erucem
2109 3959 2306 4033 Christi
2336 3962 2790 4033 nogtenqueﬂlesu
2830 3960 3157 4029 intelligunt,
3198 3964 3318 4031 quia
3351 3980 3447 4033 per
3486 3962 3495 3969 ’

1866 4025 2106 4083 Grzecam
2134 4028 2365 4099 litteram
2395 4030 2460 4093 Τ,
2487 4025 2604 4097 quae
2632 4031 2799 4098 figura
2825 4038 2909 4084 est
2932 4025 3125 4099 erucis,
3158 4025 3443 4089 et'litte'ras

1864 4120 1882 4151 ι
1909 4106 1963 4152 et
1985 4122 2046 4164 η,
2080 4097 2271 4166 quibus
2299 4099 2455 4154 Jesus
2486 4097 2688 4153 nomen
2712 4099 3025 4166 inchoatur,
3052 4097 3302 4156 numerus
3330 4114 3441 4157 ter-

1862 4178 2075 4239 centum
2102 4167 2289 4224 decem
2312 4177 2366 4223 et
2390 4180 2510 4224 octo
2537 4168 2720 4225 Graece
2751 4169 3084 4239 exprimitur.
3122 4170 3442 4229 Prudentius

1864 4237 2025 4309 igitur
2062 4238 2557 4309 interpretationem
2589 4240 2748 4309 vulgo
2788 4237 2964 4293 nctam
2999 4241 3117 4307 jure
3157 4255 3253 4295 suo
3276 4282 3291 4306 ,
3324 4243 3443 4299 sive

1857 4308 1976 4378 lege
2001 4310 2208 4377 poetica
2233 4308 2470 4374 iudicare
2501 4317 2707 4373 tantum
2738 4310 2909 4369 voluit
2928 4350 2943 4376 ,
2976 4311 3107 4369 illud
3129 4311 3329 4367 Horatii
3354 4326 3441 4368 se-

1858 4386 2013 4433 Cutus
2045 4397 2058 4433 :

1926 4472 2134 4537 semper
2156 4472 2214 4521 ad
2236 4479 2468 4523 eventum
2491 4471 2705 4537 festinat,
2733 4480 2785 4522 et
2802 4473 2851 4537 in
2875 4473 3065 4529 medias,
3082 4486 3183 4537 res,

1925 4533 2031 4583 Non
2048 4533 2194 4585 Secus
2213 4548 2266 4583 ac
2287 4540 2442 4593 notas,
2462 4533 2732 4585 auditorem
2754 4535 2895 4597 rapit.

1859 4637 2107 4694 Fortasse
2136 4637 2294 4694 etiam
2332 4636 2592 4707 reliquum
2623 4653 2635 4689 :

1926 4815 2172 4878 Desperat
2196 4820 2397 4873 tractata
2419 4813 2669 4863 nitescere
2695 4825 2853 4876 posse,
2882 4751 3129 4876 refutauit

1931 4918 2004 4989 (ε)
2030 4918 2313 4973 Enimvero
2332 4930 2453 4989 cum
2475 4916 2564 4969 diu
2585 4916 2917 4989 multumque
2937 4914 3261 4989 dubitassem
3282 4931 3442 4983 quam

1863 4987 2197 5057 potissimum
2245 4989 2383 5041 viam
2428 4988 2732 5040 insisterem
2761 5026 2776 5048 .
2828 4987 3114 5055 pluresque
3159 4987 3345 5041 doctos
3392 4996 3442 5044 et

1862 5060 2148 5128 prudentes
2195 5056 2812 5128 virosconsuluissem,
2859 5058 3016 5128 plane
3052 5057 3180 5128 mihi
3227 5057 3440 5123 accidit,

1859 5126 1999 5196 quod
2049 5127 2366 5195 Demiphoni
2416 5128 2468 5181 in
2531 5126 2851 5181 Pbouuione
2894 5126 3164 5190 Terentii,
3210 5135 3329 5178 actu
3361 5141 3437 5196 in,

1858 5195 2017 5253 scena
2048 5201 2083 5253 5
2107 5240 2120 5261 ,
2160 5200 2248 5268 qui
2278 5214 2400 5253 cum
2444 5207 2553 5253 tres
2588 5197 3091 5268 jurecnnsultospde
3118 5196 3314 5268 nuptiis
3347 5195 3440 5268 ﬁlii

1860 5264 2258 5339 interrogasset,
2280 5279 2335 5322 et
2359 5268 2568 5322 diversa
2591 5264 2887 5339 sentientes
2907 5266 3201 5339 audivisset
3225 5283 3237 5316 :
3264 5264 3439 5318 Feria-

1856 5340 1920 5394 tia
1946 5334 2122 5411 probe,
2154 5334 2251 5406 ait,
2279 5339 2518 5393 incertior
2541 5353 2651 5389 sunt
2679 5336 2838 5389 multo
2864 5352 3018 5405 quam
3042 5334 3257 5388 dudum.

1922 5439 2006 5489 Τι’(
2023 5454 2048 5488 s
2071 5441 2183 5488 mihi
2211 5439 2449 5499 eonvivm,

1862 5521 1929 5578 Ut
1949 5523 2080 5577 alius
2105 5522 2299 5587 aiebat,

2354 5620 2503 5670 prope
2527 5607 2787 5670 d'ssentire
2811 5607 3052 5670 videntur,

1926 5673 2193 5727 Pascentes
2217 5668 2572 5727 vario'tnultum
2595 5669 2792 5723 diversa.
2814 5668 2989 5732 palato.
