4016 6182
604 257 709 315 575

1997 262 2443 321 PRUDEN'I‘IUS.
3744 285 3837 339 576

602 380 960 443 quantumque
983 369 1116 428 ultra
1137 373 1364 428 aliorum
1422 375 1778 444 interpretum
1813 377 2025 432 inventa
2068 380 2169 434 sim
2202 383 2255 441 Α
2276 381 2393 435 dico
2417 384 2547 438 meis
2580 385 2811 453 ineptiis,
2835 387 2928 442 sed
2948 389 3377 458 gravissimorum
3401 395 3674 453 hominum
3699 415 3834 453 com-

606 476 916 531 progressus
963 464 1181 518 minime
1226 464 1430 529 dicam,
1482 481 1585 519 non
1667 467 1837 521 solum
1874 484 1941 523 ne
1993 470 2174 524 videar

605 563 812 606 montes
838 568 1027 607 aureos
1059 553 1322 621 polliceri,
1372 555 1615 625 sedquia
1671 557 1826 612 facile
1858 559 2032 627 quivis
2082 574 2176 628 per

604 657 662 696 se
686 642 879 710 poterit
903 641 1163 711 judicare,
1207 644 1254 697 si
1276 648 1690 701 commentarios
1736 663 1845 716 pra:
1892 650 2060 704 oculis
2084 651 2177 704 ha-

604 732 798 795 buerit,
829 739 882 786 et
912 732 1037 787 hinc
1092 733 1216 788 inde
1239 735 1541 795 contulerit.
1594 737 1727 791 lllud
1774 754 1933 792 unum
1976 739 2171 808 dicam,

604 822 655 876 in
678 823 880 877 duabus
908 823 1245 880 facultatibus
1275 840 1405 894 quas
1450 828 1515 881 ad
1568 828 1837 883 Prudentii
1864 830 2176 900 explitatio-

602 928 721 965 nem
749 916 1077 969 necessarias
1102 929 1220 970 esse
1246 923 1367 972 ante
1400 919 1575 985 posui,
1607 934 1798 987 nempe
1827 920 1881 973 in
1913 920 1989 975 rei
2022 920 2177 975 theo-

604 1001 791 1070 logicac
836 1018 899 1057 ac
938 1002 1292 1074 philologicar,
1321 1008 1639 1061 nominatim
1672 1024 1797 1063 vero
1820 1011 2063 1079 poetica),
2089 1026 2177 1064 co-

600 1093 954 1160 gnitionibus,
988 1109 1074 1149 me
1102 1110 1132 1148 a
1167 1110 1334 1164 puero
1387 1112 1490 1151 non
1540 1098 1880 1168 indiligenter
1906 1102 2007 1156 sub
2048 1117 2178 1172 prm-

601 1184 949 1238 stantissimis
997 1186 1306 1254 magistris,
1358 1188 1561 1245 utinam
1612 1189 1837 1259 feliciori
1905 1192 2175 1260 tempore,

601 1284 723 1328 esse
753 1284 1039 1338 versatum,
1068 1276 1180 1329 sive
1209 1276 1353 1344 quod
1376 1280 1530 1346 genio
1561 1281 1789 1348 quodam
1821 1282 1876 1335 in
1907 1281 2021 1337 haec
2066 1292 2177 1338 stu-

603 1363 688 1417 dia
714 1363 972 1431 impulsus
993 1366 1206 1431 fuerim,
1224 1369 1339 1423 sive
1367 1370 1506 1438 quod
1529 1372 1793 1426 .rationes
1843 1374 1964 1428 vitae
2015 1389 2044 1427 a
2068 1375 2178 1443 pri-

603 1452 707 1505 mis
774 1454 930 1509 annis
998 1464 1262 1524 susceptae
1326 1459 1396 1511 ita
1444 1459 1838 1529 ﬂagitaverint;
1907 1463 2051 1533 quod
2112 1478 2177 1520 eo

603 1542 805 1595 dictum
822 1544 964 1612 volo,
997 1560 1099 1599 non
1125 1556 1179 1600 ut
1207 1552 1660 1617 exspectationem
1701 1555 1926 1610 excitem
1947 1594 1961 1620 ,
2001 1555 2098 1610 sed
2120 1565 2180 1611 ut

605 1635 923 1703 arrogantiae
949 1637 1306 1705 suspicionem
1334 1639 1558 1695 diluam.

2278 476 2551 529 meutariis
2581 490 2684 529 non
2709 477 2990 543 pragferat?
3018 479 3217 537 Omitto
3239 498 3299 538 ea
3355 500 3471 554 qua:
3508 503 3571 541 ex
3624 490 3835 543 editoris

2275 560 2533 615 industria
2558 563 2905 634 etdiligcntia
2964 568 3185 625 editioni
3242 571 3514 628 Parmensi
3556 579 3833 639 accedent.

2276 655 2571 719 praesertim
2602 668 2666 708 ex
2698 656 2853 710 codd.
2887 672 3015 712 mss.
3046 659 3324 717 Vaticanis
3338 662 3669 731 deprompta.
3720 668 3832 731 qui—

2278 741 2481 795 busillc
2533 745 2966 803 commodissime
3009 750 3080 804 uti
3128 759 3336 819 potest:
3388 756 3540 821 cujus
3584 756 3835 810 doc‘riue

2279 840 2480 885 tantum
2505 835 2726 895 abestut
2754 838 3042 907 quidquam
3059 840 3352 897 detractum
3386 846 3563 907 velim,
3586 858 3644 899 ut
3672 848 3835 914 potius

2277 936 2339 976 ex
2362 938 2425 977 eo
2453 924 2563 977 font
2584 946 2614 991 -,
2649 940 2768 981 cum
2795 928 2995 993 licebit,
3018 944 3226 999 sperem
3256 948 3401 988 meos
3448 935 3689 990 hortulos
3727 937 3835 990 irri-

2276 1030 2423 1084 gare,
2456 1018 2684 1086 adjrcta,
2706 1020 2749 1073 si
2773 1019 2877 1075 alia
2911 1024 2992 1076 via
3014 1023 3171 1090 desit,
3203 1026 3497 1093 appendice
3520 1027 3618 1096 (b).

2345 1108 2394 1175 7
2428 1107 2513 1163 15.
2544 1107 2722 1178 itaque
2750 1124 2868 1165 cum
2900 1112 3030 1166 nihil
3053 1115 3476 1183 sitquamobrcm
3507 1117 3574 1170 ab
3612 1116 3833 1185 incmpto

2277 1195 2534 1251 desistere
2562 1198 2804 1265 debeam,
2832 1203 2971 1271 quod
3002 1204 3261 1274 reliquum
3308 1214 3412 1275 est,
3457 1206 3695 1260 ordinem
3737 1223 3833 1276 quo

2279 1283 2548 1343 Prudentii
2581 1304 2740 1358 opera
2768 1306 2797 1344 a
2849 1308 2934 1348 me
2976 1304 3101 1349 sunt
3129 1295 3333 1350 edenda
3385 1297 3683 1365 explicabo.
3732 1298 3835 1351 Pri-

2275 1390 2420 1430 mum
2448 1376 2563 1433 haec
2596 1377 2997 1449 Prolegomena,
3030 1400 3146 1453 quae
3171 1385 3277 1454 jam
3301 1400 3522 1440 exarare
3560 1388 3697 1453 (αξιιί
3748 1402 3833 1454 ap-

2277 1483 2480 1538 ponere
2538 1468 2781 1536 decrevi,
2841 1473 3192 1531 Prudentiana
3260 1477 3589 1542 inscribens,
3638 1478 3832 1533 titulum

2276 1572 2339 1615 ac
2362 1573 2549 1630 magna
2576 1579 2651 1623 ex.
2689 1572 2836 1632 parte
2852 1566 2941 1619 rei.
2982 1565 3253 1635 exemplar
3300 1575 3568 1621 mutuatus
3607 1584 3725 1621 eum
3774 1568 3834 1621 ab

2278 1649 2414 1718 aliiS,
2444 1656 2529 1723 qui
2562 1652 2876 1709 Gersont'ana
2901 1664 2955 1710 et
2994 1655 3192 1712 similes
3233 1656 3413 1711 titulos
3443 1656 3699 1721 fecerunt,
3731 1665 3832 1712 tum

677 1728 763 1783 10.
794 1728 946 1785 Alius
974 1745 1115 1785 nunc
1143 1733 1422 1802 scrupulus
1465 1736 1779 1792 eximendus
1831 1748 1931 1795 est.
1980 1737 2174 1804 Audio,
2206 1733 2573 1817 Bprmsertim
2603 1745 2719 1801 ac.
2770 1746 2834 1801 V.
2885 1745 3104 1800 Daniele
3148 1745 3361 1813 Huctio,
3406 1748 3495 1816 qui
3538 1746 3831 1818 Origeniana

605 1817 893 1877 editionem
924 1835 1139 1890 operum
1172 1821 1447 1884 Prudentii
1473 1825 1539 1880 ad
1578 1827 1735 1881 codd.
1793 1843 1924 1885 mss.
1964 1828 2179 1884 Vatica-

605 1923 708 1972 nos~
727 1909 931 1968 Parma:
947 1911 1055 1980 jam
1108 1913 1317 1983 pridem
1356 1929 1477 1972 esse
1523 1917 1844 1972 inchoatam.
1877 1919 2015 1995 Quid
2051 1934 2179 1990 ergo

606 2014 746 2054 nunc
783 2000 931 2080 juvat
964 2002 1221 2063 Romanis
1269 2006 1409 2083 typis
1462 2006 1810 2063 Prudentium
1864 2010 2180 2067 excudere?

604 2088 785 2145 Dicam
809 2092 948 2161 quod
973 2108 1058 2149 res
1074 2104 1156 2149 est
1192 2113 1203 2147 :
1233 2095 1276 2150 si
1315 2095 1381 2151 de
1430 2096 1704 2154 Parmensi
1753 2099 1992 2155 editione
2027 2100 2181 2170 quid-

604 2193 762 2248 quam
789 2189 912 2235 ante
939 2176 1316 2240 ittaudivissem
1338 2200 1497 2259 quam
1553 2189 1788 2243 animum
1820 2189 1885 2244 ad
1932 2188 2072 2251 hunc
2097 2189 2181 2244 la-

605 2270 791 2325 borem
812 2274 1206 2345 applicuissem,
1231 2276 1456 2337 fortasse
1466 2280 1683 2335 omnino
1701 2281 1835 2335 nihil
1860 2281 1925 2337 de
1944 2281 2182 2343 Pruden-

608 2360 681 2417 tio
707 2360 916 2418 edendo
938 2366 1271 2435 cogitassem.
1298 2369 1557 2435 Quoniam
1586 2386 1714 2425 vero
1741 2372 1799 2445 6
1833 2373 2085 2443 cogitatio
2113 2374 2183 2429 de

607 2463 668 2504 re
694 2453 881 2519 quavis
908 2463 1000 2508 aut
1023 2469 1130 2509 non
1151 2464 1233 2513 est
1259 2458 1619 2527 suscipienda,
1643 2470 1753 2531 aut,
1777 2462 2187 2532 sisuscip2atur,

608 2539 725 2596 sine
754 2556 912 2599 causa
945 2560 1051 2600 non
1077 2554 1159 2601 est
1182 2546 1624 2619 derelinquenda,
1667 2549 1914 2606 dubitare
1942 2553 2078 2621 (ταξρί
2113 2568 2181 2608 an

608 2629 679 2684 ob
700 2631 987 2688 editionem
1015 2633 1355 2692 Parmensem
1382 2654 1410 2693 a
1438 2641 1709 2709 proposito
1754 2656 1969 2698 cessare
2016 2644 2180 2700 debe-

608 2735 755 2787 reen,
785 2723 838 2778 in
865 2741 969 2794 quo
1010 2728 1408 2796 prudentiorum
1433 2733 1655 2788 consilio
1699 2749 1856 2801 quam
1914 2750 2034 2792 meo
2088 2752 2181 2792 ac-

608 2812 884 2881 quicscere
940 2817 1127 2874 malui.
1185 2819 1411 2879 Aiebam
1459 2823 1757 2892 gravissimi
1806 2825 2047 2883 homines
2093 2827 2181 2897 qui

609 2917 723 2959 rem
753 2906 961 2971 penitus
980 2923 1038 2964 se
1060 2909 1198 2967 scire
1250 2915 1645 2987 asseverabant,
1688 2917 1887 2973 nullam
1925 2919 2180 2989 reliquam

609 3008 761 3063 spem
787 3010 926 3062 esse,
956 3011 1012 3054 ut
1033 3001 1198 3058 editio
1229 3003 1316 3061 illa
1334 3006 1538 3063 Parmae
1589 3008 1834 3067 inchoata
1886 3011 1951 3065 ad
1982 3012 2199 3067 exitum.

2282 1837 2532 1906 operibus
2570 1836 2818 1906 Origenis
2855 1837 3172 1905 praepOSuit;
3238 1851 3555 1906 quamquam
3605 1853 3757 1892 nemo
3805 1854 3830 1891 a

2282 1943 2368 1983 me
2398 1928 2627 1996 postulet
2649 1934 3019 1995 autexspectet
3048 1934 3105 1981 ut
3132 1925 3323 1981 exilem
3352 1926 3624 1981 dividendi
3680 1929 3830 1981 ratio-

2281 2034 2403 2076 nem
2425 2035 2618 2090 sequar
2645 2034 2801 2087 quam
2854 2018 2941 2073 ille
2997 2016 3199 2085 tenuit,
3258 2017 3369 2071 suis
3402 2017 3603 2075 civibus
3642 2032 3828 2072 morem

2282 2126 2496 2183 gerens,
2524 2110 2613 2180 qui
2644 2123 2732 2165 res
2782 2106 3042 2177 quaslibet
3092 2107 3292 2161 minute
3340 2106 3529 2176 potius.
3563 2122 3608 2161 ct
3632 2106 3831 2161 ncidunt

2282 2217 2440 2272 quam
2470 2199 2736 2256 dividunt.
2759 2199 2922 2270 Igitur
2942 2201 2996 2253 in
3026 2196 3109 2252 his
3139 2197 3525 2267 prolegomeais
3576 2198 3645 2252 ita
3694 2213 3830 2266 argu-

2284 2304 2517 2351 mentum
2537 2300 2919 2363 persequar,ut
2972 2306 3091 2347 sese
3136 2305 3224 2345 res
3262 2292 3389 2360 ipsze
3416 2291 3641 2361 simplici
3663 2291 3829 2345 ordine

2283 2383 2584 2449 dabunt,.et
2602 2391 2759 2455 prout
2786 2382 2957 2453 quivis
2997 2397 3092 2452 per
3111 2396 3170 2437 se
3197 2384 3362 2452 possit
3387 2382 3702 2451 intelligere.
3718 2383 3828 2447 Quis

2283 2475 2448 2540 enim,
2482 2475 2645 2529 etiam
2689 2486 2775 2527 me
2821 2480 3049 2537 tacente,
3094 2486 3197 2526 non
3246 2471 3525 2540 percipiat,
3567 2471 3825 2525 dicendum

2284 2580 2405 2621 esse
2448 2564 2515 2621 de
2569 2564 2671 2619 vita
2720 2562 3015 2629 Prudentii,
3056 2561 3123 2617 de
3150 2561 3399 2631 operibus
3454 2578 3571 2631 qum
3619 2570 3825 2624 exstant,

2285 2638 2860 2726 qua-petieruntque
2890 2653 3050 2708 dubie
3090 2662 3182 2707 aut
3222 2651 3356 2709 falso
3406 2654 3453 2707 ei
3493 2653 3824 2715 ascribuutur,

2284 2746 2353 2801 de
2379 2744 2651 2800 codicibus
2675 2758 2828 2811 mss.,
2870 2742 2939 2799 de
2968 2742 3409 2811 editionibus,gde
3458 2743 3826 2799 commentariis

2286 2836 2443 2891 editis
2487 2832 2720 2889 etmss.?
2746 2832 3049 2887 Doctrinam
3076 2846 3202 2886 vero
3224 2831 3494 2886 Prudentii
3525 2842 3704 2887 contra
3738 2832 3825 2885 hzc-

2287 2928 2526 2991 reticos,
2582 2933 2767 2979 contra
2815 2922 3101 2984 nonnullos
3143 2923 3432 2978 catholicus
3489 2923 3823 2992 prepugnabo.

2286 3018 2553 3084 Quosdam
2580 3016 2817 3085 insignes
2840 3017 2984 3070 locos
3011 3016 3152 3069 circa
3182 3012 3371 3083 dogma
3401 3028 3464 3069 ac
3519 3014 3825 3083 disciplinam

610 3086 1020 3157 Ρθτάυοεΐθῑυΐὲ
1061 3096 1465 3151 οοηεθηιὶθὺιιηι
1511 3109 1767 3167 pm'let‘ea
1801 3115 1939 3165 eam,
1968 3103 2179 3156 etiamsi
2208 3095 2253 3158 C
2282 3107 2698 3163 ecclesiasticam
2718 3106 2785 3161 de
2812 3105 2956 3160 cultu
3000 3104 3363 3175 reliquiarum,
3406 3104 3473 3159 de
3520 3106 3829 3159 iut'oeatioue

609 3173 1006 3249 absolveretur,
1025 3185 1373 3255 nequicquam
1417 3200 1573 3256 posse
1603 3190 1736 3245 meis
1767 3190 1910 3246 curis
1941 3192 2175 3248 obstare.

682 3263 766 3319 H.
792 3266 932 3322 Sane
962 3271 1090 3325 mihi
1125 3274 1232 3329 duo
1246 3285 1390 3331 certa
1412 3290 1533 3333 esse
1555 3278 1868 3336 videbantur
1896 3299 1909 3336 :
1933 3282 2177 3349 alterum,

609 3353 872 3422 duplicem
900 3359 1169 3417 Prudentii
1193 3365 1484 3425 editionem
1501 3370 1688 3425 eodem
1723 3380 1959 3441 tempore
2000 3388 2182 3440 perac-

613 3457 719 3499 tam
758 3463 861 3502 non
892 3464 1011 3506 esse
1056 3468 1528 3529 supervacaneam,
1583 3462 1627 3514 si
1683 3470 1905 3532 utraque
1952 3463 2181 3520 diversis

611 3543 1012 3599 commentariis
1053 3557 1238 3601 ornata
1281 3549 1381 3615 sit;
1432 3552 1679 3617 alterum,
1729 3554 2016 3610 editionem
2062 3572 2180 3625 qua:

611 3631 817 3689 Parmae
845 3634 1018 3703 ﬁeret,
1049 3652 1114 3693 ex
1143 3639 1245 3703 hac
1272 3642 1507 3699 Romana
1529 3646 1661 3701 nihil
1682 3646 1987 3704 detrimenti
2027 3664 2182 3717 posse

610 3737 823 3793 capere.
874 3727 1209 3798 Exemplaria
1245 3749 1462 3804 operum
1512 3737 1830 3806 Prudentii,
1885 3742 2179 3810 praesertim

612 3829 735 3869 cum
774 3823 1170 3878 commentariis
1216 3825 1352 3882 adeo
1384 3841 1501 3881 rara
1554 3836 1707 3895 sunt,
1755 3840 1810 3885 ut
1863 3833 2066 3887 venalia
2119 3849 2180 3889 ea

613 3917 855 3974 prostare
894 3925 1149 3981 nusquam
1205 3919 1587 3986 compererim;
1645 3921 1713 3977 de
1744 3924 2088 3993 quorappello
2123 3924 2183 3978 li-

612 4000 733 4055 dem
764 4017 948 4058 eor-um
978 4007 1069 4075 qui
1101 4007 1451 4069 bibliothecas
1500 4017 1729 4084 privatas
1758 4020 1887 4073 satis
1942 4020 2180 4090 locuple-

613 4099 693 4146 tes
724 4094 1010 4161 possident,
1044 4107 1133 4153 aut
1162 4101 1227 4155 ab
1256 4101 1443 4158 amicis
1464 4120 1739 4174 possessas
1764 4109 2058 4178 excutiunt,
2093 4120 2183 4165 aut

611 4181 1019 4252 bibliopolarum
1049 4190 1295 4249 tabernas
1321 4195 1576 4263 invisunt,
1639 4206 1731 4253 aut
1777 4200 2002 4269 denique
2039 4210 2184 4257 cata-

613 4274 1243 4349 logoshibliothecarum,
1298 4301 1418 4355 quae
1463 4289 1679 4345 venales
1728 4292 1965 4362 quotidie
2018 4308 2183 4364 expo-

611 4374 828 4434 nuntur,
859 4369 1034 4426 solent
1062 4387 1372 4440 percurrere
1390 4377 1489 4450 (a).

2281 3208 2608 3261 sanctorum,
2641 3197 2709 3250 de
2733 3196 3049 3264 templorum
3075 3204 3287 3261 ornatu,
3317 3195 3385 3250 de
3411 3197 3669 3264 sepulcris
3709 3195 3830 3249 chri-

2281 3292 2598 3355 stianorum,
2621 3289 2687 3343 de
2715 3304 2810 3343 usu
2844 3288 3123 3352 luminum,
3176 3287 3385 3356 aliaque
3424 3289 3719 3357 hujus-modi
3759 3288 3825 3340 di-

2282 3380 2526 3437 Stinctius
2573 3388 2629 3435 et
2664 3378 2986 3437 enucleatius
3035 3392 3103 3436 ex
3145 3378 3283 3436 sacri
3327 3378 3473 3435 Vatis
3519 3380 3828 3449 poematibus

2283 3486 2568 3541 exponam.

2355 3565 2442 3619 14.
2473 3560 2720 3619 Conabor
2745 3573 2922 3618 autem
2947 3563 3177 3620 maxime
3221 3564 3402 3620 studio
3446 3580 3635 3621 novam
3686 3564 3823 3621 veluti

2282 3662 2450 3707 artem
2480 3652 2739 3720 poeticam
2767 3654 3053 3719 coniicere,
3075 3653 3143 3709 ad
3183 3654 3334 3725 cujus
3386 3656 3594 3724 regulas
3651 3658 3823 3723 primos

2283 3752 2478 3798 nostrae
2515 3744 2869 3799 sanctissimae
2916 3744 3190 3813 religionis
3247 3754 3429 3813 poetas
3473 3761 3568 3800 sua
3616 3748 3820 3802 carmina

2282 3832 2526 3902 exegisse
2578 3840 2742 3901 puto;
2782 3834 3097 3899 etquamvis
3126 3834 3177 3887 in
3203 3849 3330 3904 agro
3370 3836 3571 3890 inculto
3618 3847 3664 3891 et
3696 3836 3823 3888 derc-

2285 3923 2407 3977 Iicto
2435 3935 2630 3991 seram,
2660 3922 2711 3975 id
2746 3930 2921 3976 tamen
2947 3922 3134 3976 faciam
3162 3938 3281 3978 cum
3308 3923 3481 3995 aliqua
3506 3941 3598 3996 spe
3626 3925 3819 3979 fructus.

2283 4015 2494 4071 Etenim
2524 4028 2585 4069 ea
2618 4014 2851 4082 cognitio
2882 4014 2999 4068 usui
3024 4028 3141 4069 esse
3170 4025 3342 4083 potest
3400 4026 3455 4070 ut
3502 4017 3639 4070 inter
3678 4016 3823 4069 varias

2284 4122 2412 4161 mss.
2440 4105 2596 4160 codd.
2624 4104 2881 4160 lectiones
2896 4120 3003 4159 non
3034 4105 3203 4159 solum
3238 4107 3294 4160 in
3322 4105 3628 4173 Prudentio,
3658 4106 3741 4161 sed
3779 4107 3822 4159 in

2282 4197 2518 4252 aliorum.
2537 4196 2695 4251 etiam
2723 4195 2822 4251 SS.
2857 4195 3073 4250 Patrum
3095 4196 3416 4251 carminibus
3434 4212 3513 4252 ea:
3534 4213 3686 4253 voces
3720 4200 3825 4252 seli-

2281 4296 2629 4356 gantur,qum
2658 4286 2860 4356 legibus
2900 4295 2952 4339 et
3000 4285 3389 4349 consuetudini,
3442 4287 3495 4341 in
3551 4290 3726 4342 metris
3770 4303 3823 4341 eo

2283 4390 2520 4447 tempore
2549 4378 2702 4446 vulgo
2726 4384 2973 4445 recepta),
3003 4375 3326 4430 videbuntur
3368 4390 3489 4431 esse
3541 4379 3821 4446 aptissima.

684 4454 773 4510 12.
799 4458 952 4525 Quod
996 4476 1124 4518 vero
1172 4447 1407 4523 Romana
1448 4447 1575 4526 iure
1618 4484 1796 4529 nostra
1847 4473 2010 4530 editio
2063 4447 2262 4531 Par-D
2289 4472 2490 4527 Revera
2514 4467 2817 4538 hujusmodi
2864 4477 3032 4522 artem
3061 4467 3211 4521 valde
3253 4468 3437 4522 utilem
3494 4464 3713 4524 futuram
3739 4467 3823 4521 esi-

612 4550 781 4603 mensi
812 4552 943 4607 nihil
964 4555 1132 4609 valeat
1153 4557 1464 4626 ol‘ticere,in
1493 4575 1741 4634 promptu
1790 4577 1871 4622 est
1918 4567 2178 4636 judicare.

612 4638 741 4704 Quis
763 4643 901 4697 enim
936 4645 1268 4705 Bodonianos
1302 4658 1455 4723 typos
1480 4654 1581 4711 hoc
1604 4668 1787 4714 nostro
1812 4669 2049 4731 tempore
2075 4677 2178 4717 non

685 4791 764 4859 (α)
798 4792 924 4847 Nam
950 4794 1022 4878 Ide
1044 4797 1279 4878 editione
1297 4802 1364 4854 ad
1393 4807 1813 4878 usithDelpItini
1849 4826 1952 4865 non
1981 4810 2180 4878 dicam,

614 4865 982 4948 quamgrandi
1028 4869 1243 4948 pecunia
1300 4886 1364 4925 ea
1432 4865 1707 4948 vendatur,
1733 4881 1775 4931 si
1796 4883 2009 4948 quando
2037 4865 2186 4935 occa:

614 4932 701 5015 sio
716 4932 991 5015 inciderit:
1024 4932 1288 5015 scioeniut
1322 4945 1549 5015 pretium
1583 4946 1644 4999 in.
1677 4932 1999 5015 huiusmodi
2025 4932 2183 5006 rebus

612 5013 755 5079 smpe
787 5002 1134 5079 intoleranter
1160 5002 1361 5077 augeri,
1389 5014 1531 5079 quod
1583 5002 1821 5071 nonnulli
1866 5002 2180 5077 eruditionis

576 5074 797 5123 'nescio
836 5075 973 5152 quod
998 5088 1172 5152 genus
1217 5074 1270 5132 in
1331 5074 1432 5135 una
1481 5084 1652 5152 aliqua
1701 5087 1990 5143 editionum
2042 5074 2181 5145 serie

611 5144 973 5227 coitiponenda
1005 5148 1362 5227 constituunt;
1395 5154 1481 5220 qui
1532 5144 1690 5227 lusus
1743 5160 1792 5211 in
1845 5144 2181 5227 supellectile

614 5209 828 5265 libraria
858 5228 923 5266 eo
947 5213 1055 5281 jam
1086 5209 1369 5288 processit,
1401 5209 1612 5293 utquod
1638 5209 2179 5296 satyricus

1266 5349 1430 5402 Potuit
1453 5352 1652 5406 fortasse
1677 5360 1874 5408 cultoris

1192 5409 1426 5476 Piscator,
1447 5430 1589 5480 quam
1613 5421 1754 5479 piscis
1778 5424 1895 5482 emi,

611 5554 859 5638 delibro,
887 5556 1115 5638 librique
1139 5571 1354 5638 auctore
1406 5565 1560 5638 liceat
1607 5567 1869 5622 interdum
1914 5580 2173 5638 repetere.

688 5628 761 5695 (b)
784 5624 1099 5685 Prudentius
1154 5630 1473 5709 Parmensis,
1533 5654 1688 5703 quem
1730 5641 1836 5709 typi
1890 5624 2177 5698 Boddniani

2288 4567 2447 4619 stimo
2470 4564 2628 4617 etiam
2658 4561 2836 4615 multis
2863 4558 3213 4623 virisdoctis,
3268 4559 3431 4628 quiin
3478 4569 3707 4614 veterum
3744 4558 3821 4611 Pa-

2289 4667 2426 4713 trum
2457 4653 2780 4710 carminibus
2830 4648 3104 4719 vulgandis
3143 4649 3437 4717 elabomnt,
3480 4661 3537 4706 et
3589 4649 3822 4705 interdum

2293 4806 2611 4873 multosjam
2640 4819 2807 4859 annos
2836 4805 3221 4873 parturiebant,
3246 4806 3583 4860 commodum
3636 4807 3823 4862 nuncin

2289 4879 2459 4932 lucem
2486 4876 2662 4930 editus
2692 4886 2772 4929 est
2799 4874 2900 4928 sub
2930 4876 3105 4945 magni
3135 4876 3361 4929 nominis
3415 4879 3685 4942 auspiciis,
3733 4879 3825 4944 plu-

2287 4949 2541 5001 rimorum
2565 4948 2699 5001 votis
2726 4945 3009 5011 expetitus,
3056 4946 3291 5016 meisque
3323 4948 3372 4997 in
3400 4948 3603 5013 primis,
3635 4948 3717 5016 qui
3762 4947 3827 4999 ni-

2287 5018 2359 5070 hil
2390 5019 2533 5084 prius
2565 5016 2743 5079 habui,
2773 5031 2927 5084 quam
2961 5025 3017 5068 ut
3068 5015 3329 5069 editiones
3374 5024 3429 5069 et
3474 5015 3826 5071 illustrationes

2288 5086 2579 5151 Prudentii,
2611 5096 2867 5155 qttthttot
2895 5098 3126 5153 possem,
3176 5084 3410 5153 undique
3457 5091 3820 5155 ronqnirerem,

2285 5171 2574 5219 earumque
2588 5156 2900 5209 nucleumiu
2932 5155 3139 5225 publica
3167 5155 3445 5225 commoda
3476 5160 3821 5225 exprimerem.

2289 5227 2585 5280 Editionem
2617 5226 2957 5282 Parmensem
3006 5224 3238 5277 nondum
3270 5224 3374 5277 vidi
3411 5242 3424 5279 :
3454 5228 3545 5280 sed
3590 5226 3701 5280 novi
3724 5224 3825 5279 edi-

2287 5297 2418 5351 toris
2448 5296 2715 5373 diligentia
2746 5306 2797 5349 et
2817 5294 2998 5373 studio
3022 5294 3486 5373 interpretationes
3510 5311 3707 5373 nostras
3739 5310 3823 5373 0p-

2288 5374 2511 5436 portune
2552 5365 2895 5420 illustrandas
2921 5379 3099 5432 spero,
3128 5364 3390 5436 siquidem
3417 5369 3532 5435 ejus
3561 5367 3630 5421 rei
3664 5364 3826 5419 nuntio

2287 5446 2505 5504 accepto
2528 5436 2882 5489 cunctandum
2930 5436 3059 5490 mihi
3103 5435 3309 5501 censui,
3367 5439 3577 5502 penitus
3615 5448 3819 5493 cessare,

2288 5506 2521 5578 lidejam
2570 5505 2714 5569 data,
2762 5506 2922 5560 licere
2962 5522 3093 5578 lion
3122 5514 3271 5578 puto,
3329 5509 3567 5572 quamvis
3620 5523 3706 5578 per
3751 5516 3828 5557 tne

2286 5576 2497 5643 quidem
2528 5591 2629 5628 non
2655 5578 2834 5642 stabit,
2871 5586 2928 5629 ut
2954 5577 3041 5627 alii
3084 5574 3133 5629 in
3168 5576 3293 5638 tidc,
3324 5591 3479 5642 quam
3537 5574 3722 5634 dc'eis
3750 5591 3819 5629 re-

2286 5646 2591 5712 cepi,'iuviti
2618 5656 2885 5713 maneant,
2929 5647 3088 5717 idque
3128 5646 3297 5715 palam
3332 5646 3601 5704 denuntio.
