4016 6182
172 274 265 329 577

1519 265 2041 323 PROLEGOMENA.

3240 298 3251 308 -
3311 265 3413 321 578

169 390 373 445 illorum
403 402 565 460 opera
597 389 721 444 dum
755 403 946 446 sanare
974 389 1187 444 student
1207 429 1222 456 ,
1260 397 1603 459 corrumpunt
1649 397 1732 441 at-
1764 388 1821 449 Α
1846 401 1978 456 opus
2009 403 2129 445 e.~se
2158 388 2489 444 referendam
2522 386 2715 457 epilogi
2747 386 2883 450 loco,
2918 384 3057 455 quod
3117 383 3414 453 neglectum

166 495 264 552 que
289 482 362 535 ita
386 495 467 548 se,
483 481 625 552 quod
647 481 930 536 dolendum
943 490 1042 542 est,
1060 480 1520 549 grammaticorum
1555 478 1740 534 sannis

166 572 441 641 objiciunt.
473 571 661 628 Solent
682 572 822 626 enim
852 571 1201 640 grammatici,
1235 581 1292 623 ut
1312 580 1392 624 est
1420 585 1589 638 genus
1646 569 1741 624 ho-

168 665 364 719 minum
391 678 667 734 arrogans,
691 664 876 717 doctos
902 674 953 717 et
979 665 1122 718 omni
1149 662 1251 717 alia
1281 663 1578 719 eruditione
1605 677 1743 732 prte-

166 762 365 807 stantes
388 754 529 807 viros
557 752 798 818 irridere,
825 753 868 807 si
897 760 1080 806 contra
1128 765 1255 807 suos
1308 767 1541 807 canonas
1597 751 1741 806 vide-

166 844 267 896 rint
288 857 383 896 eos
410 843 633 897 licenter
659 841 926 910 judicare;
961 855 1059 895 nec
1109 841 1443 910 perpendunt
1487 849 1737 909 quantam

165 936 213 988 in
244 935 293 987 al
317 934 363 987 is
393 933 729 988 facultatibus
774 932 1068 987 doctrinam
1117 932 1297 987 etetcri
1340 932 1445 986 sint
1488 934 1736 995 aSsccuti,

165 1024 252 1079 sed
283 1024 425 1094 quod
480 1025 532 1078 in
584 1023 923 1093 grammatica
952 1022 1055 1077 illis
1079 1022 1231 1077 deest
1280 1029 1601 1092 exaggerant
1640 1022 1739 1076 imo

166 1115 447 1185 pudenter.

232 1209 321 1263 15.
352 1208 537 1276 Neque
575 1208 813 1263 omittam
835 1214 1070 1262 veterum
1093 1205 1512 1275 etquorumdam
1553 1218 1736 1261 recen-

165 1300 293 1355 tium
342 1298 663 1363 testimonia,
719 1298 909 1367 quibus
964 1297 1280 1352 Prudentius
1334 1304 1418 1352 est
1472 1296 1734 1350 laudatus.

163 1392 309 1445 Tunc
330 1389 546 1444 demum
568 1388 633 1443 ad
665 1389 842 1444 Poeta:
861 1389 917 1458 8
940 1387 1213 1441 christiani
1237 1401 1397 1455 opera
1427 1386 1735 1441 excutienda

163 1481 463 1552 aggrediar,
494 1480 596 1536 hoc
624 1480 838 1535 ordine:
874 1480 1105 1533 Primum
1131 1492 1321 1547 ponam
1344 1478 1533 1531 librum
1562 1477 1737 1531 Cathe-

164 1573 406 1625 ηιενίηωη
452 1587 573 1627 cum
620 1570 929 1641 praefatione
977 1571 1213 1625 omnium
1269 1571 1585 1638 carminum,
1632 1570 1737 1624 Per

164 1666 510 1735 quinquennia
527 1667 641 1736 jam
682 1665 873 1729 decem,
897 1672 1002 1718 etc.
1028 1679 1043 1727 ;
1094 1671 1202 1717 tum
1245 1662 1553 1729 Apotheosin
1578 1700 1593 1727 ,
1623 1661 1735 1715 Ha-

1842 496 1922 541 est
1951 485 2102 554 sequi
2122 484 2171 537 in
2202 483 2317 550 ejus
2346 481 2602 547 editione,
2634 494 2731 535 nec
2745 480 2919 532 minus
2948 478 2999 531 in
3024 478 3144 532 aliis
3167 480 3419 547 posterio-

1842 576 1987 631 ribus
1999 589 2181 629 eorum
2195 575 2285 643 qui
2307 587 2366 626 se
2384 570 2655 625 lleinsium
2679 568 2905 623 maxime
2928 568 3164 622 aemu'ari
3191 568 3421 636 glorian-

1841 677 1944 722 tur.
1965 666 2220 737 Equidem
2238 665 2480 720 ordinem
2501 669 2681 718 tenere
2694 661 2855 729 volui,
2880 675 3038 729 quem
3090 659 3412 715 Prudentius

1838 759 1893 828 9
1921 759 1972 811 in
2002 756 2312 827 praefatione
2336 755 2634 809 carminum
2654 752 2969 821 prtescribit,
2994 753 3079 806 ubi
3104 763 3416 821 argumenta

1838 864 2055 904 suorum
2092 842 2479 916 epusculornm
2513 844 2742 899 dilucide
2792 845 3057 912 proponit,
3086 845 3216 897 utin
3272 858 3418 896 com-

1841 938 2115 992 mcntariis
2136 936 2434 1005 explicabo.
2460 934 2695 1004 Olijiclat
2719 932 2911 1002 aliquis
2949 949 3051 985 non
3082 942 3329 986 consum
3351 948 3419 985 an

1840 1024 2161 1081 Prudentius
2190 1040 2315 1079 suos
2343 1026 2511 1079 lib:os
2551 1038 2620 1077 eo
2667 1022 2854 1077 ordine
2902 1036 3006 1091 quo
3061 1022 3181 1077 illos
3229 1021 3422 1076 edebat

1841 1117 2204 1179 recensuerlt;
2257 1115 2351 1170 sed
2394 1115 2593 1183 rogabo
2620 1128 2719 1182 cur,
2746 1113 2797 1166 in
2845 1113 3213 1181 propositione
3242 1114 3422 1181 operis

1838 1207 2084 1261 ordinem
2142 1222 2300 1276 quem
2362 1206 2650 1261 observare
2716 1204 3030 1259 decreverat
3102 1204 3421 1258 inverterit?

1838 1298 1995 1367 Quia,
2021 1297 2251 1367 inquies,
2272 1308 2441 1351 metro
2462 1298 2640 1366 potius
2660 1296 2824 1350 voluit
2843 1295 3149 1349 consulere.
3179 1295 3240 1348 At
3268 1295 3421 1363 igno-

1838 1404 1926 1444 ras
1980 1399 2127 1444 certe
2171 1399 2366 1457 quanta
2394 1387 2650 1442 facilitate
2677 1387 3018 1449 Prudentius,
3048 1402 3165 1455 qua:
3208 1387 3423 1441 volebat

1838 1480 2041 1544 omnia,
2069 1486 2125 1533 et
2150 1493 2256 1548 quo
2285 1478 2498 1533 volebat
2518 1477 2696 1541 modo,
2742 1477 2807 1530 ad
2836 1478 3092 1530 carminis
3153 1478 3297 1545 leges
3328 1492 3416 1530 re-

1837 1568 2080 1623 vocabat.
2131 1569 2395 1624 Praztcrea
2447 1576 2622 1637 poeta:
2650 1567 2837 1631 etiam,
2872 1566 2997 1620 dum
3046 1577 3419 1635 argumentum

1840 1667 2163 1727 proponunt,
2192 1660 2259 1711 ita
2306 1659 2435 1713 illud
2492 1657 2777 1711 endntiare
2799 1656 3043 1710 laborant
3073 1665 3131 1709 ut
3166 1656 3423 1709 naturalis

167 1757 538 1828 martigeniam,
568 1756 1048 1827 Psycltomaclciam,
1080 1763 1133 1809 et
1191 1753 1548 1819 Dittoclueum,
1590 1753 1732 1824 quod
1766 1750 1808 1809 Β
1836 1749 1967 1804 ordo
2012 1750 2261 1818 postulat.
2307 1749 2397 1804 Sic
2432 1748 2684 1817 Virgilius
2726 1758 2954 1815 quatuor
2997 1747 3305 1817 Georgiconn
3360 1747 3422 1801 li-

166 1849 504 1904 Enchiridion
532 1863 699 1904 sacrae
736 1847 1023 1917 Scriptum
1062 1848 1113 1901 in
1161 1846 1430 1917 plerisque
1459 1844 1615 1900 editis
1639 1860 1738 1915 ap-

162 1942 415 2012 pellatur.
447 1941 512 1996 Et
539 1940 652 1996 hare
696 1940 909 2010 quidem
962 1947 1203 2010 poemata
1251 1938 1424 2009 primo
1474 1936 1741 1992 volumine

160 2033 704 2102 comprehendentur.
737 2031 793 2086 In
809 2032 1030 2086 alterum
1063 2031 1342 2100 conjiciam
1370 2029 1533 2083 libros
1562 2028 1740 2081 adver-

165 2141 247 2178 sus
279 2122 670 2193 Symmachum,
701 2129 756 2178 et
783 2122 973 2177 librum
1006 2121 1435 2191 Peristephancan,
1463 2133 1584 2175 cum
1606 2119 1738 2174 mul-

167 2216 229 2268 tis
248 2228 315 2268 ac
339 2215 571 2281 cepiosis
601 2213 862 2269 indicibus
893 2226 1068 2268 rerum
1099 2226 1161 2267 ac
1192 2213 1498 2267 verborum.

233 2306 325 2361 16.
385 2306 602 2361 Glossas
656 2315 711 2360 et
745 2303 1156 2360 commentarios
1208 2302 1535 2358 carminibus
1576 2300 1743 2368 subji-

163 2399 342 2463 ciam;
382 2398 588 2468 glossas
629 2413 699 2453 ex
748 2399 902 2453 lsone
947 2397 1204 2467 magistro
1259 2404 1313 2451 et
1363 2393 1742 2464 antiquissimis

162 2491 464 2559 quibusque
501 2489 773 2546 codicibus
804 2504 931 2545 mss.
985 2487 1256 2543 Vaticanis
1292 2485 1553 2555 aliisque;
1598 2498 1743 2538 corn-

160 2583 459 2638 mentarios
508 2596 574 2637 ex
620 2582 855 2653 ingenio,
883 2596 1002 2636 cum
1052 2579 1368 2635 lectionibus
1395 2577 1740 2632 variantibus.

167 2675 254 2729 Ille
272 2674 383 2741 lso,
413 2673 525 2729 sive
554 2673 673 2728 lson
698 2673 815 2743 quis
842 2672 1019 2739 fut-rit,
1054 2671 1210 2727 docet
1230 2670 1484 2725 Mullcrns
1514 2669 1567 2723 in
1608 2683 1744 2739 pra:-

166 2765 361 2819 fationc
389 2764 458 2819 ad
512 2762 799 2819 editionem
846 2763 1121 2818 Prudentii
1176 2762 1549 2819 Coloniensetn
1604 2774 1743 2815 anno

167 2857 322 2911 1701.
359 2856 648 2911 Monachus
680 2856 780 2911 fuit
808 2858 864 2914 S.
898 2855 1054 2922 Galli,
1088 2855 1227 2911 circa
1284 2870 1478 2910 annum
1520 2853 1622 2910 900
1648 2853 1743 2907 llo-

162 2948 287 3012 ruit,
320 2947 410 3001 vir
438 2946 681 3001 doctrina
703 2955 755 3001 ct
783 2946 1063 3001 sanctitate
1083 2946 1332 3014 celebris,
1365 2946 1431 3000 de
1462 2959 1566 3014 quo
1580 2944 1743 3001 videri

168 3045 392 3107 possunt
427 3036 770 3092 Eltkehardus
807 3037 1010 3106 junior,
1056 3037 1192 3091 libro
1238 3036 1306 3092 de
1357 3036 1579 3091 Casibus
1626 3050 1744 3090 mo-

1844 1842 1970 1897 bros
2008 1844 2056 1896 in
2104 1842 2292 1897 limine
2323 1842 2480 1911 primi
2511 1840 2677 1910 perite
2704 1840 2952 1893 indicavit
2981 1857 2994 1892 :

1964 1954 2088 2012 Quid
2113 1954 2251 2003 faciat
2274 1955 2407 2004 laetas
2430 1956 2651 2016 segetes,
2675 1967 2771 2016 quo
2796 1942 2961 2016 sidere
2988 1959 3168 2001 terram

1937 2015 2164 2077 Vertere,
2194 2016 2445 2075 Maecenas,
2475 2015 2712 2077 ulmisque
2737 2015 3007 2077 adiungere
3032 2016 3161 2063 vites

1932 2076 2228 2126 Conveniat:
2255 2090 2363 2139 quae
2390 2091 2499 2125 cura
2532 2074 2691 2135 boum,
2713 2078 2795 2135 qui
2820 2074 3242 2139 cnltnshabentlo.

1935 2140 2005 2200 Sit
2035 2140 2200 2199 pecori
2223 2152 2233 2186 :
2258 2136 2404 2200 atque
2429 2141 2520 2199 apil
2544 2151 2601 2185 us
2624 2145 2800 2199 quanta
2821 2137 3131 2199 experientia
3157 2136 3313 2197 parcis

1934 2198 2058 2246 Hinc
2078 2212 2253 2248 canere
2276 2198 2516 2261 incipiam.

1843 2281 2160 2336 Prudentius
2191 2282 2426 2351 quidem,
2462 2289 2741 2353 postquam
2771 2281 2967 2336 librum
3000 2281 3421 2338 Cathemerinon

1838 2374 2324 2438 commemoravit,
2370 2374 2551 2427 statim
2599 2372 2925 2443 Apotheosin
2969 2383 3253 2437 recenset,
3300 2387 3422 2429 cum

1840 2476 1999 2516 versu
2029 2462 2185 2516 simili
2216 2463 2447 2531 potuerit
2472 2463 2665 2518 librum
2691 2464 3118 2533 Peristeplianun
3145 2463 3420 2520 denotatc~

1845 2550 1918 2606 ita
1942 2553 2083 2605 enim
2111 2552 2183 2605 ait
2213 2569 2225 2604 :

1937 2639 2135 2703 Hymnis
2156 2644 2407 2750 coqtinuet
2429 2643 2556 2701 dies,

1937 2702 2040 2750 Nec
2067 2716 2162 2750 nox
2188 2706 2235 2750 ul
2260 2718 2284 2750 ,ι
2310 2712 2449 2750 vacet
2472 2708 2586 2750 ouin
2607 2698 2745 2750 Domi

1937 2698 2040 2766 lfiec
2067 2716 2162 2751 nox
2188 2698 2284 2752 ulla
2310 2712 2449 2753 vacet
2472 2698 2586 2766 quiti
2607 2698 2864 2754 Dominum
2888 2711 3060 2756 canat:

1937 2763 2132 2825 Puguet
2156 2773 2322 2814 contra
2342 2763 2565 2826 hereses,
2592 2767 2875 2816 catholicam
2897 2767 3125 2817 discutiat
3148 2767 3312 2817 ﬁdem.

1847 2842 2024 2898 Potuit
2060 2846 2385 2913 praemittere
2412 2862 2429 2901 :

1940 2933 2144 2984 Carmen
2165 2936 2457 2998 martyribus
2478 2934 2735 2997 devoveat,
2762 2936 2931 2987 laudet
2951 2937 3194 3001 apostolos
3215 2942 3229 2986 ὲ

1846 3048 1952 3105 quo
1993 3051 2148 3092 versu
2178 3039 2412 3093 innuitur
2443 3039 2578 3095 liber
2616 3039 3066 3110 Peristephanun,
3099 3056 3128 3094 a
3158 3041 3311 3095 nobis
3335 3054 3423 3111 pos

170 3102 390 3186 nasterii
422 3131 480 3187 S.
508 3131 663 3200 Galli,
692 3102 867 3201 cap.'l
901 3140 954 3187 et
979 3102 1036 3197 Ξ,
1089 3132 1231 3201 apud
1274 3130 1574 3185 Coldastum
1619 3143 1741 3184 rom.
1784 3102 1831 3167 (ἶ
1861 3102 2061 3182 stremo
2089 3129 2206 3182 loco
2252 3130 2485 3198 positus,
2516 3131 2637 3199 quia
2688 3102 2959 3199 postremo
2990 3102 3109 3185 loco
3130 3147 3157 3185 a
3189 3102 3425 3187 Pruden-

170 3222 185 3276 I
211 3221 329 3277 fier.
376 3224 645 3277 Alemann.
670 3239 790 3293 pag.
821 3222 886 3277 12
914 3222 1071 3287 e122,
1104 3233 1157 3277 ct
1186 3220 1441 3277 Glossarii
1472 3222 1746 3277 latinitatis

168 3312 421 3382 scriptor,
455 3312 766 3380 praefatione
785 3313 963 3382 operis
993 3313 1095 3379 sui,
1136 3328 1255 3383 pag.
1298 3312 1386 3367 55.
1419 3310 1532 3365 Νοιι
1562 3310 1747 3366 dubito

168 3402 289 3471 quin
318 3402 466 3457 idem
496 3402 565 3457 sit
594 3403 696 3470 lso,
723 3418 881 3474 quem
902 3404 1003 3460 sibi
1036 3405 1347 3474 magistrum
1399 3402 1563 3458 fuisse
1601 3403 1748 3457 affir-

171 3502 274 3546 mat
292 3492 565 3549 Notkerus
595 3493 845 3551 Balbulus
863 3494 1171 3565 praefatione
1199 3494 1251 3548 in
1273 3494 1596 3563 sequentias.
1643 3492 1748 3547 De-

170 3584 329 3639 cessit
351 3593 534 3638 autem
560 3582 825 3641 Notkerus
849 3599 991 3641 anno
1032 3585 1158 3642 912.
1206 3585 1335 3641 Vide
1355 3585 1457 3640 alia
1483 3583 1550 3641 de
1596 3584 1748 3641 lsone

171 3690 318 3729 nom.
354 3676 463 3730 115
480 3684 535 3729 et
564 3674 685 3729 114.

238 3767 326 3840 1ἶ.
388 3764 642 3821 Secundo
696 3764 985 3831 volumini,
1042 3774 1290 3836 tanquam
1336 3764 1746 3835 prolegomena,

169 3857 296 3912 duas
326 3855 590 3911 diatrihas
616 3856 932 3924 praemittam
968 3856 1247 3919 :alteram,
1272 3856 1333 3908 de
1375 3855 1480 3908 Ara
1516 3854 1751 3909 Victoria:

167 3948 218 3999 in
244 3946 393 3999 curia
421 3943 588 4010 Julia,
612 3948 818 4016 ejusque
843 3945 1207 4009 eversionibus;
1240 3945 1458 3999 alteram
1476 3984 1492 4009 ,
1546 3946 1608 3998 de
1649 3929 1751 4013 [ide

170 4032 449 4089 Prudentii
474 4044 521 4088 et
552 4036 758 4088 veritate
789 4036 841 4087 in
866 4042 1148 4104 martyrum
1176 4034 1402 4089 historiis
1429 4038 1744 4103 enarrandis,

168 4127 244 4178 cui
276 4136 396 4179 acta
435 4140 688 4194 anonymo
723 4134 812 4179 aut
838 4127 1059 4178 recentia
1096 4126 1273 4180 cedere
1309 4126 1536 4179 debeant.
1567 4126 1751 4181 leones

169 4219 257 4272 ari
306 4217 509 4273 incisas
558 4218 607 4272 in
657 4225 885 4287 utroque
936 4217 1208 4272 volumine
1255 4217 1395 4272 dabo
1449 4216 1515 4271 ad
1574 4218 1752 4286 operis

168 4316 416 4362 ornatum
450 4322 735 4377 rerumque
780 4308 1224 4373 illustrationem;
1281 4309 1574 4378 praisertim
1605 4320 1752 4365 tonio

172 4397 233 4464 ll,
260 4400 327 4453 ad
355 4408 653 4468 martyrum
677 4415 763 4455 res
788 4410 963 4470 gestas
987 4411 1041 4457 et
1070 4411 1413 4457 monumenta
1437 4402 1644 4471 plenius
1664 4418 1749 4459 co-

1849 3216 1923 3270 tio
1949 3227 2281 3273 recensetur.
2314 3219 2567 3286 Quamvis
2605 3228 2781 3275 autem
2834 3221 3152 3276 Prudentius
3202 3222 3428 3292 hymnos

1847 3309 2241 3363 catltemerinos
2266 3310 2334 3365 ab
2364 3310 2575 3381 hymnis
2605 3312 3034 3382 Peristcphanun
3064 3314 3389 3382 separaverit
3409 3355 3425 3383 ,

1849 3399 2022 3455 facilis
2044 3410 2219 3455 tamen
2248 3401 2347 3456 fuit
2390 3403 2442 3457 in
2472 3402 2630 3457 codd.
2682 3418 2852 3472 mss.,
2895 3405 3027 3459 etin
3080 3404 3230 3459 libris
3270 3406 3428 3461 editis

1849 3491 2126 3561 utriusque
2154 3491 2332 3560 operis
2380 3494 2707 3562 conjunctio.
2758 3496 2888 3549 Nam
2928 3495 3052 3550 olim
3080 3511 3149 3550 ex
3178 3497 3430 3566 operibus

1847 3582 2073 3650 alicujus
2100 3582 2333 3637 auctoris
2352 3585 2578 3654 quisque
2605 3586 2867 3641 exscribef
2888 3596 2965 3652 at,
2984 3601 3101 3657 quae
3122 3589 3293 3657 magis
3320 3588 3429 3643 sibi

1850 3672 2141 3742 placerent,
2175 3674 2322 3729 nullo
2348 3675 2615 3730 interdum
2646 3677 2835 3731 ordine
2866 3696 2877 3730 :
2912 3688 2964 3733 et
2992 3675 3163 3747 multi,
3199 3679 3427 3748 hymnos

1849 3780 1968 3820 cum
1999 3774 2325 3835 qnmrcrent,
2360 3781 2547 3821 omnes
2588 3766 2815 3837 hymnos
2862 3768 3253 3823 Prndentianos
3300 3783 3429 3823 con-

1845 3856 2157 3925 junxerunt,
2208 3866 2263 3913 et
2288 3858 2500 3913 titulum
2546 3857 2790 3913 fecerunt
2818 3858 3163 3928 Ilymnarium
3211 3859 3274 3913 de
3303 3869 3429 3911 tem-

1851 3962 1973 4014 νοτε
1992 3954 2041 4000 et
2086 3946 2149 4000 de
2178 3948 2395 4013 sanctis,
2425 3955 2483 4001 ut
2523 3947 2575 4001 in
2623 3948 3023 4003 commentariis
3064 3949 3129 4002 ad
3162 3948 3428 4017 praefatio-

1851 4051 1972 4090 nem
1998 4036 2195 4090 dicam.
2234 4037 2332 4102 Qui
2380 4037 2640 4091 editiones
2669 4052 2886 4106 operum
2922 4037 3229 4101 Prudentii,
3277 4039 3428 4092 codi-

1851 4139 2047 4194 cesque
2101 4140 2263 4192 mss.,
2314 4140 2377 4181 ac
2419 4125 2689 4181 diversum
2721 4127 2963 4180 ordinem
3013 4126 3064 4181 in
3096 4128 3426 4184 carminibus

1852 4217 2202 4284 collocandis,
2230 4232 2259 4271 a
2291 4218 2589 4288 nobiscap.
2614 4220 2649 4273 4
2674 4228 2727 4273 et
2766 4217 2799 4272 5
2837 4218 3195 4283 referendum,
3226 4228 3429 4276 attente

1852 4307 2291 4373 consideraverit,
2323 4308 2626 4375 concludat,
2649 4309 2861 4378 Opinor,
2890 4324 3010 4362 eum
3041 4311 3283 4364 ordinem
3308 4327 3429 4366 esse

1856 4398 2280 4467 pricfcrendurn,
2310 4414 2467 4467 quem
2518 4401 2745 4468 ipsemet
2775 4410 2963 4454 auctor
3012 4402 3064 4455 in
3118 4400 3428 4469 prmfatione

169 4489 476 4556 gnoscenda
503 4489 681 4559 plures
700 4490 959 4559 imagines
992 4492 1280 4560 proferam,
1316 4502 1369 4546 et
1401 4492 1518 4547 ilias
1557 4507 1746 4548 omnes
1774 4466 1826 4527 Ῐ)
1850 4496 1903 4543 et
1949 4488 2314 4558 propositione
2354 4504 2573 4558 operum
2625 4491 3031 4545 demonstravit.
3069 4492 3261 4548 Verum
3312 4492 3426 4548 hmc

171 4582 589 4647 reprzesentabo,
621 4598 753 4651 quas
779 4582 1054 4638 Gallonius
1086 4584 1138 4638 in
1182 4600 1344 4652 opere
1378 4586 1444 4640 de
1485 4585 1744 4641 Cruciati-

172 4670 264 4724 bus
292 4672 394 4727 SS.
429 4672 717 4743 Martyrum
743 4673 989 4741 inseruit,
1031 4676 1223 4744 quibus
1265 4686 1316 4730 et
1364 4690 1529 4731 novas
1564 4678 1693 4732 alias
1718 4694 1748 4733 e

170 4763 495 4817 cmmeteriis
522 4762 887 4833 depromptas,
919 4775 971 4819 et
1001 4780 1033 4819 n
1075 4766 1281 4820 nnnllas
1333 4767 1739 4823 animadversio-

172 4869 259 4908 nes
283 4870 351 4909 ex
378 4856 617 4924 Gaspare
644 4855 950 4924 Sagittario,
993 4859 1217 4925 aliisque
1273 4858 1411 4912 circa
1454 4867 1745 4929 martyrum

168 4947 439 4999 cruciatus
468 4946 733 5013 adjiciam.
766 4946 870 5000 Cur
915 4957 1092 5001 autem
1143 4948 1355 5001 diverso
1401 4948 1589 5001 ordine
1616 4949 1745 5002 Prn-

168 5033 331 5087 denlii
364 5036 604 5088 carmina
635 5035 1009 5104 disposueritn,
1043 5037 1109 5091 ab
1166 5037 1389 5092 aliorum
1421 5038 1744 5093 editionibus

168 5124 459 5189 dissidens,
506 5140 610 5178 non
661 5137 802 5181 esset
842 5141 1159 5196 magnopere
1200 5129 1565 5198 quaerendum,
1622 5144 1744 5184 cum

167 5229 355 5269 omnes
407 5218 658 5285 praecipui
716 5219 949 5274 editores
1004 5234 1154 5274 suam
1206 5221 1430 5290 quisque
1478 5222 1743 5277 direrS‘m

169 5305 302 5357 riam
326 5308 497 5361 secuti
530 5307 744 5375 fuerint,
800 5319 853 5365 et
898 5324 1084 5379 magna
1107 5313 1177 5366 sit
1231 5316 1367 5366 inter
1410 5322 1537 5366 vett.
1583 5314 1740 5368 codd.

166 5395 455 5452 dissensio.
490 5399 706 5455 lleinsio
738 5410 981 5457 recentes
1001 5402 1232 5457 editores
1260 5403 1534 5458 adharere
1566 5406 1744 5460 volue-

166 5500 318 5553 rnnt,
354 5504 529 5559 neque
563 5501 736 5547 tamen
764 5494 814 5547 id
844 5504 966 5548 sunt
994 5496 1244 5550 assecuti.
1277 5496 1405 5549 Nam
1450 5497 1540 5552 ille
1567 5499 1617 5551 in
1646 5500 1743 5552 ad-

163 5578 358 5633 dendis
392 5583 591 5636 notavit
620 5584 773 5637 odam
831 5600 949 5653 qua:
987 5600 1016 5639 a
1073 5586 1339 5656 plerisque
1378 5589 1589 5655 ponitur
1614 5599 1746 5642 tam-

166 5686 323 5739 quam
369 5675 608 5742 pmfatio
653 5675 772 5734 libri
814 5676 1238 5748 Pcristepltanwn
1266 5719 1280 5746 ,
1328 5680 1392 5734 ad
1444 5681 1745 5739 universum

1853 4581 2105 4636 hactenus
2134 4581 2458 4652 prmfationis
2487 4582 2606 4638 loco
2634 4584 2775 4638 dicta
2812 4586 2915 4639 sint
2950 4586 3099 4639 satis.

2468 4720 2691 4776 CAPUT
2729 4720 2791 4774 ll.
2841 4742 2860 4767 ε

2429 4838 2697 4895 Prudenlii
2737 4841 2863 4894 vita.

1930 4951 2031 5021 ιο
2074 4951 2157 5005 18.
2207 4951 2374 5005 Vitam
2424 4967 2615 5023 resque
2645 4963 2821 5021 gestas
2867 4953 3136 5009 Prudentii
3187 4956 3428 5011 scribere

1853 5040 2141 5110 ingressus,
2176 5041 2316 5096 haud
2343 5044 2454 5098 scio
2496 5046 2732 5113 magisne
2762 5046 3054 5114 eplandum
3087 5047 3213 5100 mihi
3246 5057 3423 5113 esset,

1853 5143 1907 5186 ut
1935 5141 2135 5188 certam
2167 5134 2280 5202 ejus
2310 5134 2532 5203 patriam
2587 5137 2965 5207 investigarcm
2992 5179 3005 5203 ,
3034 5152 3101 5192 an
3142 5139 3308 5207 magis
3349 5139 3424 5191 illi

1852 5222 1920 5277 sit
1948 5224 2232 5293 gloriosum
2261 5243 2271 5277 :
2300 5237 2355 5281 ut
2375 5227 2503 5281 olim
2534 5229 2711 5295 plnrt-s
2731 5230 2949 5283 Graecia:
2971 5230 3211 5283 civitates
3234 5229 3426 5282 Home-

1852 5330 1967 5369 rnm
2016 5317 2114 5370 sibi
2155 5316 2325 5372 civem
2374 5321 2713 5388 arrogabant,
2766 5323 2835 5375 ita
2883 5338 3021 5375 nunc
3060 5322 3127 5375 de
3156 5321 3425 5375 Prudentii

1851 5408 2007 5459 natali
2037 5406 2153 5461 solo
2184 5407 2316 5461 duis
2345 5410 2674 5476 potissimum
2720 5412 2983 5479 lliSpanian
3014 5414 3174 5468 urbes
3204 5412 3425 5466 nobilis.

1849 5497 2011 5551 simas
2054 5508 2281 5563 certare,
2332 5500 2790 5570 C:es:traugustam
2832 5514 2885 5558 ct
2911 5505 3262 5576 Calagurrim.
3296 5508 3421 5574 Qui,

1852 5589 2074 5655 partium
2095 5586 2269 5641 studio
2294 5591 2547 5657 reptisilo,
2590 5592 2853 5647 rationum
2885 5609 3151 5652 momenta
3180 5600 3427 5654 conside-

1854 5674 1965 5737 rhte
1988 5678 2323 5749 expcnderit,
2354 5682 2682 5738 existimabit
2714 5683 2868 5742 facile
2889 5702 3099 5750 causam
3130 5692 3301 5758 pot'us
3326 5692 3427 5747 sub
