4000 6176
170 289 248 349 581
1506 254 2007 317 PROLEGOMENA
2020 294 2033 307 .

3300 241 3405 298 582

224 404 309 460 2‘2.
342 398 633 455 Videndum
658 401 739 447 cst
768 399 966 452 tamen,
993 400 1059 439 an
1084 383 1194 437 sive
1227 380 1495 436 Gisclinus
1536 379 1588 432 in
1614 377 1717 431 alia
1747 378 1797 436 A
1827 373 2025 442 Sanga.
2063 369 2310 439 Hispanis
2346 381 2485 421 nunc
2524 364 2720 460 [tamen
2756 361 2897 460 Salia
2919 360 3120 460 dicitur
3151 359 3317 460 Saga,
3350 366 3410 415 ut

170 495 412 557 editione,
441 489 556 543 sive
598 485 685 538 alii
717 482 784 536 de
824 477 992 539 Salia,
1039 471 1311 527 Prudentii
1358 470 1527 540 patria
1555 510 1570 535 ,
1602 474 1726 557 ante

169 587 495 641 Mantuanum
521 571 890 645 cogitaverim.
925 567 1207 624 Ferrarius
1234 564 1290 617 in
1319 561 1533 623 chico,
1560 556 1725 613 verbo

170 672 326 740 Salia,
355 674 433 726 sic
464 656 624 722 habet
658 679 722 719 es
756 661 888 716 Mela
922 677 935 712 :
969 658 1148 722 Salia,
1184 654 1314 708 Riba
1349 652 1411 705 de
1452 648 1616 740 Silla‘,
1648 645 1731 740 uel

1828 464 1904 518 ait
1945 463 2292 519 Mantuanus,
2320 460 2463 521 sive,
2498 467 2554 510 ut
2583 456 2806 521 Riscus,
2840 454 3002 508 Sella.
3038 451 3219 519 Itaque
3254 451 3405 504 Mau-

1830 564 2023 610 tuanus
2073 559 2227 621 putat
2255 548 2602 603 Prudentium
2633 554 2811 599 natum
2834 544 2994 598 fuisse
3019 556 3183 612 prope
3216 541 3412 595 ﬂumen

1833 642 2063 707 Salium,
2096 648 2151 695 et
2192 639 2419 694 fortasse
2459 636 2511 689 in
2556 633 2751 702 oppido
2779 632 3019 700 ejusdem
3066 629 3323 696 nominis,
3356 640 3413 683 ut

346 721 531 833 fluvius
566 764 614 810 et
652 753 897 823 oppidum
932 721 1203 816 Hispania:
1226 737 1642 801 Tarraconensis,
1674 736 1728 788 in
1823 733 2013 789 solent
2042 729 2237 800 oppida
2263 738 2353 782 aut
2384 726 2558 831 lluviis
2586 725 2966 833 darepomenp,
3000 730 3181 828 antes
3212 721 3291 774 eis
3322 734 3413 773 ac-

172 838 248 911 orti
274 828 518 906 Asturam
545 845 722 917 (Suia,
753 840 998 893 Pintiano
1028 845 1170 901 teste,
1201 833 1385 903 ﬂuuius
1416 828 1731 917 nominatur,

172 954 209 997 et
232 942 351 995 aliis
374 915 564 1003 Silia),
586 933 754 1005 patria
794 926 1064 982 Prudentii
1097 923 1203 994 (qui
1249 919 1411 974 multa
1430 934 1573 972 versu
1607 915 1734 970 seri.

172 1033 277 1104 psit,
292 1048 324 1083 a
340 1025 627 1082 Theodosio
638 1024 939 1092 imperatore
950 1016 1016 1068 ad
1027 1015 1373 1104 prwfecturam
1388 1006 1733 1104 sublimatus),

174 1093 410 1191 oppidum
442 1131 542 1169 non
568 1115 860 1173 obscurum,
881 1108 1012 1159 inter
1040 1102 1206 1156 Lanas
1224 1100 1303 1191 ad
1327 1108 1491 1191 ortum
1508 1137 1537 1191 ,Δ
1561 1105 1608 1149 et
1629 1093 1737 1191 ’γε-

176 1184 276 1264 eam
305 1209 377 1261 ad
403 1218 639 1260 occasum
662 1201 695 1255 6
724 1198 897 1252 leucis.
924 1193 1115 1264 Populi
1138 1189 1372 1246 Salini...
1392 1184 1700 1242 Prudentius
1717 1198 1737 1237 :

179 1299 398 1353 Oblitum
423 1293 603 1347 ueteris
629 1306 705 1343 me
725 1288 884 1343 Salia:
904 1282 1151 1349 consulis,
1176 1291 1268 1335 etc.
1293 1280 1361 1333 Et
1385 1277 1548 1333 verbo
1569 1276 1739 1330 (λιιι-
1782 1282 1787 1287 ·

178 1406 321 1447 ausis
369 1384 714 1456 :Calaguris,
757 1396 869 1451 qua:
906 1378 1176 1449 Calaguris
1211 1374 1388 1441 Livio,
1433 1369 1740 1440 Calagorina

179 1482 519 1537 Ptolemteo...
544 1474 726 1529 Patria
751 1472 1019 1527 Clementis
1067 1462 1337 1521 Prudentii
1366 1475 1525 1536 poeta:
1562 1462 1741 1515 claris-

181 1575 305 1639 simi,
339 1580 465 1625 teste
502 1567 741 1621 Mariana
772 1580 789 1617 :
819 1564 907 1619 sed
938 1570 990 1616 ut
1032 1564 1236 1633 ipsemet
1268 1560 1479 1611 innuero
1522 1555 1737 1618 videtur,

182 1666 325 1722 Salia
371 1661 623 1731 oppidum
662 1656 974 1711 Cantabrica:
1004 1670 1107 1707 ora:
1126 1652 1289 1707 solum
1318 1650 1397 1704 illi
1428 1648 1594 1701 natale
1620 1645 1737 1716 fuit.

1833 824 2049 893 cipere;
2102 822 2262 892 idque
2302 820 2477 889 arguit
2504 834 2569 873 cx
2602 817 2778 872 verbis
2814 815 3141 884 [tractationis
3165 827 3412 882 cperum,

1834 923 1925 969 aut
1952 913 2045 966 lib.
2076 912 2404 975 Cathemer.,
2451 923 2609 978 quam
2640 908 2817 961 minus
2855 914 2999 961 recte
3029 905 3287 976 hymnum
3317 916 3411 972 ap-

1837 1004 2030 1075 pellat:

2144 1131 2261 1180 litae
2283 1132 2395 1179 dum
2421 1131 2515 1178 vita
2540 1129 2706 1177 volans
2725 1131 2847 1191 agit,

2150 1192 2354 1253 lrrepsit
2372 1192 2530 1239 subito
2544 1192 2758 1253 canities
2781 1191 2905 1253 seni,

1934 1252 2148 1302 Oblitnm
2174 1262 2355 1301 veters
2379 1266 2457 1299 me
2477 1252 2620 1299 Saliae
2640 1252 2850 1299 consulis
2878 1261 3108 1311 arguens,

1932 1316 2035 1364 Sub
2056 1327 2153 1375 quo
2179 1316 2329 1375 prima
2352 1314 2457 1361 dies
2476 1314 2589 1360 mihi
2611 1314 2703 1372 (a).

1912 1477 2002 1531 24.
2037 1476 2258 1545 Vulgata
2288 1483 2371 1529 est
2415 1473 2597 1543 opinio
2624 1473 2908 1527 Marianam
2940 1473 3157 1527 omnino
3190 1474 3425 1530 noluisse

1846 1578 1938 1622 aut
1960 1567 2221 1623 Mantuani
2240 1565 2497 1620 adversus
2523 1580 2581 1619 se
2606 1565 3181 1633 impugnationem,aut
3206 1563 3428 1633 Tantayi

1846 1675 1942 1728 pro
1991 1673 2049 1713 se
2079 1658 2437 1712 defensionem
2466 1656 2643 1725 legere
2672 1655 2768 1726 (b).
2820 1655 2923 1710 Res
2963 1670 3089 1710 vero
3135 1659 3327 1724 partim
3360 1658 3429 1711 ita

184 1757 415 1812 Lexieon
441 1748 851 1822 geographicum
883 1754 1003 1815 post
1026 1745 1229 1798 obitum
1258 1740 1486 1796 Ferrarii
1518 1736 1747 1807 prodiit;

1869 1752 2070 1815 tccidit,
2096 1749 2287 1818 partim
2317 1749 2528 1801 diterso
2556 1746 2734 1800 modo.
2767 1747 2972 1800 Etenim
2993 1746 3096 1816 14
3115 1746 3431 1802 Mantuanus

186 1847 274 1902 sed
306 1846 353 1898 is
382 1856 521 1897 anno
550 1839 687 1895 1605
714 1838 957 1893 ediderat
1004 1836 1283 1905 Epitomen
1321 1830 1749 1900 geographicam.

185 1936 393 1992 Censeo
429 1932 734 2002 Opinionem
761 1928 1062 1984 Ferrarium
1090 1924 1329 1978 hausisse
1356 1938 1421 1978 ex
1452 1920 1615 1976 veteri
1641 1919 1752 1974 edi-

184 2029 327 2083 tione
355 2025 578 2081 Giselini
612 2043 624 2074 :
659 2037 780 2077 nam
811 2020 924 2090 ipse
953 2019 1265 2073 Mantuanus
1297 2017 1411 2071 hate
1442 2015 1597 2070 verba
1627 2029 1753 2084 pro-

187 2119 281 2175 lert
307 2133 377 2172 ex
405 2115 679 2172 Giselino:
715 2112 812 2165 Hic
840 2111 983 2165 locus
1022 2109 1210 2164 multos
1252 2110 1437 2173 torsit,
1469 2123 1559 2161 nec
1588 2106 1756 2160 adhuc

186 2209 307 2263 satis
346 2205 571 2261 dilucide
620 2212 696 2257 est
734 2202 1038 2270 explicatus.
1084 2200 1463 2254 Commen'atur
1502 2199 1554 2250 iu
1606 2197 1754 2251 illum

190 2299 539 2356 Nebrissensis
585 2296 663 2351 Itis
707 2295 904 2350 verbis:
951 2311 972 2346 ι
1008 2292 1232 2347 Oblitum
1288 2290 1470 2345 uteris
1531 2288 1759 2342 Mesalite

188 2393 433 2458 consulis,
479 2409 498 2444 ι
528 2391 723 2445 scilicet
751 2388 843 2443 sub
867 2403 964 2458 quo
1003 2386 1199 2440 videtur
1229 2392 1382 2437 natus
1426 2380 1755 2435 Prudentius.

192 2484 351 2537 Aldus
378 2484 435 2536 in
466 2481 639 2536 Poeta:
677 2479 793 2534 Vita
836 2495 869 2531 a
902 2494 955 2532 se
988 2476 1125 2530 edita
1163 2476 1271 2543 ait,
1314 2490 1428 2529 eum
1462 2472 1563 2542 13
1607 2471 1761 2541 fuisse

192 2572 611 2642 iureconsultum,
657 2586 717 2625 ac
755 2568 1010 2623 Messalina
1060 2567 1354 2632 consulem,
1404 2565 1616 2635 hujusce
1643 2598 1661 2627 ,
1708 2562 1760 2615 ni

193 2664 367 2735 fallor,
391 2662 488 2717 loci
507 2664 792 2732 conjectura
815 2660 1014 2712 ductus.
1055 2657 1207 2711 Vetus
1235 2658 1392 2711 codex
1418 2671 1518 2722 quo
1543 2671 1633 2726 ego
1652 2670 1763 2708 sum

194 2772 310 2809 usus
341 2755 513 2819 habet,
541 2752 625 2806 Me
662 2752 843 2807 Salite.
880 2751 1082 2805 Remus
1103 2749 1342 2805 eamdem
1374 2748 1763 2817 interpretatio-

194 2861 313 2901 nem
346 2845 590 2901 Giselino
623 2841 825 2896 tribuit.
861 2840 993 2895 Eam
1032 2849 1177 2894 certe
1214 2838 1468 2893 indicavit
1499 2838 1765 2893 Giselinus

195 2934 372 2988 verbis
390 2932 665 3002 a'l'amayo
686 2931 865 2985 relatis
880 2944 1036 2997 supra
1066 2943 1207 2983 num.
1230 2929 1320 2995 2i,
1338 2929 1385 2981 in
1416 2927 1763 2982 editionei’a-

195 3025 356 3079 risina
385 3023 566 3093 1562‘:
598 3022 687 3090 qui
731 3020 878 3075 addit
907 3021 1049 3075 illico
1076 3038 1089 3072 :
1122 3019 1229 3089 Ego
1266 3019 1389 3089 quid
1430 3018 1511 3071 hic
1541 3035 1765 3085 pronun-

197 3116 321 3170 tiare
352 3116 581 3181 debeam,
610 3114 776 3167 nescio
798 3128 1024 3183 prorsus,
1060 3113 1181 3165 satis
1209 3127 1315 3165 esse
1344 3112 1615 3164 arbitratus
1652 3112 1768 3164 aliis

198 3206 455 3277 cogitandi
502 3204 764 3257 materiam
817 3203 1185 3273 suppeditasse.
1234 3202 1549 3255 Mantuanus
1601 3202 1767 3269 prima

203 3294 411 3364 periodi
446 3295 609 3348 verba
642 3308 806 3363 usque
836 3292 901 3346 ad
947 3308 1023 3347 me
1069 3291 1229 3347 Saliae
1264 3292 1440 3360 posuit
1485 3309 1498 3345 :
1547 3292 1767 3360 reliqua,

200 3384 391 3455 quibus
421 3383 702 3452 antiquitas
723 3381 1041 3452 conjectura:
1065 3381 1382 3446 declaratur,
1408 3382 1767 3450 praetermisit.

264 3473 358 3527 25.
384 3473 462 3527 De
480 3472 621 3527 Salia
647 3471 771 3541 quid
791 3486 858 3525 ex
887 3471 1157 3525 veteribus
1179 3479 1407 3534 constet,
1438 3485 1573 3526 nunc
1595 3471 1773 3540 expri-

202 3576 366 3615 mam.
401 3560 533 3615 Mela
565 3560 740 3614 locum
770 3574 1068 3627 nomenque
1096 3558 1327 3613 ﬂuminis
1366 3560 1649 3628 descripsit
1675 3560 1767 3615 lib.

201 3665 277 3716 ιιι,
309 3665 433 3718 cap.
462 3650 489 3704 l
522 3667 535 3701 :
570 3648 636 3702 In
665 3651 807 3702 Astur
822 3665 905 3703 um
937 3648 1107 3702 littore
1131 3648 1310 3721 Noega
1331 3660 1400 3704 est
1428 3650 1695 3719 oppidum,
1726 3660 1773 3704 et

202 3753 301 3796 tres
323 3756 452 3808 arte,
481 3757 607 3809 quas
636 3740 898 3795 Sestianus
928 3750 1125 3807 vocant,
1146 3740 1199 3793 in
1220 3741 1485 3811 peninsula
1507 3742 1697 3807 sedent,
1729 3751 1775 3797 et

207 3842 330 3885 sunt
362 3832 583 3902 Augusti
623 3831 825 3883 nomine
856 3846 1035 3898 sarrw,
1067 3830 1419 3901 illustremque
1457 3840 1618 3885 terras
1657 3841 1777 3886 ante

201 3922 473 3991 ignobiles.
504 3920 567 3973 At
596 3920 659 3972 ab
683 3935 744 3973 eo
763 3920 996 3989 flumine,
1026 3921 1160 3989 quod
1195 3920 1395 3975 Saliam
1420 3932 1620 3990 uocant,
1650 3923 1777 3976 inci-

201 4013 350 4080 piunt
392 4027 497 4064 ora:
526 4011 774 4081 paulatim
815 4011 1045 4064 recedere
1081 4020 1127 4064 et
1156 4011 1270 4065 lata:
1311 4011 1480 4065 adhuc
1513 4012 1777 4081 Hispania:

202 4103 371 4172 magis
408 4101 664 4170 magisque
702 4101 868 4170 spatia
906 4099 1219 4155 contrahere.
1272 4101 1506 4167 Plinius,
1552 4103 1645 4159 Μ).
1688 4120 1772 4170 tv,

200 4206 322 4260 cap.
351 4190 446 4254 20,
473 4190 612 4244 idem
641 4189 839 4245 ﬂumen
866 4199 1022 4245 vocat
1054 4191 1218 4257 Sada,
1247 4202 1333 4245 aut
1359 4192 1553 4263 Sanga,
1582 4203 1637 4247 ut
1663 4195 1778 4262 Opi-

204 4290 366 4336 natur
391 4282 724 4336 Mantuanus.
749 4280 925 4335 Verba
951 4280 1103 4335 Plinii
1130 4290 1254 4336 sunt
1278 4299 1290 4334 z
1316 4281 1477 4353 Regio
1500 4282 1779 4338 Cantabro-

203 4388 346 4441 rum,
380 4374 569 4443 [lumen
598 4372 766 4429 Sada.
810 4373 911 4429 Ubi
956 4374 1007 4429 in
1039 4374 1205 4430 veteri
1251 4374 1371 4430 cod.
1420 4391 1522 4431 ms.
1561 4378 1778 4449 legitur,

274 4526 376 4609 ta),
416 4527 616 4609 Accipe
641 4526 775 4609 ‘ejus
828 4522 1168 4609 Hispanicatn
1222 4524 1710 4609 interpretationem

206 4595 463 4650 Hientras
492 4598 543 4649 la
566 4598 707 4656 vida,
738 4611 835 4665 que
860 4611 921 4648 va
944 4595 1183 4660 volando,
1228 4595 1353 4648 hace
1378 4606 1517 4648 ‘estas
1535 4612 1699 4661 cosas,
1732 4600 1785 4652 la

207 4665 459 4719 blancura
479 4667 541 4738 de
565 4664 651 4738 los
673 4664 892 4738 cuba-llos
913 4674 1133 4738 seentro
1164 4665 1229 4718 de
1249 4674 1543 4738 repenteen
1573 4668 1641 4719 mi
1669 4684 1784 4738 per:

208 4750 336 4788 sena
368 4752 435 4805 ya
474 4736 645 4806 vieja,
684 4735 1200 4802 reprehendiendome
1242 4751 1276 4786 a
1309 4738 1383 4787 mi
1420 4734 1677 4789 oluidado'
1702 4737 1784 4791 del

204 4814 311 4878 αιῖὖ
338 4841 408 4878 en
434 4825 477 4877 el
502 4824 622 4892 qual
653 4828 738 4894 {ue
772 4823 820 4878 el
863 4826 1049 4893 printer
1094 4824 1180 4877 dia
1224 4824 1288 4878 de
1328 4826 1401 4878 mi
1449 4826 1567 4878 vida
1619 4843 1681 4880 en
1731 4829 1784 4880 la

206 4897 433 4966 antigua
477 4894 650 4966 Salia.
679 4893 801 4966 llaec
828 4903 910 4947 est
939 4902 1121 4966 autem
1146 4896 1386 4963 syntaxis
1416 4913 1429 4948 :
1460 4912 1674 4966 arguens
1705 4914 1784 4950 me

205 4963 676 5035 oblitumiconsulis
698 4962 821 5029 (hoc
841 4971 925 5035 est
948 4962 1090 5032 anni)
1112 4962 1204 5035 sub
1225 4981 1322 5035 quo
1342 4962 1640 5035 prima'dies
1661 4966 1788 5020 mihi

203 5034 397 5104 veteris
420 5034 575 5087 Salia:
604 5034 730 5103 (hoc
756 5040 837 5086 est
858 5033 912 5084 in
947 5037 1093 5086 reteri
1110 5034 1310 5103 Salia).
1344 5033 1466 5087 llaec
1488 5049 1644 5104 quam
1674 5038 1785 5090 sint

206 5103 442 5169 absona,
463 5117 622 5174 quam
647 5118 729 5169 ,ue
757 5116 787 5155 a
806 5117 963 5158 sensu
990 5105 1257 5156 communi
1280 5103 1623 5170 abhorreant,
1648 5121 1782 5174 opus

204 5186 320 5225 non
350 5172 648 5244 BSl‘t‘nllllls
678 5174 948 5241 prosequi.
987 5173 1279 5244 prasertjim
1311 5188 1429 5227 cum
1458 5175 1510 5228 in
1539 5191 1604 5228 eo
1630 5172 1786 5244 argu-

204 5250 407 5313 tnento
429 5241 981 5313 diligentcrversatus
1010 5242 1167 5296 fuerit
1196 5242 1460 5313 Tamayus
1489 5244 1557 5298 de
1592 5241 1786 5313 Vargas

204 5309 319 5364 loc.
349 5310 468 5376 cit.,
492 5309 698 5366 Joanne
723 5311 958 5367 Mariana
985 5314 1333 5383 approbante,
1365 5309 1423 5367 ut
1451 5314 1602 5383 juvat
1626 5309 1790 5384 expo-

202 5394 369 5434 nere.

278 5450 367 5519 (b)
393 5449 498 5504 Nic.
532 5450 796 5504 Antonius
826 5449 959 5504 Bibl.
1004 5467 1116 5505 nov.
1138 5491 1156 5517 ,
1181 5453 1365 5518 verbo,
1410 5453 1632 5507 Joannes
1665 5454 1783 5507 Ma-

200 5520 389 5603 τίφης,
416 5520 521 5599 hac
547 5521 711 5603 relert
732 5520 1278 5603 :dlagl‘toerudjjionis
1298 5525 1489 5576 ambitu
1519 5542 1783 5603 oppugna-

200 5590 275 5663 (ξι
306 5586 565 5663 {larinate
582 5586 1055 5663 historiam'l’etrus
1082 5591 1413 5657 Mantuanus,
1441 5586 1781 5663 propug'iiarit

203 5658 275 5709 υ.
313 5657 539 5713 Thomas
580 5660 805 5727 'l'amuyo
846 5663 906 5713 de
959 5661 1172 5731 l’argas,
1200 5664 1289 5730 qui
1336 5657 1628 5719 testimonia
1655 5670 1775 5719 satis

1763 4545 1776 4581 :
1808 4534 1857 4592 Ι)
1882 4530 2063 4583 idoneo
2092 4531 2318 4599 afﬁrmat
2361 4546 2464 4583 rem

1854 1842 2032 1896 Statim
2074 1855 2135 1894 ac
2167 1853 2291 1892 suas
2334 1838 2737 1891 observationes
2764 1850 2907 1889 anno
2949 1838 3086 1891 1607
3119 1836 3429 1906 publicavit,

1858 1945 2041 1985 earum
2070 1927 2346 1996 exemplar
2371 1927 2436 1980 ad
2471 1927 2757 1980 Marianam
2790 1927 2966 1991 misit,
2995 1926 3084 1996 qui
3122 1942 3229 1980 non
3260 1928 3432 1981 solum

1856 2036 1948 2076 cas
1974 2022 2118 2090 legit,
2153 2036 2343 2074 verum
2376 2020 2534 2073 etiam
2563 2019 2786 2087 margini
2832 2027 3185 2087 congruentes
3213 2033 3432 2087 respon-

1857 2115 2034 2169 siones
2065 2112 2292 2181 adjecit,
2327 2120 2486 2180 atque
2517 2110 2597 2163 his
2629 2109 2770 2164 notis
2810 2110 3131 2164 illustratum
3161 2110 3436 2177 exemplar

1859 2205 1999 2259 idem
2025 2205 2089 2258 ad
2115 2205 2452 2258 Mantuanunt
2479 2203 2710 2256 remisit.
2735 2200 2865 2255 Cum
2896 2201 3210 2255 Mantuanus
3235 2204 3434 2259 cudere

1859 2299 2071 2360 iterum,
2099 2304 2153 2349 et
2182 2295 2437 2349 recudere
2467 2309 2619 2348 suum
2662 2293 2973 2361 epusculum
3005 2294 3214 2347 auctius
3247 2307 3436 2362 perge-

1860 2397 1962 2452 ret,
1993 2386 2240 2440 Marianm
2270 2385 2712 2454 responsionibus
2743 2383 2874 2437 nihil
2904 2384 3214 2450 dcterritus,
3248 2384 3315 2448 is,
3346 2385 3438 2454 qui

1862 2478 2063 2543 mtjora
2108 2477 2284 2528 animo
2331 2474 2601 2539 volvebat,
2652 2471 2852 2526 nullum
2901 2475 3035 2527 ultra
3079 2475 3315 2538 verbum,
3350 2482 3439 2528 aut

1862 2587 2068 2641 operam
2098 2585 2294 2622 sumere
2320 2567 2520 2620 inanem
2545 2565 2807 2634 decrevit,
2830 2566 2955 2632 quin
2986 2566 3095 2619 sine
3121 2566 3269 2619 rivali
3291 2582 3442 2635 seque

1864 2673 2019 2717 ctsua
2045 2661 2184 2714 roltts
2205 2669 2415 2724 amaret,
2448 2669 2538 2712 aut
2568 2672 2689 2712 cum
2728 2658 2911 2727 paucis
2945 2659 3278 2713 Mantuanus.
3309 2659 3441 2713 Cum

1865 2763 2040 2805 autem
2082 2748 2329 2802 Mariana:
2373 2762 2587 2802 causam
2625 2747 2916 2802 defendere
2951 2749 3109 2803 vellet
3153 2749 3441 2819 Tamayus,

1865 2858 1984 2912 qua:
2010 2840 2075 2896 de
2104 2835 2376 2893 Prudentii
2410 2839 2605 2908 patria,
2636 2841 2785 2909 quasi
2810 2840 2950 2895 aliud
2980 2856 3161 2910 agens,
3197 2842 3443 2910 scripsis-

1866 2939 1969 2997 set,
2003 2930 2077 2989 illi
2110 2931 2363 2994 ostendit,
2399 2930 2739 2998 rationesque
2784 2945 2907 2983 snas
2940 2930 3200 2999 probavit.
3251 2930 3441 2985 Postea

1867 3035 1988 3075 cum
2018 3021 2316 3089 apologiam
2365 3028 2527 3073 totam
2575 3019 2922 3085 absolvisset,
2972 3020 3351 3089 pervidendum
3392 3031 3445 3078 et

1796 3093 1841 3156 (ἶ
1872 3109 2254 3166 etncndandam
2295 3110 2468 3164 eidem
2510 3109 2721 3177 obtulit,
2754 3112 2895 3179 quod
2949 3110 3311 3165 facererenuit
3336 3112 3446 3166 Ma-

1872 3203 2050 3266 riana,
2097 3202 2298 3256 viribus
2349 3209 2404 3256 et
2459 3202 2672 3268 ingenio
2712 3202 2927 3273 Tamayi
2973 3202 3237 3267 conlisus,
3280 3218 3446 3272 quan-

1870 3310 2026 3363 quam
2056 3294 2156 3346 alia
2206 3293 2410 3348 ratione
2444 3301 2715 3362 permotus
2750 3294 2909 3347 etiam
2943 3294 3073 3347 mihi
3105 3294 3344 3360 videtur,
3376 3310 3446 3350 ne

1871 3386 2076 3439 scilicet
2102 3385 2414 3441 Mantuanus
2444 3386 2665 3457 Tamayi
2697 3386 3041 3456 scriptionem
3068 3386 3319 3441 Mariana:
3346 3389 3447 3458 ipsi

1872 3474 2149 3543 attingeret
2181 3475 2288 3529 ulla
2308 3490 2368 3530 ex
2404 3487 2553 3545 parte
2584 3478 2677 3547 (ε).

1941 3568 2031 3621 9.5.
2064 3566 2188 3622 Erat
2216 3567 2425 3638 quidem
2451 3569 2562 3637 jam
2591 3569 2747 3639 vulgo
2784 3580 2995 3639 recepta
3025 3570 3313 3639 explicatio
3335 3569 3448 3637 illa,

1874 3659 2013 3729 quod
2045 3659 2364 3713 Prudentius
2390 3659 2595 3715 dceret
2622 3676 2674 3714 se
2703 3660 2912 3714 oblitum
2941 3662 3119 3715 veteris
3137 3660 3299 3715 Salia:
3326 3678 3450 3715 con-

1874 3751 2025 3813 sulis,
2059 3751 2159 3805 sub
2204 3766 2310 3821 quo
2338 3752 2564 3819 primam
2605 3752 2780 3807 lucem
2828 3751 3055 3806 viderat.
3099 3752 3451 3808 Nihilominus

1882 3844 2198 3896 Mantuanus
2227 3842 2505 3911 pratlracte
2527 3842 2777 3911 negabat,
2809 3856 2989 3896 veram
3019 3856 3135 3897 eam
3162 3856 3302 3906 esse,
3330 3842 3453 3910 quia

1877 3947 1983 3985 non
2014 3931 2119 3985 duo
2139 3930 2296 3987 Sali:e
2322 3932 2569 3985 consu'es
2589 3932 2924 3995 exstiterant,
2942 3939 3000 3986 ut
3026 3933 3163 3986 alter
3190 3940 3329 3986 uetus
3356 3946 3454 3986 vo-

1877 4030 2120 4084 caretur;
2154 4037 2258 4075 non
2290 4020 2589 4086 intelligens
2623 4020 2967 4076 Prudentium
2993 4022 3165 4075 solum
3201 4023 3448 4087 innuero,

1879 4110 2075 4165 Saliam
2092 4110 2409 4179 jampridem
2432 4112 2661 4179 gessisse
2674 4112 3028 4165 consulatum.
3060 4111 3303 4167 Addebat
3348 4126 3456 4167 non

1882 4200 2102 4265 Salium,
2124 4200 2216 4255 sed
2233 4201 2463 4255 Salleam
2486 4201 2662 4255 vocari
2687 4200 2827 4256 hunc
2850 4203 3123 4257 consulem
3153 4204 3205 4258 in
3228 4202 3456 4273 quadam

1881 4290 2221 4359 inscriptione
2248 4290 2386 4361 apttd
2415 4287 2743 4360 Onuphrium
2773 4293 3084 4348 Panuinium
3102 4334 3120 4361 ,
3148 4293 3453 4349 Comment.

1884 4383 1938 4438 in
1969 4384 2061 4439 lib.
2096 4400 2150 4438 ιιι
2182 4383 2350 4453 Fast.,
2382 4398 2504 4453 pag.
2535 4383 2660 4439 408.

2540 4532 2723 4604 rodigii
2768 4531 3004 4599 similem,
3028 4548 3205 4604 nempe
3229 4534 3459 4604 noluisse

1891 4599 2181 4674 Marianum
2202 4602 2474 4674 legerenec
2497 4599 2766 4674 Mantuani
2794 4619 3077 4666 censuram,
3102 4599 3191 4656 nec
3224 4603 3455 4674 Tantagi,

1888 4670 2181 4743 amicissimi
2223 4672 2436 4743 capitis,
2469 4672 2797 4743 apologiam,
2846 4674 2996 4725 etiam
3034 4683 3149 4726 ante
3184 4670 3458 4728 editionetn

1889 4738 1983 4822 sibi
2004 4739 2066 4791 ab
2087 4738 2294 4822 auctore
2331 4741 2410 4822 .ad
2446 4738 2813 4822 pervidendum
2827 4751 2887 4822 ξι
2905 4744 3284 4822 emendandum
3312 4746 3459 4822 obla-

1889 4819 1992 4880 tam
2018 4824 2037 4862 :
2064 4812 2198 4880 quod
2223 4810 2390 4862 credet
2412 4810 2495 4862 vis:
2517 4814 2801 4880 posteritas.
2827 4812 3044 4877 Bailius,
3064 4813 3286 4869 Diction.
3317 4817 3459 4879 crit.,

1889 4878 2043 4954 artic.
2067 4878 2320 4954 Mariane,
2346 4896 2463 4932 eam
2492 4878 2847 4954 narrationum
2873 4884 3027 4937 avide
3048 4885 3256 4953 arripit,
3287 4878 3461 4954 neque

1893 4947 1945 5000 in
1972 4948 2225 5020 optimam
2256 4962 2483 5017 partem,
2517 4959 2575 5003 ut
2604 4952 2759 5014 Solet,
2796 4947 3192 5020 interpretatur.

1963 5019 2033 5087 (c)
2058 5017 2181 5071 Haec
2205 5022 2379 5092 ottmia
2408 5022 2601 5092 protuli
2630 5037 2691 5075 ex
2716 5017 3125 5092 'l‘amayi'npcre
3155 5026 3205 5075 in
3253 5038 3459 5092 appen-

1889 5087 2031 5153 diee,
2069 5103 2161 5141 seu
2196 5089 2369 5143 Razou
2414 5093 2476 5142 de
2502 5095 2551 5143 la
2580 5090 2792 5144 historia
2836 5087 2920 5145 del
2967 5087 3033 5146 P.
3065 5092 3205 5145 Juan
3250 5087 3456 5144 debla-

1889 5158 2039 5230 riana
2068 5174 2091 5230 :7
2114 5158 2175 5230 de
2205 5159 2281 5211 las
2311 5160 2738 5213 advertentencias
2763 5162 2827 5213 de
2861 5162 3024 5215 l’cdro
3076 5161 3360 5230 Mantuano
3387 5178 3406 5213 :
3426 5179 3459 5230 υ

1893 5228 1957 5279 de
1980 5228 2264 5300 la_de{ensa
2288 5230 2370 5282 del
2406 5231 2582 5283 doctor
2612 5232 2676 5283 Ι).
2711 5230 2928 5285 Thomas
2959 5231 3187 5300 Tamayo
3229 5236 3291 5282 de
3326 5228 3457 5281 Varl-

1895 5313 2006 5368 gas.
2033 5297 2087 5352 In
2133 5313 2296 5368 opere
2321 5309 2519 5364 autem,
2551 5300 2617 5353 de
2649 5301 2919 5353 Prudentii
2973 5297 3138 5367 patria
3164 5302 3455 5365 disserens,

1896 5365 1965 5420 ita
1998 5368 2071 5421 ait
2099 5385 2112 5421 :
2148 5365 2349 5421 Escrito
2371 5379 2476 5421 este
2502 5371 2651 5438 papel
2680 5369 2863 5421 mur/to
2893 5365 3033 5422 antes
3057 5387 3155 5437 que
3174 5385 3253 5422 me
3292 5372 3457 5422 deter-

1889 5440 2088 5489 minara
2131 5454 2162 5488 a
2202 5440 2475 5506 responder
2513 5455 2559 5508 ar
2585 5438 2873 5508 lo__demas,
2914 5458 2944 5508 ῃ
2972 5442 3309 5492 comunicudo
3347 5439 3456 5491 solo

1883 5518 2027 5629 21m;
2072 5518 2211 5558 otros
2252 5521 2346 5560 con
2400 5508 2449 5560 el
2506 5506 2568 5560 P.
2618 5505 2853 5561 Mariana
2900 5505 3108 5562 oraculo
3143 5510 3205 5563 de
3252 5517 3465 5561 nuestra'

1946 5593 1979 5628 α
2021 5616 2033 5629 .
2064 5584 2160 5628 etc.
2926 5610 2949 5619 -

1946 5584 2033 5641 ad,
2064 5584 2160 5628 etc.
