4000 6176
521 290 627 347 583

1906 278 2176 333 PRUDEN
2196 281 2373 337 'l'llJS.
2736 244 2741 249 ἦ
3611 300 3693 356 581

522 401 858 472 QVIESCIT.
884 402 949 457 ΙΝ
974 440 989 456 .
1012 401 1239 457 PACEM
1265 438 1282 455 .
1308 398 1680 453 DlﬁPOSlTllS
1698 439 1710 451 .
1733 396 1894 451 DIEM
1926 396 2111 464 QVAR
2141 400 2418 461 Arcturus,
2454 397 2648 466 inquit,
2682 397 2854 465 primo
2886 396 3005 450 hinc
3027 399 3082 451 in
3112 397 3452 455 Britanniam
3478 418 3695 472 procurrit

928 495 1069 548 TVM
1112 534 1125 547 .
1168 493 1387 548 NUNAS
1428 530 1443 546 .
1484 492 1668 545 AVCV

734 586 903 640 STAS
941 626 956 640 .
1001 584 1247 639 FLAVIU
1291 624 1304 637 .
1347 584 1657 638 PlllLlPPO

738 675 823 729 ET
865 715 876 726 .
924 675 1170 728 FL\\'I()
1213 714 1225 726 .
1270 674 1532 727 SALLEA
1578 713 1591 726 .
1633 672 1765 727 (ἰοΝ

732 766 1017 821 SVLIBVS
1058 806 1069 818 .
1115 765 1341 821 PATER
1385 805 1396 817 .
1441 763 1665 820 SERBA

913 856 1069 911 TlVS
1109 894 1124 909 .
1168 850 1366 910 FECIT

527 946 685 1013 Quasi
706 961 832 999 vero
856 961 961 1000 non
987 947 1211 1015 potuerit
1234 954 1464 1014 utroque
1492 944 1650 999 modo
1672 945 1833 999 seribi
1857 952 1911 997 et
1934 944 2099 1010 Salia,

529 1048 583 1091 et
606 1038 800 1101 Sallea,
827 1046 917 1091 aut
937 1038 981 1092 si
1006 1037 1183 1092 Sallea
1204 1037 1558 1106 Scribebatur,
1575 1052 1678 1090 non
1702 1036 1911 1089 licuerit
1934 1045 2103 1103 poeta:

529 1142 691 1178 unum
725 1125 1093 1194 (expungere,
1140 1134 1198 1179 ut
1229 1132 1399 1178 metro
1439 1125 1765 1185 consuleret,
1810 1124 2102 1191 praesertim

532 1218 583 1268 in
625 1215 840 1269 nomine
889 1216 1120 1283 proprio.
1169 1213 1312 1267 Fasti
1336 1214 1509 1268 Grteci
1545 1222 1601 1268 et
1646 1212 1998 1267 Cassiodorus
2050 1211 2105 1267 in

529 1307 794 1360 Chronico
810 1306 1008 1359 habent
1026 1302 1215 1359 Snllia.
1234 1298 1616 1371 Clandnrpius,
1635 1306 1908 1356 Onomast.
1927 1302 2104 1367 Bonu,

531 1412 597 1448 ex
628 1404 863 1449 veterum
892 1395 1249 1447 monumentis
1282 1394 1444 1446 Salia:
1473 1408 1667 1446 nomen
1704 1390 1931 1460 reponit.

610 1489 709 1557 15
739 1485 830 1539 ‘26.
866 1486 1081 1553 Rejecta
1132 1485 1382 1553 opinione
1422 1480 1710 1547 Mantuani,
1763 1484 2107 1551 quierendu‘m

533 1588 612 1631 est
638 1578 832 1645 aliquid
858 1578 924 1630 de
961 1576 1285 1630 Tarracone.
1315 1576 1386 1629 Ita
1416 1576 1555 1628 enim
1597 1578 1670 1626 ait
1702 1573 2018 1626 Prudentius
2044 1572 2110 1626 de

536 1669 705 1720 tribus
734 1669 1055 1738 martyribus
1085 1668 1402 1733 Fructuose,
1438 1668 1672 1735 Auguria
1702 1675 1756 1720 ct
1786 1666 2030 1735 Eulogio,
2057 1664 2108 1718 in

534 1776 719 1814 eorum
745 1761 943 1831 hymno
971 1778 984 1815 :

628 1851 668 1899 Ο
694 1850 865 1911 triplex
892 1851 1060 1909 honor,
1088 1862 1118 1897 ο
1145 1850 1358 1898 triforme
1384 1848 1596 1907 eidmen,

629 1916 733 1972 Quo
760 1918 935 1958 nostrae
959 1919 1101 1972 caput
1126 1915 1370 1959 excitatur
1394 1912 1547 1972 urbis,

627 1971 821 2020 Cunctis
841 1968 1038 2019 urbibus
1060 1974 1284 2021 eminens
1308 1968 1483 2020 iberisl

538 2076 663 2130 llarc
689 2090 793 2129 non
826 2075 1071 2145 ignorant
1100 2070 1177 2129 illi
1210 2075 1307 2143 ipsi
1340 2075 1430 2144 qui
1465 2072 2000 2143 Caesaraugus'tanum
2022 2082 2114 2127 aut

538 2167 999 2237 Calagurritanum
1031 2175 1280 2220 asserunt
1311 2166 1471 2219 fuisse
1514 2165 1883 2218 Prudentium.
1928 2164 2110 2227 Aiunt,

541 2248 896 2313 Tarraconem
932 2266 1085 2325 caput
1128 2267 1315 2311 nostra:
1352 2255 1491 2308 urbis
1524 2269 1765 2320 vocasse,
1791 2256 1913 2324 quia
1957 2262 2116 2323 caput

537 2358 653 2403 erat
678 2348 946 2417 Hispaniae
968 2347 1405 2402 Tarraconensis.
1438 2345 1549 2399 Non
1571 2341 1900 2413 repugnabo,
1925 2360 2112 2414 quam-

542 2438 624 2491 vis
667 2439 970 2507 conjectura
1002 2438 1174 2505 aliqua
1219 2436 1339 2491 duci
1371 2447 1568 2504 posset,
1599 2446 1745 2489 suam
1774 2436 1889 2505 ejus
1929 2437 2112 2490 urbem

544 2527 744 2581 laudari
771 2543 801 2581 a
834 2524 1145 2591 Prudentia,
1173 2539 1293 2579 cum
1322 2526 1556 2595 reliquas
1584 2534 1803 2580 cunctas
1830 2526 1975 2581 illico
2007 2541 2117 2582 me-

546 2627 736 2680 tnoret,

634 2706 827 2755 Cunctis
851 2706 1054 2754 urbibus
1074 2707 1296 2755 eminens
1313 2690 1494 2755 iberis‘!

547 2810 617 2865 At
642 2809 687 2862 si
718 2808 1053 2874 Prudentius,
1081 2809 1204 2878 quia
1230 2823 1261 2863 e
1282 2808 1669 2864 Tarraconensi
1703 2794 1953 2877 llispania
1976 2809 2112 2875 erat,

543 2910 731 2953 nostrte
775 2899 913 2953 urbis
956 2901 1171 2954 nomine
1210 2899 1443 2969 appellat
1491 2899 1871 2966 Tarraconem,
1904 2915 2001 2955 cur
2027 2915 2118 2955 ea-

547 2981 668 3042 dem
697 3004 824 3043 voce
854 2987 930 3042 uti
978 2993 1082 3042 non
1131 2992 1325 3057 potuit,
1365 3003 1487 3043 cum
1528 2989 1661 3043 alias
1689 2989 1847 3044 urbes
1875 2989 2118 3059 ejusdem

548 3079 966 3135 Tarrac0nensis
1018 3074 1288 3146 Hispania:
1336 3080 1658 3145 nominavit,
1702 3079 1913 3135 etiamsi
1949 3080 2001 3133 in
2039 3080 2115 3135 eis
2143 3098 2193 3163 α

550 3182 698 3224 ortus
726 3186 830 3225 non
861 3169 1079 3225 fuisset?
1121 3170 1275 3224 Putat
1304 3169 1422 3225 Nic.
1454 3171 1734 3235 Antonius,
1762 3171 1987 3241 hymnos
2015 3170 2118 3225 Pe-

549 3252 888 3329 ristep'lmnwu
934 3274 965 3313 a
1004 3259 1297 3315 Prudentia
1338 3259 1501 3313 fuisse
1539 3260 1865 3330 compositos
1907 3260 2120 3316 nomine

550 3364 761 3416 eorum,
802 3351 854 3405 in
885 3355 1110 3419 quorum
1138 3350 1349 3420 oppidis
1388 3352 1557 3405 sancti
1588 3352 1663 3405 illi
1694 3351 2119 3406 celebrabantur.

553 3441 665 3495 Hoc
706 3440 862 3509 quale
910 3444 998 3503 sit,
1031 3436 1188 3509 paulo
1230 3448 1352 3509 post
1393 3441 1693 3507 exquiram.
1740 3432 1893 3495 Nunc
1933 3441 2120 3495 obser-

550 3529 707 3595 vabo,
734 3544 799 3583 ex
823 3526 923 3582 hoe
953 3531 1152 3599 hymno
1179 3529 1356 3597 argui,
1380 3518 1634 3597 Oppidum
1666 3530 1844 3583 natale
1876 3529 2115 3584 Pruden-

554 3621 608 3674 tii
638 3621 794 3673 situm
824 3620 986 3674 luisse
1017 3620 1069 3673 in
1092 3621 1249 3675 terris
1277 3619 1567 3689 Pyrenaeis.
1600 3619 1675 3674 Ita
1706 3621 1849 3675 enim
1881 3628 2001 3691 post
2029 3636 2119 3674 su-

554 3713 790 3783 periores
814 3726 996 3766 versus
1026 3712 1198 3782 pergit
1229 3728 1243 3766 :

734 3816 990 3865 Exsultare
1016 3818 1169 3865 tribus
1189 3817 1309 3865 libet
1326 3818 1557 3877 patronis,

735 3879 947 3934 Quorum
973 3878 1193 3937 przesidio
1216 3876 1435 3925 fovemur
1458 3890 1627 3927 omnes

731 3941 991 3987 Terrarum
1018 3940 1177 3999 pepuli
1203 3939 1559 4001 Pyrenaearum.

552 4040 821 4110 Siquidem
845 4039 1092 4107 fovemur,
1116 4055 1220 4094 non
1254 4040 1506 4108 fovemur,
1548 4048 1629 4095 est
1654 4039 1957 4109 legendum,
1986 4048 2044 4094 ut
2067 4040 2120 4095 ia

552 4133 951 4188 commentariis
975 4132 1210 4201 probabo
1231 4147 1298 4186 ex
1327 4132 1596 4186 veteribus
1626 4133 1803 4187 libris.

617 4226 707 4277 27.
746 4227 888 4290 Quas
926 4235 1101 4277 autem
1144 4224 1427 4298 Pyrenrcas
1470 4233 1639 4278 terras
1697 4225 1835 4278 dicat
1882 4224 2121 4279 Prudeno

553 4317 674 4382 tius,
708 4315 929 4370 delinire
958 4331 1063 4370 non
1098 4324 1290 4371 audeo.
1326 4316 1480 4379 Mela,
1517 4316 1613 4370 lib.
1650 4322 1709 4382 ll,
1739 4330 1856 4383 cap.
1892 4318 1980 4382 15,
2011 4316 2114 4387 Py-

2193 507 2463 553 oceauum,
2496 501 2604 542 tum
2641 491 2690 543 in
2725 501 2891 544 terras
2935 492 3109 557 fronte
3140 509 3402 549 courcrsus
3437 497 3698 565 Hispaniam

2193 587 2470 655 irrumpit;
2510 596 2560 641 et
2594 588 2791 640 minore
2830 588 2941 654 ejus
2975 599 3124 656 parte
3157 590 3223 641 ad
3255 588 3476 643 dextram
3505 597 3699 659 exclusa,

2194 678 2355 731 traxit
2375 689 2619 747 perpetua
2642 679 2809 731 latera
2833 682 3129 741 continuus,
3147 681 3304 735 donec
3318 698 3403 749 per
3418 700 3593 738 omnem
3608 703 3705 753 pro-

2195 769 2421 821 vinciam
2453 768 2604 837 longo
2635 770 2797 822 limite
2837 771 3099 824 inuitiss‘us
3131 772 3185 823 in
3222 790 3281 824 ea
3317 774 3498 835 littora,
3520 791 3617 843 qua:
3639 793 3706 829 oc-

2195 856 2386 909 cidenti
2425 868 2545 910 sunt
2579 858 2819 919 adversa,
2847 861 3134 924 perveniat.
3182 858 3390 923 [iiscum
3420 861 3555 930 llisp.
3584 878 3700 918 sacr.

2195 954 2326 1000 tom.
2356 944 2593 1013 XXXIV,
2628 963 2747 1017 pag.
2776 950 2867 1003 191
2902 954 2955 1003 et
2986 966 3126 1018 seq.,
3155 951 3515 1004 animadvertit
3552 969 3577 1006 a
3606 970 3705 1024 geo-

2195 1038 2417 1106 graphis
2437 1040 2675 1108 antiquis
2697 1036 2978 1109 Pgremeos
3002 1042 3183 1094 vocari
3207 1055 3391 1093 omnes
3411 1043 3520 1097 illos
3538 1054 3710 1098 mentes

2195 1128 2288 1196 qui
2316 1129 2456 1183 inter
2485 1127 2709 1183 Foulem
2739 1125 2999 1182 Rabidum
3030 1139 3082 1185 et
3120 1130 3288 1198 Caput
3321 1132 3549 1188 Crurium
3578 1138 3710 1191 Veluti

2205 1215 2339 1270 ra‘mi
2369 1214 2734 1269 distrahantur
2752 1232 2764 1269 :
2782 1224 2833 1268 et
2855 1216 3014 1272 verba
3038 1217 3278 1287 episcopi
3307 1220 3489 1288 Pelagii
3517 1222 3575 1276 de
3597 1232 3715 1278 moti-

2207 1304 2349 1358 tibus
2372 1303 2791 1373 Legionensilius
2821 1304 3204 1375 interpretatur
3232 1320 3249 1361 :
3282 1308 3490 1372 Quidam
3512 1322 3652 1364 aurem
3670 1331 3716 1365 ex

2207 1393 2394 1445 civbus
2426 1392 2636 1461 legionis
2663 1393 2953 1446 levaverunt
2973 1409 3159 1463 corpus
3184 1394 3245 1449 S.
3284 1393 3519 1465 Froylam'
3540 1401 3718 1466 episwpi

2208 1483 2345 1553 infra
2377 1481 2647 1551 Pyreutvos
2674 1492 2889 1549 montes,
2913 1492 2958 1537 et
2986 1495 3260 1552 posuerunt
3290 1500 3400 1538 eum
3421 1494 3557 1555 super
3573 1489 3717 1541 altare.

2211 1573 2286 1645 (ir)
2308 1574 2460 1627 Patet
2489 1588 2553 1628 ex
2583 1573 2685 1640 his,
2712 1574 3088 1640 Tarraconem,
3125 1572 3581 1644 Caesaraugns'am.
3606 1578 3722 1630 Cala-

2212 1662 2439 1732 gurrim,
2473 1662 2748 1717 innumera
2778 1663 2906 1717 item
2936 1664 3036 1717 alia
3067 1662 3262 1733 oppida
3299 1662 3531 1733 Pyrcntea
3549 1666 3637 1719 dici
3656 1681 3721 1734 po-

2143 1742 2189 1801 B
2218 1751 2404 1805 tuisse.

2281 1844 2372 1897 ‘28.
2407 1844 2689 1912 Reliquum
2733 1850 2837 1909 est,
2869 1852 2925 1897 ut
2957 1843 3023 1898 de
3061 1843 3427 1899 celeberrimis
3454 1844 3629 1899 duabus
3655 1845 3727 1900 hac

2210 1932 2265 1987 in
2290 1949 2349 1988 re
2378 1933 2656 1989 sententiis
2688 1947 2988 1987 sermonem
3033 1934 3410 1987 instituamus:
3444 1935 3727 2003 Cmsaraugu-

2214 2034 2390 2090 stana,
2421 2039 2486 2078 an
2528 2023 2829 2093 Calagurris
2860 2023 3124 2077 censenda
3153 2023 3255 2093 16
3298 2025 3366 2076 sit
3395 2024 3632 2077 Prudentii
3658 2039 3731 2089 pa-

2219 2117 2335 2171 tria.
2365 2116 2439 2185 (b)
2466 2115 2923 2185 Caesaraugustam
2974 2114 3245 2168 Prudentii
3297 2129 3412 2167 esse
3449 2116 3643 2183 patriam
3676 2127 3731 2168 te-

2218 2214 2345 2259 n‘ent
2382 2206 2546 2259 Aldus
2574 2204 2843 2257 Romanus
2873 2204 2923 2256 in
2953 2204 3065 2256 Vita
3096 2202 3374 2257 Prudentii
3396 2218 3455 2255 ac
3479 2209 3631 2271 p‘ures
3648 2204 3732 2265 alii,

2218 2295 2513 2362 praesertim
2545 2294 2865 2363 interpretes
2896 2292 2992 2365 (c).
3039 2293 3115 2347 Ex
3146 2293 3265 2349 solo
3300 2294 3559 2348 Prudentii
3583 2310 3731 2363 opere,

2221 2386 2328 2440 imo
2354 2386 2469 2440 fere
2496 2401 2567 2440 ex
2612 2386 2731 2439 solo
2764 2388 2961 2454 hymno
2994 2385 3060 2440 18
3101 2374 3405 2454 martyrum
3447 2385 3737 2453 (Izesaraugu-

2218 2486 2491 2530 stanorum
2523 2476 2763 2529 rationes
2789 2483 3062 2543 petuntur,
3102 2475 3302 2544 quibus
3332 2474 3627 2528 Prudentius
3653 2471 3739 2527 Cte-

2216 2574 2637 2636 saraugustanus
2683 2563 2939 2621 creditur.
2989 2564 3053 2619 lli
3102 2572 3286 2619 autem
3326 2574 3450 2619 sunt
3490 2577 3651 2619 versus
3673 2563 3740 2631 qui

2221 2658 2445 2729 proferri
2472 2658 2648 2713 solent
2676 2673 2693 2709 :

2308 2834 2392 2902 liis
2414 2844 2587 2902 novem
2611 2835 2778 2902 noster
2799 2828 3004 2902 populus
3026 2828 3126 2902 sub.
3141 2834 3238 2878 uno

2311 2892 2571 2957 Martyrum
2587 2891 2756 2957 servat
2768 2890 2970 2957 cineres
2991 2890 3235 2953 sepulcro,

2586 2953 2685 3003 lies
2703 2953 2779 3002 cui
2800 2958 2931 3002 tanta
2950 2959 3043 3002 est.

2221 3139 2378 3196 Notat
2404 3139 2618 3206 Ris‘cus,
2646 3146 2875 3193 nostrum
2897 3138 3141 3209 populant
3170 3136 3281 3192 dici
3313 3152 3342 3191 a
3375 3137 3641 3192 Prudentio
3662 3131 3749 3188 Cae-

2222 3239 2609 3301 saraugustam,
2651 3230 2957 3300 priusquam
3000 3243 3063 3283 ea
3113 3218 3425 3283 nominatim
3465 3228 3750 3297 appelletur;

2224 3325 2375 3392 quasi
2414 3319 2466 3375 id
2512 3320 2687 3375 [aveat
2715 3330 2824 3373 sua:
2859 3318 3119 3387 opinioni.
3162 3318 3369 3374 Contra
3421 3316 3752 3385 lindriguezius

2225 3412 2291 3466 de
2311 3413 2495 3465 Castro
2524 3409 2791 3469 observat.
2815 3408 2991 3461 vocari
3023 3407 3303 3477 populum,
3331 3421 3447 3477 qu.e
3478 3425 3571 3463 vox
3591 3408 3757 3475 optime

2226 3504 2371 3558 cadit
2405 3503 2660 3556 in‘lotnm
2705 3507 3021 3555 conventum
3050 3499 3343 3567 juridicum
3375 3498 3755 3565 Cmsaraugus‘ta-

2232 3607 2381 3655 num,
2435 3594 2559 3645 item
2608 3591 2949 3644 Prudentium
3000 3586 3091 3643 sub
3143 3605 3247 3642 uno
3295 3592 3527 3662 sepulcro
3576 3588 3755 3650 dixisse,

2227 3682 2468 3752 quamvis
2498 3681 2565 3734 de
2594 3680 2714 3735 aliis
2751 3680 3078 3749 martyribus
3108 3680 3367 3748 loquatur
3395 3680 3621 3749 ejusdem
3656 3691 3758 3729 cun-

2229 3782 2416 3825 ventus
2439 3771 2676 3839 juridici,
2721 3770 2811 3839 qui
2843 3768 2907 3823 ad
2936 3784 3148 3822 omnem
3199 3771 3550 3839 Aragoniam,
3590 3776 3761 3837 partem

2227 3857 2540 3924 Cataloniae,
2582 3860 2860 3925 Navarrm,
2904 3858 3112 3923 Rioiue,
3163 3856 3609 3922 Guadalaxaram,
3639 3858 3763 3910 Com-

2232 3954 2477 4023 plutum,
2533 3951 2791 4019 Agredam
2852 3950 3313 4019 protendcbatur;
3370 3938 3592 4006 coiere
3637 3946 3767 4001 modo

2231 4059 2335 4112 quo
2372 4043 2667 4099 Lucretius.
2716 4041 2809 4093 lib.
2855 4055 2908 4104 v,
2940 4055 2990 4092 v.
3019 4039 3110 4105 26,
3141 4041 3281 4093 dixit
3326 4056 3593 4093 commune
3626 4037 3766 4107 sepul-

2224 4144 2389 4197 crum,
2413 4148 2579 4185 rerum
2612 4143 2767 4182 terra.
2799 4131 2993 4183 Vcrum
3025 4130 3139 4184 haec
3166 4132 3302 4185 nihil
3328 4133 3575 4201 utrinque
3600 4131 3768 4199 juvant.

2226 4226 2548 4281 Prudentius
2590 4225 2639 4275 in
2686 4223 2885 4293 hymno
2926 4223 3023 4277 SS.
3077 4234 3377 4294 martyrum
3418 4224 3687 4278 llemeerii
3729 4228 3769 4272 et

2223 4315 2493 4372 Ccledonii
2533 4329 2791 4381 numnam
2822 4315 3061 4367 meminit
3092 4314 3418 4384 Calagurris,
3445 4330 3601 4385 quam
3624 4323 3772 4366 tamen

622 4452 697 4523 (τι)
727 4452 1002 4505 Libentius
1031 4451 1222 4520 legam,
1243 4455 1407 4523 subter
1428 4452 1612 4513 altare,
1644 4468 1705 4504 cx
1730 4466 1878 4523 more
1907 4460 2121 4506 sancto-
2151 4457 2202 4515 Ι)
2231 4451 2337 4506 nic.
2372 4449 2592 4516 llispan.
2640 4448 2705 4523 ad
2746 4462 2940 4523 annum
2969 4447 3100 4523 55_l_;
3146 4448 3434 4523 Antonius
3460 4444 3769 4523 Possm-inus,

553 4521 664 4574 rum
698 4538 920 4590 corpora
967 4523 1183 4575 recondi
1232 4524 1321 4575 sub
1353 4521 1525 4588 altari,
1558 4533 1713 4589 prout
1742 4522 1851 4575 alio
1895 4523 1948 4575 in
2003 4524 2120 4577 loco

552 4594 855 4646 distinctius
904 4605 1185 4657 exponam.

625 4662 699 4731 (b)
744 4661 1160 4731 Caesaraugusta:
1216 4660 1444 4731 elogium
1495 4675 1561 4715 ex
1615 4660 1746 4713 Mela
1802 4661 2120 4731 :‘llllOAPOSUl

555 4727 704 4784 num.
736 4731 798 4782 2i
831 4746 843 4791 ;
880 4727 1051 4796 majus
1078 4740 1159 4781 est
1188 4730 1463 4796 quiddam,
1505 4730 1642 4797 quod
1691 4733 1765 4783 ait
1804 4731 1861 4783 S.
1892 4729 2121 4784 Isidorus

558 4800 786 4867 Etyniul.
818 4799 905 4851 lib.
942 4814 1031 4859 xv,
1055 4814 1169 4865 cap.
1204 4802 1224 4852 1
1259 4817 1271 4852 :
1302 4798 1689 4867 Cwsarttngusta
1724 4797 2123 4852 Tarraconensis

561 4868 822 4934 "irpmllw
851 4868 1092 4934 oppidum
1114 4885 1142 4918 α
1167 4868 1365 4920 (Irrsare
1392 4868 1615 4931 Augusto
1646 4877 1689 4919 et
1712 4871 1861 4919 situm
1891 4877 1935 4919 et
1960 4869 2124 4920 nomi-

557 4948 749 4997 natum,
785 4938 881 4988 loci
908 4938 1191 4988 amicuitate
1228 4949 1273 4989 et
1305 4938 1497 4990 deliciis
1528 4937 1851 5001 prtestan'ius
1895 4938 2118 4989 civitati-

557 5012 645 5058 bus
682 5007 944 5071 llispauiw
973 5007 1184 5066 cunctis,
1227 5016 1375 5072 atque
1415 5008 1666 5058 illustrius
1691 5010 1878 5075 ﬂorens
1921 5016 2121 5058 sancto-

558 5094 668 5128 rum
709 5087 986 5143 martyrum
1031 5077 1293 5143 sepulcris.
1347 5076 1472 5139 Qna:
1530 5078 1712 5141 verba,
1764 5085 1817 5128 et
1863 5076 2124 5142 pruicipue

559 5148 695 5210 lucc,
741 5157 1001 5213 postrema
1041 5148 1220 5214 ﬂorere
1265 5144 1510 5211 sepulrris
1537 5156 1834 5213 martyrum,
1883 5146 2125 5211 apprime

557 5230 850 5269 consonant
908 5216 1102 5284 hymno
1158 5215 1425 5269 Pruleutii
1473 5216 1638 5268 nostri
1682 5216 1748 5269 de
1804 5214 2126 5283 martyribus

554 5286 627 5339 Cn
649 5286 1063 5350 straugustanis.

630 5356 701 5425 (ε)
731 5356 903 5409 Ᾱὶιὶιιδ
936 5355 1195 5425 Antonius
1225 5352 1589 5425 Nebrissensis
1634 5352 1683 5406 in
1724 5353 2118 5425 Epigrammata

559 5423 757 5493 prsi’viu
784 5428 847 5476 ad
870 5440 1030 5491 tlpt'l‘ﬂ
1067 5423 1354 5491 Prudentii,
1382 5433 1433 5477 et
1460 5424 1509 5476 in
1540 5424 1837 5477 Comment.
1869 5423 1933 5475 ad
1966 5423 2120 5493 hym-

560 5492 682 5547 num
741 5494 805 5547 l8
858 5507 1145 5562 martyrum
1198 5493 1823 5563 Czesaraugustanornm;
1890 5492 2124 5546 Jacnbns

558 5564 849 5631 Spit-gelins
881 5565 929 5615 in
975 5563 1131 5616 Praef.
1164 5564 1227 5615 ad
1267 5562 1511 5626 Coniun;
1555 5562 1814 5631 Georgius
1849 5565 2045 5616 lietnus
2075 5568 2125 5614 in

560 5634 727 5699 Epist.
782 5634 844 5686 ad
891 5633 1118 5697 Weitz.;
1178 5633 1371 5701 Xystus
1410 5632 1683 5696 Senensis,
1731 5632 1864 5685 Bibl.
1917 5632 2011 5701 lib.
2052 5646 2126 5696 iv,

560 5702 722 5755 verbo
761 5703 991 5759 Aurelius
1023 5700 1368 5768 Prudentius;
1404 5701 1636 5756 Joannes
1672 5702 1887 5757 Vasmus
1912 5742 1925 5767 ,
1960 5700 2132 5755 Chro—

2227 4511 2517 4588 Apparatu,
2551 4520 2735 4581 verbo,
2761 4516 2999 4569 Aurelius
3025 4515 3346 4588 Prudentius
3366 4516 3653 4588 ;_All_"onsus
3670 4511 3774 4588 Gar-

2227 4582 2675 4646 cia'lllatamoros,
2708 4588 2773 4641 de
2796 4587 3048 4639 Aeadem.
3090 4586 3312 4652 llispan.
3337 4600 3353 4647 ;
3382 4585 3675 4638 Ludovicus
3691 4582 3776 4652 No-

2227 4660 2361 4724 nius,
2402 4660 2522 4711 Not.
2558 4658 2609 4710 in
2644 4657 2861 4723 lliSpan.
2886 4693 2900 4719 ,
2941 4670 3058 4722 cap.
3085 4651 3454 4718 82;.loannes
3495 4651 3769 4724 llenichius,

2228 4721 2387 4792 Ili~t.,
2422 4739 2559 4794 part.
2586 4728 2644 4791 2,
2670 4721 2892 4787 saec.'tv,
2916 4721 3035 4790 cap.
3059 4725 3113 4787 5,
3141 4738 3259 4793 pag.
3286 4724 3394 4785 25;
3427 4724 3594 4777 Lucas
3618 4721 3777 4794 Osian-

2228 4800 2343 4860 der,
2379 4790 2625 4857 linitom.
2670 4796 2861 4849 hiStor.
2906 4790 3229 4857 ecelesiasin,
3267 4802 3487 4846 centur.
3546 4795 3598 4857 4,
3638 4790 3775 4860 lib.t.

2228 4858 2347 4936 cap.
2369 4866 2438 4920 ‘26
2460 4883 2479 4936 ﬁ.
2515 4865 2937 4936 Centuriatores,
2972 4873 3124 4936 tom.‘
3150 4863 3194 4921 1,
3224 4868 3455 4936 centur.
3490 4862 3542 4936 4,
3574 4874 3681 4928 cap.
3700 4858 3779 4936 ill,

2229 4928 2347 5005 pag.
2392 4935 2525 4996 681;
2578 4932 3049 5005 Quenstedius,de
3098 4932 3285 5005 Patriis
3306 4932 3627 5005 illustrium
3668 4928 3781 5005 viro-

2228 4996 2345 5059 iui"
2387 5008 2484 5059 sub
2510 4996 2943 5072 Caesaraugusta;
2970 4996 3777 5072 StephanusCliamiliard,_edit.

2232 5078 2293 5129 ad
2330 5090 2481 5126 u~nm
2512 5064 2791 5141 Delplnniv;
2818 5064 3078 5143 lllaitinus
3102 5070 3353 5143 Camillo,
3394 5070 3434 5122 ll
3467 5068 3624 5143 st.‘§.
3653 5064 3783 5143 Vale-

2234 5146 2295 5197 rii
2326 5161 2340 5207 ;
2374 5137 2668 5198 Ludovicus
2715 5144 2836 5195 Diez
2863 5142 2929 5194 de
2982 5141 3121 5203 Aux,
3166 5140 3216 5191 in
3248 5137 3507 5190 Vcrsion.
3544 5137 3783 5207 Hispania.

2236 5203 2490 5283 llymnor.
2532 5211 2729 5275 Prud.;
2780 5210 3071 5283 Lupercins
3112 5220 3166 5283 et
3214 5208 3639 5283 Bartlrolomzeus
3673 5203 3785 5255 Leo-

2235 5278 2400 5335 πιέγὼ
2431 5298 2462 5351 y
2492 5283 2805 5351 Argcnsola,
2836 5278 2888 5333 in
2927 5279 3148 5351 Epistol.
3181 5291 3346 5342 super
3379 5278 3481 5328 hac
3504 5286 3786 5351 controver-

2228 5353 2345 5413 sia;
2392 5344 2697 5405 Einmaiiuel
2742 5352 2918 5412 Bisco,
2972 5344 3117 5416 llisp.
3165 5361 3330 5409 sacr.,
3366 5354 3503 5398 tam.
3540 5344 3716 5405 XXXI,
3743 5344 3786 5416 in

2228 5411 2605 5475 dissertatione
2654 5420 2949 5485 peculiari;
2987 5411 3206 5471 Caiolus
3230 5418 3571 5485 Augustinus
3609 5411 3786 5485 Aum-

2230 5491 2351 5555 dus,
2370 5491 2573 5559 praefat.
2599 5483 2668 5542 ad
2691 5484 3539 5559 versionemitalieam‘librorum
3559 5483 3786 5559 adversus

2233 5554 2643 5630 Symmachum;
2674 5559 2912 5613 Andreas
2953 5556 3223 5630 Mollerus,
3251 5554 3305 5605 in
3338 5555 3513 5630 gout.
3533 5554 3790 5630 adhyiun.

2236 5624 2324 5683 vin
2353 5630 2454 5682 cal.
2480 5629 2637 5686 Jan.:
2683 5630 2752 5681 cl.
2788 5628 2993 5695 praisul
3018 5626 3319 5695 Stephanus
3352 5624 3787 5695 [iurgiagutsiu-

2238 5700 2404 5769 gnlari
2429 5707 2481 5751 ct
2508 5699 2713 5752 erudito
2740 5691 2923 5766 opere,
2958 5694 3091 5748 Vati'
3111 5691 3208 5749 ana
3238 5691 3532 5747 Confessio
3559 5692 3612 5747 S.
3645 5691 3790 5743 Petri.
