4016 6182
288 272 394 327 535

286 398 439 442 vocat
468 390 711 461 oppidum
754 390 1013 459 nostrum;
1046 393 1185 450 idem
1220 406 1498 466 postquam
1522 396 1735 452 dixerat
1764 415 1858 452 no-
1890 403 1939 459 Α

262 490 382 557 ⁵,δίεν
408 484 649 551 papulas,
682 492 738 539 et
765 487 865 541 sub
894 501 997 539 uno
1019 487 1281 555 sepulcro,
1312 487 1493 544 statim
1516 488 1666 544 addit
1698 507 1710 544 :

370 595 787 659 Casaraugustam
806 599 1073 647 vocitamus
1094 601 1289 659 urbem,

781 658 879 709 lies
900 662 978 711 cui
1005 670 1135 711 tanta
1161 672 1253 712 est.

281 760 377 816 Ubi
411 761 663 831 intelligis
703 764 1007 833 sepulcrum
1050 766 1288 823 existere
1334 768 1388 823 in
1438 768 1549 838 ipsa
1606 769 1757 825 urbe.
1792 769 1871 825 De

275 855 468 911 eadem
494 858 623 912 urbe
653 862 823 928 pergit
854 876 869 915 :

369 950 527 1017 if.ena_
542 964 824 1017 magnorum
850 951 1022 1017 domus
1044 954 1337 1017 angelorum

359 1011 471 1078 lSon
496 1013 631 1078 timet
655 1015 819 1061 mundi
846 1015 1029 1078 fragilis
1054 1011 1268 1078 ruinam,

362 1073 461 1123 Tot
485 1075 593 1122 sinu
618 1082 820 1136 gestans
845 1073 987 1123 sim'nl
1007 1073 1259 1126 oll‘crenda

773 1136 974 1186 Munera
996 1138 1207 1189 Christo.

270 1237 330 1291 Et
360 1251 487 1292 cuin
516 1238 651 1293 alias
677 1238 923 1294 civitates
952 1255 1060 1294 non
1082 1242 1253 1296 solum
1274 1257 1337 1297 ex
1356 1254 1621 1299 conventu
1649 1244 1862 1301 Caesar-

266 1341 588 1398 augustano,
638 1331 735 1401 17
789 1331 884 1386 sed
932 1331 1095 1386 etiam
1132 1347 1195 1387 ex
1241 1334 1446 1405 reliqua
1498 1335 1775 1407 Hispania,
1804 1348 1861 1394 et

263 1429 414 1474 extra
448 1421 786 1488 llisiianiam,
832 1425 1137 1490 promiscue
1184 1424 1511 1481 celebrasset
1551 1428 1620 1483 ob
1660 1443 1860 1500 inariy-

266 1526 379 1564 rum
429 1522 781 1579 patronorum
830 1513 997 1569 decus
1050 1514 1335 1581 eximium,
1394 1517 1461 1572 ad
1508 1517 1857 1591 Caisaraiigu—

263 1615 399 1657 Statii
426 1607 717 1660 revertitur
747 1625 759 1660 :

348 1716 428 1785 Tu
454 1716 627 1766 decem
650 1720 1095 1785 sanetosgreveties,
1124 1727 1173 1771 et
1197 1730 1327 1785 octo,

352 1780 727 1843 gesaraugusta
747 1783 961 1830 studiosa
988 1783 1181 1843 Christi,

348 1839 608 1889 Yerticeni
636 1845 770 1888 tlavis
789 1843 913 1892 oleis
937 1847 1155 1895 revincta

519 1903 655 1950 Pacis
678 1904 879 1953 honore.

346 1962 467 2011 Sola
495 1963 542 2011 in
565 1977 818 2013 occursum
844 1970 1207 2018 numerosiores

351 2024 619 2085 Martyrum
640 2030 806 2076 turbas
831 2030 1035 2078 ltomino
1058 2032 1254 2091 parasti.

252 2130 327 2181 tia
358 2144 527 2197 porro
561 2133 825 2202 sequitur,
865 2133 1093 2201 gloriam
1135 2136 1461 2207 singularem
1493 2138 1846 2209 Caesaraugu-

251 2231 346 2274 sta:
385 2222 711 2289 prmdicans.

317 2312 417 2365 :29.
450 2312 581 2367 Cum
618 2324 796 2370 autem
835 2316 971 2372 alios
1002 2328 1267 2391 martyres
1304 2321 1841 2397 Czesarangustanos,

247 2413 453 2470 pra-ter
482 2404 547 2460 18
579 2406 700 2461 illos
731 2408 782 2460 in
816 2424 1045 2477 quorum
1072 2410 1283 2468 laudem
1315 2414 1574 2485 hymnum
1621 2418 1841 2488 pepigit,

251 2496 415 2551 vellet
451 2498 691 2568 laudare,
725 2500 998 2557 Vincentii
1032 2504 1295 2575 imprimis
1317 2510 1592 2565 meminit:

341 2610 487 2673 lude,
514 2610 757 2676 Vincenti,
780 2621 864 2664 tua
892 2615 1048 2678 palma
1072 2625 1186 2669 nota
1211 2630 1302 2669 est.

246 2712 310 2766 Et
338 2714 633 2785 deinceps:

336 2833 444 2898 ξος
465 2835 596 2898 i'uror
621 2838 871 2898 quisquam
890 2840 999 2889 sine
1025 2839 1168 2891 laude
1197 2853 1412 2896 nostrum

332 2895 519 2956 Cessit,
545 2895 765 2945 aut‘clar'i
795 2911 975 2949 vacuus
1000 2905 1187 2952 cruoris

340 2956 609 3021 Martyrum
630 2972 829 3021 semper
850 2976 1083 3013 numerus
1105 2968 1198 3016 sub
1221 2971 1352 3019 omni

499 3018 751 3069 Grandine
769 3026 941 3074 crevit.

332 3078 809 3147 ﬁonne,_i’iiiceiiii,
830 3098 1047 3147 peregre
1071 3093 1321 3141 necandus

332 3140 617 3203 Martyr'his
635 3147 781 3193 terris
799 3140 936 3195 tenui
956 3140 1133 3199 notasti

328 3202 605 3269 Sanguinis
628 3218 740 3254 rore
764 3210 981 3269 speciem
1001 3210 1150 3261 futuri

494 3266 654 3331 blorte
677 3266 945 3331 propinqua
963 3270 988 3320 ‘?

328 3324 442 3396 Hoc
465 3327 635 3396 colunt
654 3324 805 3396 cives,
835 3324 969 3382 velut
993 3336 1092 3396 ipsa
1116 3338 1334 3387 membra

325 3386 521 3458 QCSpes
546 3389 756 3458 includat
782 3386 898 3442 suus
926 3404 976 3443 et
1002 3386 1205 3458 paterno

327 3450 844 3513 Servetampleetens
869 3450 1055 3506 tumulo
1079 3460 1209 3509 beati

492 3512 719 3574 Martyris
742 3529 869 3565 ossa.

328 3571 512 3639 ﬁoster
535 3571 633 3639 est,
658 3580 878 3636 quamvis
899 3581 1065 3639 procul
1093 3582 1203 3632 hinc
1228 3585 1275 3635 in
1299 3585 1424 3636 urbe

336 3634 515 3704 t'assiis
541 3634 726 3704 ignota,
749 3634 943 3691 dederit
958 3644 1170 3704 sepulcri

326 3694 544 3763 Gioriani
564 3694 724 3763 ivit-tor
749 3715 903 3763 proiie
923 3694 1057 3753 littus
1080 3706 1192 3756 altae

495 3759 638 3808 l-‘orte
661 3759 883 3822 Sagunti.

324 3818 528 3888 Ses‘er,
554 3829 606 3869 et
631 3818 791 3888 nostra
817 3838 943 3886 puer
961 3827 1007 3875 in
1034 3828 1257 3888 palaestra

332 3883 452 3947 Arte
476 3883 671 3947 virtutis
690 3883 899 3947 ﬁdeique
923 3883 1052 3936 olivo

328 3941 536 3997 Unctiis,
560 3941 853 3994 horrendum
873 3949 1037 3998 didicit
1058 3950 1257 4002 domare

486 4003 685 4054 Viribus
710 4008 915 4057 hostem.

322 4064 541 4115 Noverat
561 4067 745 4128 templo
767 4071 998 4121 celebres
1021 4074 1069 4122 in
1096 4073 1188 4123 isto

327 4130 501 4197 peties
524 4136 711 4197 partas,
731 4132 998 4197 deciesque
1025 4134 1225 4197 palmas,

322 4184 537 4252 Laureis
553 4184 722 4239 doctus
746 4184 928 4252 patriis.
939 4184 1113 4245 eadem

486 4251 649 4301 Laude
672 4251 905 4305 cucurrit.

226 4352 438 4417 Quibus
468 4354 520 4408 in
545 4359 875 4414 carminibus
918 4361 1351 4419 animadvertere
1398 4367 1573 4436 quivis
1624 4370 1819 4437 poterit

230 4441 573 4500 Vincentium
620 4459 801 4503 natum
832 4450 1277 4523 Cmsaraugustm,
1310 4470 1812 4528 etesarangnstanos

223 4536 482 4603 appellari
513 4549 734 4607 nostros,
766 4543 859 4594 tias
890 4553 1049 4598 terras
1076 4544 1296 4617 intelligi
1342 4548 1410 4603 de
1461 4548 1813 4621 Caesaraugu-

221 4636 322 4689 sta,
385 4636 653 4693 paternum
709 4631 962 4687 tumulum
1005 4636 1250 4691 eamdem
1313 4639 1500 4694 urbem
1547 4641 1808 4711 indicare,

226 4714 561 4773 Vincentium
587 4731 836 4788 nostrum,
883 4735 930 4779 et
970 4738 1142 4780 nostra
1197 4746 1411 4797 puerum
1460 4734 1513 4786 in
1543 4734 1807 4802 palwstra,

217 4807 306 4873 qui
340 4811 528 4879 :emplo
555 4812 605 4865 in
633 4813 729 4865 ista
750 4816 953 4882 palmas
987 4817 1048 4872 l8
1070 4819 1312 4876 celebres
1336 4834 1575 4891 noverat,
1608 4837 1664 4881 et
1694 4829 1810 4881 tau-

216 4898 317 4950 ri-i's
334 4901 516 4967 patriis
529 4903 750 4956 edoctus
770 4906 957 4973 inerat,
974 4918 1158 4975 aperte
1178 4911 1552 4970 deinonSIrare
1580 4919 1804 4985 patriam

214 4987 699 5059 starangustam.
733 4994 961 5051 Proinde
985 4998 1107 5067 jure
1136 5000 1394 5056 Thomam
1418 5005 1708 5075 Tan‘iayum
1736 5013 1804 5066 de

216 5078 422 5147 Vargas
468 5080 655 5138 Riscus
697 5086 924 5154 refellit,
977 5090 1118 5159 quod
1168 5096 1435 5161 putaverit
1473 5097 1531 5153 8.
1569 5099 1800 5156 Vincen-

211 5167 351 5222 tium
375 5184 403 5222 a
441 5169 733 5229 Prudentio
773 5190 1002 5231 nostrum
1033 5185 1315 5251 appellari,
1339 5186 1461 5256 quia
1501 5199 1617 5243 erat
1645 5190 1801 5248 Chri-

208 5262 441 5324 stianus,
466 5273 520 5318 ct
549 5267 799 5322 similiter
830 5270 1027 5327 Bailius
1058 5274 1273 5329 Petrum
1306 5279 1674 5351 Mantuanum,
1704 5289 1794 5357 qui

205 5353 257 5405 in
290 5364 466 5410 nostra
488 5360 726 5427 paiwstra
760 5363 1139 5434 interpretatur
1167 5371 1232 5422 de
1269 5370 1525 5431 Valentia.

280 5603 367 5689 ςα)
393 5607 539 5689 lluiic
564 5614 882 5689 curﬁliiscus
913 5619 982 5689 ita
1012 5623 1265 5689 appellet.
1294 5635 1350 5681 ut
1376 5627 1519 5685 dicat
1539 5641 1803 5688 auctorem

201 5674 304 5726 sub
336 5682 528 5762 nomine
644 5683 895 5762 Bernnrdi'
920 5674 1110 5745 Ibaﬁ'e}.
1136 5694 1199 5747 de
1224 5674 1501 5753 ldehararri
1521 5744 1535 5762 ,
1570 5717 1675 5757 non
1716 5719 1803 5757 as-

196 5759 423 5815 sequor.
454 5752 659 5806 Etenim
693 5756 856 5811 [uisae
888 5762 1157 5819 hominem
1196 5783 1386 5839 magno
1417 5780 1469 5825 et
1490 5752 1618 5828 acri
1653 5776 1800 5839 inge-

493 5849 765 5911 PATROL.
807 5853 945 5915 LIX

1671 282 2200 343 PROLEGUMENA.

3461 308 3563 362 586

2042 402 2132 457 50.
2163 404 2291 459 Post
2320 405 2658 463 Vincentium
2689 410 2868 466 laudat
2891 413 2947 469 S.
2988 413 3296 472 Encratiam
3330 417 3566 474 Pruden-

1980 495 2114 563 tius;
2146 495 2213 551 de
2234 512 2338 565 qua
2370 497 2483 555 lizec
2515 500 2711 557 habet:

2068 606 2329 671 ljartyrum
2352 611 2469 660 nulli
2495 621 2785 666 remanente
2812 620 2908 669 vitri

2068 668 2283 733 Contigit
2307 676 2453 721 terris
2477 674 2699 726 habitare
2723 668 2937 728 nostris:

2067 731 2179 780 Sola
2204 731 2256 783 t'u
2282 738 2421 785 morti
2447 739 2656 802 propriae
2681 753 2937 802 superstes

2474 797 2558 845 Vit
2568 800 2608 847 is
2633 802 2678 849 in
2700 797 2839 851 orbe.

1976 852 2039 906 Et
2065 853 2223 909 infra.

2063 945 2202 1010 [hinc
2226 960 2402 998 novum
2430 958 2609 1001 nostra:
2635 953 2825 1003 titulum
2854 956 3108 1010 fruendum

2061 1006 2440 1083 (‘Jiesaraiigustae
2463 1015 2600 1083 dedit
2621 1006 2990 1083 ipseChristuﬁs,

2062 1067 2191 1130 Juge
2219 1067 2426 1123 viventis
2448 1076 2618 1125 domus
2636 1067 2689 1127 ut
2713 1079 2872 1130 dicata

2464 1137 2687 1201 Martyris
2707 1151 2857 1191 esset.

1967 1235 2022 1291 ln
2052 1237 2191 1294 notis
2222 1242 2502 1298 ostendam
2534 1260 2641 1301 non
2686 1247 2809 1304 inde
2853 1252 3031 1323 colligi
3074 1258 3326 1327 templum
3354 1258 3414 1315 8.
3442 1260 3552 1317 En-

1963 1330 2147 1384 cratia:
2190 1330 2387 1387 viventi
2434 1335 2667 1391 dicatum
2698 1338 2883 1409 fuisse,
2914 1345 3005 1397 sed
3051 1348 3221 1403 si-lum
3257 1350 3314 1405 8.
3345 1352 3548 1409 Encra-

1962 1418 2090 1474 tiam
2124 1435 2221 1489 pro
2243 1432 2478 1494 martyre
2508 1425 2771 1495 habitam,
2823 1437 3062 1501 quamvis
3099 1443 3376 1511 martyrio,
3432 1445 3547 1502 sive

1960 1513 2259 1583 Suppliciis,
2295 1515 2484 1571 fuisset
2506 1531 2803 1588 superstes.
2837 1522 2987 1579 Nunc
3015 1527 3186 1583 solum
3212 1531 3337 1585 licet
3357 1533 3545 1589 obser-

1960 1617 2087 1658 vare
2117 1614 2278 1659 terras
2306 1618 2526 1673 nostras,
2558 1620 2615 1666 et
2647 1626 2876 1667 nostram
2900 1615 3344 1691 Caesaraugustam
3376 1628 3545 1684 videri

1961 1692 2185 1749 iiinuere
2213 1694 2634 1768 Caesaraugusta
2671 1714 2855 1759 natum
2888 1722 3008 1763 esse
3052 1708 3419 1769 Prudentium.
3462 1718 3544 1774 Ex

1884 1772 1930 1831 Β
1960 1782 2039 1838 his
2061 1785 2383 1854 rejiciendus
2403 1800 2487 1845 est
2519 1792 2821 1851 Bernardus
2851 1797 3041 1855 lbanez
3068 1802 3135 1858 de
3167 1804 3453 1863 Echavarri
3486 1810 3539 1867 in

1966 1874 2084 1929 Vita
2104 1879 2164 1932 S.
2185 1874 2693 1957 Prudentiiepi'scom'
2708 1889 3122 1959 Turiasonensis,
3143 1913 3261 1967 pag.
3278 1900 3371 1969 26,
3391 1917 3541 1957 assc-

1956 1982 2081 2021 rens
2102 1983 2167 2023 ex
2186 1973 2438 2029 omnibus
2449 1975 2756 2033 civitatibus
2781 1984 3069 2050 provinciae
3089 1986 3538 2056 Tarraconensis.

1953 2058 2160 2115 scilicet
2177 2061 2500 2132 Tarracone,
2517 2066 2765 2125 Gerunda
2789 2076 2892 2145 ιε
2912 2073 3210 2147 Calagurri,
3238 2082 3538 2142 Barcinone

1950 2159 2007 2205 et
2028 2151 2457 2226 Ctesaraugusta,
2475 2160 2674 2216 nullam
2692 2178 2722 2217 a
2754 2163 3041 2224 Prudentio
3060 2174 3319 2241 appellari
3347 2177 3535 2235 urbem

1951 2257 2125 2310 suam,
2151 2260 2373 2317 excepta
2405 2250 2704 2323 Calagurri.
2744 2257 2875 2313 Nam
2894 2264 3127 2319 num.‘26
3153 2266 3379 2337 legimus
3404 2272 3536 2327 Pru-

1950 2337 2189 2393 dentium
2212 2341 2279 2396 de
2297 2342 2601 2402 Tarracone
2621 2348 2803 2406 dicere
2826 2369 2840 2403 :
2874 2355 2986 2417 Quo
3013 2366 3202 2413 nostra:
3223 2373 3379 2433 caput
3397 2367 3535 2418 exci-

1952 2439 2092 2483 tatur
2112 2434 2272 2500 urbis,
2301 2446 2354 2490 et
2375 2441 2616 2506 quamvis
2642 2441 2709 2496 de
2730 2441 3133 2516 Caesaraugusta
3164 2467 3424 2523 nusquam
3452 2458 3535 2514 his

1954 2523 2129 2579 verbis
2143 2534 2349 2581 utatur:
2366 2540 2538 2585 nostra
2556 2535 2749 2600 civitas,
2771 2548 2943 2591 nostra
2962 2540 3100 2609 urbs,
3130 2556 3362 2600 nostrum
3383 2552 3534 2619 Oppi:

1950 2614 2093 2681 dum,
2127 2626 2304 2673 tamen
2337 2624 2534 2692 saepius
2564 2625 3070 2699 Ctesaraugustanos
3105 2648 3261 2693 vocat
3290 2652 3526 2709 nostros,

1948 2705 2408 2779 (Lazsaraugustam
2442 2725 2686 2783 nostram,
2716 2722 2958 2777 eamdem
2994 2736 3190 2781 nostras
3222 2740 3403 2798 terras,
3436 2750 3530 2788 no-

1948 2810 2108 2853 strum
2124 2804 2750 2873 populimi.Qiiamobrem
2767 2823 2858 2867 aut
2871 2814 3091 2882 fallitur,
3104 2829 3195 2873 aut
3210 2821 3258 2875 in
3274 2838 3331 2877 re
3350 2823 3527 2893 inepta

1945 2890 2082 2947 iudit
2112 2893 2419 2951 Bernardns
2443 2898 2634 2955 lbaiicz
2665 2901 2760 2973 (α).
2793 2904 2845 2959 Si
2870 2908 2988 2975 quis
3029 2920 3205 2966 tamen
3238 2890 3528 2972 contendat

1949 2981 2294 3039 Prudentium
2324 2986 2392 3041 de
2430 2989 2827 3061 CaesarauguSia
2862 3002 3175 3064 pronnniine
3218 3007 3527 3072 possessivo

1944 3086 2119 3130 nostra
2150 3079 2224 3132 uti
2252 3081 2373 3147 quia
2416 3084 2529 3151 ipse
2568 3094 2684 3138 erat
2723 3102 2752 3140 e
2798 3090 3069 3154 provincia
3109 3092 3520 3166 Tarraconensi,

2270 3142 2281 3147 -
2434 3142 2450 3151 .
2798 3142 2809 3154 .
2932 3142 2944 3143 κ
2998 3142 3068 3144 --ἡ
3120 3142 3520 3166 --η----νηνηυη

1861 3142 1912 3208 θ
1941 3176 2036 3222 aut
2061 3185 2093 3223 e
2122 3182 2388 3226 conventu
2413 3174 2645 3242 jui-idico
2674 3176 3176 3252 Caesaraugustam,
3213 3203 3317 3242 non
3364 3190 3524 3247 video

1938 3274 2040 3327 qua
2071 3263 2276 3318 ratione
2305 3278 2372 3319 ex
2402 3281 2462 3321 ea
2488 3282 2615 3322 arce
2636 3270 2792 3338 dejici
2817 3272 2983 3340 possit
3010 3291 3162 3331 :nam
3194 3281 3380 3336 eadem
3404 3284 3520 3340 tere

1940 3354 2145 3409 ratione
2167 3368 2392 3411 nostram
2415 3360 2588 3413 urbem
2613 3361 2990 3432 Tarraconem,
3017 3378 3245 3424 nostrum
3269 3377 3519 3443 oppidum

1935 3446 2265 3519 Calagurrim
2296 3454 2605 3510 nominasse
2634 3456 2909 3513 afﬁrmant
2960 3461 3049 3531 qui
3088 3463 3537 3546 Cmsarangustaa

1932 3555 2060 3593 nii.n
2090 3557 2210 3596 eum
2242 3544 2446 3600 volunt.

2007 3635 2097 3688 5t.
2146 3636 2319 3690 Aliam
2369 3650 2628 3707 pra-terea
2658 3642 2795 3696 viam
2836 3644 2954 3699 iniit
2992 3647 3184 3703 ttiscus
3231 3658 3289 3704 iit
3335 3661 3515 3720 partes

1930 3725 2079 3780 Ca'sa
2089 3740 2527 3797 raiignstanoruni
2551 3734 2847 3803 adjuvaret,
2864 3738 3008 3792 exiis
3025 3755 3142 3808 qua:
3164 3750 3315 3796 notat
3336 3744 3515 3799 Theo-

1932 3818 2148 3873 doricus
2190 3821 2415 3876 liuinart
2454 3823 2507 3877 in
2556 3825 2704 3879 Actis
2758 3825 2816 3882 S.
2847 3828 3136 3899 Hippolyti.
3186 3831 3510 3889 Prudentius

1932 3912 2187 3981 hymnum
2217 3913 2275 3966 S.
2305 3914 2578 3985 llippnlyti
2605 3916 2672 3971 ad
2707 3918 3047 3974 Valerianum
3080 3922 3391 3993 episcopum
3428 3925 3510 3980 di-

1926 4003 2087 4069 rexit,
2117 4018 2276 4073 quem
2309 4006 2378 4058 ξω
2405 4004 2634 4060 all‘atur:

2019 4125 2305 4174 Innumeros
2326 4126 2521 4175 cineres
2537 4136 2813 4177 sanctorum
2839 4128 3039 4180 Romula
3062 4132 3109 4182 in
3136 4135 3257 4186 urbe

2082 4186 2320 4247 Vidimus,
2349 4202 2379 4236 ο
2400 4188 2575 4239 Christi
2600 4190 2865 4243 Valeriane
2888 4206 3045 4243 sacer.

1925 4271 1989 4325 Et
2020 4271 2073 4325 in
2099 4271 2207 4325 line
2238 4271 2451 4341 hymni:

2014 4385 2097 4435 Sic
2120 4398 2201 4461 m'e
2218 4387 2472 4461 gramineo
2495 4396 2833 4437 remanentem
2855 4389 3071 4461 denique
3094 4402 3264 4454 campo

2076 4448 2289 4498 Sedulus
2310 4455 2543 4509 aegrotant
2567 4457 2731 4509 pastor
2754 4463 2895 4501 ovem
2922 4448 3126 4501 referas.

1932 4555 2061 4610 Erat
2086 4554 2247 4626 igitur
2269 4554 2593 4609 Prudentius
2620 4571 2683 4611 ex
2703 4558 2958 4624 urbe,aut
2980 4560 3227 4629 dimcesi,
3252 4565 3337 4618 cui
3362 4580 3503 4634 pra:-

1923 4656 2042 4702 erat
2074 4647 2407 4702 Valerianus.
2462 4646 2542 4702 Ad
2573 4664 2732 4717 quem
2764 4649 2937 4705 locum
2978 4652 3287 4710 Ruinartius
3314 4657 3505 4713 adrer-

1921 4740 2018 4793 tit:
2049 4737 2148 4792 llic
2172 4739 2371 4792 videtur
2391 4755 2501 4793 esse
2532 4739 2766 4794 Valerius
2792 4741 3284 4813 Ctesaraugustanus
3310 4750 3505 4817 episco-

1917 4848 2037 4901 pus,
2062 4831 2150 4900 qui
2180 4847 2313 4885 anno
2349 4831 2446 4885 581
2498 4832 2729 4904 interfuit
2779 4834 2994 4889 concilio
3022 4835 3504 4909 Cwsaraugustano.

1920 4922 2130 4989 ltiscus,
2157 4925 2243 4992 qui
2266 4924 2499 5001 concilio
2523 4923 2788 4979 Valeriuin
2814 4927 3199 4997 subscripsisse
3225 4945 3368 4984 anno
3397 4933 3502 4986 380

1912 5014 2115 5068 rectius
2144 5013 2339 5082 tradit,
2366 5014 2613 5069 eumdem
2661 5017 2970 5086 episcopum
3010 5034 3130 5072 esse
3180 5031 3332 5089 putat
3379 5037 3502 5075 cuni

1912 5104 2197 5159 Valeriano
2235 5105 2536 5160 Prudentii.
2566 5106 2671 5161 Sed
2728 5117 2853 5161 ante
2911 5107 3128 5162 Riscum
3185 5119 3236 5164 et
3271 5111 3502 5166 Ruinar-

1905 5196 2035 5249 tium
2064 5210 2183 5250 eam
2232 5198 2493 5252 rationem
2527 5199 2805 5253 invenerat
2850 5199 3044 5254 Paulus
3085 5200 3403 5254 Albinianus
3435 5206 3500 5255 die

1905 5289 2065 5358 Rajas
2099 5289 2155 5345 S.
2192 5289 2257 5356 l.,
2290 5306 2448 5360 quem
2479 5290 2746 5362 Tamayns
2776 5291 2829 5345 in
2875 5291 3052 5346 indice
3082 5291 3261 5361 operis
3292 5293 3388 5346 cit.
3420 5309 3498 5346 re-

1896 5380 2003 5439 fert
2045 5382 2097 5436 in
2134 5381 2356 5437 historia
2380 5397 2481 5437 ms.
2519 5381 2941 5452 Czesaraugustie
2984 5382 3217 5453 probare
3262 5384 3496 5438 voluisse

1912 5634 2022 5698 nio,
2054 5634 2143 5703 qui
2168 5649 2234 5715 eo
2264 5635 2481 5719 nnniipe
2505 5634 2686 5718 inerit
2709 5648 2945 5719 vocatus,
2975 5649 3031 5719 et
3077 5639 3237 5719 vitam
3268 5637 3325 5691 S.
3361 5638 3493 5691 Pru-

1909 5704 2076 5758 dentii
2102 5704 2359 5778 episc0pi_
2388 5705 2801 5778 Turiasonensis
2834 5710 3025 5765 litteris
3071 5710 3491 5778 consignavem,

1908 5786 2240 5844 compertum
2272 5775 2399 5834 mihi
2430 5786 2531 5833 cst.
