4016 6182
497 270 599 326 587

1925 255 2375 315 PRUDENTIUS.

3673 259 3769 316 588

498 382 844 440 Prudentium
892 379 1058 435 fuisse
1098 376 1629 445 Ctesarattgttstanum
1682 386 1747 427 cx
1793 370 1992 443 hymno
2021 371 2079 425 S.
2114 374 2158 429 A
2189 370 2589 440 rttitCalagttrri
2610 370 2703 425 sub
2747 369 3017 424 Valeriano
3042 368 3270 424 antistite
3296 369 3548 441 hymnum
3572 372 3767 426 editum

500 474 790 545 Hippolyti,
822 472 905 525 ubi
938 486 996 526 se
1024 483 1176 523 ovem
1222 465 1488 520 Valeriani
1527 463 1794 534 appellat,
1833 460 1972 530 quod
2003 475 2074 515 ex

499 565 691 621 litteris
724 564 886 631 ipsius
907 561 1055 629 Pauli
1080 568 1402 630 Cognoverat
1423 556 1521 629 (a).
1549 556 1703 625 Quod
1740 555 2084 615 Valerianus,

500 675 605 713 non
637 656 899 718 Valerius,
952 655 1004 708 in
1060 652 1260 722 hymno
1284 648 1555 706 Prudentii
1603 649 1890 713 scribatur,
1948 646 2078 700 nihil

498 750 625 805 tefe:
645 765 700 803 re
723 748 795 801 ait
829 748 1015 800 Riscus
1041 761 1054 798 :
1088 744 1131 796 0
1158 757 1346 814 parque
1368 744 1415 796 el
1443 741 1671 795 vocatiro
1693 740 1756 793 de
1782 736 1987 791 Valerio
2010 751 2079 789 no

501 843 663 909 puede
695 840 1027 895 acomodarse
1066 854 1127 890 en
1168 838 1213 891 el
1249 852 1391 890 verso
1431 843 1776 904 pentametro,
1823 852 1852 888 ο
1895 844 2087 900 parque

498 936 587 989 alli
616 950 679 989 nc
705 932 864 988 usaba
892 932 955 986 de
982 930 1031 985 el
1060 946 1203 984 como
1230 932 1294 986 de
1316 932 1521 985 nombre
1558 930 1783 999 praprio,
1824 929 1937 982 sino
1982 929 2084 999 19

499 1028 773 1098 apelativo,
817 1025 1119 1080 concertatio
1163 1040 1259 1078 con
1309 1024 1359 1077 la
1403 1039 1525 1089 voz,
1579 1022 1757 1081 Sacer.
1794 1022 2087 1092 Displicent

504 1123 587 1175 lue
610 1120 861 1183 rationes,
893 1127 947 1173 et
977 1117 1275 1187 praesertim
1311 1115 1475 1182 prima
1513 1115 1617 1185 (b).

572 1215 664 1270 52.
697 1214 915 1269 Minime
945 1221 1121 1266 tamen
1153 1210 1366 1264 animus
1414 1208 1567 1264 nobis
1586 1216 1670 1262 est
1713 1207 1959 1270 inliciari,
1992 1204 2090 1260 ali-

502 1322 664 1377 quam
686 1306 1049 1374 conjecturam
1077 1318 1139 1357 ex
1167 1302 1366 1372 hymno
1389 1301 1446 1356 S.
1468 1300 1735 1370 Hippolyti
1766 1315 1864 1369 pro
1879 1300 2091 1354 Cursar-

503 1411 726 1471 angusta
775 1398 897 1467 capi
942 1412 1102 1469 posse
1142 1412 1155 1449 :
1199 1409 1322 1449 nam
1354 1409 1420 1448 ex
1453 1392 1653 1463 hymno
1684 1391 1750 1447 18
1791 1402 2088 1462 martyrum

504 1493 1105 1560 Caesaraugustanorum
1175 1487 1343 1555 liquet
1412 1500 1443 1539 e
1502 1484 1702 1538 familia
1760 1482 2089 1539 Valeriorum

504 1583 693 1653 plores
723 1581 885 1636 fuisse
914 1581 1196 1649 episcopos
1223 1576 1730 1647 Caesaraugustanos
1756 1592 1768 1628 :

601 1673 693 1723 Hie
714 1674 1019 1723 sacerdotum
1039 1670 1208 1719 domus
1230 1668 1430 1720 infulata

910 1734 1240 1783 Valeriorum.

510 1842 686 1895 Potuit
708 1855 835 1911 ergo
864 1840 1057 1908 aliquis
1074 1854 1137 1891 ex
1171 1838 1269 1891 hac
1291 1835 1490 1891 familia
1513 1834 1797 1908 episcopus
1825 1834 2089 1889 noiuinari

516 1933 844 2000 Valeriattw,
877 1945 928 1986 ut
956 1931 1150 2002 passim
1182 1931 1293 1983 Iure
1332 1928 1606 1983 nominum
1638 1927 1900 1982 derivatio
1935 1927 1986 1980 in
2019 1927 2093 1979 fa-

513 2026 676 2078 miliis
707 2025 961 2077 ltrmanis
989 2021 1284 2087 accidebat,
1315 2020 1521 2076 scilicet
1546 2019 1812 2086 Constans,
1843 2016 2093 2073 Constan-

510 2118 632 2179 tius,
685 2116 1083 2177 Constantinus;
1134 2114 1305 2182 potuit
1345 2112 1505 2167 etiam
1552 2111 1798 2166 Valerius
1843 2111 1959 2175 ille,
2003 2110 2094 2177 qui

512 2207 741 2263 concilio
766 2205 1247 2277 Caesaraugustan
1272 2205 1534 2270 interfuit,
1590 2205 1822 2260 Valerius
1856 2204 2092 2259 Vale-ia-

513 2318 607 2356 nus
634 2302 914 2371 appellari,
944 2311 999 2354 ut
1021 2298 1277 2355 Claudius
1307 2300 1655 2365 Claudianus,
1700 2299 1897 2371 altique
1937 2298 2097 2354 snuili

516 2392 698 2457 modo,
745 2403 836 2446 aut
864 2392 932 2445 ab
962 2392 1081 2445 aliis
1123 2391 1369 2455 Valerius,
1411 2392 1480 2448 ab
1505 2394 1623 2447 aliis
1664 2391 1964 2445 Valerianus
2002 2392 2095 2462 (τ).

517 2485 594 2539 Ex
627 2484 884 2554 catalogis
927 2484 1303 2555 epismporum
1333 2481 1931 2554 Caesaraugusmnornm
1979 2494 2097 2553 post

518 2577 784 2633 Valerium
815 2577 963 2632 illum
996 2576 1289 2631 secundum
1318 2592 1457 2631 anno
1486 2578 1591 2633 580
1622 2576 1754 2632 nihil
1783 2577 1925 2632 aliud
1958 2579 2103 2632 erui-

518 2680 605 2722 tur
634 2683 696 2723 us
718 2683 800 2736 ;ue
832 2669 897 2721 ad
926 2683 1124 2722 annum
1153 2667 1276 2735 458,
1311 2685 1415 2738 quo
1440 2668 1503 2723 N.
1536 2671 1821 2740 episcOpus
1847 2669 2100 2739 preside-

519 2763 629 2817 bat.
661 2761 718 2816 In
745 2762 987 2832 catalogo
1017 2762 1391 2832 episcoporum
1419 2763 1945 2835 Calagurritanorum
1987 2766 2098 2836 pri-

517 2871 641 2911 mus
670 2857 803 2911 certi
836 2855 1070 2911 nominis
1094 2855 1378 2928 episcOpus
1410 2858 1674 2917 indicatur
1689 2858 1940 2915 Silvanus
1956 2860 2100 2914 circa

516 2964 713 3003 annum
742 2947 867 3003 457.
918 2949 1168 3005 Nicolaus
1197 2950 1465 3005 Antonius
1506 2966 1573 3006 ex
1606 2951 1951 3021 praijudieata
1984 2951 2101 3021 Opi-

518 3043 678 3095 nione
714 3040 855 3112 quod
901 3040 1223 3097 Prudentius
1266 3054 1408 3097 esset
1439 3041 1899 3112 Calagurritanus,
1946 3060 2099 3101 asse-

2192 462 2482 534 Hippolyti.
2536 462 2731 517 Verum
2786 464 2887 517 etsi
2942 461 3143 531 liquido
3185 471 3393 531 pateret
3439 462 3767 519 Valerianum

2190 564 2284 608 aut
2332 555 2867 625 Caesaraugustanam
2894 594 2911 620 ,
2956 562 3049 608 aut
3091 552 3395 623 Calagurrit
3428 569 3548 609 nam
3594 556 3769 611 sedem

2193 646 2449 710 tenuisse,
2492 661 2558 699 an
2611 655 2723 701 tuto
2752 645 2945 701 eoulici
2994 656 3179 715 posset
3220 654 3316 699 aut
3349 646 3771 717 Cmsaraugustao

2194 752 2340 803 num,
2378 747 2471 792 aut
2507 736 2971 806 Calagurritanum
3023 736 3189 791 fuisse
3222 737 3603 792 Prudentium?
3632 740 3769 793 Haud

2192 828 2438 897 equidem
2472 837 2617 896 puto.
2663 827 2769 881 Cur
2799 827 2943 882 enim
2987 843 3091 882 non
3123 829 3356 896 pouerit
3384 844 3444 885 se
3472 845 3630 883 ovem
3666 832 3773 900 ejus

2192 920 2429 990 episcopi
2481 936 2812 991 nuncupare,
2863 921 2914 975 in
2961 921 3115 991 cujus
3163 920 3381 976 dimcesi
3436 936 3531 991 per
3567 922 3771 992 aliquod

2195 1016 2447 1083 temporis
2486 1014 2713 1083 spatium
2758 1013 3089 1068 domicilium
3138 1013 3393 1069 fixisset?
3440 1015 3602 1086 Atqui
3646 1016 3771 1069 Pru-

2193 1104 2407 1160 dentius
2435 1106 2700 1175 ejusmodi
2732 1106 3059 1161 curriculum
3096 1108 3216 1160 \‘itzc
3269 1108 3463 1175 tenuit,
3514 1118 3570 1162 ut
3604 1109 3774 1163 multis

2194 1197 2533 1267 diversisque
2562 1197 2614 1251 in
2646 1198 2781 1253 locis
2809 1198 2901 1253 diu
2930 1200 3171 1254 videatur
3200 1213 3322 1255 esse
3344 1212 3723 1256 commoratus.

2267 1289 2358 1343 55.
2391 1287 2522 1343 lllttd
2568 1290 2785 1357 quidem
2830 1305 2897 1345 ex
2952 1290 3152 1360 hymno
3187 1290 3252 1345 18
3298 1270 3594 1361 martyrum
3638 1302 3777 1346 certo

2196 1380 2458 1449 arguitur,
2511 1379 2859 1435 Prudentium
2907 1382 3328 1450 Ctesaraugusta:
3381 1380 3686 1451 aliquando,
3727 1391 3775 1436 ct

2198 1478 2324 1524 tunc
2350 1469 2581 1523 maxime
2617 1485 2738 1523 eum
2768 1472 3025 1542 hymnum
3058 1470 3317 1536 condidit,
3346 1472 3657 1526 constitisse
3678 1470 3773 1540 (ri).

2198 1563 2292 1618 His
2340 1562 2549 1618 accedit
2600 1563 3023 1633 Caesaraugustae
3054 1564 3325 1619 exstitisse
3379 1563 3636 1617 familiam
3662 1564 3773 1617 Cle—

2200 1668 2463 1721 mentum,
2515 1667 2571 1711 ut
2614 1657 2806 1727 probat
2839 1656 3096 1711 Henricus
3129 1657 3315 1711 Florez
3351 1664 3482 1710 tom.
3516 1656 3536 1709 l
3580 1656 3774 1710 Numis-

2125 1739 2173 1799 B
2200 1761 2351 1814 mat_.,
2386 1750 2551 1803 tabnl.
2585 1749 2638 1812 9,
2688 1764 2836 1802 num.
2864 1750 2917 1813 9,
2972 1763 3035 1801 ex
3087 1763 3189 1817 qua
3242 1748 3406 1802 fuisse
3437 1746 3773 1801 Prudentium

2198 1842 2339 1898 idem
2373 1843 2587 1907 fatetur,
2621 1843 2728 1912 20
2758 1839 3001 1910 quamvis
3028 1839 3265 1910 alioquin
3298 1838 3578 1908 Calagurri
3607 1848 3774 1893 nutum

2201 1937 2495 1992 existimet.
2526 1935 2649 1990 Haec
2680 1936 2787 1988 fere
2819 1942 2945 1987 sunt
2973 1950 3088 2002 qua:
3118 1935 3163 1987 si
3206 1948 3309 1986 non
3342 1942 3547 1987 certam
3580 1943 3781 1987 εειιιεπι-

2200 2032 2361 2097 tiam,
2426 2040 2480 2084 at
2538 2028 2865 2100 probabilem
2922 2027 3114 2082 saltem
3160 2026 3526 2093 cattjeeturam
3577 2026 3780 2081 elticere

2202 2135 2423 2193 possunt
2474 2133 2531 2178 ttt
2588 2122 2909 2179 Prudentius
2955 2121 3466 2192 Cmsaraugustanus
3506 2120 3673 2175 fuisse
3709 2119 3781 2172 di-

2200 2226 2351 2271 catur
2381 2214 2471 2284 (e),

2272 2305 2362 2360 54.
2404 2305 2521 2361 Jam
2548 2320 2679 2360 vero
2709 2320 2805 2359 cur
2832 2303 3137 2373 Calagurris
3164 2303 3341 2373 (nobis
3380 2300 3690 2370 Calahorra)
3718 2302 3785 2354 ci-

2203 2413 2322 2455 vem
2353 2413 2506 2455 suum
2540 2406 2750 2465 repetat
2775 2396 3147 2457 Prudentium,
3173 2393 3569 2449 enucleandum
3592 2407 3665 2448 esz
3692 2393 3780 2462 (ﬂ.

2203 2492 2305 2559 Qui
2355 2490 2682 2559 Calagurrim
2733 2486 3007 2542 Prudentii
3058 2487 3282 2557 patriam
3328 2495 3609 2548 statuunt,
3659 2485 3785 2538 haud

2206 2583 2321 2637 leve
2349 2580 2652 2651 przesidium
2686 2579 2882 2633 habent
2913 2581 2963 2633 in
3000 2581 3199 2649 hymno
3227 2576 3322 2634 SS.
3358 2590 3661 2647 martyrum
3692 2577 3780 2629 lle-

2206 2674 2417 2731 meterii
2465 2681 2519 2728 ct
2548 2670 2824 2727 Celedonii
2852 2689 2864 2723 :
2893 2686 3000 2726 non
3043 2670 3183 2740 quod
3228 2684 3324 2724 eos
3369 2680 3636 2740 martyres
3672 2680 3787 2721 ante

2205 2781 2394 2822 omnes
2438 2764 2573 2819 alios
2616 2762 3006 2827 celebrawrit;
3057 2761 3232 2830 exigui
3283 2761 3423 2815 enim
3474 2760 3785 2815 robor-istst

2208 2860 2323 2913 luce
2348 2857 2655 2933 conjectura
2686 2855 2875 2910 Μαι·ρεί
2919 2863 2973 2908 et
3002 2851 3254 2918 Florezii,
3308 2851 3657 2906 Prudentium
3686 2866 3788 2905 sua}

2209 2949 2394 3020 patriae
2424 2957 2679 3018 patronos
2704 2946 2916 3001 cmteris
2944 2944 3272 3016 martyribus
3301 2943 3633 3013 praztullsse,
3653 2951 3703 2998 et
3730 2958 3784 2994 ea

2208 3043 2277 3099 de
2298 3055 2459 3096 causa
2485 3053 2671 3096 eorum
2702 3038 2960 3110 hymnum
2992 3039 3164 3110 primo
3192 3035 3312 3091 loco
3351 3036 3621 3105 posuisse.
3660 3034 3785 3090 Cra-

589 3286 667 3353 (n)
692 3285 792 3348 Qui
820 3282 1121 3337 Chronicon
1148 3282 1350 3343 Dextri.
1375 3283 1728 3353 aliorumque,
1761 3285 2094 3340 architectati
2124 3286 2168 3347 C
2202 3292 2480 3351 augustam
2510 3282 2761 3350 Hispanis
2790 3294 2910 3353 esse
2938 3281 3228 3352 Zaragoza,
3262 3293 3369 3334 non
3393 3279 3703 3353 ASaragoxa,
3736 3290 3785 3333 ut

513 3366 662 3419 sunt,
697 3357 913 3408 minimc
945 3355 992 3407 id
1028 3355 1363 3423 ignorarunt,
1417 3355 1644 3423 ideoque
1702 3355 1970 3409 Valerium
2018 3357 2101 3408 di-

516 3439 662 3480 ctum
685 3440 896 3493 quoque
927 3422 1087 3493 inisse
1126 3422 1451 3477 Valerianum
1480 3422 1576 3492 pro
1625 3427 1905 3493 explorato
1939 3426 2102 3480 tradi-

515 3492 730 3550 derunt.
781 3492 1079 3546 Notandum
1124 3503 1351 3564 tamen,
1382 3492 1727 3564 m‘conciliis
1782 3496 1934 3564 llisp.
1963 3496 2101 3564 apud

516 3564 1119 3634 cardinalem‘Aguirre
1164 3562 1392 3616 concilio
1437 3561 1915 3634 Cmsarattgttstaim
1961 3561 2104 3620 anno

517 3636 625 3690 580
646 3632 985 3686 subscribere
1016 3631 1286 3686 Valerium
1336 3648 1478 3686 nono
1523 3633 1673 3698 loco,
1697 3631 1936 3690 'minime
1973 3652 2103 3690 vero

516 3704 779 3763 declarari
831 3718 952 3774 eum
1003 3705 1485 3774 essegepiscopum
1540 3703 2100 3774 Caesaraugustanum.

520 3777 707 3829 Loa‘sa
737 3772 949 3843 quidem
984 3772 1250 3843 Valerium
1276 3774 1379 3829 hoc
1414 3774 1568 3829 titulo
1601 3772 1821 3830 donavit
1860 3796 1908 3830 ιιι
1935 3781 2101 3833 colle-

519 3850 697 3899 ctione
727 3843 1018 3916 coneiliur.
1044 3842 1294 3916 Hispan.,
1326 3845 1444 3911 sed,
1478 3855 1536 3899 ut
1583 3860 1682 3915 ego
1720 3848 1988 3916 arbitror,
2016 3864 2105 3903 so-

520 3917 633 3971 lum
664 3931 728 3969 ex
763 3913 1023 3984 probabili
1040 3954 1041 3957 η
1057 3914 1385 3983 ccujectura.

597 3986 675 4055 (ὁ)
707 3986 841 4052 Quid
870 3984 1015 4039 enim
1039 3986 1288 4054 estquod
1327 3986 1602 4041 vocativus
1628 3986 1801 4041 Valeri
1827 4002 1930 4041 non
1961 3988 2107 4044 ead't

517 4057 575 4111 in
612 4071 823 4109 versum
858 4060 1288 4123 pentametrum?
1320 4055 1394 4109 De
1424 4058 1668 4111 vocativo
1698 4059 1914 4126 quidem
1956 4058 2105 4112 Vale-

520 4128 668 4200 riane
694 4126 743 4179 id
770 4126 813 4178 si
839 4126 1080 4200 dixisset,
1114 4140 1402 4179 annueretn
1438 4142 1463 4200 εξ
1480 4137 1586 4181 tres
1616 4128 1757 4200 etiim
1790 4129 1973 4197 printre
1995 4130 2104 4200 syl-

517 4198 656 4250 laba:
682 4205 807 4249 sunt
846 4196 1056 4263 breves,
1108 4209 1333 4264 quarum
1386 4198 1553 4265 prima
1603 4199 1674 4252 ob
1725 4196 2100 4253 necessitatem

521 4270 833 4335 producitur
858 4282 887 4319 a
922 4268 1231 4321 l’rudentio.
1284 4270 1345 4320 At
1378 4269 1581 4322 nullum
1623 4278 1767 4324 esset
1797 4278 2101 4338 peccatum,

521 4340 563 4391 si
595 4349 985 4408 pentaununnn
1017 4351 1228 4391 versum
1260 4340 1330 4391 ita
1362 4338 1683 4394 fortua~set:

616 4450 855 4511 Vidimus,
879 4464 908 4500 ο
931 4450 1106 4501 Christi
1134 4451 1311 4513 praesul
1335 4464 1520 4511 amans,
1544 4452 1728 4513 Valeri,

520 4565 613 4610 aut
641 4556 765 4622 quid
790 4556 983 4611 simile.
1015 4555 1198 4624 Neque
1228 4557 1351 4609 item
1392 4555 1664 4611 Valeriane
1691 4575 1867 4620 sacer,
1912 4560 1990 4613 sic
2023 4560 2102 4611 in-

524 4630 861 4692 terpretabor
886 4643 898 4676 :
928 4626 972 4679 0
997 4626 1235 4679 sacerdos
1254 4643 1281 4679 e
1308 4627 1507 4696 familia
1540 4627 1883 4683 Valeriorum.

594 4696 668 4766 (c)
712 4697 826 4750 Non
888 4698 1323 4767 pra'tertuittam,
1400 4696 1667 4753 Valerium
1722 4699 2110 4767 Aureiiuntqnc

522 4766 685 4839 (quod
712 4766 1093 4839 est__Prudentii
1125 4770 1342 4832 nomen)
1368 4768 1509 4839 idem
1543 4785 1735 4824 nomen
1762 4770 2005 4839 ejusdem
2025 4766 2107 4821 t'a-

524 4835 687 4890 milite
717 4836 941 4890 indicari
967 4835 1021 4889 in
1052 4839 1397 4892 Unotnastico
1424 4836 1761 4903 Glandor.»ii,
1791 4835 1953 4908 quasi
1980 4852 2110 4891 ana-

522 4909 872 4978 grantmatice
899 4909 1280 4978 compositum,
1306 4908 1450 4977 quod
1479 4910 1759 4964 ridiculum
1791 4917 1937 4978 puto.

594 4978 674 5049 (tl)
702 4976 838 5031 Audi
867 4976 981 5045 ejus
1006 4979 1168 5031 νει-ιω
1195 4979 1261 5030 de
1282 4976 1341 5033 ες
1376 4980 1621 5033 Encratia
1646 4996 1657 5031 :

616 5090 833 5154 Vidimus
849 5097 1042 5154 partem
1059 5091 1240 5152 jecoris
1262 5091 1510 5154 repulsam

619 5153 823 5216 lingulis
846 5153 992 5215 longe
1011 5154 1220 5215 jaeuisse
1242 5153 1443 5215 pressis.

522 5238 657 5295 Audi
692 5236 793 5289 alia
823 5236 873 5289 itt
898 5235 1045 5291 line:

615 5329 713 5391 Nos
740 5328 820 5390 pio
841 5328 978 5388 fletu,
1003 5328 1137 5388 date,
1162 5328 1440 5391 perluamus

614 5390 908 5440 Morinorum
932 5393 1111 5449 su'cos,
1135 5390 1311 5451 quibus
1334 5401 1409 5440 est
1429 5399 1602 5451 operta

611 5460 758 5515 Spes,
788 5460 842 5515 ut
866 5452 1108 5515 ausolvam
1130 5453 1512 5502 retinaculorum

804 5513 965 5562 Vincla
987 5527 1223 5563 meorum.

613 5576 797 5625 Sterne
824 5582 874 5623 te
899 5581 1045 5624 totam
1071 5587 1313 5636 generosa
1334 5578 1515 5626 sanctis

616 5635 798 5686 Civitas
821 5650 1011 5687 mecum
1036 5635 1251 5686 tumulis.

534 5750 537 5753 '
593 5740 668 5817 (ε)
698 5742 851 5813 Quod
879 5758 1013 5813 pene
1043 5756 1128 5799 me
1156 5739 1386 5813 fugerat,
1434 5757 1659 5799 monere
1698 5743 1856 5809 volui,
1892 5744 2099 5798 (λεωπ-

2206 3357 2281 3408 ait
2310 3355 2507 3409 Remus
2528 3353 2697 3423 Epist.
2730 3352 2795 3406 ad
2815 3350 3123 3411 Weitzinni.
3165 3360 3363 3423 neque‘
3382 3350 3785 3423 Saragossagsc-u

2208 3424 2492 3497 Caragoca,
2520 3420 2943 3497 ut'_[.ttdev_vigins
2974 3423 3207 3497 loquitur
3254 3422 3305 3475 in
3337 3420 3617 3497 Prudetttii
3652 3420 3783 3479 Vita,

2209 3498 2307 3549 nisi
2336 3492 2533 3564 duplici
2576 3494 2616 3547 C
2650 3495 2703 3549 in
2746 3492 3008 3561 Caragoca
3050 3492 3326 3557 sulligatur
3357 3494 3589 3564 virgula,
3643 3501 3696 3545 ut
3726 3498 3786 3543 ta-

2208 3580 2332 3620 cere
2362 3563 2537 3621 solent
2568 3564 2808 3633 Hispani,
2836 3579 2958 3618 cum
2991 3578 3085 3631 per
3114 3581 3141 3615 z
3170 3579 3277 3616 non
3308 3563 3572 3616 scribunt.
3615 3564 3785 3627 Neque

2209 3648 2493 3706 prepterea
2521 3635 2812 3705 quidquam
2840 3635 3140 3688 detractum
3173 3634 3293 3687 volo
3330 3633 3673 3706 Ludevvigio,
3703 3643 3786 3685 aut

2208 3703 2355 3772 alis,
2376 3706 2490 3775 qui,
2520 3703 2646 3760 dum
2672 3703 2768 3759 res
2802 3716 3012 3759 nostras
3041 3706 3322 3769 illustrant,
3355 3718 3498 3775 saepe
3524 3703 3580 3757 in
3615 3706 3791 3769 hujus-

2208 3773 2417 3833 cemodi
2447 3790 2659 3832 errores
2689 3776 2952 3839 incidunt,
2980 3775 3072 3830 sed
3113 3775 3284 3844 magis
3313 3776 3390 3828 eis
3439 3773 3606 3828 faveo
3653 3777 3788 3840 plan-

2208 3850 2406 3918 doque,
2438 3847 2577 3916 quod
2602 3845 2771 3918 exteri
2802 3858 2921 3899 cum
2955 3848 3083 3905 sint.
3113 3855 3165 3900 et
3198 3844 3444 3918 nonnuila
3482 3856 3786 3918 premantur

2209 3914 2541 3981 difficultate,
2564 3916 2908 3971 nihilominus
2940 3927 3243 3970 nostrorum
3276 3914 3458 3969 laudes
3480 3914 3781 3975 celebrant;

2209 4000 2266 4043 ut
2300 3989 2387 4042 hic
2411 3987 2774 4055 Ludewigius,
2823 3988 2913 4056 qui
2965 3988 3101 4040 vitas
3151 3996 3425 4055 poetarum
3448 3982 3781 4056 Christiano-

2209 4075 2324 4112 rum
2348 4058 2585 4112 scribere
2613 4055 2917 4120 meditatus,
2952 4055 3159 4111 initium
3205 4057 3349 4122 fecit,
3396 4066 3454 4108 ut
3480 4056 3577 4116 ait,
3612 4071 3645 4107 a
3667 4055 3785 4106 mrt-

2212 4129 2445 4185 litissimo
2479 4126 2782 4191 Prudentia,
2828 4130 2878 4181 in
2900 4141 3007 4195 quo
3035 4128 3194 4180 etiam
3225 4126 3485 4192 substitit,
3515 4126 3647 4179 aliis
3678 4136 3788 4178 stu-

2213 4200 2314 4253 diis
2339 4209 2394 4254 et
2416 4198 2853 4263 occupationibus
2874 4197 3199 4267 implicatus.

2244 4316 2247 4323 .
2282 4273 2355 4340 (f)
2386 4270 2457 4323 lta
2484 4265 2969 4340 judicantGarcias
3013 4266 3199 4321 Loaisa
3242 4265 3780 4340 Collection‘.qconcil.

2213 4337 2363 4408 llisp.
2416 4349 2533 4406 post
2576 4339 2863 4394 concilium
2912 4340 3189 4401 Lucense;
3253 4337 3489 4408 Joannes
3531 4337 3780 4408 Mariana,

2217 4406 2352 4464 Hist.
2416 4410 2636 4478 Hispan.
2692 4410 2783 4462 lib.
2828 4422 2917 4473 _tv,
2981 4422 3101 4475 cap.
3144 4408 3207 4469 7;
3264 4406 3498 4461 Joannes
3544 4407 3781 4478 Marum,

2221 4482 2312 4535 hb.
2342 4496 2452 4545 XXI,
2497 4476 2616 4549 pag.
2656 4478 2743 4543 Ξῖ),
2791 4478 3142 4549 apndNicol.
3183 4478 3507 4549 Antonium;
3535 4476 3784 4549 ΔἸἸιοιιιεις

2216 4549 2450 4621 Tamayo
2472 4545 2537 4621 de
2560 4545 2759 4616 Vargas
2780 4549 2881 4602 loc.
2912 4548 3043 4621 cit.;
3075 4548 3191 4621 Nic.
3220 4547 3503 4621 Antonius,
3534 4545 3655 4621 ΒΗ).
3678 4562 3725 4621 ξι
3746 4556 3782 4621 t.

2220 4615 2399 4691 llisp.,
2427 4619 2519 4691 qui
2546 4615 2734 4687 ingens
2772 4621 2989 4691 pondus
3027 4620 3163 4691 huic
3176 4632 3355 4691 causa:
3393 4618 3593 4691 adjecit
3604 4632 3641 4691 ;_
3668 4615 3785 4691 Col-

2140 4670 2189 4728 υ
2213 4670 2519 4761 natura;
2544 4670 2747 4761 pars.
2772 4670 3585 4761 'iu'...‘.‘.;i.’sii;ta;{cestus
3603 4670 3782 4761 ra..-

2213 4766 2347 4825 eius,
2388 4763 2438 4813 in
2467 4756 2770 4815 Comment.
2815 4761 2865 4813 in
2914 4759 3143 4829 hymnos
3187 4756 3784 4829 quosdam'Ptudentii,

2212 4834 2342 4885 edit.
2375 4830 2569 4885 Weitz.
2604 4845 2722 4899 pag.
2755 4830 2894 4894 308;
2944 4826 3219 4893 litivetus,‘
3240 4828 3373 4883 Crit.
3406 4842 3545 4882 sacr.
3580 4826 3673 4881 lib.
3704 4840 3779 4899 tu,

2211 4916 2329 4969 cip.
2372 4902 2473 4966 26;
2518 4896 2702 4955 auctor
2748 4900 3144 4954 dtsSertationis
3192 4898 3439 4969 laudatae,
3489 4912 3641 4969 nuru.
3692 4896 3780 4969 Alfi;

2212 4965 2514 5039 Fabricius,
2568 4971 2821 5028 Biblioth.
2858 4972 2974 5025 Lat.
3007 4979 3115 5024 vet.
3160 4978 3291 5024 tom.
3322 4968 3386 5032 ll,
3432 4982 3552 5035 cap.
3585 4967 3641 5035 9,
3670 4965 3782 5039 _Iib.

2210 5056 2289 5106 tv;
2318 5034 2514 5106 Josepb
2547 5042 2734 5104 Morel,
2754 5041 2848 5095 lib.
2880 5056 2894 5096 t
2918 5040 3267 5107 Annal.,cap.
3292 5038 3355 5105 4;
3383 5034 3646 5107 Henricus
3669 5034 3785 5107 Elo-

2210 5104 2321 5173 rez,
2351 5104 2482 5164 tom.
2517 5112 2607 5165 XV
2643 5111 2792 5180 Hisp.
2822 5126 2986 5171 επιστ..
3020 5125 3141 5179 pag.
3166 5104 3291 5177 528,
3344 5104 3407 5164 et
3434 5121 3564 5163 tom.
3590 5104 3783 5180 XXIX,

2209 5196 2330 5249 pag.
2383 5181 2549 5247 292;
2610 5178 2874 5238 Arnaldus
2927 5178 3189 5237 Oilienart
3243 5180 3464 5249 inopere
3513 5196 3527 5231 :
3587 5178 3784 5232 Neritia

2207 5252 2471 5321 utriusque
2503 5252 2785 5318 Vaaconiaz,
2811 5268 2931 5322 cap.
2968 5254 3018 5321 7,
3053 5266 3173 5322 pag.
3202 5252 3335 5317 159;
3366 5251 3565 5319 .Ioseph
3598 5249 3786 5322 Bedri-

2206 5324 2342 5389 g‘uez
2388 5319 2456 5377 de
2501 5322 2713 5387 Castro,
2760 5319 2894 5377 tom.
2923 5324 2967 5378 ll
3007 5319 3170 5376 'Btb'l.
3223 5323 3399 5390 llisp.,
3454 5319 3785 5391 pag.2ll’irt

2206 5388 2393 5461 seqq.;
2440 5393 2747 5455 Tillemont,
2803 5394 2942 5448 Hist.
2976 5393 3169 5449 ecclés.
3220 5388 3351 5446 tom.
3383 5388 3469 5456 Χ(
3500 5388 3617 5460 pag.
3645 5388 3780 5449 560;

2207 5460 2626 5531 Cltristophurus
2664 5464 2965 5526 Cellarins,
3020 5464 3071 5517 in
3123 5462 3331 5530 praefat.
3371 5464 3438 5515 ad
3497 5462 3779 5531 editionem

2205 5529 2482 5603 Prudentii
2503 5573 2519 5599 ,
2568 5535 2657 5603 qui
2690 5534 3019 5603 Calagurrim
3048 5529 3323 5587 Nascicam
3355 5531 3628 5599 intelligit;
3650 5530 3785 5603 Her-

2210 5602 2409 5658 nttrdtts
2438 5598 2629 5659 lhttttéz
2667 5607 2735 5659 de
2767 5598 3083 5669 Eéltuvarri,
3131 5604 3235 5658 loc.
3268 5604 3403 5669 cit.;
3449 5598 3783 5669 Ludep‘igius

2208 5670 2554 5729 Prudentium
2580 5676 2853 5744 Calagurri
2884 5687 3088 5739 natum,
3123 5674 3355 5730 honores
3382 5676 3553 5729 virum
3577 5668 3779 5726 Cunar-

2209 5755 2445 5815 augustte
2467 5745 2701 5817 gessisse
2730 5746 3006 5817 probabile
3031 5745 3324 5803 existimat.
