4000 6176
246 308 365 361 533.

248 521 532 580 postquam
592 508 850 564 miracula
908 507 975 561 ad
1022 504 1120 562 SS.
1168 512 1464 574 martyrum
1524 501 1829 571 sepulcrum

246 612 457 671 patrata
488 601 669 657 retulit
702 598 1037 665 Prudentius,
1071 597 1185 651 haec
1213 594 1457 649 addidit:

336 716 446 765 Hoc
466 716 648 765 bonum
669 714 889 764 Salvator
905 714 1032 773 ipse,
1057 723 1153 772 quo
1172 709 1409 770 fruamur,
1432 708 1675 771 praestitit,

339 779 603 840 Martyrum
627 790 734 826 cum
758 776 974 840 membra
994 781 1157 822 nostro
1179 776 1482 840 consecravit
1496 774 1703 840 oppido,

338 833 594 899 Sospitam
611 850 721 900 qua
746 850 874 885 nunc
892 836 1108 900 colonos,
1134 847 1257 895 quos
1275 835 1440 882 iberus
1464 833 1623 900 alluit.

338 901 418 951 Sit
434 895 547 949 dies
567 895 673 948 huic
694 899 820 948 festa
844 899 1002 956 nobis,
1024 895 1098 945 sit
1114 902 1351 944 sacratum
1374 895 1621 955 gaudium.

316 1005 409 1060 35.
453 1004 531 1059 Ne
560 1017 689 1057 vero
718 1003 832 1056 lucc
863 1001 933 1055 ita
964 1000 1100 1054 dicta
1128 1014 1249 1053 esse
1295 996 1676 1066 intelligantur,
1711 996 1838 1066 quia

244 1097 556 1166 Calagurris
595 1094 662 1149 ad
713 1104 1035 1149 conventum
1078 1090 1372 1159 juridicum
1401 1089 1839 1158 Caesaraugusta-

248 1206 377 1243 num
409 1187 707 1258 spectabat,
749 1186 841 1240 alii
870 1200 1060 1240 versus
1092 1185 1421 1237 advocantur
1446 1198 1511 1237 ex
1551 1181 1751 1251 hymno
1776 1180 1836 1235 8.

250 1278 554 1344 Laurentii,
581 1279 671 1333 ubi
695 1277 763 1333 de
793 1278 961 1332 Roma
993 1276 1215 1345 loquens
1242 1274 1312 1328 ita
1344 1274 1689 1343 prosequitur
1709 1271 1841 1326 Pru-

247 1371 471 1426 dentius
499 1384 515 1423 :

502 1458 604 1509 Nos
626 1458 782 1507 Vasco
806 1457 983 1506 Iberus
1006 1455 1177 1505 dividit

565 1522 701 1569 Binis
723 1527 941 1567 remotos
966 1518 1171 1578 Alpibus

558 1581 716 1630 Trans
738 1581 1071 1643 Cottianorum
1090 1578 1239 1643 juga_,

563 1642 720 1692 Trans
742 1649 794 1691 et
815 1642 1031 1703 Pyrenas
1053 1638 1331 1701 ninguidos.

245 1751 369 1818 Quo
394 1750 516 1803 loco
545 1746 892 1802 Prudentium
925 1746 1027 1815 21
1055 1758 1175 1798 sese
1202 1742 1669 1812 Calagu’rritanum
1698 1753 1844 1794 asse-

250 1858 372 1896 rere
403 1841 595 1894 Loaisa
629 1838 973 1893 existimavit.
1000 1836 1219 1891 Cautius
1242 1834 1478 1890 Mariana
1506 1832 1842 1901 probabilem

252 1935 380 1987 hinc
409 1936 548 1986 sumi
572 1933 935 1999 conjecturam
976 1929 1268 1984 arbitratus
1303 1937 1406 2003 est.
1454 1926 1532 1981 Re
1572 1943 1697 1982 vera
1741 1925 1841 1980 etsi

253 2031 767 2095 (Lmsarangnstauos
798 2040 826 2076 a
858 2024 1024 2077 Roma
1072 2023 1254 2077 Iberus
1281 2020 1507 2089 dividat,
1558 2029 1734 2073 tamen
1780 2034 1843 2073 ea

254 2130 411 2187 parte
442 2117 706 2170 Vasconia
753 2130 858 2169 non
892 2125 1019 2180 est;
1060 2129 1232 2183 neque
1283 2123 1427 2168 recte
1456 2110 1632 2165 amnis
1683 2109 1849 2164 Vasco

255 2226 427 2280 prone
470 2208 928 2277 Cmsaraugustam
960 2206 1260 2264 vocabitur.
1306 2204 1505 2261 Contra
1544 2203 1850 2275 Calagurris

256 2305 309 2356 in
348 2303 649 2355 Vasconum
680 2303 896 2369 regione
923 2299 1024 2352 sita
1054 2308 1157 2353 est.

330 2395 424 2448 56.
448 2392 506 2446 In
529 2391 769 2446 eamdem
788 2389 1279 2460 interpretationem
1298 2386 1486 2443 referri
1511 2386 1851 2458 possuntalia

260 2486 424 2537 verba
463 2499 526 2537 ex
578 2484 778 2553 hymno
822 2481 918 2537 SS.
952 2489 1243 2551 martyrum
1283 2478 1571 2535 Hemeterii
1612 2492 1667 2534 et
1694 2476 1853 2533 Cele-

259 2577 435 2630 dunii.

358 2664 521 2713 Pollet
543 2664 633 2712 hoc
654 2662 772 2711 felix
801 2676 892 2725 per
913 2661 1083 2725 orbem
1108 2668 1241 2725 terra
1262 2661 1399 2711 ibera
1425 2665 1705 2725 stemmate.

359 2727 537 2775 Jamne
559 2727 722 2773 credis
744 2723 883 2773 bruta
908 2723 1150 2784 quondam
1175 2723 1451 2772 Vasconum
1474 2723 1700 2784 gentllita

358 2790 515 2846 Quam
535 2800 721 2835 sacrum
738 2786 955 2835 crudelis
975 2797 1114 2833 error
1140 2785 1400 2834 immolarit
1422 2786 1711 2846 sanguinem

361 2844 613 2911 Sospitam
636 2859 746 2909 qua:
770 2860 899 2895 nunc
921 2848 1132 2906 colonos,
1156 2859 1279 2909 quos
1305 2846 1479 2895 [herus
1500 2844 1654 2895 alluit.

271 2952 398 3007 ﬂrec
427 2951 595 3017 enim,
627 2965 744 3019 qua:
770 2952 834 3002 de
859 2947 1132 3019 Calagurri
1165 2957 1291 3003 sunt
1327 2948 1468 3003 dicta
1488 2991 1503 3017 ,
1536 2945 1859 3003 conﬁrmant

269 3044 339 3097 de
364 3041 557 3097 eadem
580 3039 982 3108 intelligendum
1015 3039 1155 3109 quod
1183 3039 1256 3094 ait
1289 3055 1302 3091 :
1336 3038 1447 3093 Nos
1481 3038 1649 3093 Vasco
1672 3039 1861 3094 Iberus

271 3134 474 3186 dividit.
504 3131 860 3185 Nihilominus
908 3130 1023 3185 haec
1061 3129 1451 3200 argumentatio
1497 3147 1606 3185 non
1641 3132 1863 3186 omnino

272 3225 603 3295 persuadet:
633 3238 753 3277 nam
780 3224 961 3278 Iberus
987 3223 1159 3293 potuit
1176 3222 1279 3278 dici
1316 3222 1501 3290 Vasco,
1527 3224 1649 3293 quia
1668 3223 1864 3279 Vasco-

278 3317 420 3370 niam
450 3313 739 3370 interﬂuit:
769 3323 824 3369 et
843 3315 1088 3382 quamvis
1109 3322 1253 3368 esset
1276 3314 1703 3368 demonstratum
1731 3314 1861 3369 Pru-

277 3408 521 3461 dentium
555 3406 649 3459 illo
674 3416 913 3474 tempore
940 3404 1237 3475 Calagurri,
1274 3415 1364 3461 aut
1394 3408 1447 3460 in
1480 3405 1741 3461 Vasconia
1768 3406 1865 3459 ha-

279 3499 499 3563 bitasse,
540 3498 775 3550 nondum
806 3507 947 3551 esset
972 3508 1327 3567 compertum,
1359 3512 1425 3552 an
1453 3496 1640 3553 eodem
1667 3497 1718 3551 in
1745 3497 1865 3553 loco

283 3592 505 3655 primam
538 3588 706 3640 lucem
740 3587 1074 3655 aspexisset:
1104 3588 1278 3656 agitur
1305 3588 1447 3641 enim
1470 3588 1537 3643 de
1572 3587 1687 3643 viro

375 3696 467 3754 Qut
492 3708 655 3745 mores
676 3695 922 3744 hominum
945 3694 1204 3746 multorum
1227 3697 1371 3758 vidit,
1400 3704 1453 3748 et
1476 3700 1625 3749 urbes
1651 3701 1739 3764 tu).

286 3798 457 3853 Minor
508 3815 660 3867 sane,
716 3800 982 3856 acutiores
1032 3816 1154 3855 esse
1194 3802 1490 3871 scriptores
1517 3804 1569 3858 in
1594 3807 1863 3861 contraria

284 3894 537 3961 opinione
564 3892 853 3947 refellenda
887 3910 1047 3962 quam
1077 3895 1131 3947 in
1156 3910 1251 3948 sua
1288 3898 1682 3951 eorroboranda
1715 3907 1867 3953 :ete-

290 3985 396 4037 nim
431 3984 611 4037 vident
632 3984 834 4052 optime
863 3982 1212 4040 Prudentium
1242 3987 1417 4054 plures
1442 3987 1601 4043 urbes
1628 4006 1746 4042 suas
1774 4007 1868 4044 vo-

290 4090 501 4141 muisse,
533 4088 621 4141 et,—
644 4086 702 4129 ut
728 4078 815 4131 alii
855 4078 989 4135 alios
1020 4077 1273 4143 refutent,
1325 4082 1591 4149 inquiunt,
1624 4083 1869 4151 Pruden-

293 4176 416 4219 ιιυιη
438 4182 556 4221 eam
586 4167 998 4235 appellationem
1021 4183 1331 4237 usurpasse,
1366 4172 1491 4240 quia
1525 4174 1608 4225 vel
1632 4173 1868 4230 Tarraco

294 4270 402 4312 erat
429 4272 587 4328 caput
615 4260 885 4328 Hispania:
914 4260 1331 4317 TarracOueusis
1357 4304 1373 4329 ,
1402 4263 1490 4318 vel
1521 4264 1867 4338 Ctesaraugu-

296 4360 372 4401 Sla
398 4361 691 4406 conventus
714 4352 958 4420 juridici,
986 4353 1068 4407 vel
1106 4352 1410 4422 Calagurris
1434 4366 1529 4411 aut
1554 4358 1621 4412 ad
1655 4362 1873 4428 provin-

294 4440 425 4493 ciam
453 4439 937 4507 'l‘arraeouensem,
958 4456 1047 4498 aut
1076 4443 1142 4497 ad
1172 4454 1494 4500 conventum
1522 4447 1869 4521 Caesaraugu-

1602 296 1972 354 PROLEGOM
1983 296 2066 352 ΕΝ
2075 300 2113 351 Α

247 420 362 474 vius
389 425 720 474 momentum
746 417 801 471 in
831 414 1009 471 verbis
1029 412 1159 483 ipsis
1186 409 1369 482 hymni
1392 408 1712 473 collocatur,
1737 409 1827 463 ubi
1860 421 1908 480 Α

3414 294 3522 352 59.)

2009 410 2098 464 57.
2129 408 2246 463 Nic.
2273 408 2543 463 Antonius
2575 407 2701 461 huic
2738 405 3043 462 difﬁcultati
3073 405 3286 462 obviam
3321 407 3397 462 ire
3429 424 3523 462 cn-

1935 507 2109 566 natus,
2127 513 2195 554 ex
2222 498 2421 569 hymno
2468 498 2537 553 18
2584 506 2742 552 mart.
2790 496 3393 569 Cassanugustanortttn
3424 513 3523 568 pro

1934 588 2210 660 Calagurri
2240 589 2375 644 duos
2406 590 2503 643 hos
2533 603 2721 644 versus
2750 590 3017 659 arripu't:

2031 702 2207 752 Nastra
2229 699 2741 765 gestabitCalagurris
2764 700 2950 759 ambos,

2433 764 2567 822 Quos
2591 774 2901 812 veneramur.

1936 868 2209 925 Giselinus
2248 869 2303 924 in
2340 868 2645 924 Comment.
2692 866 2758 921 ad
2806 865 3062 937 hymnum
3093 864 3192 921 88.
3226 864 3439 922 Hemet.
3472 875 3529 919 et

1938 963 2123 1017 Celed.
2155 962 2373 1017 eosdem
2403 975 2595 1016 versus
2622 960 2866 1029 protulit,
2910 960 3003 1015 sed
3034 960 3165 1014 nihil
3187 968 3270 1015 est
3297 957 3529 1014 deterri-

1940 1064 2045 1111 tus.
2074 1054 2269 1120 Quibus
2298 1054 2469 1107 verbis
2500 1052 2619 1123 (ait)
2665 1052 2989 1123 Calagurrim
3026 1066 3173 1103 suam
3204 1050 3349 1120 facit,
3392 1049 3528 1117 quod

1940 1155 2062 1200 teste
2106 1144 2275 1198 Plinio
2312 1160 2367 1198 ιιι
2416 1144 2602 1197 Natus.
2639 1143 2835 1198 llistur.
2880 1141 3269 1213 Calagurritani
3321 1140 3531 1196 (Σιωπ-

1942 1246 2238 1307 auguSIano
2290 1234 2578 1290 conventui
2648 1243 3090 1289 nnnumerentur.
3157 1233 3357 1289 Verum
3409 1233 3527 1287 Nic.

1943 1330 2209 1383 Antonius
2255 1343 2353 1397 pro
2386 1336 2538 1383 certo
2577 1328 2764 1382 statuit
2808 1327 3153 1383 Prudentium
3198 1328 3252 1381 iu
3316 1326 3532 1397 hymnis

1939 1421 2247 1489 .Peristeph.
2294 1420 2440 1490 loqui
2471 1420 2687 1474 nomine
2708 1435 2898 1474 eorum
2929 1420 3068 1488 apud
3095 1434 3231 1489 quos
3257 1419 3426 1473 sancti
3454 1418 3532 1473 illi

1944 1505 2379 1576 celebrabantur,
2426 1524 2506 1565 ex
2557 1509 2735 1565 verbis
2783 1509 3043 1565 Gcnnadii
3082 1509 3150 1564 de
3190 1508 3531 1565 Prudentia:

1950 1600 2099 1656 Fecit
2126 1611 2173 1656 et
2200 1602 2255 1655 in
2290 1601 2500 1655 laudem
2540 1612 2829 1672 martyrum
2856 1601 2946 1655 sub
2976 1599 3199 1653 aliorum
3222 1600 3531 1655 nontinibtts.

1945 1693 2209 1749 Observat
2254 1703 2514 1762 praeterea
2548 1692 2894 1747 Prudentium
2931 1708 3078 1748 suam
3106 1692 3407 1761 appellasse
3431 1692 3536 1747 Ca—

1872 1796 1919 1855 Β
1947 1784 2228 1855 lagnrrim,
2270 1799 2376 1838 non
2427 1785 2600 1838 solum
2638 1799 2760 1839 cum
2811 1784 2908 1841 SS.
2954 1784 3317 1839 llemeterium
3348 1787 3454 1856 22
3482 1796 3540 1839 et

1947 1874 2293 1929 Celedonium
2322 1874 2538 1939 cecinit,
2565 1875 2660 1927 sed
2695 1875 2866 1929 etiam
2897 1888 3020 1929 cum
3050 1873 3397 1946 lSmartyres
3420 1875 3460 1927 (Ξ
3481 1894 3492 1923 ι
3512 1902 3538 1915 -

1948 1976 2362 2035 saraugustanos
2390 1966 2485 2018 sub
2514 1965 2732 2017 aliorum
2773 1966 3016 2032 aurpiciis
3049 1964 3307 2025 laudavit,
3340 1974 3395 2018 et
3424 1981 3536 2019 retu

1949 2070 2071 2112 esse
2110 2056 2308 2110 claram
2363 2055 2656 2119 concludit,
2703 2056 2923 2125 patriam
2956 2055 3059 2109 hoc
3090 2055 3207 2109 loco
3247 2055 3413 2111 fuisse
3441 2057 3539 2111 de-
3594 2040 3597 2045 ’

1952 2156 2323 2203 monstratam.
2374 2148 2538 2202 Nobis
2570 2164 2675 2201 non
2704 2148 2838 2202 adeo
2866 2149 3013 2202 clara
3052 2164 3138 2204 res
3186 2149 3303 2204 huic
3331 2148 3541 2203 videtur

1950 2255 2094 2296 esse.
2127 2240 2364 2295 Primum
2400 2240 2660 2294 Ernestus
2705 2239 2958 2295 Salomon
3002 2241 3298 2311 Cyprianus
3328 2238 3540 2296 Genna-

1951 2332 2025 2386 dti
2056 2331 2236 2394 verba,
2267 2330 2361 2384 sub
2382 2331 2602 2385 aliorum
2624 2331 2910 2385 nominibus
2938 2332 3280 2385 invitatoriam
3308 2336 3377 2384 ad
3402 2348 3540 2385 utar-

1955 2421 2168 2490 tyrium,
2211 2420 2309 2472 hac
2357 2430 2483 2473 nota
2535 2419 2735 2488 excipit
2770 2418 2860 2491 (In
2896 2418 3241 2475 Bibl.eccles.
3269 2418 3543 2490 Fabric.):

1958 2509 2089 2563 ch
2110 2510 2258 2563 verba
2280 2511 2585 2562 omittuntur
2609 2511 2661 2562 in
2689 2512 2877 2563 nostris
2900 2525 3048 2577 mss.,
3068 2520 3116 2564 et
3142 2523 3276 2564 recte
3302 2511 3543 2580 quidem;

1959 2603 2140 2673 itaque
2170 2604 2222 2656 in
2247 2601 2531 2658 Gennadio
2552 2601 2807 2658 libentius
2839 2602 3011 2672 legam
3043 2618 3058 2656 :
3092 2600 3239 2657 Feci:
3275 2612 3324 2657 et
3345 2604 3399 2657 in
3426 2600 3547 2658 lou-

1953 2694 2074 2748 ἄρηι
2118 2703 2403 2763 martyrum
2427 2691 2619 2745 librant
2663 2708 2839 2759 unum,
2873 2702 2920 2747 et
2950 2694 3258 2763 hymnorum
3302 2695 3545 2748 alterum.

1961 2782 2165 2838 Deinde
2191 2797 2521 2852 nequaquam
2551 2782 2774 2837 dubium
2807 2793 2892 2838 est
2919 2784 3050 2853 quin
3081 2782 3277 2854 saepius
3303 2797 3403 2838 suo
3427 2783 3546 2838 solo

1962 2875 2180 2930 nomine
2195 2875 2444 2943 loquatur
2461 2875 2783 2931 Prudentius
2803 2875 2905 2946 (b).

2033 2965 2286 3037 58.Quod
2308 2966 2353 3021 si
2370 2966 2694 3021 Prudentius
2711 2968 2940 3021 aliorum
2971 2966 3187 3020 nomine
3204 2965 3260 3021 in
3287 2968 3366 3022 e's
3397 2967 3548 3041 hym-

1964 3061 2049 3116 nis
2070 3061 2402 3129 loqueretur,
2433 3060 2653 3114 nomine
2680 3061 2873 3115 ciuium
2895 3059 3314 3128 Cmsaraugusta:
3344 3060 3551 3131 profer-

1893 3161 1940 3224 c
1972 3162 2159 3208 rentur
2180 3151 2256 3204 illi
2286 3164 2475 3206 versus
2509 3168 2521 3205 :

2058 3261 2232 3313 Nostra
2252 3263 2465 3322 gestabit
2478 3260 2762 3324 Calagurris
2782 3262 2969 3324 ambos,

2281 3326 2413 3384 Quos
2436 3336 2749 3373 venerantur.

1967 3430 2025 3487 Si
2074 3439 2251 3487 autem
2296 3427 2585 3499 aliquando
2636 3444 2751 3498 suo,
2788 3429 3076 3498 aliquando
3123 3429 3293 3483 alieno
3326 3429 3546 3484 nomine

1968 3524 2231 3594 profatur,
2261 3539 2368 3580 non
2392 3524 2589 3595 poterit
2616 3536 3014 3595 argumentum,
3050 3525 3153 3580 nisi
3202 3525 3553 3589 imbecillum,

1967 3616 2161 3671 cantici
2191 3630 2258 3672 ex
2287 3630 2354 3671 eo
2397 3614 2540 3685 quod
2578 3614 2739 3672 modo
2767 3616 2929 3683 banc,
2971 3614 3132 3672 modo
3160 3614 3323 3672 aliain
3363 3614 3550 3670 urbem

1969 3724 2116 3762 suam
2162 3707 2501 3763 vocitaverit.
2550 3706 2798 3764 Proiecto
2836 3709 2915 3764 sic
2936 3723 3165 3778 prorsus
3191 3724 3407 3773 censeo,
3436 3724 3556 3778 pro.

1969 3813 2164 3854 nomen
2195 3808 2363 3853 noster
2380 3798 2597 3854 diverso
2633 3798 2795 3853 modo
2814 3812 2845 3853 a
2870 3799 3161 3854 Prudentio
3191 3800 3391 3867 saepius
3418 3802 3558 3854 acci-

1962 3888 2059 3960 pi;
2091 3889 2170 3944 sic
2200 3889 2252 3945 in
2277 3889 2476 3960 hymno
2504 3889 2564 3946 S.
2594 3888 2845 3961 Cypriani
2874 3905 2889 3943 ε

2032 4002 2120 4052 Est
2139 4002 2365 4065 proprius
2386 4004 2560 4065 patria:
2582 4011 2781 4065 martyr,
2806 4003 2894 4053 sed
2918 4014 3085 4053 amore
3110 4010 3163 4053 et
3181 4014 3268 4053 ore
3291 4014 3490 4052 nosna.

1980 4104 2168 4160 Noster
2208 4106 2500 4173 Hi~panum
2529 4105 2647 4160 sine
2668 4104 2784 4159 ulla
2815 4104 3149 4160 dubitatione
3185 4104 3470 4174 signiﬁcat,
3502 4112 3561 4159 ut

1975 4212 2028 4251 tn
2083 4197 2476 4251 commentario
2522 4196 2741 4251 uberius
2795 4195 2992 4250 dicam.
3051 4196 3376 4250 Prudentius
3420 4196 3555 4267 ipse,

1972 4289 2095 4357 quit
2124 4290 2467 4345 Christianus
2495 4299 2648 4358 poeta
2684 4290 2802 4354 fuit,
2835 4300 3007 4343 uoster
3031 4291 3226 4344 dicitur
3254 4306 3283 4343 a
3324 4290 3383 4345 S.
3432 4290 3561 4346 Grc-

1972 4384 2124 4453 gorio
2157 4382 2475 4437 Turonensi.
2524 4383 2906 4437 Animadverte
2941 4383 3101 4437 etiam
3152 4399 3420 4453 nunquam
3461 4384 3558 4439 has

1978 4487 2139 4527 voces
2165 4472 2496 4537 adhibuisse,
2550 4489 2659 4526 mea
2685 4474 2883 4541 civitas,
2915 4481 3005 4527 aut
3030 4474 3174 4538 urbs,
3208 4489 3376 4527 meum
3414 4474 3563 4544 oppi-

301 4536 777 4636 ⁶ί³¹¹υ¹ηξίί⁸ίῐξθδ³ξ
797 4547 812 4600 ἓ
832 4551 1006 4606 neque
1031 4540 1480 4609 animadvertunt,
1505 4544 1631 4600 dum
1647 4550 1874 4609 aliorum
1906 4543 1958 4602 Ι)
1982 4564 2125 4630 dum,
2151 4564 2234 4618 vel
2265 4563 2391 4633 quid
2435 4536 2631 4629 simile,
2662 4578 2770 4634 quo
2798 4536 3104 4619 distinctius
3128 4536 3245 4635 eius
3266 4536 3561 4636 patria'de-

303 4631 606 4682 Sententiam
636 4632 707 4683 ita
738 4630 1042 4695 destruunt,
1069 4648 1221 4686 suam
1259 4636 1460 4703 pariter
1488 4642 1796 4700 concidere.

370 4792 440 4874 (ξι)
473 4792 771 4874 Ludovicus
799 4790 1017 4874 Nonius,
1049 4802 1180 4873 tom.
1201 4793 1257 4874 ‘l‘l
1298 4792 1441 4863 llisp.
1479 4797 1701 4867 illustr.,
1748 4819 1869 4874 pag.

441 4864 524 4930 qui
556 4864 788 4930 alioquin
822 4863 1165 4917 Prudentium
1196 4860 1728 4935 C:i-sarziugttstanum
1748 4860 1874 4928 ere.

309 4933 459 4997 didit,
498 4936 571 5010 ait
602 4945 812 5010 pictam
860 4950 924 4986 eo
974 4936 1093 5010 loco
1124 4935 1349 5010 iungere
1389 4933 1470 4988 se'
1496 4939 1770 5010 Calagurri
1824 4945 1875 4999 id

310 5005 550 5083 temporis
595 5005 1007 5083 degereaqnnd
1037 5007 1176 5073 apud
1222 5005 1515 5075 'l'amayum
1549 5005 1691 5082 lego,
1736 5016 1875 5083 apud

311 5070 521 5126 t‘iuiiium
552 5070 877 5129 nou'inveui.

378 5143 446 5213 (ὃ)
473 5147 536 5198 L‘t
560 5147 610 5198 in
636 5146 695 5200 S.
724 5146 1011 5199 Laurentio
1039 5160 1053 5197 :

542 5226 663 5272 Audi
689 5225 930 5285 benignus
952 5226 1222 5287 supplicem

542 5287 719 5335 Christi
743 5301 882 5336 reum
904 5287 1248 5339 Prudentium.

314 5354 365 5408 In
394 5357 580 5412 Eulalia
619 5379 634 5410 :

542 5440 623 5487 Ast
649 5452 746 5501 ego
769 5446 901 5489 serta
926 5440 1074 5489 choro
1096 5442 1145 5488 in
1169 5442 1332 5491 medio

539 5501 699 5567 [ests
723 5502 886 5567 feram,
901 5502 1028 5567 pede
1048 5502 1307 5567 dactylico,

543 5563 687 5623 Vilis,
712 5565 940 5623 marcida,
965 5566 1088 5612 testa
1112 5563 1295 5615 tamen.

318 5623 367 5679 lu
396 5629 453 5684 18
480 5634 801 5703 martyribus
829 5634 1137 5703 Caesaraug.
1171 5652 1184 5688 :

544 5714 688 5775 Spes,
710 5720 763 5763 ut
786 5712 1029 5775 absolvam
1053 5714 1428 5766 retinaculorum

796 5774 957 5825 Vincla
985 5787 1208 5824 meorum

1975 4657 2289 4713 clararetur.
2313 4658 2496 4726 Itaque
2533 4659 2578 4712 si
2607 4658 2835 4713 aliorum
2877 4658 3205 4729 coniecturis
3233 4676 3409 4717 meam
3428 4676 3563 4733 quo-

2226 4812 2409 4875 ξίφει-ηε
2431 4821 2481 4862 te
2507 4821 2653 4863 totam
2675 4825 2917 4875 generosa
2936 4817 3121 4866 sanctis

2230 4873 2412 4923 Civitas
2434 4888 2628 4925 mecum
2654 4873 2869 4926 tumulis.

1984 4965 2037 5019 In
2065 4964 2123 5020 S.
2151 4965 2443 5022 Fructuose
2472 4978 2527 5022 et
2555 4968 2714 5023 sociis
2742 4984 2757 5023 :

2225 5059 2354 5124 fors
2376 5061 2654 5124 dignabitur
2676 5067 2729 5110 et
2750 5063 2876 5113 meis
2896 5060 3140 5110 medelam

2232 5123 2511 5173 'l‘onnentis
2533 5126 2677 5184 dare,
2704 5129 3024 5184 prosperante
3047 5123 3256 5183 Christo,

2236 5184 2421 5233 Dulces
2445 5184 2877 5247 hendecasyllabos
2891 5184 3168 5234 revolvens.

1978 5266 2043 5319 lo
2074 5266 2131 5321 S.
2164 5266 2425 5321 Cassiano
2450 5284 2463 5319 :

2232 5359 2323 5408 llic
2344 5360 2478 5419 mihi,
2504 5372 2612 5407 cum
2632 5365 2879 5420 peterem.

1991 5450 2045 5503 In
2074 5450 2315 5505 Romano
2345 5468 2357 5500 :

2238 5536 2675 5600 Vellem,isinister
2700 5538 2833 5587 inter
2862 5536 3111 5587 haedorum
3132 5549 3318 5599 greges

2238 5599 2302 5649 Ut
2323 5612 2430 5648 sum
2453 5599 2662 5661 futurus,
2692 5602 2883 5649 eminus
2902 5600 3237 5663 dignoscerer.

2132 5715 2199 5756 ne
2236 5699 2445 5773 longior
2497 5702 2618 5769 sim,
2652 5701 2705 5759 in
2734 5701 2983 5759 omnibus
3014 5701 3127 5757 fere
3164 5700 3377 5771 hymnis
3406 5701 3569 5775 hujus
