4016 6182
506 289 608 345 at“
1917 275 2372 334 rnuoesrtus.

507 419 614 472 que
641 397 845 455 addere
885 398 1029 460 licet,
1075 403 1316 464 putarent
1365 389 1640 446 Prudentii
1683 388 1906 460 patriam
1932 404 2090 459 pos~e
2119 406 2168 464 Α
2197 391 2388 446 seodio
2416 403 2521 445 non
2555 388 2801 445 habuerit
2826 387 3176 458 Polmannus,
3209 397 3262 444 et
3295 387 3362 444 ab
3394 388 3491 445 hoc
3527 395 3727 450 monitus

509 492 762 551 collocati
811 489 865 544 in
909 489 1088 556 aliquo
1142 485 1341 554 oppido
1386 493 1480 538 aut
1517 482 1780 552 oppiduln
1823 481 2098 538 indeﬁnite
2205 481 2593 565 Giselinuslc).

510 582 798 652 provinciae
821 579 1238 633 Tarraconensis
1259 615 1273 638 ,
1305 583 1394 627 aut
1440 573 1602 629 etiam
1649 583 1946 629 eonventus
1981 572 2097 628 Cte-
2274 574 2383 645 24,
2419 575 2509 629 40.
2549 573 2702 641 Quod
2737 588 2864 628 vero
2887 573 2957 628 ad
2995 573 3373 640 interpretandi
3403 575 3639 628 rationem
3667 588 3732 632 at-

509 669 906 742 snraugustani,
927 667 1065 737 quod
1095 681 1363 736 nunquam
1394 665 1767 720 nominaverit.
1788 665 1868 732 Qu
1890 664 1923 718 d
1953 665 2096 719 enim
2204 667 2357 731 tinet,
2389 681 2524 734 Opus
2551 675 2635 720 est
2662 665 2954 720 admouere
2997 664 3156 720 Nebri
3187 680 3418 730 seuseu,
3457 667 3552 722 etsi
3592 667 3734 724 Mesa-

517 769 567 822 id
598 764 779 820 vetat?
831 763 886 816 Si
919 773 1097 814 tamen
1139 773 1425 828 repugnes,
1459 771 1715 828 reponam
1745 772 1866 813 eum
1897 757 2098 811 editum
2203 759 2286 812 tice
2314 759 2542 828 legerit,
2590 765 2769 812 tamen
2800 772 3018 812 sensum
3050 767 3195 811 recte
3226 759 3552 825 percepi~se;
3587 775 3734 823 ue,ue

512 861 683 914 fuisse
712 871 793 910 re.
825 855 877 908 iu
907 853 1089 922 aliquo
1111 865 1182 906 ex
1208 849 1425 920 Oppidis
1451 865 1568 918 qua:
1613 865 1709 903 sua
1752 848 2094 918 nuncupavit,
2203 850 2345 904 enim
2363 850 2696 904 consulatum
2717 852 2974 906 intellexit
3009 866 3167 919 quem
3197 850 3506 905 Prudentius
3523 857 3733 922 gesserit,

515 952 604 1007 vel
627 966 693 1006 ex
715 948 835 1003 aliis
872 931 994 1016 quas
1019 960 1174 1014 atquo
1199 943 1321 1014 jure
1339 959 1434 998 sua
1458 943 1946 1013 potuitnominare,
1978 942 2100 1012 quia
2203 942 2297 997 sed
2326 943 2426 997 sub
2451 959 2556 1010 quo
2583 945 2759 998 editus
2789 945 2841 998 in
2872 945 3043 998 lucem
3075 945 3267 999 fuerat.
3308 945 3416 999 Sub
3435 947 3525 1000 hoc
3542 952 3736 1010 consule,

514 1048 567 1100 in
589 1042 774 1100 eadem
794 1049 954 1097 erant
983 1037 1284 1109 provincia,
1312 1044 1365 1092 et
1398 1037 1450 1092 itt
1479 1036 1670 1092 eodem
1697 1044 1989 1090 conventu.
2013 1033 2099 1090 Si-
2203 1031 2405 1100 inquit,
2451 1032 2651 1086 videtur
2685 1043 2837 1087 natus
2871 1031 3202 1088 Prudentius.
3251 1031 3307 1087 In
3345 1050 3473 1088 ms‘s.
3501 1035 3737 1089 codicibus

515 1137 731 1207 quidem
783 1136 1009 1204 patriam
1065 1131 1183 1200 ejus
1228 1131 1280 1186 in
1328 1130 1450 1185 aliis
1497 1128 1770 1200 Hispaniae
1799 1128 2101 1184 civitatibus
2204 1124 2352 1176 varia
2377 1131 2461 1177 est
2488 1125 2686 1178 lectio:
2721 1140 2842 1178 nam
2871 1126 2923 1178 in
2947 1127 3066 1179 aliis
3091 1126 3283 1196 legitur
3305 1124 3547 1193 Mesalt'e,
3570 1127 3616 1180 iu
3639 1128 3738 1181 aliis

518 1229 705 1296 procul
760 1247 789 1280 ει
842 1227 1114 1298 Pyrenaeis
1144 1224 1453 1295 regionibus
1487 1238 1730 1293 qumrere
1773 1222 1920 1276 omni
1951 1237 2102 1290 pror-
2188 1213 2481 1279 'lllessa’ite,
2503 1217 2554 1270 in
2577 1213 2758 1286 aliquo
2776 1215 3033 1283 Messalla,
3054 1217 3104 1272 iu
3129 1217 3248 1272 aliis
3269 1217 3476 1272 demum
3497 1235 3570 1271 me
3587 1218 3735 1274 Salia.

515 1339 608 1378 sus
634 1331 782 1379 caret
837 1320 1209 1387 fundamento,
1258 1317 1678 1374 reclamantibus
1733 1327 1811 1371 tot
1857 1316 2102 1370 versibus
2206 1308 2401 1376 Atque,
2432 1319 2492 1361 ut
2520 1323 2591 1362 ex
2620 1308 2814 1378 glossis
2835 1309 3438 1379 patebiamolimapud
3469 1311 3740 1380 velcreslo-

516 1427 640 1470 ante
694 1412 1118 1481 descriptis:eo
1169 1411 1252 1466 vel
1308 1410 1542 1466 maxime
1582 1409 1706 1479 quia
1753 1425 1872 1464 cum
1922 1411 2093 1479 plures

2203 1413 2297 1454 cus
2313 1409 2428 1453 erat
2445 1410 2747 1469 corruptus,
2765 1407 2823 1455 et
2838 1400 3090 1468 Mesalice,
3107 1413 3195 1456 aut
3215 1402 3468 1457 Messalla:
3487 1403 3738 1473 legebatur.

516 1506 654 1560 alios
689 1513 902 1559 sanctos
953 1502 1329 1565 celebraverit,
1372 1509 1428 1556 et
1472 1500 1666 1570 oppida
1699 1501 2098 1567 memoraverit,
2207 1491 2288 1546 l50
2318 1491 2584 1562 Μθῧίεῑθνν
2630 1509 2683 1548 ιι
2719 1503 2810 1549 θυι
2841 1510 2868 1548 ⁸
2899 1495 3131 1563 εωουιον
3164 1497 3334 1551 νοτὺο
3363 1513 3572 1568 ("illum
3601 1514 3740 1554 ³ηηο-

518 1610 789 1667 nunquam
831 1609 925 1649 sua
959 1609 1022 1648 ea
1077 1592 1428 1662 nuncupavit,
1459 1590 1601 1662 quod
1637 1590 1922 1661 aliquando
1953 1591 2102 1646 locus
2204 1585 2336 1638 laVil
2363 1601 2461 1638 meo
2511 1585 2649 1652 Qum
2692 1598 2870 1644 autem
2910 1588 3198 1645 iii-addere
3236 1590 3541 1658 οροηώτιι.
3581 1592 3622 1646 Si
3649 1592 3737 1660 iam

516 1688 622 1758 23
652 1689 765 1754 ipse
805 1687 1075 1755 postulare
1115 1684 1394 1739 videbatur
1433 1682 1530 1754 (α).
1564 1682 1976 1752 Lepidissimum
2007 1698 2102 1737 au—
2204 1687 2330 1734 tunc
2354 1681 2607 1749 scriptum
2630 1692 2746 1736 erat
2772 1701 2787 1736 :
2816 1683 3043 1738 Oblitum
3074 1686 3252 1739 veteris
3279 1702 3358 1740 me
3383 1684 3538 1740 Salia:
3559 1685 3743 1740 consulis

519 1790 625 1840 tem
652 1787 734 1832 est
763 1776 909 1832 Petri
933 1775 1122 1831 Criniti
1151 1776 1204 1830 in
1231 1774 1504 1830 Prudentii
1535 1775 1650 1829 Vita
1677 1775 1893 1829 ellalum
1927 1791 1942 1827 :
1978 1774 2106 1840 Qui-
2136 1781 2181 1840 Β
2208 1775 2465 1846 arguens?
2511 1775 2693 1843 Neque
2723 1785 2898 1831 tamen
2930 1793 3089 1832 verus
3117 1792 3310 1832 sensus
3345 1777 3543 1832 Isonem
3586 1778 3741 1832 latuit:

518 1871 641 1922 dum
689 1869 1002 1933 existimant,
1042 1869 1196 1938 fuisse
1215 1869 1359 1922 illum
1384 1884 1567 1938 genere
1611 1867 1924 1937 Hispanum.
1959 1868 2106 1923 Itane
2212 1881 2333 1918 nutu
2363 1868 2428 1920 ad
2457 1882 2641 1921 vocem
2672 1867 2853 1934 Saliae,
2884 1871 2992 1935 vel,
3031 1870 3172 1934 quod
3209 1885 3310 1940 ego
3350 1880 3494 1939 puto,
3531 1871 3746 1926 Messalas

518 1959 914 2014 verolitteum
941 1959 1497 2029 lliSpanumessecurn
1525 1959 1689 2028 ipsius
1712 1958 1830 2014 libri
1852 1959 2101 2026 clamant,
2208 1957 2477 2026 apposuit,
2506 1957 2647 2013 illius
2673 1960 2917 2014 consulis.
2974 1961 3156 2031 Itaque
3205 1962 3289 2016 lso
3336 1972 3390 2018 et
3430 1962 3746 2017 Nebrissensis

519 2061 631 2105 tum
659 2060 969 2106 asseverate
1008 2048 1677 2105 conlirtnantWalafridus
1698 2049 1916 2117 Strabo,
1939 2050 2102 2117 Beda,
2211 2047 2561 2106 Prudentium
2595 2052 2835 2107 Messalia
2867 2054 3091 2110 consule
3120 2067 3303 2109 natum
3338 2056 3499 2111 fuisse
3535 2055 3747 2110 credide-

513 2142 810 2212 Dungalus,
840 2142 953 2209 alii,
989 2150 1183 2211 praeter
1212 2142 1428 2199 codices
1458 2143 1640 2212 plures
1666 2144 2105 2210 tnss.,0xonieu-
2181 2150 2353 2195 ‘l‘lllll.
2379 2146 2448 2196 At
2470 2159 2598 2198 vero
2622 2145 2903 2214 legendum
2928 2161 3048 2202 esse
3071 2163 3148 2201 me
3170 2148 3354 2213 Sa‘iw,
3376 2149 3600 2218 adeoque
3619 2148 3747 2216 hujus

501 2250 654 2302 ,sem,
688 2235 779 2289 ubi
823 2235 1020 2289 dicitur
1068 2233 1432 2302 Hispaniensis
1461 2234 1512 2288 in
1556 2233 1909 2303 inscriptione
1943 2234 2106 2289 ditto-
2207 2237 2543 2290 consulatum
2595 2238 2856 2301 indicari,
2906 2241 3072 2295 multa
3122 2241 3487 2310 persuadent:
3536 2242 3747 2297 nimirum

513 2325 674 2391 claei,
698 2340 855 2394 quam
877 2325 1000 2380 vide
1032 2324 1086 2378 in
1115 2325 1517 2380 commentariis
1538 2325 1605 2380 ad
1623 2339 1746 2380 eum
1773 2326 1972 2394 locum,
2003 2325 2105 2380 Va—
2209 2326 2485 2397 Philippus
2531 2340 2585 2383 et
2627 2329 2774 2385 Salia
2823 2332 3076 2386 consules
3126 2331 3346 2386 [tierunt
3392 2348 3480 2386 an.
3505 2331 3628 2395 548,
3662 2345 3748 2400 quo

505 2416 756 2470 .ticanmn
787 2416 952 2481 2868,
989 2430 1135 2471 num.
1169 2417 1258 2471 77.
2207 2417 2424 2472 circiter
2469 2427 2714 2490 tempore
2762 2420 3109 2475 Prudentium
3159 2433 3342 2476 ortum
3386 2423 3545 2478 luisse
3570 2421 3749 2476 aliunde

583 2507 673 2562 59.
715 2507 808 2561 llis
848 2508 918 2560 ita
954 2507 1283 2570 constitutis,
1323 2505 1391 2561 de
1433 2506 1596 2560 n::tali
1643 2506 1915 2562 Prudentii
1955 2522 2104 2561 anno
2205 2520 2445 2576 constat;
2490 2520 2751 2580 praeterea
2782 2513 2960 2567 nullus
2991 2523 3077 2568 est
3105 2515 3316 2584 consul,
3350 2515 3534 2570 saltem
3562 2515 3748 2568 ordina-

517 2610 698 2650 sermo
723 2597 833 2666 jam
861 2608 944 2651 est
973 2596 1267 2651 habendus.
1301 2597 1379 2650 Ex
1409 2597 1710 2665 praefatione
1737 2613 1960 2667 operum
1987 2615 2104 2654 cer-
2207 2604 2347 2666 rius,
2390 2601 2682 2669 Messalina,
2725 2603 2955 2660 l-lesalia:
2985 2616 3077 2660 aut
3102 2596 3350 2662 Messalae
3391 2607 3594 2662 nomine
3631 2613 3748 2661 circa

521 2693 608 2738 tus
637 2685 684 2739 is
710 2701 884 2740 anuus
911 2685 1200 2756 colligitur,
1238 2687 1458 2756 explosa
1498 2687 1747 2742 nimirum
1787 2689 2106 2759 interpretu-
2204 2693 2255 2746 id
2288 2702 2498 2764 tempus
2536 2714 2548 2748 :
2584 2704 2696 2750 tum
2734 2697 2786 2750 in
2819 2698 3104 2754 Prudentia
3134 2705 3299 2754 multa
3331 2711 3456 2754 sunt
3481 2710 3640 2755 errata
3667 2701 3747 2753 liu-

515 2784 664 2832 t.one
690 2777 831 2833 Petri
862 2778 1156 2842 Mantuani,
1184 2776 1253 2833 de
1280 2792 1382 2846 qua
1411 2793 1558 2834 num.
1585 2778 1648 2833 2i
1677 2789 1732 2834 et
1753 2793 1904 2849 seqq.
1929 2794 1941 2832 :
2198 2786 2430 2864 jttsmodi
2465 2787 2677 2841 inscitia
2707 2789 3072 2859 librariorum,
3105 2791 3194 2860 qui
3225 2794 3276 2844 in
3311 2808 3469 2846 uuam
3496 2792 3747 2845 dictionem

2202 2877 2572 2932 diversissima
2623 2880 3098 2950 conglutinarunt,
3148 2899 3266 2952 qua:
3320 2884 3421 2954 legi
3471 2892 3670 2953 possunt
3708 2887 3749 2935 in

2203 2967 2599 3025 Commentario
2621 2972 2845 3028 Giselini
2871 2973 2938 3027 ad
2964 2974 3221 3045 hymnum
3247 2977 3308 3030 15
3332 2977 3744 3044 Peristepbanon.

2205 3059 2407 3118 Favent
2427 3065 2660 3134 denique
2685 3081 2814 3121 mss.
2837 3067 3077 3133 codices,
3097 3083 3230 3136 quos
3251 3084 3352 3122 suo
3379 3067 3496 3123 loco
3517 3067 3747 3121 iudicabo.

2125 3142 2172 3206 C
2207 3150 2396 3207 Fixum
2427 3155 2591 3224 igitur
2634 3165 2944 3227 certumque
2987 3168 3199 3213 maneat
3246 3158 3520 3214 Prudentii
3551 3158 3748 3213 natalem

2201 3257 2396 3298 annum
2449 3246 2504 3300 in
2543 3250 2874 3303 consulatum
2929 3249 3158 3320 Philippi
3203 3261 3256 3306 et
3301 3251 3464 3309 Salia;
3506 3252 3744 3314 incidisse,

2199 3337 2292 3405 qui
2319 3353 2489 3393 annus
2517 3351 2630 3394 erat
2652 3338 2851 3395 Curi~t;
2875 3343 3001 3408 548,
3026 3352 3084 3396 ut
3114 3353 3261 3398 notat
3283 3344 3535 3400 Petavius
3562 3344 3744 3402 Ration.

2203 3436 2428 3494 tempor.
2466 3433 2520 3484 in
2563 3433 2908 3487 successione
2951 3435 3233 3488 consulum
3285 3435 3666 3498 Roruauouum,
3705 3443 3749 3486 et

2207 3519 2280 3573 ita
2310 3521 2503 3590 legitur
2535 3523 2587 3576 in
2624 3523 2797 3579 Fastis
2825 3527 3200 3580 consularibus
3229 3526 3512 3591 Panviuii,
3538 3525 3747 3597 quamvis

2200 3613 2290 3666 alii
2324 3617 2522 3670 annum
2553 3615 2657 3671 550
2686 3626 2779 3670 aut
2809 3618 2905 3671 551
2939 3619 3150 3674 malint.
3198 3618 3353 3686 Quod
3393 3619 3676 3674 m'randtttn
3705 3617 3746 3669 in

2199 3705 2412 3759 modum
2442 3708 2826 3775 comprobatur
2855 3707 2938 3765 his
2962 3709 3207 3766 versibus
3235 3725 3302 3766 ex
3330 3710 3601 3781 apotheosi
3627 3722 3743 3764 vers.

2197 3798 2230 3848 4
2245 3795 2305 3851 i9
2333 3805 2387 3851 et
2413 3812 2566 3868 seqq.

3645 278 3729 333 5η

576 2889 790 2953 Oblitum
817 2894 1108 2953 veterlsme
1130 2889 1276 2940 Salia:
1299 2889 1514 2942 consulis
1534 2902 1767 2953 arguens,

574 2952 679 3002 Sub
701 2964 798 3014 quo
815 2954 968 3014 prima
990 2951 1099 3002 dies
1123 2953 1254 3002 mibi.

512 3056 652 3112 Olim
684 3056 885 3125 primus
908 3071 1093 3112 versus
1123 3058 1279 3114 aliter
1307 3058 1614 3128 legebatur:

574 3169 793 3221 Oblitum
818 3173 1002 3221 veteris
1021 3170 1260 3222 Messalla:
1284 3171 1496 3222 consulis
1515 3183 1756 3235 arguens,

509 3290 574 3331 ex
598 3292 702 3346 quo
727 3276 958 3331 maxima
981 3277 1282 3333 obscuritas
1305 3279 1355 3332 in
1381 3278 1653 3334 Prudentii
1678 3281 1782 3334 vita
1806 3279 2096 3350 digerenda

509 3369 822 3421 oriebatur:
855 3369 1008 3421 multi
1037 3371 1179 3424 enim
1222 3369 1345 3424 inde
1399 3369 1701 3424 inferebant
1751 3369 2096 3425 Prudentium

509 3459 768 3513 Messalina
808 3469 899 3513 aut
939 3461 1187 3516 Massiliae
1215 3463 1547 3517 consulatum
1577 3464 1825 3534 gessisse.
1854 3466 2097 3520 Andreas

508 3550 810 3605 Resendius
850 3567 1028 3606 veram
1075 3555 1357 3608 lectionem
1397 3557 1636 3624 aperuit,
1679 3568 1734 3612 et
1771 3558 1838 3612 de
1876 3560 2098 3612 consule

508 3639 652 3694 Salia
695 3641 1020 3695 mentionem
1053 3641 1166 3696 fieri
1208 3645 1417 3699 monuit
1437 3644 1539 3717 (b).
1593 3645 1670 3701 Ex
1699 3647 1884 3702 Vasmo
1913 3663 2091 3704 verum

507 3731 794 3787 lectionem
845 3743 899 3788 et
945 3734 1355 3803 explicationem
1385 3738 1590 3807 accepit
1619 3739 1934 3794 Theodorus
1965 3740 2091 3795 Pul-

507 3839 756 3889 manuus,
789 3839 853 3879 ex
884 3824 1181 3881 Pultnanno
1204 3825 1494 3896 Giselinns,
1521 3831 1606 3884 cui
1637 3830 1782 3884 nulla
1814 3833 1953 3888 ratio
1977 3835 2093 3904 ejus

503 3916 708 3984 scopuli
736 3915 992 3981 evitandi,
1019 3918 1070 3970 in
1093 3932 1250 3987 quem
1274 3918 1460 3985 Aldus,
1488 3920 1876 3989 Nebrissensis,
1899 3923 2093 3994 aliique

503 4020 694 4062 omnes
727 4008 1087 4078 impegerant,
1117 4008 1302 4064 venire
1328 4010 1380 4064 in
1409 4020 1641 4067 mentem
1666 4024 1794 4068 ante
1820 4021 2086 4084 potuerat,

505 4105 567 4152 ut
605 4097 832 4168 ingenue
860 4100 1148 4155 conlitetur
1177 4100 1230 4156 in
1275 4112 1565 4158 comment.
1607 4104 1673 4158 ad
1718 4119 1841 4159 eum
1889 4107 2085 4163 locum.

508 4187 625 4243 Nic.
645 4191 909 4246 Antonius
941 4196 1182 4263 queritur
1219 4194 1364 4265 quod
1391 4196 1738 4254 correctionis
1761 4199 1960 4269 gratias
1987 4201 2090 4255 lte-

2261 3908 2567 3970 Priucipihus
2589 3918 2752 3958 tamen
2777 3924 2802 3959 e
2825 3913 3013 3962 eunetis
3039 3927 3128 3962 nou
3153 3915 3304 3962 defuit
3325 3929 3452 3964 uitus

2261 3971 2337 4036 b_le
2361 3985 2532 4036 puero,
2557 3980 2611 4036 ut
2630 3974 3040 4036 memini,_ductor
3064 3974 3350 4025 fortissimus
3371 3979 3532 4036 armis,

2259 4030 2486 4096 (_‘.oudi:or
2511 4043 2558 4080 et
2586 4033 2766 4094 legum,
2795 4030 3150 4085 celeberrimus
3169 4049 3256 4086 ore
3280 4030 3543 4096 manuque,

2259 4092 2513 4154 Consultor
2534 4092 2702 4154 patria:
2733 4092 2855 4145 :sed
2877 4111 2967 4144 non
2992 4098 3236 4146 consultor
3266 4092 3502 4149 habendae

2259 4153 2562 4222 ljelljgiortis_,
2591 4169 2757 4222 amans
2779 4164 3054 4208 tercentum
3073 4160 3218 4208 millia
3242 4161 3431 4222 dirum,

2262 4215 2483 4267 Perﬁdus
2507 4217 2590 4266 ille
2612 4217 2742 4268 Deo.

577 4399 656 4465 (α)
679 4395 748 4460 _Ut
779 4398 828 4450 in
859 4397 963 4452 line
991 4397 1048 4454 S.
1080 4397 1333 4453 Eulaliae:

631 4508 726 4557 ista
749 4511 1052 4560 comantibus
1078 4525 1107 4560 e
1127 4509 1251 4561 foliis

693 4571 913 4630 Ηιιιιθίθ,
940 4576 1076 4635 virgo
1106 4585 1346 4634 puerque,
1370 4575 1484 4624 date
1513 4589 1524 4622 :

693 4634 782 4694 Ast
802 4646 898 4694 ego
919 4634 1054 4682 serta
1076 4640 1224 4682 cboro
1249 4637 1296 4683 in
1322 4635 1482 4685 medio

691 4693 855 4758 :ljexta
879 4695 1038 4758 feram
1053 4696 1178 4758 pede
1199 4697 1450 4758 dactylico,

691 4755 839 4814 Vilia,
866 4755 1093 4816 marcida,
1117 4756 1237 4804 l'cSIa
1259 4755 1441 4807 tanien.

633 4816 724 4878 Sic,
739 4828 1024 4878 venerarer
1047 4830 1156 4865 ossa
1181 4817 1318 4878 libet,

696 4877 898 4938 ()ssibus
916 4877 1036 4925 altar
1061 4887 1111 4927 et
1135 4877 1413 4938 impositum
1439 4896 1449 4928 :

696 4937 782 5000 illa
803 4938 892 4986 Dei
917 4939 1008 4986 sila
1029 4941 1121 4987 sub
1140 4937 1348 5000 pedibus

693 4998 934 5062 Prospicit
956 5000 1079 5062 haec,
1107 4998 1407 5062 populosque
1431 5015 1546 5052 suos

693 5060 915 5111 Carmine
939 5060 1190 5124 propitiata
1211 5060 1361 5112 fovet.

2122 4424 2172 4484 ι)
2197 4406 2282 4484 qui
2322 4407 2449 4484 milii
2488 4408 2656 4463 locum
2697 4409 2837 4464 hunc
2862 4421 3026 4484 atque
3062 4415 3194 4468 alios
3231 4413 3530 4474 nonnullos.
3570 4429 3663 4483 q-n
3690 4422 3750 4467 est

2199 4478 2518 4555 lintttanitate
2543 4524 2556 4549 ,
2580 4552 2590 4555 _
2617 4478 2998 4555 communicauit
3027 4524 3044 4545 ,
3101 4487 3250 4552 cujus
3283 4502 3376 4555 ego
3415 4486 3469 4538 in
3512 4478 3591 4538 Itis
3624 4487 3750 4536 rebus

2198 4546 2764 4622 limatiss_imo_'judicio
2816 4568 2917 4605 non
2970 4546 3217 4608 immerito
3258 4546 3538 4622 plurimum
3578 4556 3747 4613 tribuo.

2195 4620 2628 4694 quemadmodum
2666 4622 2837 4694 reipsa
2873 4626 3175 4692 experieris,
3219 4620 3492 4694 siquando,
3531 4641 3650 4694 quos
3674 4623 3748 4676 sub

2195 4689 2321 4764 lima
2359 4691 2537 4754 premit
2580 4692 2633 4744 in
2676 4689 3014 4746 Prudentium
3054 4689 3444 4750 commentarios
3480 4689 3582 4764 ’pc'r
3621 4710 3750 4746 occu-

2198 4761 2425 4835 ραιὶοῃμδ
2454 4764 2610 4814 serias
2640 4764 2852 4835 potuerit
2881 4767 3131 4835 evulgato.
3172 4761 3533 4834 Glandorpius
3559 4769 3605 4819 iu
3629 4765 3750 4818 Ono-

2199 4830 2422 4882 mastico
2453 4841 2573 4899 post
2599 4835 2716 4899 ejus
2745 4834 2947 4886 obitum
2979 4830 3120 4888 anno
3153 4835 3290 4891 1589
3318 4830 3463 4891 edito
3497 4838 3596 4890 sibi
3634 4835 3752 4887 hanc

2198 4901 2584 4956 correctionem
2612 4904 2832 4956 ascribit
2857 4921 2870 4956 :
2907 4905 3070 4970 Quem
3104 4905 3272 4960 locum
3298 4909 3353 4960 in
3377 4909 3578 4961 excusis
3601 4919 3752 4958 excat-

2201 4970 2428 5042 plaribus
2457 4974 2689 5026 omnibus
2718 4974 3047 5042 depravatum
3075 4976 3368 5032 videmus...
3391 4979 3635 5031 sinceram
3660 4987 3755 5028 esse

2199 5038 2460 5095 lectionem
2494 5043 2602 5113 (me
2631 5038 2834 5111 Salia"),
2884 5054 2932 5099 et
2961 5061 3024 5100 ea:
3054 5047 3296 5101 reteribus
3321 5049 3461 5102 hisce
3501 5045 3750 5107 irrctnoriis,

2200 5125 2234 5162 a
2263 5113 2406 5162 nobis
2434 5113 2587 5181 probe
2613 5114 3002 5184 deprehensam,
3027 5133 3215 5186 omnes,
3241 5119 3369 5189 scio,
3400 5120 3539 5173 ἀθεεὶ
3569 5119 3755 5172 libenter

2199 5192 2495 5249 agnoscent.

2278 5251 2712 5325 (c)_l.mlewigius
2744 5257 2909 5310 multa
2936 5268 3101 5324 errat,
3133 5259 3257 5311 dum
3287 5260 3505 5314 scribit:
3529 5257 3757 5325 Georgius

2200 5318 2473 5374 Fabricius
2510 5318 2749 5390 restituit,
2793 5341 2878 5380 me
2911 5318 3098 5380 Salia).
3135 5326 3394 5383 Giselinus
3427 5331 3602 5384 eodem
3635 5318 3757 5378 anno

2202 5393 2339 5447 1504
2380 5405 2581 5462 poetam
2617 5396 2775 5448 edidit
2820 5412 2935 5449 cum
2977 5399 3072 5450 hac
3109 5401 3437 5452 correctione.
3500 5397 3621 5453 Uter
3656 5407 3758 5448 vero

2201 5467 2414 5534 alterum
2453 5466 2770 5534 exscripserit
2805 5483 3029 5520 asserere
3067 5483 3168 5521 non
3208 5470 3395 5534 ausim,
3434 5485 3549 5522 cum
3576 5476 3759 5534 uterqu

2200 5533 2426 5612 se_ltanc
2457 5533 2731 5612 lectionem
2769 5539 2989 5612 primum
3024 5533 3440 5612 animadvertisse
3472 5540 3625 5591 dicat.
3670 5533 3760 5612 Fs-

2203 5602 2404 5656 liricius
2457 5603 2558 5658 hoc
2607 5602 2809 5658 tantum
2863 5608 3024 5662 habet
3060 5623 3074 5660 :
3114 5607 3332 5662 Ultimus
3379 5609 3464 5663 hic
3512 5620 3673 5662 versus
3714 5603 3760 5655 ill

2202 5674 2438 5772 onmibusJ
2461 5675 2768 5772 editiouibus
2799 5675 3018 5742 Italicis,
3055 5678 3290 5772 Gallicis,
3326 5677 3653 5742 Germanicis,
3681 5672 3777 5772 1⁸σή

2201 5755 2375 5797 etenus
2407 5745 2734 5814 deprecatus,
2765 5763 2942 5804 ansam
2969 5751 3131 5805 errori
3160 5751 3318 5805 dedit.

580 5163 656 5234 (b)
702 5164 854 5231 Quod
908 5164 1086 5219 verbis
1127 5164 1349 5220 Joannis
1377 5166 1548 5222 Vaszei
1604 5167 1657 5222 in
1702 5169 1977 5228 Chronico
2027 5176 2094 5229 ad

505 5251 598 5291 an.
631 5235 731 5310 .351
753 5234 993 5310 referam
1019 5234 1236 5310 :A’atus
1274 5245 1344 5289 est
1367 5237 1776 5310 Ctesaraugustw
1799 5246 1926 5298 Aur.
1962 5245 2098 5300 Pru-

506 5306 704 5358 dentius
743 5302 999 5385 Clemens,
1039 5303 1566 5385 Pliil‘ipponet‘Saliu
1594 5302 1750 5385 erasa,
1793 5325 1848 5366 ut
1883 5317 1995 5385 ipse
2033 5319 2098 5371 de

505 5385 825 5446 segtestatur
862 5377 915 5428 in
965 5377 1114 5446 prwf.
1156 5378 1243 5429 lib.
1288 5377 1542 5446 Catltcm.,
1607 5384 1693 5435 ubi
1738 5377 1824 5436 sic
1888 5377 2095 5446 inquit:

513 5463 532 5495 ι
567 5444 778 5515 lrrepsit
797 5446 966 5500 subito
1003 5444 1210 5501 canities
1245 5450 1371 5515 seni,
1396 5444 1605 5504 obltum
1626 5455 1803 5508 veteris
1832 5470 1913 5508 me
1934 5444 2097 5512 Salia:

508 5518 729 5569 consulis
751 5517 1029 5597 admonens
1053 5520 1180 5597 (leg.
1198 5524 1455 5597 arguens).
1483 5541 1500 5573 ι
1532 5520 1614 5574 lla
1641 5525 1775 5597 enim
1801 5525 2094 5597 legendum,

510 5600 611 5662 non
632 5587 1067 5662 quemadmodum
1107 5587 1345 5662 hactenus
1382 5587 1600 5645 etiam-t1
1633 5595 1794 5648 doctis
1823 5587 2099 5662 Jepravaté

512 5655 792 5729 legebatur.
845 5657 1007 5728 Atque
1046 5659 1177 5729 hanc
1215 5658 1371 5729 hujus
1424 5662 1522 5717 loci
1573 5655 1943 5720 restitutionem
1993 5686 2096 5724 non

515 5725 641 5778 nsi/ii
677 5725 846 5793 debes,
890 5725 1107 5784 candide
1145 5725 1321 5796 lector,
1367 5733 1454 5787 sed
1491 5731 1551 5786 L.
1575 5736 1794 5792 Andrea:
1817 5738 2088 5808 liesendt'o,
