4016 6182
268 314 373 371 5‘35

1636 320 2167 376 Pll-ULEGUMENA.

3445 332 3566 386 59$”-

279 432 481 498 Quibus
502 430 769 487 Jnliannm
795 436 1100 503 Apostitam
1131 436 1559 507 intelligit,utex
1583 452 1856 493 commen-
1885 446 1933 501 Α
1965 438 2124 500 Bibl..
2173 449 2227 494 et
2270 439 2475 495 Joanne
2522 440 2776 496 Ferreras
2831 440 2901 494 ad
2957 457 3050 497 au.
3106 441 3239 511 406,
3290 446 3545 511 appellari

278 526 425 579 tariis
449 525 645 580 clarius
676 529 895 595 patebit,
928 530 1019 597 qui
1046 531 1113 582 ab
1139 544 1281 584 anno
1311 530 1406 584 561
1441 531 1507 584 ad
1539 530 1643 586 564
1677 532 1851 599 impe-

271 616 356 669 rio
385 619 582 685 potitus
610 629 722 684 est;
754 619 895 688 quud
928 621 977 675 in
1008 621 1441 677 successionibus
1471 622 1852 689 imperatorum

268 709 408 779 apud
440 709 713 766 Petavium
751 712 822 767 ita
863 713 1090 767 indicari
1130 713 1363 781 videtur,
1411 722 1468 768 ut
1508 714 1854 770 nihilominus

267 803 319 856 in
370 803 489 872 ipso
540 804 850 858 Rationario
897 816 1196 875 temporum
1243 820 1384 861 anno
1413 807 1517 861 565
1558 807 1854 862 exstinctus

264 908 387 948 esse
412 895 643 959 dicatur,
678 896 817 963 quod
859 912 923 951 ex
968 898 1187 953 h'storia
1215 898 1430 953 aliunde
1459 909 1690 953 constat.
1743 900 1853 954 Ac-

262 985 407 1039 cedit
440 985 787 1039 Prudentium
819 1000 914 1040 sua
955 1002 1141 1056 opera,
1185 997 1240 1043 et
1269 988 1320 1043 in
1353 990 1433 1044 hia
1464 989 1629 1045 libros
1659 989 1853 1043 adver-

258 1092 352 1131 sus
400 1078 786 1150 Symmachum
830 1080 1070 1135 edidisse
1120 1097 1262 1137 anno
1306 1086 1481 1138 artatis
1531 1084 1636 1150 57,
1689 1092 1746 1137 ut
1785 1098 1851 1137 ex

260 1171 575 1237 praefatione
603 1170 899 1226 carminum
934 1172 1100 1243 liquet
1125 1192 1137 1227 :
1689 1167 1694 1171 ⁴

340 1284 485 1356 "Per
502 1286 833 1356 quipquennia
855 1287 951 1356 jam
970 1288 1161 1356 decem,

312 1344 373 1411 Ei
397 1344 561 1407 fallor,
587 1344 764 1411 fuimus
786 1360 797 1394 :
824 1344 1063 1411 septimus
1096 1344 1317 1411 insuper.

309 1410 509 1457 Annum
534 1408 681 1457 cardo
705 1416 853 1471 rotat,
879 1410 992 1458 dum
1019 1408 1224 1460 fruimur
1250 1413 1357 1461 sole
1384 1411 1597 1469 volubili,

250 1512 299 1568 id
324 1530 475 1568 anno
495 1515 706 1569 circiter
726 1513 830 1572 405
850 1531 973 1572 cum
995 1517 1272 1585 acciderit,
1302 1527 1357 1571 ut
1373 1518 1479 1589 25
1505 1518 1842 1583 postmodum

248 1606 456 1671 dcim,
494 1619 833 1675 consequens
861 1616 974 1671 est.
1012 1608 1177 1664 Salia:
1200 1609 1537 1664 consulatum
1570 1611 1621 1664 iu
1654 1612 1840 1666 eadem

246 1698 568 1765 praefatione
595 1697 863 1754 denotari.

317 1789 407 1843 41.
450 1789 530 1845 De
571 1790 843 1845 l’rudentii
874 1791 1163 1860 majoribus
1192 1802 1285 1847 aut
1313 1792 1508 1849 familia
1543 1794 1674 1849 nihil
1704 1798 1836 1852 certi
1870 1813 1917 1873 Β
1943 1819 2214 1887 Aurelius,
2265 1830 2318 1874 ει
2362 1789 2612 1875 Ciam-"5

242 1881 306 1932 ad
339 1895 439 1935 nos
468 1881 730 1946 pervenit,
761 1897 918 1951 quam
944 1882 1329 1940 nobilissimam
1363 1884 1526 1940 fuisse
1554 1901 1621 1940 ex
1645 1902 1834 1943 mune-

241 1973 389 2026 ribus
413 1973 486 2025 ab
515 1988 582 2027 eo
608 1975 773 2042 gestis
796 1989 1005 2041 aequum
1036 1984 1118 2028 est
1145 1977 1413 2045 conjicere
1436 2018 1451 2043 ,
1496 1977 1654 2048 idque
1684 1980 1834 2034 multi

239 2068 399 2117 etiam
447 2073 660 2119 vettres
709 2067 1048 2123 conlirtnant.
1096 2067 1332 2123 Joannes
1382 2069 1737 2140 Glaudorpius
1782 2071 1833 2127 in

238 2160 520 2212 tiuomast.
573 2158 761 2212 histor.
796 2159 1049 2213 Romamn
1078 2161 1227 2228 plura
1276 2162 1435 2216 habet
1462 2162 1531 2217 de
1578 2164 1831 2225 Aureiiis.

242 2250 501 2304 nonnulla
553 2251 622 2305 de
669 2251 1075 2320 Clententihus,
1122 2263 1176 2306 et
1217 2268 1248 2307 e
1310 2255 1480 2309 tribus
1531 2256 1835 2311 Prudentiis

238 2358 371 2411 quos
397 2343 663 2409 nominat,
692 2355 930 2399 nostrum
963 2361 1153 2416 magno
1175 2348 1347 2413 elogio
1370 2350 1727 2419 prosequitur.
1756 2351 1834 2406 De
1868 2387 1872 2391 ι

239 2434 435 2488 latuilia
492 2435 827 2489 Clementum
875 2436 1348 2508 Ctesaraugustana
1378 2441 1500 2495 vide
1547 2457 1694 2496 num.
1738 2443 1829 2499 '53.

238 2527 359 2582 lltrc
389 2527 494 2581 tria
544 2528 662 2594 ejus
694 2529 905 2582 nomina
936 2540 988 2585 et
1038 2529 1140 2585 hoc
1168 2532 1355 2587 ordine
1396 2536 1570 2588 sofent
1597 2536 1832 2590 circum-

235 2620 391 2686 l‘t'ri,
429 2622 669 2675 Aurelius
716 2621 1027 2677 Prudentius
1076 2626 1326 2680 Clemens.
1386 2627 1440 2680 In
1493 2643 1622 2682 mss.
1670 2630 1828 2686 cntltl.

234 2714 627 2781 antiquissimis
657 2715 836 2770 surculi
869 2731 917 2770 Vl
949 2726 1000 2770 et
1046 2732 1198 2787 seqq.
1223 2718 1419 2773 dicitur
1449 2719 1690 2774 Aurelius
1718 2720 1832 2775 Cle-

234 2819 282 2852 ιη
312 2821 375 2858 ns
432 2802 767 2866 Prudentius,
800 2815 858 2859 ut
902 2808 1191 2863 observare
1242 2818 1395 2878 potes
1441 2826 1558 2879 cap.
1589 2814 1645 2877 4,
1679 2829 1830 2868 ιιιιιιι.

232 2896 319 2955 96.
354 2905 561 2961 praeter
604 2897 724 2951 cod.
778 2896 887 2954 Vat.
937 2899 1091 2954 Alex.
1146 2900 1300 2966 i459,
1352 2901 1512 2968 1858,
1546 2918 1693 2958 num.
1726 2904 1827 2972 78;

230 2985 386 3040 Culb.
424 2987 586 3055 1682,
635 3004 780 3042 num.
813 2991 900 3043 85.
954 2989 1149 3044 Piiuue
1176 2992 1461 3057 editiones,
1492 2997 1658 3051 altera
1701 2998 1827 3052 anni

231 3078 451 3144 incerti,
480 3079 648 3132 altera
699 3080 1092 3135 Daventriensis
1123 3086 1243 3137 anni
1271 3084 1410 3139 “95
1434 3125 1449 3149 ,
1480 3102 1636 3155 quam
1669 3088 1830 3157 pleri-

1965 532 2230 597 Qnintnm,
2258 531 2399 600 quod
2431 545 2624 586 nomen
2656 532 2808 585 abest
2837 547 2865 585 a
2899 546 3026 586 ιιιεε.
3057 532 3215 587 codd.
3242 543 3297 588 et
3317 539 3548 603 antiquis

1958 623 2328 695 scriptoribus.
2354 621 2685 677 Crediderim
2714 637 2952 677 errorem
2985 624 3111 679 inde
3136 624 3260 679 oriri
3284 626 3543 693 potuisse,

1957 717 2098 785 quod
2143 717 2539 787 Symmachus,
2590 732 2745 786 quem
2805 717 3122 773 Prudentius
3179 719 3541 788 oppugnavit,

1955 804 2181 875 Quintus
2230 810 2476 864 Aurelius
2521 825 2551 864 a
2604 810 2875 864 nonnullis
2920 811 3187 864 ve'eribus
3235 812 3542 865 auctoribus

1954 898 2257 954 dicebatur.
2306 900 2448 955 Nihil
2495 912 2670 955 tamen
2700 910 2784 954 est
2824 902 3171 970 quamobrem
3220 903 3540 956 Prudentius

1953 993 2199 1047 similiter
2223 1008 2326 1047 non
2354 994 2585 1063 potuerit
2620 994 2840 1059 Quintus
2871 995 3105 1048 Aurelius
3132 993 3365 1049 Clemens
3394 993 3537 1047 Prn-

1952 1085 2149 1137 dentius
2173 1086 2434 1139 nominari
2469 1104 2481 1139 :
2514 1087 2622 1140 into
2648 1086 2947 1140 Alexander
2976 1087 3043 1139 ah
3073 1087 3401 1151 Alc-itandro,
3433 1085 3539 1140 Ge-

1954 1175 2078 1228 nial.
2111 1175 2247 1229 dier.
2300 1177 2391 1231 lih.
2426 1193 2463 1240 t,
2491 1191 2609 1245 cap.
2657 1176 2710 1243 9,
2746 1178 2935 1245 probat
2959 1177 3097 1246 apud
3130 1178 3399 1231 Romanos
3435 1193 3536 1231 sae-

1952 1266 2074 1335 pius
2094 1269 2201 1338 26
2225 1282 2398 1322 mares
2421 1277 2650 1337 quatuor
2670 1271 2887 1323 nomina
2911 1269 3181 1334 habuisse,
3204 1288 3530 1339 prrenomen,

1950 1374 2286 1429 cognomen,
2318 1376 2580 1428 agnomen
2612 1372 2667 1416 et
2714 1377 2947 1427 nomen,
2998 1364 3157 1432 idque
3205 1366 3532 1420 nobilitatem

1951 1464 2271 1511 menstrare.
2303 1456 2452 1523 Quod
2485 1457 2528 1509 si
2558 1448 2862 1525 prtenomeu
2898 1457 3185 1511 Prudentia
3227 1459 3424 1513 addere
3465 1461 3532 1513 Ii--

1948 1544 2057 1609 bet,
2088 1546 2313 1614 eligatur
2344 1545 2559 1599 Marcus
2589 1560 2607 1599 :
2636 1548 2705 1600 ita
2735 1547 2875 1600 enim
2907 1548 3202 1615 appellatur
3226 1550 3277 1602 iit
3302 1549 3557 1618 quodanr

1946 1638 2067 1693 cod.
2104 1652 2230 1702 ms.,
2264 1652 2409 1691 num.
2444 1639 2533 1692 89.
2566 1638 2844 1692 Vocandtts
2865 1655 2991 1707 ergo
3020 1641 3121 1694 erit
3150 1641 3219 1694 Μ.
3253 1642 3380 1694 Aur.
3411 1642 3531 1696 Cle-

1947 1743 2100 1782 mens
2148 1728 2486 1791 Prudentius,
2516 1744 2742 1798 quorum
2791 1731 3019 1799 primum
3068 1744 3150 1784 ρει
3202 1747 3529 1799 ιιι-έειιοιηθιι,

2660 1823 2873 1893 nomina
2917 1822 3156 1891 gentilia,
3212 1824 3531 1879 Prudentius

1940 1926 2135 1965 nomen
2165 1911 2440 1980 proprium
2468 1956 2480 1977 ,
2512 1928 2574 1966 ex
2628 1913 2743 1981 lege
2795 1915 3065 1968 nominum
3117 1917 3304 1969 mediae
3333 1917 3526 1969 aztatis.

1939 2005 2102 2059 Marci
2133 2006 2332 2058 Aurelii
2370 2005 2577 2072 plurimi
2610 2007 2844 2066 fuerunt.
2880 2018 2937 2061 ιιι
2964 2008 3031 2061 Μ.
3073 2009 3321 2063 Aurelius
3353 2009 3526 2077 impe-

1940 2105 2103 2159 rat»r,
2152 2098 2218 2150 ill.
2275 2097 2520 2152 Aurelius
2553 2097 2793 2152 Valerius
2837 2100 3053 2153 Flavius
3092 2098 3347 2154 Claudius
3379 2104 3523 2155 (Zon-

1937 2193 2225 2257 stantinus,
2261 2192 2331 2247 Μ.
2375 2192 2623 2246 Aurelius
2648 2192 2904 2248 Claudius
2941 2193 3220 2253 Gothicus.
3254 2196 3322 2249 Μ.
3355 2198 3521 2249 Auro-

1940 2282 2042 2336 lius
2068 2284 2318 2337 Claudius
2348 2284 2652 2350 Quintilius.
2688 2286 2747 2339 S.
2784 2285 3098 2339 Maurelium
3123 2300 3152 2340 a
3181 2286 3248 2339 Μ.
3280 2286 3521 2349 Aurelio,

1936 2384 1993 2427 ιιι
2022 2374 2284 2442 Agelliutu
2334 2376 2401 2429 ab
2430 2374 2570 2429 Aulo
2603 2376 2797 2443 Gellio,
2833 2377 2984 2432 multi
3036 2377 3322 2448 Opiuantur
3359 2379 3517 2434 fuisse

1935 2465 2157 2519 dictum.

2006 2555 2096 2611 42.
2140 2556 2504 2627 Ludewigius,
2536 2558 2679 2627 quod
2711 2558 2933 2614 Carolus
2988 2560 3259 2629 Sigonius,
3304 2561 3372 2616 de
3419 2561 3507 2616 llo-

1935 2664 2081 2703 man.
2115 2647 2355 2714 Nomin.,
2385 2650 2635 2704 ostendat
2664 2650 3026 2705 Romanorum
3061 2650 3273 2707 nomina
3301 2668 3330 2706 a
3355 2668 3505 2723 gene-
3541 2680 3551 2699 ν

1937 2741 2009 2795 ris
2054 2741 2311 2810 principe,
2340 2756 2370 2794 a
2400 2741 2693 2809 sapientia,
2741 2741 2809 2796 ab
2837 2749 2952 2796 arte
2993 2752 3160 2798 tracta
3203 2743 3522 2814 quandoque

1933 2844 2074 2895 esse,
2106 2831 2377 2886 exiStimat
2416 2832 2484 2885 ab
2523 2833 2788 2888 aliistnon
2813 2833 2952 2888 male
2994 2834 3210 2900 factum,
3238 2835 3329 2905 qui
3382 2836 3542 2889 Pruv

1934 2923 2100 2977 dentii
2131 2923 2344 2977 nomina
2371 2924 2421 2977 in
2454 2923 2641 2977 laudes
2661 2925 2777 2991 ejus
2800 2935 3075 2979 traxerunt
3105 2927 3204 2993 (α).
3229 2926 3517 2990 Caeterum,

1934 3014 2032 3067 etsi
2067 3028 2171 3066 non
2202 3012 2435 3067 absurde
2467 3015 2516 3067 iu
2548 3013 2756 3067 laudem
2788 3023 2959 3083 poeta:
2990 3015 3202 3068 nomina
3234 3018 3350 3083 ejus
3383 3016 3519 3070 verti

1935 3105 2164 3173 possint,
2197 3112 2255 3158 ιιι
2284 3104 2335 3158 in
2360 3103 2480 3158 aliis
2509 3104 2728 3169 assolet,
2761 3115 2935 3161 tamen
2963 3120 2991 3159 a
3026 3106 3324 3175 prudentia,
3355 3121 3384 3158 a
3408 3108 3518 3161 cle-

230 3185 332 3235 quc
384 3171 531 3225 male
579 3172 814 3227 referunt
843 3174 908 3227 ad
940 3190 1025 3228 an.
1079 3176 1247 3244 H72,
1282 3177 1498 3245 habent,
1531 3180 1656 3233 Aur.
1712 3181 1825 3235 Cle-

1937 3197 2153 3261 mentia,
2182 3197 2250 3251 ab
2278 3196 2458 3252 aureis
2486 3197 2723 3252 moi-ibus
2753 3206 2916 3253 tracta
2939 3198 3029 3253 illa
3059 3213 3181 3254 esse
3208 3215 3366 3253 nemo
3394 3215 3519 3269 pru-

229 3277 370 3317 mens
429 3260 774 3330 Prudentius;
804 3267 890 3335 qtti
922 3267 1053 3321 ordo
1085 3269 1358 3323 nominum
1390 3271 1506 3327 sine
1533 3274 1634 3326 ulla
1666 3288 1825 3328 causa

231 3352 427 3407 idonea
460 3354 513 3407 in
544 3357 892 3424 sequentibus
918 3359 1165 3414 omnibus
1193 3361 1517 3416 editionibtts
1545 3373 1627 3417 est
1656 3374 1829 3417 muta-

232 3453 332 3497 ins.
362 3446 505 3499 Eum
535 3458 752 3501 εθιν.ιιιι
781 3449 1133 3519 Trithemius,
1170 3453 1469 3519 Ferrarius,
1498 3455 1825 3523 lluinartius,

230 3539 455 3606 aliique.
489 3539 629 3593 Beda
661 3540 728 3595 de
758 3544 888 3597 Arte
917 3547 1134 3600 metrica
1168 3546 1247 3601 bis
1275 3562 1396 3601 eum
1428 3550 1686 3615 nominat,
1720 3550 1829 3618 pri-

231 3642 378 3682 mum
414 3630 483 3684 ita
516 3649 528 3683 :
561 3628 799 3686 Prudens
827 3633 878 3687 in
906 3633 1346 3705 Psychomachia,
1373 3654 1558 3695 rursus
1588 3642 1827 3697 Aurelius

232 3718 479 3775 Prudens
525 3721 773 3778 Clemens.
806 3724 956 3792 Quod
1002 3737 1177 3782 autem
1224 3730 1371 3798 prius
1395 3731 1681 3801 aliquando
1708 3734 1826 3788 Cle-

231 3827 372 3867 meus
402 3828 563 3883 quam
615 3814 927 3872 Prudentius
959 3830 1049 3874 aut
1096 3820 1337 3877 Prudens
1380 3824 1697 3891 collocetur,
1730 3843 1821 3881 no~

230 3922 349 3959 vum
385 3923 495 3961 non
538 3918 622 3964 est
649 3927 663 3964 :
695 3912 771 3965 sic
802 3912 1065 3983 Sulpicius
1094 3926 1447 3985 cognomento
1477 3918 1711 3987 Severus,
1757 3921 1826 3975 ab

229 3999 277 4051 al
303 4000 347 4053 is
372 4012 599 4055 vocatur
624 4003 839 4057 Severus
865 4004 1147 4074 Sulpicius,
1176 4018 1232 4062 ιιι
1255 4009 1558 4065 observavit
1584 4011 1826 4067 Roswei-

228 4090 327 4143 dus
358 4092 416 4145 in
448 4102 560 4147 not.
592 4093 658 4148 ad
690 4094 789 4163 Ep.
822 4097 843 4149 Ι
878 4097 935 4152 S.
972 4097 1172 4153 Paulini
1206 4113 1268 4154 es
1304 4100 1591 4157 FTOHCisCO
1616 4103 1821 4174 Sylvio,

228 4180 315 4249 qui
351 4180 765 4252 Progymnasm.
791 4228 806 4252 ,
838 4189 1077 4242 centuria
1102 4190 1158 4253 2,
1208 4206 1327 4260 cap.
1374 4194 1462 4258 41,
1492 4193 1649 4249 docet
1679 4210 1824 4263 smpe

229 4288 533 4341 cognomen
560 4278 759 4331 nomini
794 4281 1156 4349 prmposituun.
1188 4282 1507 4340 Sirmondus
1534 4286 1585 4340 in
1614 4287 1821 4355 prrelat.

228 4365 291 4416 ad
329 4376 489 4421 notas
537 4368 861 4436 Apollinaris
909 4370 1113 4427 Sidonii
1145 4376 1358 4443 egregie
1413 4376 1600 4445 probat
1631 4379 1823 4435 media:

228 4456 407 4509 aratis
470 4461 746 4513 nominum
814 4460 1081 4530 duplicem
1128 4465 1356 4530 quodam
1424 4468 1585 4521 modo
1649 4470 1820 4537 legem

1929 3290 2063 3345 dens
2089 3291 2429 3360 iudicaverit,
2462 3291 2556 3345 sed
2582 3291 2826 3359 iunpo-ita
2877 3301 3162 3360 antequam
3187 3307 3266 3346 810
3293 3292 3517 3346 virtutes

1929 3381 1983 3436 in
2015 3382 2305 3437 Prudentio
2334 3396 2457 3437 esse
2482 3390 2575 3437 aut
2608 3382 2848 3438 eminere
2884 3384 3166 3450 coeperint.
3198 3383 3355 3437 Aliud
3378 3384 3519 3439 solet

1929 3490 2126 3529 nomen
2176 3473 2466 3530 Prudentio
2509 3474 2743 3539 attribui,
2794 3485 2942 3530 certe
2982 3476 3138 3544 longe
3179 3485 3299 3544 post
3349 3476 3518 3547 ipsius

1928 3567 2133 3621 obitum
2180 3567 2403 3621 inditum
2438 3584 2450 3619 :
2482 3583 2605 3622 nam
2645 3568 2965 3623 Prudentius
3014 3568 3182 3638 Major
3219 3554 3517 3638 appellatur

1929 3657 1983 3712 in
2015 3656 2201 3713 codice
2253 3674 2358 3713 ms.
2406 3659 2757 3715 membraneo
2805 3659 3152 3729 prosodiaco.
3196 3662 3417 3733 antiquo
3460 3672 3519 3719 et

1928 3750 2157 3817 erudito,
2176 3751 2316 3821 apud
2337 3752 2630 3821 Barthium,
2650 3752 2936 3810 Adversar.
2955 3755 3047 3811 lib.
3064 3772 3262 3823 xxxvu,
3276 3772 3395 3825 cap.
3417 3758 3485 3814 l3
3501 3775 3531 3811 εν

1930 3839 2161 3907 Macera,
2208 3852 2255 3895 et
2296 3846 2539 3898 maceries
2584 3845 2871 3915 producunt
2901 3863 2956 3911 a,
3000 3849 3227 3916 quamvis
3257 3850 3457 3903 t‘eniant
3484 3865 3518 3903 α

1929 3948 2166 3989 macer...
2199 3944 2247 3985 et
2281 3932 2594 3987 Prudentius
2624 3933 2800 4007 Major
2830 3952 2850 3992 :
2879 3937 3120 4000 Quamvis
3148 3939 3393 3992 maceries
3416 3941 3517 4008 ﬂo-

1928 4036 2096 4079 rentes
2126 4025 2317 4078 ambiat
2359 4043 2531 4095 agros.
2565 4026 2772 4082 Pariter
2799 4027 3035 4084 Joannes
3079 4029 3293 4094 Balbus,
3323 4046 3418 4085 seu
3448 4030 3516 4087 de

1926 4114 2097 4169 Janna
2123 4114 2175 4168 in
2202 4130 2366 4183 opere
2387 4116 2724 4184 (.‘atholicon,
2756 4118 2920 4172 verbo
2946 4119 3118 4172 SPEItA
3152 4137 3165 4173 :
3199 4119 3346 4175 Unde
3369 4120 3514 4176 Pru-

1927 4207 2126 4261 dentius
2171 4206 2345 4280 Major
2374 4223 2392 4261 :
2424 4208 2584 4279 Cujus
2607 4210 2674 4262 ad
2702 4209 2969 4265 arbitrium
3008 4227 3160 4278 spera
3200 4212 3404 4278 nobilis,
3434 4222 3515 4265 at-

1925 4314 2021 4364 que
2066 4299 2309 4352 rotunda.
2342 4299 2442 4367 Qui
2469 4314 2656 4355 versus
2699 4301 2887 4370 legitur
2916 4303 2966 4356 in
3011 4303 3325 4372 Apotheosi,
3364 4320 3521 4361 vers.

1924 4390 2048 4455 210,
2086 4393 2232 4458 prior
2262 4390 2353 4445 ille
2380 4390 2616 4445 llamart.
2641 4406 2783 4447 vers.
2816 4392 2943 4447 226.
2996 4393 3271 4464 Sttspicari
3320 4396 3519 4466 aliquis.

1928 4492 2109 4551 posset
2150 4499 2218 4537 an
2249 4483 2299 4538 id
2344 4500 2538 4539 nomen
2588 4484 2881 4540 Prudentio
2924 4487 3180 4542 aecideiit
3214 4503 3281 4543 ex
3326 4489 3513 4543 codice

230 4543 395 4651 Ῑ¹ξίξεθ
424 4563 439 4599 ³
468 4563 651 4650 “nam:
674 4559 734 4604 ιιι
764 4553 1033 4651 Proprium
1062 4556 1535 4626 cuiusquelmmen
1556 4560 1610 4615 in
1643 4562 1820 4618 locum
1851 4548 1904 4612 Ῐ)
1929 4576 2137 4646 majori,
2185 4592 2252 4632 ex
2277 4594 2382 4648 quo
2430 4578 2504 4634 illi
2555 4594 2741 4635 versus
2790 4581 3195 4650 promebantur,
3247 4582 3519 4651 siquidem

230 4636 479 4691 ultimum
514 4641 871 4707 conjicerent;
902 4643 1148 4710 alteram,
1181 4657 1239 4700 ut
1269 4656 1378 4702 tmn
1412 4651 1685 4718 proprium
1719 4652 1824 4708 hoc

229 4741 446 4795 nomen,
502 4738 610 4784 tum
642 4743 859 4800 caetera,
908 4735 1173 4791 interdum
1206 4741 1421 4809 quidem
1468 4743 1682 4798 aliunde
1728 4761 1825 4814 pro

225 4820 472 4887 arbitrio,
511 4832 567 4876 ut
615 4823 898 4893 plurimum
947 4842 1073 4881 vero
1117 4844 1145 4881 ιι
1193 4831 1502 4901 prepinquis
1546 4834 1825 4892 ali‘cCtibus

226 4911 456 4967 deducta
490 4915 848 4984 imponerent.
884 4919 1059 4975 Videri
1091 4924 1251 4976 etiam
1280 4934 1453 4992 potest
1482 4926 1552 4981 cl.
1586 4930 1824 4984 marchio

225 5004 406 5075 St'ipit)
437 5007 683 5063 Maﬂeius
715 5011 767 5064 in
816 5011 1039 5068 Dissert.
1069 5015 1137 5069 de
1183 5017 1543 5073 Romanorum
1573 5020 1816 5076 Numini-

227 5096 347 5165 bus,
393 5116 501 5169 qua
558 5102 752 5169 probat
797 5100 1124 5162 Cassiodorii
1162 5124 1469 5176 prtenomen
1501 5129 1622 5170 esse
1669 5116 1811 5171 Mar-

224 5205 363 5249 cum,
394 5193 609 5246 ioutina
640 5196 854 5263 gentilia
886 5199 1151 5255 Aurelium
1180 5201 1579 5274 Cassiodorinm,
1621 5224 1817 5267 nomen

225 5284 524 5350 proprium,
556 5301 651 5339 seu
675 5304 970 5356 cognomen
998 5292 1297 5349 Senatorem
1326 5297 1345 5367 (
1361 5308 1474 5364 post
1497 5299 1639 5356 Hist.
1674 5301 1818 5358 theo-

226 5373 358 5440 (οφ,
388 5385 431 5427 et
464 5376 851 5444 Coum/eximes
875 5380 1191 5437 Cassiodorii
1217 5386 1341 5439 edit.
1373 5387 1603 5444 Trident.
1632 5392 1813 5464 i742).

227 5461 417 5520 lliseus
470 5468 701 5525 advertit
750 5472 1094 5529 Prudentium
1159 5492 1188 5530 a
1259 5478 1509 5549 Dupinio,
1569 5494 1700 5540 tom.
1752 5461 1815 5545 lll

299 5603 382 5687 (τι)
414 5606 747 5687 υιᾉιοὶιηιιδ
780 5611 986 5687 Avitus.
1017 5613 1210 5687 ‘plttres
1242 5616 1398 5670 codd.
1430 5633 1556 5674 mss.
1589 5635 1812 5687 operum

226 5671 524 5757 Prudentii,
553 5690 748 5757 auctor
790 5671 1051 5757 (lataliigi'r
1074 5686 1284 5739 testium
1316 5671 1810 5757 veritatis,'lirli.-

225 5757 352 5814 Ρίιὶἶ-
389 5747 479 5802 ίδὸ
500 5748 627 5803 edit.
660 5761 893 5819 po.tcr.;
925 5752 1323 5825 Taubtnannus,
1356 5760 1407 5816 itt
1437 5747 1671 5818 Culicem
1698 5747 1810 5818 Vir;

1926 4684 2088 4738 opera
2122 4672 2388 4726 interdum
2422 4674 2474 4727 itt
2504 4672 2683 4741 plures
2710 4673 2937 4727 diversm
2974 4675 3133 4729 molis
3160 4673 3372 4731 codices
3416 4690 3511 4729 so-

1928 4761 2107 4816 lebant
2134 4761 2405 4817 distrahi:
2447 4779 2553 4832 quo
2595 4779 2758 4820 sensu
2789 4764 3010 4820 Ovidius
3056 4765 3301 4837 Magnus,
3347 4765 3515 4822 Clau-n

1928 4852 2119 4907 dianus
2150 4854 2393 4926 Magnus,
2421 4857 2755 4913 Theodosius
2785 4858 3018 4929 Exiguus
3044 4860 3508 4930 nuncupabantur,

1928 4955 1984 4998 ut
2016 4946 2194 5015 legere
2224 4948 2425 5016 poteris
2466 4950 2517 5003 in
2544 4949 2784 5015 Barthio,
2817 4954 2900 5005 loc
2949 4952 3040 5006 cit.
3072 4952 3166 5008 lib.
3201 4968 3272 5019 vr,
3304 4969 3422 5023 cap.
3455 4955 3509 5009 1.

1927 5036 2057 5091 Eam
2088 5039 2406 5109 elegantiam
2453 5043 2653 5098 nostris
2681 5058 2894 5114 quoque
2937 5047 3173 5101 moribus
3219 5048 3512 5103 adhaesisse

1922 5129 1974 5183 in
2009 5131 2157 5186 libris
2197 5149 2421 5203 quorum
2447 5152 2573 5191 usus
2601 5146 2684 5193 est
2714 5138 2763 5192 in
2796 5139 2990 5193 schofis
3013 5141 3508 5210 grammaticorum,

1922 5231 2120 5278 norunt
2152 5228 2319 5293 ptteri,
2348 5229 2542 5299 quique
2572 5245 2765 5298 pueros
2792 5231 3009 5287 docent.

1990 5312 2081 5370 43.
2123 5315 2440 5373 Prudentius
2488 5336 2616 5373 vero
2668 5330 2851 5375 noster
2894 5320 3073 5392 Major
3110 5323 3347 5378 creditur
3389 5337 3511 5377 esse

1923 5404 2096 5461 dictus
2128 5417 2186 5462 ut
2234 5425 2262 5462 a
2304 5412 2515 5466 exteris
2547 5413 2901 5468 discernatur.
2935 5413 3192 5468 Melchior
3221 5414 3509 5469 Goldastus

1922 5498 2155 5567 quinque
2197 5499 2513 5556 Prudentios
2552 5501 2826 5569 distinguit
2859 5505 2909 5557 in
2953 5504 3083 5559 edit.
3119 5505 3335 5569 Weits.,
3382 5518 3505 5573 pag.

1922 5630 2061 5708 gilii,
2093 5639 2147 5684 et
2172 5630 2224 5685 in
2245 5631 2449 5708 litteris
2497 5633 2561 5708 ad
2606 5633 2919 5708 Weitzium;
2971 5638 3253 5694 Zacharias
3288 5640 3501 5708 Victor,

1922 5702 2193 5771 'l'opicar.,
2227 5701 2355 5758 diss.
2396 5704 2481 5773 ll,
2510 5703 2733 5777 disquis.
2766 5707 2825 5765 ‘3.
2849 5709 3046 5764 Conler
3070 5723 3192 5780 cap.
3225 5711 3282 5769 4.
