4016 6182
479 266 586 328 5‘53

1902 260 2356 325 PRUDENTIUS.
3642 284 3726 340 5(‘6

475 384 1076 445 5l9:'l‘eriasonensem
1088 379 1396 455 episcopum
1412 383 1551 440 circa
1576 397 1771 439 annum
1787 383 2070 449 300,hunc
2103 389 2149 441 A
2181 392 2289 439 tam
2319 388 2604 456 postremis
2631 388 2713 445 his
2742 390 2954 447 sarculis
2982 402 3258 461 enarrant,
3311 402 3563 466 tanquam
3588 401 3727 455 scele-

477 492 720 537 nastrum
737 488 967 549 poetam;
982 476 1466 532 alium'l‘rceensem
1486 477 1537 531 in
1551 475 1721 532 Gallia
1733 475 2068 546 episcopum;

474 583 775 641 auctorem,
806 572 909 644 27
943 577 998 624 ut
1026 578 1211 638 putat,
1242 567 1463 639 hymni,
1494 567 1655 639 Virgo
1694 568 1789 622 Dei
1808 567 2069 635 genittt'x,

474 681 637 735 quem
668 664 883 721 codices
921 677 1051 717 mss.
1086 660 1379 715 Prudentia
1411 660 1687 716 ascribunt
1727 659 1893 732 (Vide
1920 674 2066 731 num,

475 759 603 823 98);
634 765 883 828 quartum
910 796 926 821 ,
957 753 1280 810 monachum
1314 750 1639 807 Germanum
1685 759 2067 822 pneceptorem

473 848 757 911 Walafridi
802 846 1002 911 Strabi,
1054 844 1374 915 scriptorem
1416 844 1735 923 hymnorum
1765 842 1834 898 de
1862 841 2065 897 Nativi-

477 950 585 997 tate
614 940 847 1007 Domini,
869 937 1033 993 Corde
1059 947 1207 992 natus
1240 952 1305 992 ea:
1330 936 1576 1005 parentis,
1609 944 1664 991 et
1689 935 1756 990 de
1784 933 2066 999 Passione,

482 1033 625 1087 Vidit
651 1033 836 1105 anguis
861 1031 1205 1085 immolatum.
1236 1028 1339 1083 Hic
1368 1038 1467 1097 est,
1490 1029 1594 1095 ait,
1619 1028 1687 1081 ad
1718 1030 1863 1101 cujus
1912 1025 2065 1094 diﬁc-

474 1128 679 1180 ritatem
705 1123 1021 1179 Prudentius
1042 1121 1274 1178 Clemens
1299 1120 1473 1193 Major
1496 1130 1683 1192 captus
1698 1129 1772 1174 est
1792 1118 2064 1190 appellari.

477 1217 572 1273 llis
590 1217 834 1287 quintum
864 1213 1215 1270 Prudentium
1243 1225 1343 1267 suo
1370 1210 1614 1281 beneﬁcio
1639 1219 1687 1263 et
1715 1209 1952 1295 comitate
1972 1205 2068 1261 ad-

476 1313 575 1378 dit,
610 1308 959 1366 Prudentium
987 1308 1271 1362 Ammnum
1294 1303 1584 1359 Prudentia
1604 1303 1866 1358 Clementi
1888 1314 2067 1370 requa-

475 1402 607 1469 lem,
633 1408 727 1454 aut
746 1415 853 1453 non
874 1396 1032 1453 valde
1062 1395 1392 1451 inferiorem.
1429 1394 1678 1449 Attamen
1716 1392 1856 1449 hunc
1883 1395 2066 1451 Amm-

477 1509 606 1560 num
648 1509 678 1548 a
707 1491 1007 1548 Prudentia
1034 1490 1343 1560 neutiquam
1374 1502 1497 1546 esse
1522 1487 1825 1552 diversum,
1855 1502 1975 1543 cum
1998 1486 2066 1543 de

475 1587 593 1656 ejus
624 1585 921 1642 Dittochazo
944 1595 1153 1655 agetur,
1181 1583 1638 1640 demonstrabitur
1662 1601 1675 1636 :
1703 1582 1846 1653 quod
1868 1600 2064 1638 nomen

2177 486 2353 533 ratum
2399 494 2463 533 ac
2490 481 2755 551 perditum
2794 484 3187 542 adolescentem
3219 499 3617 559 repraesentant.
3646 492 3731 548 ιλιι

2173 570 2438 641 dewigius
2472 588 2593 628 cum
2618 574 2677 630 S.
2709 576 3005 647 Augustino
3044 588 3339 649 comparat,
3388 581 3443 638 in
3487 599 3594 652 quo
3618 586 3727 640 nihil

2173 671 2259 716 est
2278 664 2457 719 simile
2480 678 2496 718 :
2521 679 2645 719 nam
2669 665 2998 737 Augustinus
3026 670 3342 740 gravissima
3389 673 3629 742 quaedam
3650 691 3728 730 sua

2174 761 2393 817 peccata
2420 768 2526 807 non
2567 753 2741 810 solum
2774 755 2826 810 in
2866 770 3088 826 genere,
3121 758 3215 814 sed
3248 760 3302 815 in
3331 763 3512 830 specie
3555 772 3608 817 et
3642 765 3732 819 sin-

2173 842 2401 912 gillatim
2425 845 2705 902 confessus
2726 858 2829 903 est.
2869 848 3060 905 Biscus
3112 849 3413 921 Hispanicis
3440 855 3619 910 verbis
3658 872 3733 911 ea-

2172 931 2295 988 dem
2325 934 2454 989 vitia
2481 936 2659 1006 ample
2686 941 3027 1008 exaggeravit
3056 957 3069 994 :
3104 940 3175 997 Se
3199 943 3317 1015 dejo
3346 956 3579 999 arrustar
3600 946 3654 1000 de
3673 947 3733 1002 los

2172 1024 2359 1081 vicies.
2378 1065 2392 1081 .
2410 1063 2423 1079 .
2452 1027 2774 1083 manchando
2802 1046 2865 1084 su
2890 1046 3107 1086 corazon
3128 1073 3144 1097 ,
3189 1036 3409 1088 amando
3463 1037 3540 1091 los
3595 1046 3732 1109 torpes

2171 1119 2393 1188 deleytes
2419 1120 2486 1174 de
2505 1121 2557 1174 la
2576 1136 2747 1175 carne.
2776 1122 2843 1175 Et
2866 1124 2986 1192 quis
3007 1138 3111 1179 non
3135 1124 3236 1181 hoc
3262 1125 3374 1182 fere
3394 1128 3559 1182 modo
3589 1130 3729 1199 loqui-

2173 1210 2301 1264 tur?
2323 1209 2601 1268 Fabricius
2643 1212 2865 1268 ulterius
2914 1229 3229 1285 progressus
3255 1217 3483 1273 afﬁrmat
3534 1220 3589 1274 in
3635 1231 3731 1291 toga

2170 1315 2361 1355 causas
2388 1302 2597 1372 iniquas
2617 1303 2969 1361 Prudentium
2992 1308 3190 1378 egisse,
3213 1309 3356 1380 quod
3381 1312 3585 1381 pariter
3607 1314 3732 1369 colli-

2167 1392 2245 1461 git
2274 1407 2344 1446 ex
2375 1392 2473 1447 hac
2500 1393 2609 1463 ipsa
2636 1395 2970 1464 praefatione.

2237 1484 2328 1542 45.
2369 1486 2630 1557 Equidem
2682 1505 2790 1545 non
2843 1490 3065 1546 libidine
3121 1492 3301 1564 aliqua
3342 1496 3735 1552 commendandl

2170 1576 2539 1646 Prudentium,
2566 1594 2671 1635 non
2698 1583 3087 1640 consuetudine
3114 1598 3421 1641 nostrorum
3452 1599 3731 1657 temporum

476 1676 556 1734 illi
583 1680 655 1734 ob
690 1679 891 1748 ingenii
919 1679 1282 1733 ammnitatem
1326 1686 1419 1732 aut
1466 1676 1569 1732 alia
1609 1677 1679 1732 de
1720 1691 1880 1732 causa
1912 1677 2070 1732 luerit
2167 1670 2442 1739 abrepluS,
2491 1686 2594 1742 (tua
2628 1682 2704 1727 tot
2732 1674 2993 1744 apologis:
3023 1675 3317 1744 pullulant,
3364 1688 3420 1734 et
3467 1690 3733 1749 quantum-

475 1771 806 1840 impositum.
838 1771 1137 1836 Tarralam,
1164 1769 1485 1841 Trugillum,
1529 1778 1585 1825 et
1610 1769 1913 1824 Ferrarium
1941 1769 2062 1828 Nic.
2096 1750 2140 1810 Β
2168 1760 2299 1816 libet
2324 1761 2624 1832 desperata:
2666 1777 2842 1821 causae
2870 1774 3122 1836 patronos
3166 1769 3396 1824 audaces
3439 1770 3729 1837 inveniunt.

473 1865 743 1918 Antonius
771 1871 923 1919 recte
942 1863 1202 1933 coarguit,
1233 1863 1377 1934 quod
1428 1878 1643 1918 sacrum
1688 1871 1900 1933 poetam
1928 1862 2061 1917 Pru-

473 1955 715 2010 dentium
762 1970 883 2010 cum
937 1954 1319 2012 'l‘uriasonensi
1386 1955 1638 2026 episcopo
1698 1954 2058 2012 contuderint.

472 2046 708 2102 Consule
731 2046 1102 2104 Bollandianos
1119 2047 1539 2114 continuatores,
1561 2046 1626 2102 ad
1647 2046 1790 2102 diem
1810 2047 1881 2103 28
1906 2048 2061 2116 Apri.

472 2137 541 2192 iis
576 2138 628 2192 in
655 2140 1046 2195 commentario
1075 2142 1279 2211 prmvio
1323 2140 1390 2195 ad
1440 2140 1615 2195 Vitam
1649 2140 1707 2197 S.
1750 2138 2056 2199 Prudentii.

472 2230 561 2297 qui
613 2231 943 2288 Bernardum
988 2233 1285 2290 Lueenscm
1331 2232 1569 2289 Tarralae
1606 2234 1923 2305 carterisque
1966 2234 2059 2290 ad-

468 2320 721 2391 jungunt,
753 2334 809 2377 et
855 2322 924 2377 de
967 2332 1127 2380 tetate
1171 2324 1449 2380 Prudentii
1506 2324 1915 2380 Turiasonensis
1970 2326 2060 2379 vix

472 2412 615 2466 aliud
642 2420 847 2469 certum
869 2428 989 2470 esse
1015 2425 1276 2482 statuunt,
1322 2416 1422 2472 nisi
1447 2432 1646 2472 annum
1698 2419 1906 2473 Domini
1954 2419 2060 2474 846

472 2502 702 2557 vivendo
724 2505 1100 2561 antecessisse.
1127 2506 1337 2563 Vixisse
1361 2523 1506 2581 anno
1534 2508 1641 2566 500
1666 2509 1956 2580 probabilis
1978 2519 2061 2566 est

471 2593 676 2662 opinio.

544 2686 637 2742 44.
676 2689 789 2758 Age
818 2704 978 2759 nunc,
1010 2706 1075 2747 ex
1106 2692 1225 2758 ipso
1244 2690 1537 2752 Prudentia
1572 2699 1895 2754 curriculum
1942 2699 2059 2769 ejus

470 2776 599 2833 vita:
625 2778 692 2833 ad
722 2794 920 2836 annum
956 2799 1124 2854 usque
1145 2787 1322 2842 aetatis
1341 2786 1409 2843 57
1429 2787 1733 2857 audiamus,
1764 2805 1829 2846 ex
1870 2791 2061 2861 praela-

472 2869 616 2927 tione
643 2871 712 2927 ad
736 2874 993 2932 carmina.

594 3005 695 3077 Per
717 3008 1049 3077 quinquennia
1061 3009 1160 3077 jam
1177 3010 1375 3077 decem,

529 3065 589 3139 Et
611 3065 767 3127 fallar,
792 3065 969 3139 rufulus
987 3084 1002 3121 :
1022 3065 1261 3139 septimus
1283 3065 1486 3139 insuper

428 3178 434 3184 ,
529 3133 1057 3203 Antium‘crardorotat,
1077 3133 1192 3203 dum
1214 3133 1417 3189 fruimur
1434 3137 1541 3191 sole
1562 3138 1781 3203 volubili,

595 3189 746 3242 lnstat
768 3197 1025 3253 terminus,
1043 3189 1103 3245 'et
1119 3196 1251 3246 diem

532 3253 751 3322 t'icinum
771 3257 912 3322 senio
930 3258 1025 3318 jam
1053 3258 1196 3322 Deus
1212 3260 1435 3322 applicat.

530 3316 662 3387 Quid
683 3330 772 3367 nos
794 3319 915 3387 utile
932 3316 1055 3367 tanti
1079 3316 1486 3387 spatio'temporis
1504 3322 1732 3387 egimus?

594 3376 727 3426 ditas
746 3380 896 3441 prima
918 3376 1232 3441 crepantibus

531 3435 690 3505 nevit
711 3435 804 3487 sub
821 3439 996 3505 ferulis
1010 3435 1031 3490 ἐ
1057 3455 1167 3505 mox
1192 3443 1355 3505 docuit
1374 3451 1486 3505 toga

534 3497 771 3549 Infectum
793 3502 922 3551 vitiis
939 3501 1056 3552 lalsa
1077 3500 1226 3567 loqui,
1252 3517 1348 3554 non
1368 3497 1475 3556 sine
1500 3508 1723 3560 crimine.

468 3620 738 3680 "actenus
768 3625 1008 3696 intelligo
1028 3634 1240 3682 aetatem
1272 3629 1520 3702 primam,
1562 3632 1844 3702 pueritiam
1874 3642 2053 3691 extre-

468 3724 633 3782 Inam,
665 3730 748 3783 ac,
783 3716 829 3772 si
855 3717 955 3781 vis,
984 3716 1361 3775 adolescentiae
1396 3721 1607 3776 initium
1638 3739 1808 3793 usque
1854 3726 1922 3780 ad
1952 3744 2051 3781 au-

468 3822 596 3861 nnm
623 3808 839 3863 circiter
861 3809 955 3875 20,
983 3825 1090 3880 quo
1126 3819 1369 3881 tempore
1414 3814 1879 3883 mendaciuncula,
1929 3819 2049 3888 qui-

468 3899 570 3956 bus
598 3899 709 3956 fere
735 3901 824 3956 illa
848 3914 977 3957 :etas
1022 3902 1214 3958 infecta
1252 3920 1376 3961 esse
1405 3908 1704 3973 consuevit,
1747 3910 1911 3964 animi
1956 3910 2055 3967 de-

467 3991 743 4062 missione,
773 4008 875 4065 qua
903 3994 1137 4050 maxime
1185 3997 1504 4062 excellebat,
1534 4009 1776 4069 accusat,
1808 4002 1908 4056 nisi
1941 4016 2054 4057 ma-

469 4082 535 4136 lis
560 4082 896 4153 intcrpretari
921 4087 1242 4141 rhetoricam
1284 4097 1340 4143 et
1377 4088 1731 4157 dialecticam,
1755 4092 1949 4160 quibus
1973 4094 2052 4147 la-

466 4173 755 4229 cultatihus
777 4190 939 4231 FALSA
967 4191 1121 4239 worn
1166 4178 1563 4247 quodammodo
1600 4183 1882 4251 caugruit;
1932 4200 2051 4253 qua:

467 4268 837 4335 interpretatio
864 4269 1194 4338 pracferenda
1221 4272 1454 4337 videtur,
1487 4288 1607 4328 cum
1638 4286 1694 4330 et
1722 4277 1940 4346 optimis
1968 4294 2052 4333 re-

466 4361 710 4415 centibus
738 4364 1252 4419 commentatorihus
1296 4366 1579 4436 placuerit,
1610 4378 1666 4423 et
1712 4369 1764 4423 in
1816 4369 2050 4440 antiquis

2162 1853 2261 1908 sed
2282 1868 2466 1909 amore
2486 1853 2728 1911 veritatis
2767 1856 3053 1927 impulsus,
3086 1858 3360 1916 Prudentii
3382 1860 3732 1918 defensionem

2162 1945 2471 2014 suscipiam.
2515 1947 2726 2003 Etenim
2755 1963 3068 2017 persuasum
3093 1950 3269 2006 habeo
3290 1953 3423 2007 nihil
3449 1953 3520 2008 ab
3542 1970 3609 2010 eo
3633 1970 3734 2010 esse

2160 2036 2360 2092 dictum
2402 2038 2544 2109 quod
2578 2054 2646 2093 ex
2679 2054 2773 2095 ore
2803 2040 3034 2096 hominis
3073 2043 3203 2112 justi
3233 2054 3289 2099 et
3313 2044 3615 2102 Christiana
3646 2048 3729 2101 hu-

2164 2132 2389 2186 militate
2418 2132 2627 2202 praediti
2653 2148 2759 2189 non
2814 2135 2984 2189 soleat
3013 2136 3283 2193 excidere.
3331 2138 3543 2194 Justum
3572 2141 3729 2195 homi-

2164 2238 2287 2278 nem
2315 2238 2437 2278 cum
2468 2223 2610 2292 dico,
2630 2224 2891 2293 justitiam
2917 2226 3158 2297 intelligo
3195 2228 3369 2298 Qualis
3400 2230 3455 2284 in
3479 2230 3728 2292 homines.

2162 2314 2287 2369 dum
2316 2315 2372 2368 in
2397 2315 2497 2371 hoc
2522 2315 2721 2371 sacculo
2760 2317 2965 2384 vivunt,
2988 2318 3152 2373 cadit.
3173 2318 3315 2374 Licet
3334 2322 3493 2386 enim,
3523 2324 3597 2376 ait
3619 2338 3731 2376 cono

2161 2407 2250 2462 cil.
2276 2406 2517 2463 Trideut.
2537 2448 2555 2475 ,
2582 2422 2719 2463 sese.
2747 2407 2801 2477 6,
2833 2409 2901 2464 de
2919 2408 3099 2465 Justii.
3130 2425 3251 2483 cap.
3285 2413 3371 2479 ll,
3400 2414 3454 2466 in
3480 2413 3577 2466 hac
3602 2431 3727 2468 moro

2163 2502 2256 2556 tali
2295 2503 2420 2569 vita,
2460 2506 2782 2573 quantumuis
2812 2505 2975 2559 sancti
3016 2514 3065 2559 et
3080 2508 3213 2577 justi
3251 2510 3306 2559 in
3328 2506 3461 2560 levia
3488 2507 3661 2561 saltem
3689 2516 3732 2561 et

2160 2594 2479 2663 quotidiana,
2515 2611 2632 2664 qua
2660 2595 2809 2649 etiam
2838 2596 3040 2650 venalia
3063 2598 3320 2661 dicuntur,
3354 2607 3559 2661 peccata
3583 2615 3731 2665 quatt-

2162 2686 2326 2757 doque
2368 2686 2576 2754 cadant,
2607 2704 2711 2742 non
2750 2699 3021 2759 propterea
3068 2689 3307 2744 desinunt
3355 2706 3464 2743 esse
3498 2692 3644 2760 justi.
3671 2691 3730 2745 Et

2161 2782 2418 2838 Proverh.
2449 2797 2567 2849 cap.
2596 2797 2740 2846 xxiv,
2765 2781 2836 2838 16
2860 2799 2873 2835 :
2905 2782 3104 2850 Septies
3151 2784 3286 2837 enim
3310 2786 3454 2838 cadet
3470 2788 3660 2856 justus,
3687 2798 3727 2839 et

2160 2883 2386 2943 resurget
2413 2874 2509 2944 (θ).
2544 2874 2667 2928 Haec
2708 2874 2870 2941 igitur
2900 2885 3141 2943 peccata,
3187 2876 3239 2929 in
3268 2891 3390 2944 qua:
3433 2876 3562 2946 justi
3598 2891 3731 2944 sape

2161 2965 2433 3031 labuntur,
2457 2973 2512 3019 et
2539 2963 2623 3018 lex
2647 2963 2735 3019 illa
2764 2979 2921 3033 quam
2952 2964 3240 3033 Apostolus
3280 2966 3393 3033 ipse
3413 2968 3724 3035 experieba-

2166 3070 2252 3113 tur
2279 3060 2334 3114 in
2369 3057 2625 3113 membris
2641 3057 2753 3111 suis
2775 3069 3157 3127 repugnantem
3189 3058 3290 3129 legi
3310 3062 3507 3114 mentis
3531 3075 3659 3127 suae,
3679 3070 3725 3112 et

2158 3152 2513 3221 captivantem
2554 3165 2677 3205 eum
2725 3150 2778 3204 in
2815 3150 2986 3218 legem
3027 3151 3251 3220 peccati,
3299 3153 3431 3206 satis
3477 3167 3727 3221 superque

2158 3254 2286 3299 sunt
2322 3253 2376 3297 ut
2420 3242 2582 3298 verba
2631 3242 2905 3297 Prudentii
2965 3243 3033 3298 ab
3074 3242 3289 3298 homine
3322 3243 3472 3313 jusm
3498 3244 3723 3299 adhiberi

2162 3341 2367 3409 possint
2396 3331 2523 3393 tam'
2550 3352 2677 3393 vere
2724 3352 2883 3408 quam
2940 3337 3233 3394 humiliter.
3278 3340 3427 3394 Libet
3466 3343 3603 3395 enim
3632 3340 3722 3394 hac

2159 3430 2467 3485 Christiano
2506 3429 2766 3484 vocabulo
2805 3429 2882 3483 uti
2909 3468 2927 3496 ,
2979 3444 3103 3484 cum
3152 3440 3366 3487 veteres
3396 3430 3570 3486 Latini
3617 3446 3718 3486 eam

2159 3524 2267 3593 29
2288 3524 2559 3586 virtutem,
2589 3537 2747 3590 quam
2775 3537 2841 3577 ne
2870 3522 3229 3591 agnoscebant
3256 3523 3494 3593 quidem,
3524 3524 3722 3594 proprio

2157 3617 2373 3671 nomine
2404 3630 2508 3668 non
2535 3614 2870 3670 donaverint.
2903 3614 3150 3671 Proiecto
3193 3615 3250 3671 S.
3302 3616 3649 3687 Hieronymus
3673 3616 3721 3669 in

2156 3706 2392 3777 epitaph.
2427 3707 2630 3773 Paulae,
2655 3718 2786 3763 tam.
2815 3708 2833 3762 1
2863 3722 3046 3776 oper.,
3076 3723 3223 3762 num.
3258 3709 3356 3770 l5,
3405 3709 3457 3762 id
3489 3718 3630 3763 notat
3664 3710 3723 3761 de

2156 3800 2215 3854 S.
2247 3799 2407 3853 l’aula
2436 3815 2448 3850 :
2484 3796 2548 3851 In
2569 3815 2672 3867 qua
2710 3801 2873 3868 fontes
2897 3799 3128 3853 crederes
3156 3797 3525 3869 lacrymarum.
3556 3797 3637 3853 Ita
3660 3800 3723 3853 le-

2153 3896 2236 3949 via
2268 3903 2474 3962 peccata
2503 3893 2795 3964 plangebat,
2825 3904 2878 3946 ut
2925 3894 3070 3947 illam
3112 3895 3531 3964 gravissimorum
3566 3894 3724 3947 crimi—

2156 4006 2278 4042 num
2307 3990 2535 4042 crederes
2570 4003 2734 4041 reant.
2784 3988 2933 4042 Pleni
2974 3996 3100 4041 sunt
3143 3986 3262 4041 Ιιδτί
3314 3988 3546 4058 mystici,
3582 3986 3718 4055 plena

2154 4092 2271 4137 acta
2302 4091 2611 4136 sanctorum
2637 4079 2944 4148 hujusmodi
2977 4082 3256 4149 exemplis,
3290 4096 3409 4149 quae
3429 4078 3719 4148 singillatim

2154 4188 2440 4229 recensere
2470 4188 2574 4226 non
2605 4184 2782 4228 vacat.
2806 4172 2929 4241 Legi
2954 4184 3175 4240 possunt
3201 4188 3322 4242 quae
3360 4173 3721 4228 innocentissi-

2154 4282 2239 4320 ma
2269 4266 2418 4336 virgo
2447 4265 2505 4319 S.
2536 4263 2786 4319 Thereaia
2827 4264 2894 4317 de
2944 4278 3005 4317 se
3034 4274 3235 4329 narrat,
3293 4267 3567 4333 exponen’s
3608 4262 3721 4333 quid

2154 4359 2325 4428 egerit
2346 4370 2630 4428 antequam
2661 4357 3045 4411 monasterium
3078 4357 3466 4427 ingrederetur.

466 4452 662 4520 glassis
690 4454 1007 4522 reperiatur.
1039 4453 1461 4526 Caesaraugustae
1491 4459 1682 4513 litteris
1705 4476 1923 4528 operam
1958 4477 2053 4514 na-

2227 4452 2315 4506 46.
2376 4450 2484 4505 Nec
2542 4465 2762 4505 movere
2814 4464 3135 4519 quemquam
3185 4450 3383 4506 debent
3421 4451 3598 4520 gravia
3643 4448 3721 4502 illa

466 4556 623 4598 vasse
662 4544 763 4598 sub
785 4544 943 4599 Petro
971 4553 1183 4600 oratore
1229 4564 1334 4602 non
1365 4558 1569 4605 temere
1618 4552 1835 4620 COIIjitfll
1863 4552 2052 4608 iliscus

468 4647 531 4685 ex
564 4633 623 4688 S.
660 4634 969 4705 llicronym.
1001 4636 1067 4690 ad
1099 4639 1208 4707 28
1243 4654 1331 4692 an.
1380 4641 1486 4695 556
1517 4642 1570 4695 in
1617 4640 1919 4698 Chronico:
1954 4642 2052 4697 Pe-

469 4734 579 4775 trus
621 4723 1029 4797 Caesaraugusta
1082 4741 1254 4782 orator
1296 4731 1515 4802 insignis
1548 4734 1690 4788 docet
1722 4734 1822 4805 (a).
1871 4734 2050 4807 Pergit

468 4812 808 4867 Prudentius.

651 4924 775 4996 'l_'um
800 4926 975 4996 lasciva
996 4935 1307 4996 protervitas,

591 4986 655 5060 Et
676 4987 821 5060 luxus
831 4986 1083 5060 petulans,
1104 4994 1201 5043 heu
1214 4986 1392 5060 pudet,
1411 5010 1468 5048 ac
1490 4999 1648 5060 piget,

591 5048 807 5102 Fwdavtt
820 5048 1057 5115 juvenem
1072 5048 1308 5118 nequitia:
1330 5048 1575 5124 sordibus:
1590 5048 1656 5112 'aé
1678 5061 1796 5113 luto.

362 5184 365 5187 '
462 5176 538 5230 En
573 5177 737 5232 verba
769 5179 964 5248 quibus
990 5182 1261 5236 accusatio
1288 5185 1465 5241 omnis
1493 5186 1756 5245 adversus
1782 5189 2051 5260 juvenilia

459 5269 740 5325 l’rudentii
767 5271 993 5328 crimina
1026 5273 1272 5331 innititur
1299 5295 1312 5333 :
1346 5290 1609 5353 quotquot
1638 5286 1781 5341 enim
1834 5285 1950 5355 ejus
1970 5290 2050 5344 vi-

533 5454 616 5528 (a)
654 5457 823 5529 Hujus
861 5460 1004 5516 Petri
1051 5465 1266 5519 nomine
1284 5465 1485 5522 editum
1512 5468 1802 5525 chronicon
1836 5473 1879 5533 si
1911 5473 2047 5529 forte

465 5528 528 5578 ad
559 5538 674 5608 nias
697 5528 889 5608 inaniis
908 5536 1233 5601 pervenerit,
1253 5541 1414 5605 scias,
1446 5541 1720 5608 pervelim,
1746 5544 1814 5596 ab
1838 5528 1902 5597 iis
1922 5528 2044 5599 esse

466 5598 781 5680 sttnﬁctutu,
802 5604 890 5680 qui
910 5598 967 5657 'ul
987 5621 1079 5680 sna
1111 5598 1315 5660 satu-nia
1348 5598 1720 5680 ven-(litarent,
1751 5598 2042 5670 celeberri;

466 5680 553 5746 tua
570 5675 913 5746 antiquitatis
940 5678 1152 5730 nomina
1196 5692 1537 5746 usurparunt“.

536 5740 614 5807 (ὁ)
656 5739 875 5800 υὺίυιεὲ
915 5762 1020 5802 non
1068 5739 1369 5806 inveniatur
1424 5752 1573 5820 illud,
1630 5754 1770 5824 quod
1821 5756 2041 5822 plurimi

2159 4545 2319 4600 verba
2346 4560 2464 4614 qua:
2492 4543 2811 4598 Prudentius
2838 4544 3110 4611 usurpavit
3136 4560 3148 4595 :
3176 4542 3387 4597 Lasciva
3422 4542 3719 4612 proterritus,

2158 4639 2176 4692 ι
2186 4658 2192 4667 ν
2212 4655 2311 4693 xns
2342 4637 2600 4706 petulans,
2628 4622 2823 4696 sordes,
2855 4645 2903 4688 et
2948 4637 3111 4687 lutum
3150 4636 3387 4704 nequitia:
3410 4652 3429 4688 :
3450 4651 3566 4688 nam
3598 4647 3724 4702 prte-

2159 4741 2397 4801 tcrquam
2428 4731 2567 4800 quod
2596 4727 2861 4782 similibus
2890 4735 2980 4780 ant
3008 4726 3365 4780 atrocioribus
3402 4724 3575 4779 verbis
3602 4738 3723 4777 non-

2158 4826 2284 4878 nulli
2332 4821 2543 4888 sancti,
2593 4820 2684 4890 qui
2728 4821 2887 4874 vitam
2935 4819 3274 4872 innocentem
3322 4819 3602 4883 vixerunt,
3652 4814 3722 4868 usi

2157 4924 2320 4980 sunt,
2367 4928 2473 4967 non
2506 4921 2612 4966 tam
2641 4911 2729 4964 illa
2760 4916 2885 4963 sunt
2904 4909 3081 4977 gravia
3111 4923 3268 4977 quam
3316 4908 3579 4977 plerisque
3622 4905 3723 4958 for-

2156 5020 2298 5065 tasse
2347 5009 2607 5062 videatur.
2661 5004 2738 5058 Eo
2785 5003 2928 5057 enim
2976 5002 3153 5055 omnia
3198 5002 3429 5070 denique
3477 5000 3720 5058 recidunt,

2157 5113 2213 5157 ut
2241 5101 2617 5172 explicandum
2649 5100 2721 5153 sit
2765 5097 2888 5168 quid
2928 5096 3166 5165 nequitia:
3208 5095 3423 5149 nomine
3460 5093 3621 5148 Latini
3653 5091 3725 5141 in-

2158 5196 2489 5254 tellexet-int.
2518 5194 2850 5248 Christianus
2874 5191 3202 5257 Bccmanus,
3234 5189 3302 5243 de
3327 5188 3527 5257 Origin.
3559 5184 3721 5239 Latin.

2156 5297 2350 5362 linguae
2372 5332 2387 5357 ,
2433 5287 2598 5342 verba
2631 5285 2856 5355 quuor,
2888 5284 3106 5339 Perotto
3153 5281 3484 5347 adversatur,
3530 5277 3611 5349 qui
3640 5290 3723 5327 ne-

2156 5471 2380 5533 addunt,
2410 5469 2462 5518 in
2490 5467 2590 5526 die,
2645 5471 2822 5519 tamen
2872 5458 3075 5514 veritas
3128 5456 3409 5511 sentcntiae
3452 5455 3724 5533 multorum

2153 5522 2471 5597 auctoritate
2509 5522 2690 5602 posset
2716 5532 3018 5605 conﬁrmari
3052 5544 3066 5593 ;
3102 5543 3283 5605 natura
3340 5522 3724 5605 lelttporgcﬁ:

2415 5590 2616 5660 aild'itiu
2658 5604 2850 5671 legitur
2890 5590 3060 5654 facta.
3097 5594 3593 5671 .llattifeatclinqnjt
3641 5590 3726 5666 ille

2154 5664 2349 5737 titillat.
2382 5695 2513 5739 χχιι,
2551 5692 2670 5743 ων.
2708 5664 2807 5741 Ῑῦ)
2839 5672 3114 5734 Scriptura
3154 5664 3490 5739 pronuntiat,
3536 5664 3724 5732 Stpflt'!

2152 5756 2201 5808 in
2235 5755 2316 5807 dc
2345 5750 2481 5804 cadit
2497 5750 2694 5817 justus,
2730 5754 2777 5799 et
2808 5744 3047 5812 resurgit.
