4000 6176
257 251 359 309 597

1583 234 1589 239 ’
1665 250 2186 309 PROLEGUMENA.

3418 266 3523 324 598

256 380 408 429 quam
450 358 576 418 facit
614 375 647 416 ι
691 377 752 417 ne
801 370 855 416 et
901 376 1062 433 queo;
1103 360 1380 419 ferendum
1426 362 1473 415 id
1520 373 1694 427 esset,
1727 362 1825 416 nisi
1857 372 1905 424 Λ
1934 363 2108 432 steph.
2135 364 2350 429 emicat,
2378 365 2629 421 virtutem
2660 367 2926 437 propriam
2950 369 3195 441 300550
3224 372 3515 443 Prudentii,

260 456 484 510 \‘arroni
537 468 786 525 quoque,
832 454 965 525 qui,
1013 454 1105 509 lib.
1157 470 1209 509 Ix
1258 454 1375 510 Lat.
1431 454 1587 524 ling.,
1634 468 1664 508 a
1694 469 1756 508 ne
1784 462 1841 509 et

253 552 531 621 quidquam
556 549 793 618 deducit,
822 540 1168 618 repugnaret,
1195 559 1412 619 putans,
1451 567 1666 620 nequam
1692 564 1722 603 a
1751 565 1834 614 ne,

252 655 301 694 et
350 658 549 710 aequum
596 640 896 696 rectissime
922 641 1046 708 dici,
1079 650 1138 696 ut
1164 658 1381 709 nequam
1422 643 1493 697 sit
1517 640 1709 707 ἄδικος,
1750 666 1836 698 κα-

255 736 360 798 κὸς,
391 729 634 807 ἆρχειοςς
661 732 802 802 quod
845 732 1023 802 arguit
1045 732 1353 800 deductum,
1391 748 1423 788 a
1452 750 1645 805 ualuas
1695 735 1835 806 (pro

248 840 359 893 quo
403 826 602 879 utimur
644 823 885 892 nequam)
924 826 1184 896 nequitia,
1218 836 1276 880 ut
1316 841 1347 882 a
1391 826 1562 881 malus
1610 827 1831 880 malitia.

244 914 391 982 Quid
453 915 502 970 si
549 924 765 970 veteres
817 915 989 971 Latini
1040 932 1073 972 a
1122 917 1454 988 nequicquam
1501 916 1836 973 deducebant

248 1006 413 1062 etiam
443 1008 703 1076 nequitia?
739 1007 949 1074 Cicero,
976 1008 1221 1075 Tuscul.,
1240 1009 1368 1064 edit.
1400 1009 1522 1063 Ald.
1550 1024 1668 1078 pag.
1695 1010 1828 1065 I94:

251 1099 425 1169 Νεᾳαὶ
448 1101 532 1166 ia,
562 1102 794 1171 quamvis
838 1101 932 1155 hoc
962 1102 1144 1155 durius
1184 1104 1441 1167 videatur,
1487 1107 1550 1156 ab
1596 1120 1653 1157 eo
1692 1106 1832 1173 quod

244 1192 583 1259 nequicquam
614 1203 684 1245 est
711 1192 765 1245 iu
797 1192 891 1246 tali
917 1195 1121 1248 frontiue
1140 1238 1153 1256 ,
1180 1210 1244 1248 ea:
1273 1209 1374 1265 quo
1405 1195 1543 1250 idem
1573 1195 1722 1249 nihili
1745 1196 1827 1248 di-

244 1284 404 1336 citur.
434 1282 609 1348 Quare
641 1283 929 1355 nequitiam
981 1286 1095 1339 fere
1141 1301 1236 1354 pro
1286 1286 1477 1343 inertia
1507 1287 1645 1344 idem
1678 1303 1831 1343 usur-

240 1382 367 1441 pat,
402 1373 452 1426 in
478 1372 693 1427 Catilin.
713 1414 727 1438 ,
756 1389 875 1445 pag.
906 1374 973 1429 98
1000 1395 1011 1428 :
1035 1375 1157 1429 Jam
1186 1394 1262 1432 me
1291 1379 1459 1448 ipsum
1488 1380 1704 1447 iuertiw,
1734 1396 1827 1433 ne-

243 1464 516 1533 quitiaeque
542 1465 855 1531 condemno;
882 1476 931 1521 et
967 1483 1082 1536 pag.
1114 1467 1214 1524 105
1238 1488 1248 1520 :
1276 1467 1470 1525 laertia
1497 1486 1556 1524 ac
1585 1472 1828 1541 nequitia.

244 1555 452 1612 Eodem
480 1558 729 1628 pertinet,
761 1561 900 1630 quod
932 1559 1250 1617 Prudentius
1277 1564 1387 1618 ait:

293 1687 435 1747 Quid
457 1702 548 1741 nos
570 1690 691 1745 utile
716 1694 835 1743 tanti
860 1696 1013 1755 spatio
1034 1698 1268 1758 temporis
1288 1700 1516 1761 egimus?

242 1813 309 1869 Et
342 1815 479 1870 infra
510 1816 578 1871 de
609 1817 761 1871 bonis
789 1827 844 1873 et
873 1820 1026 1875 malis
1053 1823 1275 1877 fortuna:
1303 1839 1317 1875 :

370 1948 591 2013 Nunquid
616 1950 727 1999 talia
753 1952 1019 2013 proderunt

298 2008 479 2060 Carnis
499 2008 609 2073 post
626 2008 811 2063 obitum
834 2015 913 2064 vel
933 2018 1078 2078 bona,
1103 2018 1182 2068 vel
1209 2019 1363 2071 mala?

238 2134 429 2204 Itaque
456 2135 777 2194 Prudentius
825 2141 993 2195 otium
1021 2180 1038 2207 ,
1068 2142 1314 2200 inertiam
1340 2184 1356 2212 ,
1395 2160 1555 2216 opera
1596 2164 1716 2219 quae
1758 2150 1825 2204 ad

236 2227 471 2280 salutem
510 2237 766 2286 internum
802 2234 1233 2303 consequendam
1278 2237 1410 2292 nihil
1439 2239 1826 2307 conducerent,

235 2326 504 2385 peceata,
550 2322 795 2389 quamvis
840 2337 949 2378 non
996 2326 1177 2393 gravia
1203 2367 1218 2391 ,
1264 2327 1318 2383 in
1361 2345 1481 2398 quae
1502 2330 1828 2399 juvenilibus

236 2412 542 2473 “mserum
569 2413 725 2466 annis
754 2413 1035 2482 inciderit,
1081 2417 1253 2486 potuit
1279 2421 1526 2476 versibus
1566 2424 1824 2491 expositis

231 2501 373 2557 nere
412 2513 469 2558 et
514 2503 715 2561 dolere.
771 2510 849 2562 Ac
894 2523 1080 2578 reapse
1110 2510 1240 2567 nihil
1287 2513 1339 2567 in
1376 2529 1443 2569 eo
1470 2515 1655 2581 fuisse,
1682 2519 1825 2587 quod

230 2593 560 2648 sceleratam
589 2595 751 2651 vitam
776 2638 791 2663 ,
823 2609 915 2654 aut
954 2604 1264 2670 paganismo
1292 2604 1563 2675 deditam,
1597 2611 1739 2678 quod
1771 2612 1824 2665 in

227 2682 425 2738 codice
489 2684 748 2741 Vaticano
795 2690 1062 2759 sequioris
1126 2697 1231 2748 alvi
1282 2694 1477 2765 legitur
1524 2700 1695 2769 possit
1739 2716 1826 2757 ar-

229 2789 438 2843 guere,
490 2786 637 2834 recte
681 2781 951 2851 colligitur
996 2799 1067 2839 ex
1112 2786 1230 2855 ejus
1258 2787 1590 2858 humilitate,
1620 2810 1743 2864 quae
1771 2796 1825 2852 in

227 2866 486 2922 omnibus
510 2872 765 2936 0,.eribus
790 2873 1088 2932 clati~sime
1111 2880 1324 2935 elucet:

283 2976 423 3035 Quid
445 2990 535 3026 nos
556 2979 676 3029 utile
698 2983 816 3031 tanti
842 2962 1001 3045 spatio
1021 2991 1253 3048 temporis
1275 2993 1469 3053 egimus
1484 2995 1509 3045 τ

1943 454 2034 522 qui
2072 454 2123 508 in
2155 454 2260 510 line
2292 455 2474 526 hymni
2507 456 2574 512 de
2605 458 2661 514 S.
2693 457 2934 513 Romano
2972 476 3030 515 se
3060 461 3268 517 hmdum
3293 464 3523 535 jungen-

1940 545 2066 599 dum
2104 546 2269 601 hircis
2298 564 2327 600 τι
2368 547 2534 603 latere
2559 548 2778 603 sinistro
2813 549 3007 619 judicis
3044 551 3267 607 dicens:
3294 556 3522 628 Longius

1939 641 2100 693 nimia
2148 640 2437 695 humilitate
2481 643 2631 697 etiam
2680 660 2713 698 a
2752 660 2866 698 vero
2897 646 3173 701 mediatore
3197 652 3420 718 secessit,
3453 650 3521 705 de

1936 745 2042 797 quo
2086 745 2185 785 nos
2232 732 2337 785 alio
2388 732 2526 787 loco.
2570 733 2721 789 Nunc
2758 736 2900 791 enim
2930 737 3101 792 solum
3150 739 3376 796 observo
3430 740 3520 795 Iti-

1935 838 2084 877 scum
2112 831 2168 878 et
2194 823 2487 891 Barthium,
2520 827 2608 896 qui
2639 835 2834 882 tantam
2860 828 3131 885 Prudentii
3164 830 3517 889 humilitatem

1934 926 2265 984 agnoscunt,
2298 933 2407 973 non
2450 918 2700 975 debuisse
2726 935 2794 976 ex
2842 923 2959 992 ejus
2987 924 3169 981 verbis
3196 925 3402 984 scelera
3425 928 3514 996 ju-

1934 1006 2175 1062 ventutis
2200 1023 2524 1079 exsggerare
2548 1051 2567 1079 ,
2609 1011 2879 1085 simulque
2920 1014 3151 1071 hominis
3196 1016 3517 1073 modestiam

1933 1096 2085 1152 fateri
2115 1100 2217 1171 (a).

2002 1192 2092 1247 67.
2134 1191 2248 1247 Non
2280 1193 2435 1251 video
2483 1198 2573 1266 qui
2604 1196 2719 1253 iure
2744 1200 3050 1256 cohaereant
3082 1219 3095 1255 :
3139 1215 3263 1258 nam
3305 1203 3353 1259 si
3382 1204 3517 1260 Pru-

1931 1284 2146 1339 dentius
2195 1287 2353 1342 nimia
2401 1289 2689 1347 humilitate
2735 1293 2889 1364 longe
2935 1297 3236 1365 processit,
3278 1299 3325 1352 si
3368 1300 3421 1353 in
3450 1299 3511 1355 S.

1932 1373 2261 1442 Laurentio,
2310 1378 2416 1433 imo
2462 1382 2658 1448 passim
2707 1383 2757 1437 in
2788 1385 2901 1439 suis
2942 1387 3287 1454 carminibus,
3321 1388 3516 1458 repetit

1929 1465 2142 1532 similia,
2159 1467 2351 1535 quibus
2372 1470 2575 1524 nullum
2601 1472 2723 1526 vitae
2744 1488 2855 1527 sua:
2884 1485 3092 1545 tempus
3113 1477 3314 1533 utiliter
3340 1488 3515 1533 trans-

1925 1563 2105 1609 actum
2134 1557 2345 1613 videtur
2368 1575 2681 1629 agnoscere,
2713 1563 2845 1617 nihil
2870 1580 3048 1620 canem
3076 1581 3172 1621 cur
3198 1581 3302 1622 non
3335 1568 3512 1622 omnia

1932 1643 2236 1714 bujusmodi
2289 1648 2432 1705 dicta
2494 1650 2781 1707 humilitati
2831 1657 3185 1712 ascribantur.
3238 1659 3514 1729 Siquidem

1857 1731 1901 1789 Β
1930 1747 2141 1793 constat
2204 1749 2403 1809 quanto
2450 1743 2666 1811 pietatis
2716 1760 2879 1801 sensu
2930 1758 3224 1819 martyrum
3269 1751 3513 1819 sepulcra

1931 1830 2187 1886 inviseret
2217 1833 2315 1900 (ὁ).
2338 1831 2535 1888 Omitto
2563 1844 2655 1888 aint
2678 1837 2854 1891 omnia
2885 1850 2977 1892 aut
3008 1840 3259 1910 pleraque
3278 1843 3512 1897 carmina

1930 1933 2054 1978 ante
2100 1923 2466 1991 praefationem
2519 1927 2648 1982 mihi
2683 1929 2845 1984 rideri
2897 1930 3063 1989 fuisse
3110 1935 3427 2004 composita,
3459 1946 3516 1990 ut

1932 2024 2114 2084 postea
2161 2017 2467 2073 declarabo.
2500 2020 2713 2077 Etenim
2763 2023 2876 2078 sive
2923 2034 3118 2092 antea,
3171 2032 3289 2082 s've
3329 2040 3511 2097 postea

1930 2104 2131 2160 fuerint
2157 2108 2374 2176 scripta,
2402 2111 2632 2165 hominis
2664 2113 2733 2182 pii
2754 2112 2991 2184 justique
3022 2116 3291 2174 humilitas
3319 2134 3381 2173 ex
3409 2118 3514 2173 ilfis

1928 2199 2177 2254 omnibus
2204 2212 2422 2269 apparet
2466 2201 2559 2273 (c).
2591 2203 2773 2275 Neque
2801 2205 2972 2261 dicam
3008 2222 3165 2276 quam
3207 2222 3265 2262 se
3295 2209 3512 2263 inferio-

1928 2305 2042 2342 rem
2068 2289 2393 2362 Symmacho
2420 2293 2809 2365 incloquentia
2841 2299 3237 2355 existimaverit
3278 2301 3330 2355 in
3377 2318 3513 2361 nne-

1931 2379 2023 2435 fat.
2058 2382 2198 2438 lib.t
2242 2400 2256 2437 :
2307 2383 2439 2440 Sum
2482 2378 2634 2453 plane
2662 2390 3000 2457 temerarius,
3035 2400 3141 2447 etc.
3183 2392 3325 2448 Satis
3367 2393 3511 2448 enim

1929 2474 2096 2529 multa
2122 2477 2262 2531 dicta
2295 2487 2418 2532 sunt
2453 2488 2511 2534 ut
2546 2479 2597 2533 id
2637 2481 2779 2551 quod
2817 2482 2961 2537 volui
2993 2483 3293 2550 conﬁciam,
3323 2499 3519 2541 versus

1930 2566 2254 2636 praefationis
2278 2609 2294 2635 ,
2342 2570 2535 2639 quibus
2564 2587 2660 2626 sua
2694 2582 2907 2641 peccata
2944 2574 3141 2630 fatetur
3166 2574 3507 2643 Prudentius,

1927 2659 2046 2728 eius
2072 2658 2453 2727 humilitatem,
2486 2677 2589 2717 non
2621 2664 2786 2719 vitam
2814 2679 3095 2735 pagauam,
3118 2678 3209 2722 aut
3238 2667 3514 2738 insigniter

1929 2749 2254 2821 improbam,
2287 2766 2530 2821 arguere.
2569 2752 2883 2824 Exemplum
2916 2757 3184 2826 proferam
3212 2773 3277 2813 ex
3307 2758 3367 2813 8.
3402 2759 3512 2813 En-

1925 2841 2087 2909 genio
2113 2840 2380 2898 Toletano
2404 2846 2631 2913 pra-.sule
2656 2886 2671 2911 ,
2717 2848 2806 2915 qui
2838 2848 2889 2902 in
2923 2848 3028 2903 line
3053 2849 3379 2919 precationis
3403 2852 3508 2923 31

1925 2945 2176 2988 coronam
2220 2944 2438 2988 (eterna;
2482 2934 2671 3004 glorias
2709 2952 2770 2993 se
2807 2952 2913 2992 non
2963 2941 3227 2995 meruisse
3269 2941 3507 2997 fatetur:

1929 3020 2189 3077 Modestia
2215 3022 2522 3079 Christianis
2543 3028 2725 3095 priscis
2750 3029 2958 3095 usitata,
2980 3046 3134 3100 quant
3161 3032 3358 3102 aliquot
3386 3034 3513 3088 locis

229 3076 306 3131 Ex
339 3078 643 3135 humilitate
686 3081 734 3136 id
783 3085 979 3139 dictum
1012 3088 1085 3142 ait
1111 3088 1325 3160 Riscus;
1371 3099 1490 3165 quZa
1515 3098 1626 3167 jam
1659 3101 1821 3159 libros

2094 3076 2099 3077 ,
2230 3076 2235 3077 γ
2278 3076 2283 3077 ,
2543 3076 2721 3095 rm---
2752 3076 2958 3095 _---w-_,
2981 3076 3133 3100 τη..-
3161 3076 3357 3102 ..η-,κη
3386 3076 3508 3088 ων...

1930 3114 2150 3167 inuenies
2191 3127 2241 3168 et
2284 3116 2429 3182 apud
2462 3115 2842 3187 Prudentium,
2896 3122 2969 3173 a?t
3016 3121 3261 3175 Barthius
3295 3122 3385 3176 lib.
3419 3138 3508 3189 Lv,

225 3177 420 3223 contra
466 3170 846 3242 Symmachum
895 3178 1220 3247 scripserat,
1254 3195 1308 3240 et
1338 3187 1442 3241 alia
1486 3204 1649 3260 opera
1680 3193 1816 3251 bona

223 3260 455 3327 fecerat,
480 3278 599 3317 nem
610 3280 706 3332 pe:
730 3266 827 3321 lus
850 3270 996 3326 civile
1018 3272 1162 3328 bouis
1190 3277 1526 3348 reddidimus,
1551 3289 1819 3345 terruimus

224 3366 361 3405 fers.
417 3353 668 3411 Barthius
698 3398 710 3418 .
764 3359 856 3413 lib.
906 3377 997 3415 VIII
1043 3363 1315 3431 Advers.,
1368 3366 1578 3439 cap.’tl
1609 3417 1625 3442 ,
1670 3390 1820 3435 notat

225 3442 549 3499 modestiam
592 3462 711 3516 qua:
749 3449 802 3503 in
840 3451 1151 3519 praefatione
1190 3458 1460 3515 trochaica
1506 3462 1626 3521 libri
1668 3466 1818 3525 Peri-

292 3675 467 3768 (a)-Et
492 3675 751 3768 llarthius
771 3677 984 3768 quidm!)
1020 3680 1120 3768 loc.
1166 3684 1260 3739 cit.
1303 3686 1372 3768 ita
1413 3694 1619 3768 pergit:
1649 3694 1819 3768 Usque

222 3747 355 3801 adeo
386 3747 638 3831 troﬁhw‘us
688 3746 1162 3805 iste’Prudeutium
1206 3746 1464 3831 auctore-tn
1507 3746 1819 3831 :IaiuatT-u‘t

222 3827 294 3870 tot
319 3818 536 3904 sareulis
570 3822 704 3900 inter
733 3828 805 3872 tot
842 3830 1015 3904 postea
1045 3834 1217 3886 poetas
1245 3824 1504 3904 Cltristum
1534 3818 1811 3904 professos,

223 3904 392 3969 uento.
405 3888 557 3967 fuerit
601 3890 687 3958 qui
704 3905 831 3971 _cum
868 3891 965 3971 hoc
1001 3897 1398 3964 comparabilem
1435 3888 1723 3971 scripsti-it.
1747 3888 1814 3962 1};

224 3960 484 4039 principio
521 3976 573 4012 se
603 3976 634 4010 α
664 3960 819 4013 choro
869 3962 1071 4027 piorum
1115 3960 1490 4045 segregat,__ob
1525 3960 1812 4045 iuventutis

222 4029 472 4080 nimirum
523 4041 753 4103 peccata,
804 4047 920 4085 cum
956 4029 1191 4102 paganus
1239 4029 1288 4090 ἐι
1336 4029 1479 4096 miles
1519 4029 1811 4103 militariter

223 4115 256 4168 ρ
270 4114 524 4169 iganeque
558 4101 761 4154 viveret.

296 4172 375 4238 (b)
408 4171 465 4222 In
490 4168 746 4225 Cassiano
770 4188 784 4225 :

281 4261 481 4332 _S_tratus
496 4262 629 4332 humi
653 4263 839 4332 tumulo
861 4265 1169 4326 advolvebar,
1195 4283 1341 4332 quem
1365 4284 1506 4324 sacer
1543 4284 1684 4329 ornat

280 4323 465 4386 Martyr
485 4323 645 4373 dicato
668 4324 921 4377 Cassianus
939 4323 1161 4393 corpore.

224 4429 277 4484 In
306 4429 596 4501 Hippolyto
619 4447 635 4484 :

278 4521 400 4584 Haec
419 4521 537 4570 dum
562 4521 716 4571 lustro
736 4523 908 4581 oculis,
929 4533 981 4574 et
998 4526 1148 4575 sicubi
1171 4527 1295 4579 forte
1321 4530 1535 4584 latentes

344 4581 529 4633 Rerum
548 4585 733 4646 apices,
759 4595 981 4635 veterum
1002 4601 1092 4649 per
1115 4600 1427 4644 monumenta
1454 4581 1652 4659 sequor.

220 4685 275 4741 In
306 4688 468 4743 Petro
496 4700 552 4743 et
578 4688 745 4743 Paulo
772 4690 1028 4759 apostolls
1058 4710 1071 4745 :

276 4778 401 4855 Huic.
418 4779 742 4855 didici:se‘sﬂ
761 4788 837 4855 est
860 4779 1023 4855 Romae
1049 4784 1135 4832 tibi
1165 4797 1177 4832 :
1204 4792 1254 4835 tu
1277 4786 1470 4838 domum
1492 4802 1743 4855 reversus,

342 4839 488 4888 Diem
514 4839 744 4890 bifestum
762 4844 830 4891 sic
852 4843 1000 4901 colas,
1020 4856 1289 4898 memento.

285 4923 363 4991 (e)
394 4922 451 4976 In
482 4923 694 4992 epilogo
723 4922 1022 4993 Peristeph.
1055 4943 1069 4981 :

277 5013 379 5064 Nos
400 5015 525 5062 citos
549 5014 782 5064 iambicns

342 5076 615 5144 §acramus,
641 5085 693 5144 et
717 5076 936 5144 rotatiles
956 5080 1214 5144 trochaeos,

342 5136 627 5199 Sanctitatis
650 5138 819 5199 indigi.

341 5197 418 5259 Ile
444 5207 647 5259 paterno
671 5200 718 5246 in
750 5197 824 5248 atr
843 5212 873 5248 ο

348 5240 418 5327 Et
429 5240 718 5327 é’ésﬁéiarii
732 5240 975 5327 vasculum
992 5303 1005 5327 ,
1026 5266 1219 5317 caducis

343 5318 566 5371 Christus
590 5330 720 5383 aptat
742 5323 927 5375 usibus.

220 5428 281 5483 Et
316 5429 503 5483 similia
536 5431 587 5483 in
614 5429 822 5485 Lauren
852 5433 884 5487 ii
916 5434 1177 5502 passione,
1212 5439 1264 5493 in
1296 5438 1400 5495 line
1426 5458 1436 5492 :

279 5518 382 5584 Hos
403 5522 550 5573 inter.
576 5533 607 5569 ο
630 5520 802 5570 Christi
825 5523 1000 5584 decus,

344 5582 465 5631 Audi
493 5590 685 5643 poetam
709 5587 941 5631 rusticum

344 5643 510 5705 [.ordis
530 5642 766 5693 fatentem
790 5648 990 5693 crimina
1004 5682 1018 5705 ,

344 5702 402 5758 Et
423 5706 542 5757 facta
568 5707 854 5768 prodentem
878 5721 980 5756 sua.

1926 3218 2045 3271 cap.
2097 3206 2156 3258 tt
2206 3205 2461 3273 Advers.,
2506 3210 2593 3277 qui
2631 3209 2780 3279 plura
2810 3211 3048 3266 carmina
3093 3214 3149 3267 S.
3180 3213 3402 3284 Eugenii
3441 3230 3509 3271 eo

1924 3293 2042 3348 loco
2078 3296 2417 3351 emendanda
2467 3300 2722 3370 suscepit.
2757 3301 2955 3356 Versus
2984 3303 3042 3359 S.
3078 3303 3297 3374 Eugenii
3344 3316 3507 3361 sum:

1983 3426 2202 3496 (ﬁlumque
2223 3440 2450 3491 suprema
2473 3430 2581 3482 dies
2605 3435 2775 3496 mortis
2799 3435 3088 3496 patefecerit
3122 3452 3291 3489 urnam

1985 3489 2208 3540 Concede
2236 3489 2443 3556 veniam,
2468 3497 2546 3543 cui
2570 3493 2696 3546 tollit
2714 3489 2855 3559 culpa
2873 3510 3115 3548 coronam.

1989 3704 2221 3771 Indignus
2238 3718 2470 3771 agnosco,
2491 3716 2541 3759 et
2557 3712 2658 3761 scio
2671 3746 2686 3770 ,

2047 3768 2205 3835 Quem
2229 3768 2448 3820 Christus
2473 3774 2578 3834 ipse
2605 3768 2852 3835 exaudiat,

2045 3828 2144 3898 §cil
2170 3842 2259 3891 per
2285 3828 2511 3898 patronos
2534 3842 2774 3898 martyres

2047 3889 2213 3957 Potest
2230 3893 2478 3957 medelam
2506 3889 2757 3957 coiiseilui.

1980 3950 2013 3998 Α
2026 3951 2105 4015 uili
2129 3953 2371 4015 benignus
2394 3950 2678 4015 supplicem.

2040 4011 2212 4062 Christi
2237 4011 2376 4063 reum
2414 4011 2729 4065 Prudentium
2756 4033 2767 4066 :

2040 4072 2101 4139 Et
2123 4075 2427 4139 servientem
2451 4080 2639 4139 corpori

2040 4134 2249 4183 Absolve
2277 4138 2446 4185 vinclis
2462 4134 2649 4189 saeculi.

1918 4214 1971 4268 In
2002 4215 2069 4271 18
2099 4217 2210 4272 Mar
2232 4220 2418 4290 yribu‘s
2451 4237 2463 4273 :

1979 4305 2081 4374 Nos
2100 4307 2179 4369 pio
2194 4308 2334 4368 ﬂetu,
2355 4310 2490 4374 date,
2520 4310 2797 4374 perluamus

2039 4366 2329 4437 {lamnarum
2356 4366 2535 4437 sulcos,
2560 4374 2739 4437 quibus
2757 4380 2834 4437 est
2852 4382 3021 4437 operta

2040 4430 2182 4492 Spes,
2209 4441 2256 4480 ut
2284 4430 2529 4483 absolvam
2548 4430 2929 4487 retinaculorum

2224 4492 2389 4543 Vincla
2415 4508 2653 4546 meorum.

1837 4537 1890 4598 Ι)
1918 4551 1972 4605 In
2004 4552 2109 4608 ﬁne
2138 4537 2460 4611 Frti‘cvliiio—si":

1977 4621 2100 4687 Olim
2128 4630 2320 4687 tempus
2342 4629 2463 4686 erit,
2489 4636 2665 4677 mente
2688 4630 2885 4679 mundo.

2038 4683 2155 4749 [lum
2174 4683 2245 4745 tu,
2266 4683 2493 4749 Tairraro,
2515 4688 2812 4739 Fructuosus
2833 4694 2935 4742 acri

2036 4744 2206 4813 Solvet
2229 4744 2465 4813 supplicio
2481 4744 2668 4811 tegens
2692 4752 2753 4801 ab
2774 4754 2895 4813 igni.

1976 4805 2096 4869 Fors
2117 4805 2394 4869 dignabitur
2416 4818 2467 4861 et
2488 4805 2614 4860 mens
2631 4805 2871 4863 medelam

2037 4868 2315 4940 Tormentis
2335 4873 2474 4940 dare,
2502 4882 2819 4940 prosperante
2839 4875 3050 4940 Christo,

2036 4929 2217 4981 Dulces
2234 4929 2662 4998 hendecaSyllabos
2686 4938 2967 4990 revolvens.

1907 5011 1964 5066 In
1996 5013 2102 5067 line
2131 5014 2355 5069 Romani
2379 5031 2397 5071 :

1968 5082 2158 5154 Vellem
2179 5086 2376 5154 sinister
2400 5088 2529 5136 inter
2548 5088 2795 5154 haedorum
2815 5104 3000 5154 greges

2036 5144 2097 5195 Ut
2118 5160 2223 5196 sum
2250 5146 2459 5211 futurus,
2483 5150 2674 5200 eminus
2694 5144 3030 5214 dignoscé'rer.

1906 5228 1974 5282 Et
1996 5244 2117 5297 qua?
2138 5242 2437 5300 sequuntur
2461 5234 2513 5287 in
2542 5230 2854 5305 Hippolyto:

1970 5320 2151 5391 Sic_m_e
2172 5325 2431 5391 gramineo
2446 5330 2785 5389 remanentem
2800 5324 3018 5391 denique
3041 5339 3211 5391 campo

2034 5382 2248 5432 Sedulus
2269 5392 2501 5446 agrotam
2516 5388 2689 5446 pastor
2704 5397 2845 5434 ovem
2873 5382 3078 5440 referas.

1911 5465 2179 5547 Prmtereo
2218 5466 2320 5519 alia
2344 5508 2359 5533 ,
2410 5466 2537 5521 etin
2569 5467 2651 5520 his
2676 5466 2973 5524 orationem
3004 5470 3057 5526 in
3087 5471 3196 5529 line
3220 5469 3485 5529 Hamarti-

1907 5551 2078 5605 genui:
2102 5550 2121 5587 :

1970 5622 2010 5670 Ο
2037 5617 2145 5668 Dee
2171 5623 2529 5683 cunctiparens,

1912 5708 1981 5763 de
2006 5724 2106 5776 qua
2135 5707 2268 5765 intra
2299 5708 2472 5778 capite
2500 5712 2564 5766 l7
2592 5708 2783 5769 redibit
2811 5726 3008 5768 sermo.
