4000 6176
437 286 535 342 ΜΟ

1839 263 2293 323 Ρῐι-υυεΝτιυε.

3590 248 3689 305 suo

503 404 593 458 48.
630 398 878 469 Exposita
919 393 1137 467 juvenili
1169 400 1353 456 aetate,
1391 386 1707 444 Prudentius
1738 387 1992 456 reliquam
2022 386 2072 441 Α
2101 387 2187 435 tur
2219 396 2235 432 :
2268 374 2509 430 Aurelius
2546 371 2784 469 Prudens
2810 367 3164 469 Clemens-iste
3185 367 3383 469 partim
3420 364 3475 419 in
3509 382 3691 469 consu-

440 497 595 548 \‘iltttn
627 500 841 547 enarrat
873 504 886 543 :

560 606 688 656 Exin
709 605 866 667 iurgia
887 600 1102 651 turbidos

502 658 755 717 Armarnitt
781 658 982 724 animos,
1011 668 1063 711 et
1085 658 1210 724 male
1233 658 1458 724 pertinax

504 728 738 778 Vincendi
761 718 979 775 studium
996 718 1245 783 subjacuit’
1256 721 1450 770 casibus
1475 718 1680 779 asperis.

440 830 798 889 iureconsulti
825 842 1018 883 munus
1046 826 1145 879 hoc
1170 824 1288 878 loco
1312 820 1575 887 exitlicari
1597 834 1755 873 nemo
1774 815 2013 887 atnbigit,

442 931 637 975 etcum
662 919 799 973 Beda
821 927 875 973 et
894 914 1222 971 Walafridus
1239 913 1431 966 Strabo
1455 910 1802 964 Prudentium
1828 914 2018 960 vocent

444 1012 831 1072 scholasticam,
882 1008 933 1062 id
985 1006 1215 1060 nominis
1244 1008 1292 1058 ei
1321 1003 1433 1057 dari
1473 1002 1595 1071 quia
1623 998 2022 1068 iureconsultus

446 1103 543 1157 fuit
593 1110 1009 1157 consentaneum
1063 1096 1255 1151 rationi
1304 1104 1386 1149 est
1445 1091 1704 1162 judicare.
1767 1089 2022 1156 Quamvis

447 1195 591 1252 enim
623 1195 748 1249 olim
781 1189 1129 1260 discipulum,
1156 1186 1476 1259 sophistam,
1510 1184 1809 1246 rhetorem,
1841 1178 2020 1236 erudi-

451 1300 563 1342 tum
604 1300 667 1339 ea
701 1300 801 1337 vox
833 1282 1092 1347 valuerit,
1134 1289 1309 1333 tamen
1339 1279 1407 1331 ita
1446 1290 1659 1345 quoque
1694 1282 2024 1337 nuncupatus

451 1379 553 1433 fuit
571 1373 996 1445 jnreconsultus,
1022 1380 1076 1426 et
1100 1379 1300 1433 orator,
1334 1376 1393 1421 ut
1426 1380 1566 1421 nunc
1596 1366 1834 1418 omittam
1864 1362 2023 1415 aliam

453 1466 917 1538 significationem,
936 1476 1041 1530 qua
1068 1470 1189 1527 post
1203 1459 1451 1513 Carolum
1474 1457 1718 1523 Magnum
1745 1453 2029 1509 scholasti-

454 1574 550 1613 cus
561 1566 638 1612 est
654 1556 850 1617 dictus,
868 1553 955 1622 qui
970 1550 1261 1622 gymnasiis
1286 1556 1532 1617 praeerat,
1554 1555 1644 1599 aut
1666 1560 1695 1597 a
1717 1543 1914 1598 sreculo
1930 1557 2027 1605 stt,

456 1650 547 1717 qui
576 1646 937 1705 Aristoteliam
969 1642 1355 1713 philosophiam
1389 1638 1799 1709 proﬁtebantur.
1832 1635 1899 1689 de
1926 1648 2026 1704 qua

456 1741 625 1795 videri
669 1747 845 1809 potest
886 1736 954 1789 cl.
1001 1732 1419 1788 Bartholomzeus
1445 1728 1665 1788 Povins,
1709 1722 2029 1779 limatissimi

459 1832 641 1902 jmlicit
664 1839 717 1886 et
738 1826 1019 1890 sermonis,
1045 1823 1273 1894 scriptor
1294 1821 1525 1875 lnstitut.
1552 1818 1675 1873 hist.
1708 1814 2030 1886 pttilosoph.,

463 1923 556 1977 ltb.
607 1936 680 1985 ιι,
714 1934 835 1987 cap.
867 1917 892 1970 1
929 1916 1027 1987 (a).
1062 1916 1118 1969 ltt
1167 1912 1394 1967 concilio
1432 1908 1733 1965 Sardiceusi
1779 1906 2034 1975 generali,

462 2031 585 2071 can.
627 2014 720 2078 10,
761 2018 1014 2065 statutum
1050 2016 1163 2071 est,
1196 2005 1262 2061 Ut
1290 2005 1334 2060 si
1360 2003 1475 2075 quis
1492 2019 1554 2056 ex
1582 2004 1692 2071 foro
1722 2000 1824 2053 sive
1868 2000 2002 2052 dives
2022 2037 2039 2061 ,

464 2106 569 2160 sive
594 2102 955 2165 scholasticus,
985 2099 1246 2169 episwpus
1276 2096 1388 2165 ﬁeri
1418 2095 1601 2163 dignus
1639 2091 1909 2156 habeatur,
1939 2105 2042 2143 non

465 2199 610 2270 prius
636 2196 970 2250 constituatur
995 2207 1149 2261 quam
1176 2190 1405 2256 lectoris,
1437 2198 1483 2242 et
1504 2186 1726 2249 diaconi,
1751 2194 1796 2237 et
1835 2182 2043 2253 presby-

469 2290 567 2345 teri
594 2307 623 2340 η
642 2287 927 2341 inisterium
952 2282 1215 2354 peregerit.
1242 2281 1316 2334 lta
1344 2282 1487 2335 enim
1517 2276 1756 2333 redditur
1784 2275 1968 2330 Latine
1991 2277 2043 2328 itt

470 2381 604 2437 edit.
643 2379 812 2433 Paris.
843 2376 1055 2431 collect.
1101 2372 1306 2427 Concil.
1354 2370 1511 2437 1671,
1556 2373 1649 2424 sed
1679 2368 1869 2423 melius
1910 2366 2048 2420 verti

472 2469 669 2541 poterit
696 2487 708 2522 :
739 2468 799 2523 Si
832 2470 945 2538 quis
983 2466 1122 2519 dives
1139 2473 1227 2517 aut
1252 2463 1581 2516 scholasticus
1602 2477 1629 2514 e
1654 2462 1767 2531 {ora
1788 2462 2049 2531 episcOpus

474 2561 591 2630 fieri
619 2560 802 2629 dignus
825 2556 1089 2621 habeatur,
1115 2554 1301 2610 Grtnce
1336 2561 1419 2606 est
1448 2570 1459 2604 :
1488 2552 1599 2607 Ἐάν
1620 2573 1699 2613 τις
1728 2553 1995 2617 πλούσιος,
2019 2550 2050 2610 ἦ

476 2650 826 2721 σχολαστικὸς
851 2649 952 2702 ἀπὸ
977 2655 1067 2706 τῆς
1088 2648 1276 2722 ἀγορᾶς
1298 2646 1489 2708 ἀξιοῖτο
1517 2645 1791 2706 ἐπίσκοπος
1806 2646 2051 2718 γίνεσθαι.

480 2740 817 2795 Innocentius
848 2738 868 2791 l
898 2738 949 2791 in
978 2742 1135 2804 ep‘st.
1175 2736 1239 2790 ad
1276 2736 1471 2789 concil.
1515 2735 1787 2801 Toletan.,
1820 2750 1967 2789 num.
1996 2736 2049 2802 4,

477 2831 719 2901 queritur
739 2829 947 2899 aliquos
967 2828 1018 2881 itt
1049 2827 1299 2896 Hispania
1319 2826 1383 2880 ad
1408 2824 1763 2881 sacerdotium
1786 2826 1950 2880 fuisse
1971 2841 2050 2880 as-

479 2925 641 2988 citos,
655 2923 742 2990 qui
758 2931 869 2992 post
884 2931 1139 2988 acceptam
1160 2918 1395 2989 baptismi
1410 2919 1629 2990 gratiam
1642 2918 1695 2972 in
1713 2918 1904 2987 forensi
1916 2934 2060 2973 exer-

483 3015 719 3070 citatione
745 3012 929 3066 rersati
957 3020 1104 3078 sunt,
1136 3019 1182 3065 et
1207 3024 1481 3064 OBTINENDI
1507 3024 1860 3065 PERTINACIAII
1890 3026 2059 3063 susce-

482 3115 684 3177 perunt.
707 3103 875 3171 Quam
904 3102 1118 3171 phrasin
1141 3101 1209 3155 de
1234 3115 1313 3165 se,
1339 3114 1543 3170 suoque
1585 3099 1761 3154 ofﬁcio
1785 3101 2058 3168 usurpavit
2087 3101 2132 3163 C

484 3196 802 3251 Prudentius
831 3192 987 3261 paulo
1027 3202 1148 3261 post
1176 3191 1417 3246 scribens
1446 3207 1461 3243 :
1506 3190 1584 3245 Er
1611 3207 1751 3245 usu:
1798 3205 2060 3245 PERTINAX

485 3303 730 3347 VINCENDI
759 3301 1005 3341 δτυωωι.

556 3379 664 3447 32
689 3376 777 3431 l9.
811 3376 939 3429 Post
965 3373 1209 3427 advocati
1254 3387 1449 3427 munus
1491 3370 1559 3426 ad
1597 3371 1859 3442 regendas
1901 3370 2062 3425 urbes

487 3468 811 3525 Prudentius
831 3476 914 3520 est
939 3474 1177 3521 evectus.

612 3603 695 3651 Bis
715 3601 883 3661 legum
907 3598 1236 3648 moderamine

552 3664 743 3713 Frenos
767 3659 995 3710 nobilium
1013 3662 1231 3710 reximus
1247 3659 1442 3707 urbium
1470 3673 1482 3707 :

551 3725 641 3773 Jus
663 3723 810 3773 civile
833 3723 968 3773 bonis
987 3721 1306 3783 reddidimus,
1333 3722 1595 3771 terruimus
1614 3732 1741 3771 reos.

494 3849 624 3905 inde
667 3863 788 3903 eum
818 3848 995 3904 evexit
1031 3847 1277 3917 princeps
1326 3846 1392 3901 ad
1430 3845 1633 3902 militiae
1671 3844 1915 3916 palatina:
1945 3859 2067 3915 gra-

414 3932 417 3933 i
495 3943 645 4009 dum,
668 3942 1020 4012 ordinemque
1046 3942 1371 4010 proximum.

617 4077 831 4127 Tandem
854 4075 1039 4125 militiae
1063 4076 1213 4137 gradu

561 4139 796 4188 Evectum
821 4139 978 4200 pietas
998 4139 1225 4199 prtncipis
1248 4137 1454 4198 extulit,

557 4198 867 4263 Assumptuin
887 4198 1084 4262 propius
1105 4207 1236 4250 stare
1249 4200 1429 4261 jubens
1449 4198 1623 4250 ordine
1645 4199 1881 4261 proximo.

498 4333 631 4386 Cum
664 4331 985 4388 Prudentius
1024 4345 1246 4385 munera
1273 4345 1301 4384 a
1329 4344 1388 4385 se
1416 4329 1560 4384 obita
1589 4329 1824 4397 poetice,
1858 4328 1958 4384 hoc
1994 4335 2077 4382 est

504 4425 646 4496 stylo
697 4424 909 4479 sublimi
957 4426 1285 4494 ﬁgurataque
1344 4424 1725 4494 descripserit,
1786 4423 1961 4493 qualia
2013 4436 2075 4477 ea

504 4515 703 4570 iuerint
762 4530 1045 4584 possumus
1105 4515 1317 4581 quidem
1372 4510 1679 4581 conjicere,
1739 4528 1842 4567 non
1900 4523 2075 4567 tamen

503 4619 654 4662 certo
680 4607 923 4662 delinire.
952 4606 1009 4660 ln
1038 4606 1220 4661 codice
1247 4620 1347 4660 ms.
1372 4607 1617 4661 biblioth.
1650 4605 1888 4660 Vatican.
1913 4606 2079 4672 5859,

506 4701 596 4769 qui
619 4701 820 4756 satculo
849 4716 902 4754 ιχ
948 4710 1038 4755 aut
1063 4716 1097 4753 ι
1128 4700 1338 4755 videtur
1365 4699 1617 4768 scriptus,
1649 4701 1720 4754 ita
1748 4700 1899 4756 initio
1924 4711 2079 4756 nota-

579 4857 657 4927 (α)
684 4858 744 4912 S.
775 4857 1072 4913 Macharius
1103 4860 1284 4915 homil.
1322 4861 1387 4915 15
1416 4864 1494 4916 sic
1527 4863 1685 4918 habet
1718 4881 1732 4917 :
1773 4865 1969 4921 Deinde
1997 4870 2083 4921 ubi

510 4929 663 4998 fuerit
687 4928 1052 4991 scholasticus,
1096 4932 1317 4984 omnium
1346 4933 1721 4985 causidicorum
1756 4945 1827 4987 est
1862 4940 2083 4991 novilius

507 4997 554 5053 et
578 4997 807 5051 ultimus.
841 4998 957 5063 Quo
986 5000 1174 5052 eodem
1207 5016 1366 5054 sensu
1412 5001 1790 5056 scholasticum
1823 5007 2088 5062 intellexit

510 5072 571 5125 ὃ.
604 5070 929 5137 Augustinus
958 5078 1110 5123 tract.
1147 5072 1177 5123 7
1210 5071 1260 5122 in
1288 5070 1467 5134 Joan.,
1513 5080 1568 5126 et
1595 5073 1765 5127 codex
1814 5076 2087 5133 Theodos.

510 5141 606 5194 lib.
634 5155 725 5193 vut
754 5140 821 5194 de
859 5139 1118 5193 Coucuss.
1155 5139 1425 5204 advocat.,
1471 5142 1550 5197 tit.
1578 5142 1663 5207 10,
1696 5144 1798 5209 leg.
1846 5147 1882 5200 ἓ
1912 5166 1922 5197 :
1977 5146 2085 5200 Nec

513 5212 637 5263 latet
668 5210 1109 5263 mansuetudinem
1149 5219 1405 5272 nostram,
1443 5213 1721 5279 smpissime
1753 5215 2086 5271 scholasticos

512 5284 651 5333 ultra
684 5282 889 5362 modum
910 5319 925 5343 ,
972 5283 1188 5346 acceptis
1219 5282 1503 5336 Itonorariis
1525 5324 1539 5348 ,
1571 5283 1622 5335 in
1646 5285 1937 5351 defensione
1967 5305 2087 5342 can-

513 5368 688 5403 sarum
720 5357 963 5430 omnium.
994 5360 1039 5430 et
1067 5367 1295 5404 armattas
1336 5364 1383 5407 et
1429 5364 1660 5430 sumptus
1706 5357 1930 5424 accipere
1969 5376 2094 5411 con.

514 5438 703 5476 sttesse.
740 5421 833 5476 Ubi
865 5420 963 5487 legi
989 5422 1176 5489 dignus
1206 5432 1288 5476 est
1318 5420 1731 5478 cmntnentarins
1751 5420 1934 5480 Jacobi
1980 5428 2088 5481 Gn-

516 5492 766 5545 thot‘redi.
793 5492 1159 5556 Merobaudes,
1179 5492 1330 5561 cujus
1349 5504 1520 5546 exsntt
1547 5510 1760 5549 carmen
1791 5498 1858 5550 de
1881 5498 2093 5553 Christo

518 5563 570 5614 in
607 5562 857 5615 llihliotlt.
888 5561 986 5615 SS.
1009 5562 1238 5618 Patrum.
1267 5564 1558 5631 nuncupari
1584 5564 1718 5618 solet
1743 5566 2097 5623 Scltolasticus

521 5631 807 5709 Hispanus.
853 5632 908 5709 in
942 5631 1061 5686 cod.
1097 5632 1367 5709 Tltcodos.
1399 5634 1594 5709 duplo;
1621 5636 1965 5709 Merobaudes
1996 5656 2093 5693 n0-

523 5703 770 5766 tu'tua'nr,
826 5703 959 5757 alter
996 5704 1211 5768 consul,
1262 5705 1395 5758 alter
1445 5706 1696 5773 magister
1752 5708 1990 5776 peditum
2042 5711 2092 5763 in

2114 474 2245 536 latu,
2284 468 2471 540 partim
2500 467 2554 519 in
2594 463 2951 535 familiaritate
2977 459 3222 531 principis
3262 459 3379 528 fuit,
3411 466 3461 512 et
3496 457 3692 527 sicipse

2114 558 2342 614 ascendit
2398 572 2418 611 :
2470 552 2801 611 saecularibus
2847 547 3030 606 litteris
3088 550 3462 620 quinquaginta
3512 557 3701 618 septem

2116 651 2268 705 aristis
2310 663 2519 718 operam
2562 646 2735 711 dedit,
2778 644 2870 698 sed
2900 650 3073 713 postea
3099 658 3162 696 ea:
3190 650 3294 696 toto
3324 641 3589 703 amittens,
3634 639 3703 689 ad

2119 744 2291 797 divina
2334 750 2493 795 metra
2533 736 2881 808 componenda
2918 751 2971 789 se
3013 732 3250 787 contulit.
3302 730 3531 787 Michael
3569 746 3597 783 a
3640 730 3707 784 S.

2119 835 2353 905 Josepho
2376 876 2392 898 ,
2443 833 2497 888 in
2527 831 2805 902 Bibliogr.,
2840 829 3004 885 verbo
3037 828 3353 882 Prudentius
3377 868 3394 894 ,
3445 825 3610 881 rell-rt
3640 840 3706 879 ex

2121 927 2305 982 Tirino
2375 922 2719 978 Prudentium
2777 930 2987 989 poetam
3043 919 3333 986 palatinum
3384 916 3583 981 fuisse,
3640 931 3705 970 ex

2127 1013 2403 1073 Gennadio
2433 1011 2653 1066 militem
2680 1010 2992 1080 palatinum.
3018 1009 3287 1074 Barthius,
3321 1008 3412 1061 lib.
3446 1022 3552 1072 Ltv,
3584 1020 3707 1074 cap.

2126 1110 2213 1172 18,
2243 1109 2496 1175 Advers.,
2529 1116 2676 1163 notat
2701 1108 3114 1176 descriptionem
3148 1115 3422 1174 portarum
3462 1113 3710 1160 castren-

2125 1200 2261 1255 sium
2287 1199 2352 1253 ad
2380 1200 2525 1254 illum
2554 1214 2765 1253 versum
2798 1196 3233 1269 Psychomachia:
3275 1214 3289 1249 z

2188 1308 2390 1359 Liminis
2407 1311 2655 1359 introitum
2670 1308 2813 1358 bifori
2837 1309 2955 1358 dant
2972 1306 3167 1355 cardine
3184 1305 3421 1368 claustra,
3472 1327 3477 1331 -

2134 1428 2316 1483 quam,
2368 1413 2559 1482 inquit,
2606 1412 2765 1467 miles
2804 1411 3071 1481 quondam
3103 1417 3320 1475 suopte,
3352 1418 3407 1461 ct
3453 1406 3715 1462 Gennadii

2133 1507 2466 1572 testimonio,
2490 1504 2729 1574 adeoque
2751 1502 3044 1574 palatinus,
3078 1503 3143 1556 ad
3171 1501 3532 1555 Romanarum
3557 1500 3720 1552 insttr

2135 1597 2464 1667 composuit.
2515 1594 2821 1658 Ansaldus,
2861 1593 2914 1647 in
2960 1593 3170 1662 praefat.
3210 1590 3478 1645 versionis
3524 1589 3716 1642 Italica:

2140 1688 2329 1742 libror.
2404 1685 2665 1740 adversus
2727 1683 3059 1754 Symmach.,
3141 1690 3321 1736 narrat
3375 1680 3719 1735 Prudentium

2141 1778 2370 1847 primum
2397 1781 2618 1846 gradum
2648 1777 2699 1829 in
2731 1775 2970 1830 exercitu
3003 1783 3124 1844 post
3158 1775 3539 1843 imperatorem
3586 1772 3721 1825 obti-

2139 1871 2343 1935 nuisse,
2377 1869 2458 1922 bis
2490 1879 2771 1935 prater-em
2801 1868 2980 1920 [υἱ-δε.

2211 1962 2299 2015 50.
2355 1963 2428 2013 lta
2463 1958 2573 2013 fere
2622 1974 2719 2013 suo
2749 1958 2972 2027 quisque
2998 1959 3254 2011 arbitratu
3300 1957 3367 2011 de
3411 1956 3729 2010 muneribus

2142 2051 2419 2105 Prudettlii
2448 2050 2674 2119 judicat.
2714 2049 2789 2104 Ex
2820 2051 3007 2104 codice
3037 2050 3414 2104 Theodosiano
3446 2050 3563 2102 hmo.
3614 2050 3729 2101 licet

2145 2142 2363 2210 colligi,
2408 2155 2529 2209 qua:
2557 2140 2622 2193 ad
2665 2155 2777 2194 rem
2824 2149 3060 2193 nostram
3111 2139 3403 2207 pertinent.
3462 2138 3730 2192 Praesidcs

2149 2233 2357 2287 Baetica:
2383 2238 2559 2295 erant,
2585 2230 2819 2285 incertus
2842 2245 2984 2283 anno
3005 2229 3131 2293 524,
3159 2229 3224 2283 ad
3249 2245 3406 2295 quem
3433 2228 3557 2282 data
3582 2242 3726 2281 anno

2149 2326 2251 2379 537
2285 2324 2364 2377 lex
2396 2323 2432 2375 Ξ
2459 2321 2525 2375 de
2549 2320 2779 2375 Distrab.
2812 2320 2985 2390 Pign.,
3012 2331 3069 2373 ut
3092 2320 3371 2388 legendum
3402 2321 3587 2374 mentri
3612 2334 3734 2388 pag.

2150 2415 2251 2479 48,
2308 2413 2361 2467 in
2418 2421 2581 2479 nota,
2634 2411 3055 2466 Tarraconensis
3110 2426 3237 2464 vero
3287 2425 3485 2478 pra-ses
3565 2410 3733 2462 uomi-

2152 2516 2310 2561 natur
2336 2503 2580 2561 Julianus
2604 2518 2747 2557 anno
2771 2504 2908 2567 516,
2936 2503 3002 2557 ad
3031 2518 3187 2571 quem
3217 2503 3337 2555 data
3370 2504 3453 2556 lex
3498 2502 3569 2555 de
3601 2510 3736 2555 tem-

2153 2612 2341 2667 porum
2367 2596 2538 2651 Cursu
2558 2634 2573 2661 ,
2623 2596 2713 2649 ubi
2744 2595 2923 2649 titulus
2949 2594 3064 2663 ejus
3094 2596 3377 2663 apponitur
3418 2593 3481 2647 V.
3513 2593 3599 2657 (3.,
3638 2593 3736 2647 hoc

2153 2700 2238 2744 est
2264 2690 2341 2743 vir
2360 2687 2692 2742 clarissimus.
2714 2686 2994 2740 Nonnullis
3016 2696 3192 2739 autem
3211 2685 3411 2755 legibus
3428 2686 3734 2753 praesidum,

2154 2790 2212 2835 et
2254 2778 2518 2834 similibus
2570 2777 3018 2847 appellationibus
3064 2785 3298 2830 ret-tores
3339 2774 3735 2844 provinciarum

2158 2869 2547 2939 intelliguntur.
2572 2869 2831 2923 Rectores
2863 2882 2992 2935 ergo
3024 2868 3438 2936 provinciarum,
3462 2868 3553 2935 qui
3582 2868 3739 2918 etiam

2155 2963 2364 3032 judices
2407 2961 2700 3027 ordinarii,
2749 2970 2803 3015 et
2825 2959 3032 3029 judices
3062 2960 3453 3028 provinciarum
3495 2959 3735 3025 appella-

2161 3058 2379 3122 bantur,
2416 3062 2470 3109 et
2494 3054 2814 3123 quandoque
2865 3053 3088 3107 comites
3127 3052 3281 3119 primi
3323 3050 3459 3104 ordit
3486 3050 3530 3103 is
3560 3058 3734 3113 erant,

2163 3146 2323 3217 gladii
2350 3145 2438 3215 jus
2462 3143 2758 3208 habebant,
2790 3141 3045 3196 reddendi
3082 3142 3186 3211 33
3207 3140 3341 3209 juris
3365 3142 3414 3193 in
3449 3139 3738 3207 provinciis

2165 3242 2416 3297 facultate
2449 3238 2807 3310 potiebantur.
2840 3237 3155 3291 [lectoribus
3184 3234 3473 3304 provincia:
3501 3249 3598 3289 seu
3628 3249 3741 3301 pro-

2164 3333 2459 3389 viuciarum
2491 3330 2797 3399 superiores
2823 3337 2975 3384 erant
2996 3326 3199 3392 vicarii,
3219 3327 3307 3395 qui
3342 3342 3437 3395 pro
3480 3324 3745 3390 prml‘cctis

2167 3428 2346 3494 plures
2377 3423 2680 3492 provincias
2707 3418 3171 3474 administrabant.
3206 3418 3340 3471 Toto
3386 3417 3480 3470 illo
3512 3429 3744 3484 tempore

2172 3515 2542 3586 Hispaniarum
2565 3511 2746 3566 nullus
2765 3521 2984 3580 apparet
3002 3508 3301 3578 przelectus,
3327 3506 3421 3561 sed
3444 3516 3561 3561 erat
3577 3517 3742 3559 tamen

2171 3607 2430 3670 vicarius,
2475 3603 2543 3658 de
2569 3618 2675 3671 quo
2712 3602 2906 3671 passim
2947 3601 2998 3654 in
3027 3599 3213 3654 codice
3262 3597 3495 3661 Theod.,
3540 3598 3626 3650 cui
3671 3597 3742 3648 in-

2171 3700 2507 3757 scribebatur
2554 3697 2672 3752 PP.
2718 3696 3128 3764 Hispaniarum,
3179 3696 3230 3751 id
3274 3707 3359 3750 est
3407 3694 3746 3764 PrOprarfec‘o

2178 3791 2577 3862 Hispaniarum;
2600 3789 2898 3856 appellatur
2924 3788 3082 3843 etiam
3110 3789 3184 3840 vir
3204 3787 3517 3840 clarissimus
3550 3788 3663 3856 lege
3693 3785 3743 3837 4.

2173 3884 2243 3939 de
2265 3883 2484 3938 Cnstod.
2519 3896 2661 3937 reor.
2695 3880 2821 3933 Erat
2847 3889 3026 3934 auten
3058 3880 3299 3949 quaedam
3348 3881 3584 3948 dignitas
3632 3893 3745 3947 qua:

2176 3974 2452 4031 dicebatur
2502 3975 2819 4041 proximatus
2849 4011 2867 4037 ,
2923 3971 3085 4025 honor
3136 3974 3388 4042 proximi,
3442 3974 3747 4042 proximam:

2176 4067 2440 4134 splendor,
2487 4082 2593 4133 qtto
2647 4082 2742 4132 per
2769 4064 3012 4118 ordinctn
3042 4064 3336 4133 meritoque
3366 4064 3746 4133 stipendiorum

2178 4158 2559 4214 ascendebant.
2611 4153 2878 4212 Videlicet
2929 4168 3045 4224 post
3075 4156 3354 4225 magistros
3400 4147 3744 4216 scrinioruin,

2179 4251 2270 4318 qui
2302 4251 2354 4304 in
2382 4250 2547 4304 tribus
2579 4248 2852 4317 prioribus
2881 4248 3093 4302 scriniis
3123 4248 3454 4312 militabant,
3505 4246 3748 4301 succede-

2181 4345 2311 4398 bant
2334 4342 2458 4406 alii,
2506 4341 2588 4395 his
2616 4340 2866 4408 proximi,
2910 4340 3002 4407 qui
3039 4339 3256 4409 proximi
3286 4340 3591 4392 scriniorum
3618 4336 3748 4389 dice-

2184 4435 2394 4488 hantur.
2428 4433 2514 4498 lli,
2554 4432 2796 4502 deposita
2822 4431 3039 4492 militia,
3070 4446 3162 4485 seu
3190 4442 3310 4500 post
3340 4430 3640 4500 depositum
3668 4445 3751 4482 ac-

2183 4538 2316 4591 tum,
2357 4526 2652 4579 clarissimis
2682 4522 3123 4593 aggregabantitr,
3168 4524 3382 4577 sicariis
3408 4522 3748 4591 exmquaban-

2187 4628 2288 4683 tur,
2340 4617 2406 4671 ad
2448 4618 2757 4671 comitatum
2803 4615 3058 4685 principis
3102 4616 3219 4669 sine
3260 4616 3543 4669 evectione
3582 4613 3746 4668 venire

2190 4716 2439 4778 poterant
2464 4706 2557 4776 (ὁ).

2188 4872 2378 4997 131ιί31.
2422 4869 2621 4924 Confer
2646 4869 2770 4922 Ant.
2802 4868 3170 4938 Zirardinum,
3204 4884 3324 4939 pag.
3358 4869 3460 4926 168
3501 4872 3552 4924 in
3578 4870 3744 4925 Novel.

2257 4957 2352 4995 ll‘Oi
2380 4982 2392 4995 ι

2257 4957 2392 4995 lt‘Otl.

2263 5012 2340 5079 (b)
2380 5010 2557 5064 Videri
2596 5020 2766 5076 potest
2791 5010 2884 5063 lib.
2914 5026 2963 5062 Vl
2993 5010 3114 5062 cod;
3138 5010 3341 5063 Theod.
3375 5019 3488 5063 toto
3520 5012 3663 5063 titulo
3685 5007 3747 5062 9.6

2190 5082 2254 5135 de
2277 5082 2540 5152 proximis,
2589 5090 2719 5139 etc...
2750 5080 2841 5132 tibi
2882 5081 2982 5145 lea.
3021 5079 3077 5143 2,
3109 5080 3227 5133 data
3261 5095 3401 5133 anno
3427 5080 3550 5139 581,
3578 5080 3747 5152 Claris-

2190 5150 2345 5205 sintos
2374 5152 2505 5203 viros
2536 5152 2792 5215 proximas
2818 5152 3144 5214 scriniornm,
3183 5160 3228 5202 et
3264 5152 3531 5218 magistros
3557 5150 3747 5217 disposi-

2191 5224 2386 5274 tionum
2411 5221 2714 5273 vicariorum
2745 5220 2912 5272 ordini
2941 5218 3258 5289 capulantus,
3286 5232 3339 5275 et
3363 5222 3465 5284 leg.
3497 5223 3596 5275 u:
3631 5218 3743 5284 lpst's

2195 5307 2313 5344 vero
2345 5289 2650 5359 (proximis)
2691 5291 2921 5343 veniendi
2950 5292 3016 5343 ad
3055 5290 3352 5343 comitatum
3378 5290 3586 5344 liberam
3612 5290 3745 5359 licett-

2197 5364 2338 5421 tiam,
2356 5357 2759 5432 perpetuamque
2785 5370 3107 5429 prtastamus,
3152 5377 3243 5414 nec
3268 5362 3321 5413 in
3350 5378 3522 5413 corum
3547 5357 3743 5428 personis

2195 5428 2477 5501 exspectati
2517 5442 2787 5499 augustam
2825 5432 3147 5501 praecipimus
3177 5433 3492 5501 jussionem;
3530 5446 3638 5498 quae
3675 5428 3741 5501 lett

2196 5497 2316 5552 data
2358 5512 2439 5555 est
2468 5497 2611 5554 anno
2652 5501 2775 5553 407.
2822 5497 3100 5555 Comitatus
3126 5497 3229 5567 est,
3262 5500 3347 5553 ubi
3380 5497 3619 5567 princeps
3645 5497 3741 5567 exi-

2200 5570 2293 5623 5tit
2314 5587 2327 5633 ;
2350 5571 2520 5641 jussio
2552 5585 2681 5641 vero
2722 5571 2977 5634 principis
3007 5580 3091 5625 est
3116 5571 3354 5636 ejusdem
3382 5566 3665 5630 evocatoria,
3690 5566 3746 5617 de

2200 5656 2299 5705 qua
2327 5640 2409 5695 tit.
2440 5642 2532 5701 ‘23,
2567 5640 2697 5705 legis
2724 5642 2777 5704 5,
2808 5641 3016 5695 scilicet
3058 5641 3271 5695 licentia
3315 5642 3559 5695 veniendi
3592 5642 3649 5692 ad
3676 5652 3747 5688 co-

2204 5711 2455 5766 mitatum.
2488 5710 2746 5782 Rigaltius
2774 5711 2837 5766 ad
2866 5714 3022 5782 epist.
3056 5712 3123 5770 21
3150 5712 3204 5770 S.
3231 5710 3505 5782 Cypriani,
3539 5711 3619 5766 ubi
3642 5706 3744 5778 qui-
