4000 6176
189 305 268 361 6η,
1554 310 2077 375 ιηιοιλιῐςυιιΕΝΑ.

3326 342 3428 393 ﬁli}

246 423 327 478 5t.
367 421 440 475 Ex
473 420 555 475 his
592 434 818 491 arguere
873 436 1158 492 possumus
1195 425 1540 482 Prudentium
1582 429 1746 484 fuisse
1775 435 1829 489 A
1854 443 1944 487 aut
1963 437 2196 506 denique
2223 440 2489 508 Massiuae,
2517 443 2561 497 si
2597 444 2844 500 Μαδεὶιῑω
2874 448 3137 518 legeretur
3170 468 3262 519 pro
3292 456 3339 507 Μ
3383 478 3431 507 κ..

186 516 260 572 bis
302 514 580 583 praesidem
633 515 918 581 provinciae
966 515 1406 583 Tarraconensis,
1454 520 1557 573 nisi
1608 521 1748 574 forte

189 608 328 677 hujus
357 606 643 674 provincia:
666 606 852 667 semel.
879 619 929 662 et
960 607 1180 661 alterius
1209 610 1372 663 semel
1403 626 1624 679 praises,
1651 626 1747 666 seu

189 710 348 756 rector
376 700 558 762 fuerit;
587 700 740 766 cujus
764 700 1001 753 muneris
1025 701 1247 768 proinde
1268 711 1383 755 erat
1404 703 1748 757 moderamine

189 796 336 863 legum
372 795 537 861 frenos
568 792 815 845 nobilium
843 794 1044 847 urbium
1079 810 1276 864 regere,
1310 795 1451 849 bonis
1485 798 1581 866 jus
1607 796 1750 849 civile

186 884 399 947 reddere,
439 898 550 935 reos
575 883 848 935 criminum
882 891 1088 936 terrere.
1133 884 1361 938 Evectus
1402 883 1524 938 inde
1559 895 1641 939 est
1682 885 1746 939 ad

184 974 498 1042 superiorem
532 973 733 1027 militiae
770 973 1016 1042 gradum,
1060 974 1310 1028 nimirum
1343 977 1538 1030 militia:
1566 976 1747 1040 civilis,

181 1068 427 1137 palatium,
471 1076 563 1120 ant
602 1066 930 1134 prmsidialis,
960 1083 1064 1120 non
1098 1067 1307 1134 bellicae,
1336 1069 1627 1134 castrensis,
1659 1077 1751 1123 aut

182 1161 441 1216 cohortalis
468 1176 486 1213 :
517 1176 637 1213 nam
679 1161 713 1214 ii
743 1161 832 1229 qui
863 1160 1585 1227 ofﬁciisjnreconsultornin,
1610 1177 1748 1229 prae-

180 1252 361 1310 t-idum.
391 1261 659 1305 rectorum
682 1261 735 1306 et
759 1252 1013 1306 similium
1038 1252 1351 1321 iunguntur,
1374 1253 1528 1322 vulgo
1551 1253 1602 1306 in
1624 1253 1747 1307 cod.

118 1412 125 1415 ν
181 1344 370 1399 'Ilteod.
409 1345 648 1407 militare,
693 1354 746 1397 et
791 1344 861 1396 ad
905 1344 1191 1415 superiores
1231 1345 1439 1397 militias
1479 1346 1751 1399 ascendere

180 1437 435 1490 dicuntur.
464 1437 509 1491 ls
534 1445 708 1490 autem
733 1436 929 1505 gradus
952 1438 1156 1491 militiae
1176 1437 1347 1490 civilis
1376 1436 1471 1489 luit
1493 1445 1583 1491 aut
1608 1437 1750 1491 vica-

178 1526 249 1580 ria
287 1536 523 1594 potestas
566 1527 620 1579 in
662 1527 961 1594 IliSpaniis,
1009 1539 1099 1581 aut
1131 1528 1221 1598 jus
1259 1528 1543 1582 comitatus
1592 1528 1748 1598 primi

178 1618 388 1685 ordinis,
443 1627 534 1672 aut
577 1619 807 1685 denique
849 1620 1019 1674 honor
1062 1622 1380 1686 proximatus
1425 1620 1581 1675 simul
1626 1636 1745 1675 cum

178 1708 473 1761 evocatoria
504 1709 782 1776 principis,
810 1726 902 1763 sett
925 1711 1162 1780 jussione
1191 1720 1437 1779 angusta,
1472 1710 1554 1763 vel
1584 1709 1751 1765 facul-

177 1808 273 1852 tate
318 1800 607 1854 accedendi
655 1800 722 1854 ad
772 1802 1082 1855 comitatum
1130 1802 1408 1871 principia.

175 1902 403 1959 spectant
443 1892 717 1947 Prudentii
771 1893 953 1959 verba,
998 1893 1139 1963 quod
1192 1909 1221 1947 a
1268 1894 1506 1965 principe
1550 1907 1744 1950 evectus

177 1982 357 2035 militiae
371 1983 558 2053 gradu,
566 1984 742 2051 jussus
759 1984 912 2053 fuerit
927 1986 1073 2051 prapi
1080 2002 1137 2038 us
1148 1995 1285 2039 stare
1299 1987 1475 2039 ordine
1490 1988 1741 2053 proximo.

178 2070 265 2126 Ubi
294 2084 488 2137 praeter
515 2075 790 2138 iussionem
829 2076 1074 2143 principis
1109 2076 1234 2129 ordo
1265 2078 1531 2145 proximus
1560 2079 1741 2145 expri-

178 2164 344 2226 mitur,
376 2164 467 2233 qui
498 2181 601 2219 non
633 2166 769 2220 alius
798 2182 917 2221 esse
948 2166 1159 2221 videtur
1200 2168 1297 2222 nisi
1327 2173 1454 2222 ordo
1483 2170 1744 2235 proxima-

176 2264 265 2308 tus.
298 2256 409 2309 Non
443 2266 523 2310 est
559 2258 717 2325 igitur
751 2273 849 2311 cur
882 2258 950 2313 de
984 2258 1264 2313 consulatu
1300 2261 1572 2315 Prudentii
1599 2262 1744 2330 cogi-

177 2357 356 2413 temus,
386 2356 476 2403 aut
504 2351 753 2418 praetorio
776 2350 1082 2419 praelectum
1118 2354 1281 2406 fuisse
1312 2353 1594 2421 ﬁngamus,
1616 2370 1745 2423 quo~

177 2456 282 2493 rum
310 2456 587 2496 munerum
619 2443 822 2497 nullum
849 2453 931 2497 est
962 2444 1045 2498 vel
1078 2444 1405 2499 levissimum
1436 2446 1738 2514 vestigium.

179 2529 503 2601 Ludewigins
529 2533 779 2599 afﬁrmat,
823 2544 942 2603 post
973 2535 1162 2589 Aldunt
1195 2534 1308 2589 fere
1346 2550 1534 2589 omnes
1567 2536 1744 2591 virum

177 2624 499 2677 consularem
528 2636 738 2693 poetam
764 2634 1004 2679 nostrum
1032 2625 1139 2697 34
1160 2627 1366 2690 dicere;
1396 2626 1489 2680 sed
1519 2644 1623 2695 quo
1653 2627 1744 2683 ille

179 2724 410 2783 tempore
439 2716 731 2783 scribebat,
761 2717 876 2774 fere
903 2719 1078 2773 nullus
1103 2720 1155 2774 id
1181 2720 1388 2774 dicebat
1408 2736 1422 2786 ;
1445 2736 1566 2775 cum
1592 2721 1742 2775 multi

174 2804 272 2875 jam
314 2809 814 2865 animadvertissent
857 2818 976 2880 post
1022 2811 1309 2877 Alciatum,
1358 2822 1509 2866 notas
1549 2813 1613 2866 V'.
1653 2812 1739 2878 C.,

174 2914 285 2966 quae
313 2901 432 2957 dna“:
458 2903 652 2957 littera!
689 2902 962 2958 Prudentii
994 2904 1198 2958 nomini
1228 2903 1605 2973 subjiciuntur,
1637 2922 1740 2959 nun

175 2993 327 3044 virum
354 2993 693 3057 consularem,
728 2993 820 3048 sed
852 2995 1017 3047 virum
1046 2995 1390 3048 clarissimum
1418 2996 1741 3065 s‘gnilicare.

175 3084 344 3152 Neque
383 3087 526 3139 eiiim
564 3086 840 3141 Prudentii
869 3102 983 3140 aevo
1021 3098 1141 3141 erat
1187 3089 1238 3141 in
1284 3104 1383 3142 usu
1431 3088 1612 3142 titulus
1650 3091 1747 3143 uixi

176 3177 467 3230 consularis.
511 3177 585 3230 Ex
628 3177 840 3232 Valerio
880 3178 1054 3231 Probo
1090 3178 1158 3232 de
1191 3178 1343 3232 Natis
1383 3180 1741 3233 llon'iannrnm
1773 3164 1818 3226 (ἶ

176 3265 598 3332 interpretandis,
651 3277 705 3321 et
746 3268 864 3323 aliis
910 3277 1074 3336 patet,
1128 3269 1187 3322 V.
1234 3267 1293 3321 (Ζ.
1344 3268 1607 3323 indicasse
1652 3280 1742 3322 ant

175 3355 334 3410 virum
356 3357 714 3424 consularem,
739 3368 828 3412 aut
846 3360 1013 3413 virum
1038 3359 1415 3425 clarissimum,
1433 3368 1524 3411 ant
1543 3359 1743 3428 quinta:

174 3448 421 3503 cohortis.
454 3451 694 3505 Militiam
727 3451 999 3506 Prudentii
1030 3467 1135 3506 non
1168 3452 1330 3507 luisse
1363 3452 1605 3506 bellicam
1631 3453 1740 3521 jam

174 3541 411 3606 vidimus,
443 3543 585 3611 quod
611 3552 789 3597 autem
812 3542 928 3610 ejus
954 3552 1191 3610 tempore
1224 3543 1409 3597 titulus
1432 3542 1525 3595 viri
1547 3556 1742 3597 CONSU-

175 3631 266 3684 lari
297 3648 396 3685 non
420 3641 564 3687 esset
584 3632 637 3686 in
666 3648 785 3697 usu,
810 3648 912 3686 non
935 3644 1016 3687 est
1043 3632 1392 3702 undecunque
1419 3647 1603 3689 verum
1639 3632 1743 3702 (τι).

175 3723 249 3778 Ex
282 3739 411 3777 mss.
452 3725 746 3788 codicibus,
784 3735 838 3781 et
868 3741 931 3781 ex
961 3727 1237 3781 Breviario
1267 3728 1745 3795 Czcsaraugnstano

173 3818 451 3888 colligitur,
472 3828 597 3872 ante
621 3818 814 3873 Aldum
843 3834 961 3874 eam
980 3820 1284 3888 opinionem
1301 3820 1408 3888 jam
1428 3818 1740 3885 invaluisse,

173 3918 227 3961 ut
255 3909 571 3981 Prudentius
601 3911 809 3977 consul,
842 3920 933 3964 aut
963 3912 1043 3965 vir
1070 3913 1371 3966 consularis
1400 3912 1739 3976 crederetur;

172 3999 423 4061 siquidem
454 4001 719 4072 Tamayns
746 4003 812 4056 de
841 4002 1038 4072 \‘argas
1069 4003 1120 4056 in
1148 4002 1467 4057 Defensione
1492 4004 1743 4057 Mariana:

173 4092 351 4161 refert,
392 4095 444 4148 in
474 4094 653 4149 ofﬁcio
684 4096 850 4149 veteri
879 4095 1360 4165 Caesaraugustam
1389 4096 1645 4150 lectiones
1674 4097 1740 4151 18

170 4194 456 4254 martyrum
498 4186 719 4240 indicari
758 4186 1103 4255 depromptas
1132 4204 1193 4241 ea:
1222 4188 1427 4241 Aure‘io
1460 4187 1742 4241 Prudentia

173 4276 272 4326 τ’το
303 4276 564 4329 consulari
600 4275 1079 4347 Cwsaraugustano.
1114 4281 1155 4332 A
1190 4278 1429 4348 Dungalo
1464 4279 1659 4333 saeculo
1689 4293 1742 4332 lx

174 4369 243 4418 uir
265 4371 553 4422 consularis
583 4369 880 4432 dicebatur,
914 4378 973 4423 ut
995 4369 1176 4424 videre
1207 4373 1405 4439 puteris
1434 4370 1565 4424 infra
1593 4385 1741 4423 nunt.

174 4456 290 4526 243,
320 4470 376 4515 ct
405 4461 474 4515 ab
502 4461 656 4517 lsone
685 4463 735 4516 in
764 4462 957 4532 glossis
979 4463 1045 4516 ad
1079 4465 1281 4531 praefat.
1310 4464 1585 4518 Prudentii
1615 4478 1745 4518 con-

174 4552 371 4606 solatus
410 4554 671 4608 astruitnr
699 4554 763 4607 ad
795 4569 1010 4608 versum
1045 4556 1131 4609 17.
1174 4555 1421 4611 Nonnulli
1462 4556 1747 4611 existima-
1774 4551 1826 4611 Ι)

174 4653 289 4698 run;
329 4644 679 4700 Prudentium
721 4651 1052 4702 consulatum
1093 4652 1323 4720 gessisse
1373 4671 1476 4709 non
1534 4655 1744 4726 itania),

174 4736 261 4791 sed
288 4738 572 4805 Massalim,
601 4749 693 4794 aut
714 4740 872 4795 Salia:
895 4743 945 4796 in
979 4743 1250 4813 Hispania,
1284 4749 1504 4804 urbibus
1532 4753 1746 4828 ignotis,

173 4916 284 4994 dam
312 4917 539 4994 proximi
568 4918 709 4994 clere
729 4917 1003 4994 dicuntur,
1033 4934 1138 4972 non
1170 4921 1311 4994 male
1337 4924 1557 4994 colligit,
1582 4927 1745 4986 fuisse

176 4986 223 5038 in
256 4989 501 5066 .l-Li-clesia
559 4990 910 5058 proximatum
955 4989 1091 5043 clero
1138 4990 1370 5048 similem
1426 4986 1746 5064 piosimatui

173 5070 503 5113 δειιιιιοηιιιι.

238 5130 417 5209 (a)_E_x
441 5130 562 5184 eod.
582 5128 811 5209 Theod.,
844 5129 937 5183 lib.
963 5145 1018 5209 ιιι
1046 5132 1108 5183 de
1136 5129 1266 5209 βου.
1302 5139 1596 5209 proscript.,
1619 5155 1748 5195 con-

172 5209 274 5277 stat
318 5200 487 5277 fuisse
516 5204 773 5277 quosdam
810 5204 1100 5277 cottsalares
1128 5200 1322 5277 dictos,
1363 5217 1418 5259 et
1446 5200 1658 5277 quidem
1689 5213 1742 5267 in

176 5268 421 5337 Hispania
448 5273 800 5325 Caelestinum
828 5287 917 5324 an.
948 5272 1072 5326 557.
1114 5268 1371 5330 Solebant
1407 5268 1583 5334 autem
1621 5298 1745 5335 con-

171 5339 361 5409 sulares
388 5352 482 5393 aut
507 5341 803 5395 mutantes
847 5342 1126 5409 appellari,
1161 5360 1263 5398 non
1290 5348 1385 5399 viri
1423 5352 1739 5406 consulares.

174 5408 301 5462 Illud
333 5427 463 5487 vero
494 5413 988 5487 estcert'tssitnu.n,
1021 5428 1113 5487 eas
1157 5426 1310 5487 notas
1340 5423 1636 5487 Sil‘plSSlllle
1667 5424 1749 5476 in-

173 5484 529 5563 nucrerirum
559 5484 916 5546 clarissimum,
946 5495 999 5537 et
1022 5485 1290 5563 interdum
1314 5484 1513 5563 apponi
1558 5494 1621 5545 iis
1656 5494 1747 5563 qui

170 5552 502 5632 consulatum
524 5566 795 5632 geri-rent,
814 5557 1133 5632 utconsules
1162 5558 1255 5632 viri
1276 5552 1545 5632 clarissimi
1570 5552 1751 5632 appel-

171 5620 442 5699 larentnr,
472 5620 615 5691 quod
649 5625 829 5699 multis
872 5626 1308 5699 inscriptionibus
1334 5630 1575 5699 jnrisque
1605 5620 1746 5699 leg:-

170 5690 270 5769 bus
296 5702 476 5769 posset
495 5690 852 5769 ctitiiprubari.
890 5695 963 5751 De
991 5690 1349 5753 consularibus
1376 5690 1519 5769 plura
1545 5690 1747 5757 Gnidits

173 5762 486 5820 Pana-troius
516 5765 569 5818 in
599 5765 759 5820 Notit.
786 5769 895 5835 dig.

1851 526 2015 592 taliae,
2049 540 2139 582 aut
2168 530 2396 586 Mesnlia'
2422 534 2473 587 in
2500 550 2680 601 versu,

1915 616 2129 667 Oblitum
2152 625 2335 670 veteris
2359 624 2595 674 Messaline
2615 627 2827 677 consulis
2848 643 3076 691 arguens.

1852 698 1955 753 Sed
1986 715 2105 754 eunt
2141 702 2249 770 jam
2294 719 2418 760 vera
2453 708 2632 775 lectio,
2676 720 2730 763 cl
2770 712 3059 779 explicatio
3100 717 3216 785 ejus
3248 736 3434 777 versus

1853 792 2084 847 stabilita
2126 794 2304 859 fuerit,
2341 805 2393 850 et
2424 798 2788 855 demonstrata
2825 818 2986 871 Supra
3024 823 3168 860 nunt.
3204 811 3293 867 59.
3328 830 3433 866 non

1853 897 1932 939 est
1960 886 2163 942 diutius
2188 890 2240 943 in
2268 890 2454 946 eodem
2483 907 2796 961 argumento
2821 899 3228 955 immorandum.
3254 906 3435 971 Qitntt-

1854 990 2010 1044 quam
2042 977 2251 1032 inﬁrma
2280 984 2627 1049 quorumdam
2662 995 2745 1039 est
2776 988 2928 1055 ratio,
2962 991 3049 1057 qui
3085 978 3430 1049 Prudentium

1856 1078 2049 1137 negant
2076 1073 2353 1127 consulem
2382 1074 2567 1142 luisse,
2591 1080 2713 1146 quia
2739 1080 2789 1132 in
2818 1081 3107 1138 Occidente
3130 1087 3255 1141 nulli
3279 1100 3435 1143 erant

1853 1161 2101 1215 consltles
2141 1163 2242 1217 nisi
2285 1164 2487 1233 Romae,
2532 1182 2663 1236 quos
2700 1182 2913 1225 secutus
2951 1188 3071 1229 esse
3120 1177 3328 1232 videtur
3355 1182 3427 1235 cl.

1855 1250 2169 1306 Emmanuel
2199 1253 2475 1310 Martinius
2499 1258 2588 1313 lib.
2620 1275 2679 1325 ιι,
2710 1262 2866 1330 epist.
2894 1264 2983 1329 55,
3009 1267 3096 1331 qui
3123 1280 3307 1335 aperte
3336 1272 3431 1325 do-

1854 1352 1942 1397 cet
1973 1351 2122 1398 extra
2156 1345 2376 1401 Romam
2400 1351 2646 1405 consules
2677 1369 2779 1406 non
2814 1355 2993 1410 fuisse.
3031 1358 3132 1411 Eos
3164 1362 3430 1415 Ausonius

1854 1435 2068 1499 refellit,
2089 1439 2329 1493 carmine
2351 1440 2418 1493 de
2440 1441 2739 1511 Burdigala,
2768 1455 2826 1500 ut
2856 1447 3096 1516 plerique
3118 1464 3427 1519 exponunt:

1914 1526 2031 1602 {iter
2055 1531 2343 1602 patrialesh:
2371 1533 2552 1602 patrias
2576 1535 2663 1582 sed
2686 1536 2830 1602 Roma
2854 1546 3138 1602 supervenit
3160 1556 3348 1602 omnes,

1914 1587 2422 1663 Piligodlnrdiaalam,
2453 1594 2643 1663 lioniatn
2660 1594 2812 1663 colo;
2829 1587 2948 1663 citis
2970 1603 3015 1647 in
3042 1587 3130 1649 hac
3152 1587 3276 1663 sum,

1916 1650 2089 1698 Consul
2116 1654 2163 1699 in
2188 1650 2437 1702 ambabus.
2459 1653 2605 1704 Curia:
2626 1658 2722 1719 hic,
2751 1660 2814 1706 ibi
2839 1659 2959 1708 sella
2984 1665 3180 1712 curulis.

1924 1731 2012 1784 52.
2040 1732 2142 1786 Alii
2176 1734 2522 1789 Prudentium
2553 1741 2823 1805 prtctorio,
2851 1751 2945 1796 aut
2967 1743 3091 1798 Urlti
3126 1746 3429 1812 pralecttnn

1470 1803 1549 1856 ΕΟ
1600 1806 1741 1859 θ”ίηι
1780 1802 1973 1880 Binde
1998 1827 2290 1895 arguebant
2321 1826 2504 1890 fuisse,
2536 1830 2674 1897 quod
2703 1846 2896 1887 onums
2918 1850 3142 1891 rnoxnto
3173 1853 3429 1893 rnortusa

1848 1920 2088 1987 principe
2117 1931 2423 1989 assumptus
2447 1922 2552 1993 35
2574 1925 2889 1987 constiterit,
2920 1928 3061 1995 quod
3092 1944 3248 1984 secus
3275 1933 3430 1985 inte!-

1848 2009 2116 2078 ligendum
2148 2026 2269 2065 esse
2298 2020 2420 2064 ante
2449 2012 2832 2067 demonstravi.
2868 2016 3204 2087 Lndewigins
3246 2032 3428 2075 osten-

1846 2101 1975 2156 dere
2020 2112 2277 2167 conatur,
2336 2102 2532 2155 nullam
2590 2105 2773 2158 Romae
2822 2106 3128 2176 dignitatern
3181 2111 3431 2166 habuisae

1850 2192 2235 2250 Prudentium.
2280 2193 2399 2258 qttia
2447 2207 2608 2247 senex
2652 2195 2937 2249 admodum
2989 2198 3208 2252 Romam
3251 2200 3425 2267 venit,

1849 2294 2237 2353 proptereaque
2282 2284 2331 2337 in
2372 2300 2634 2339 summam
2672 2287 3076 2343 admirationem
3117 2291 3265 2345 urbis
3305 2302 3429 2346 ante

1848 2378 1933 2430 vix
1965 2379 2090 2429 visae
2115 2384 2314 2429 tractus
2345 2385 2447 2441 est,
2481 2390 2545 2430 ex
2577 2377 2817 2431 Cassiani
2842 2380 3040 2448 hymno
3070 2398 3083 2432 :

1999 2464 2127 2528 Sylla
2149 2463 2301 2512 forum
2324 2466 2505 2514 ’statuit
2528 2466 2781 2516 (‘ornelins
2809 2484 2819 2516 :
2860 2470 2953 2519 hoc
2979 2471 3081 2522 ltali
3107 2472 3289 2523 Urbem

2064 2528 2246 2576 Vocant
2270 2528 2329 2573 ab
2350 2528 2453 2587 ipso
2472 2530 2735 2577 conditoris
2756 2533 2965 2579 nomine.

1998 2587 2090 2658 Hic
2110 2589 2244 2649 mihi,
2268 2601 2380 2658 cum
2402 2596 2623 2658 peterem
2652 2598 2724 2650 te,
2752 2596 3145 2658 rerummaximri
3170 2596 3340 2658 lloma,

2057 2651 2183 2768 ﬁpes
2207 2656 2283 2700 est.
2306 2651 2488 2710 oborta,
2490 2664 2803 2768 prosperum
2827 2656 3066 2703 Christum
3088 2656 3208 2705 fore.

2057 2743 2061 2768 I
2091 2736 2145 2768 ra
2180 2739 2193 2768 :

1918 2720 1985 2775 Et
2013 2720 2145 2775 inira
2180 2739 2193 2773 :

2002 2799 2224 2868 Egimus
2247 2801 2497 2868 consultus
2517 2802 2615 2851 ait:
2641 2801 2778 2868 Quod
2804 2809 3059 2868 prospicis,
3082 2806 3278 2868 hospes,

2061 2862 2165 2911 Non
2189 2869 2263 2912 est
2284 2864 2460 2925 inanis,
2482 2870 2568 2912 aut
2593 2864 2737 2913 anilis
2759 2864 2920 2914 fabula

1848 2943 2110 2999 Prmterea
2168 2961 2273 2999 non
2330 2946 2464 2999 adeo
2536 2945 2860 3001 Prudentius
2923 2963 3045 3002 cum
3104 2934 3430 3020 Symmacho

1855 3033 2033 3104 (quem
2057 3045 2293 3102 apostala
2305 3051 2354 3087 ιιι
2387 3035 2514 3089 dicit
2534 3034 2894 3107 Ludewigius,
2917 3040 3142 3096 fortasse
3165 3058 3227 3096 ex
3245 3043 3429 3097 dicen—

1849 3124 1930 3177 dis
1951 3125 2015 3177 ad
2045 3141 2185 3179 vers.
2218 3125 2323 3180 450
2355 3126 2576 3195 Apoth.)
2600 3130 2926 3186 contendere
2953 3133 3153 3186 veritus
3179 3142 3364 3199 esset,
3387 3134 3430 3187 si

1849 3216 2158 3283 dignitatem
2201 3217 2251 3270 in
2305 3216 2451 3273 Urbe
2493 3219 2845 3286 obtinuisset;
2894 3224 3134 3290 quamvis
3182 3224 3323 3279 enim
3372 3224 3427 3278 S.

1850 3306 2166 3361 Ambrosius
2197 3309 2404 3360 veniam
2437 3324 2653 3378 quoque
2674 3314 2923 3365 sermonis
2975 3314 3143 3383 asperi
3175 3314 3429 3383 postulet,

1849 3408 2032 3453 contra
2077 3398 2457 3470 Symmachum
2510 3400 2876 3469 disputaturus
2901 3444 2917 3469 ,
2958 3414 3133 3458 tamen
3159 3406 3273 3473 ipse
3303 3405 3431 3459 Am-

1851 3488 2083 3553 brosins,
2108 3489 2234 3543 licet
2260 3489 2669 3545 Mediolaneusis
2693 3493 2996 3562 episc0pus,
3030 3494 3187 3566 longe
3215 3498 3433 3551 inferior

1848 3587 1963 3633 erat
1991 3579 2312 3649 Symmacho
2341 3620 2357 3646 ,
2389 3584 2502 3635 viro
2534 3582 2840 3649 consulari,
2874 3585 3035 3640 Urbis
3064 3590 3347 3656 praelecto,
3379 3597 3432 3642 et

1848 3674 2287 3725 Crercmoniarum
2332 3674 2598 3741 pontifice.
2643 3676 2927 3731 Concludit
2976 3676 3313 3748 Ludewigius
3355 3681 3432 3734 vi-

1847 3761 1961 3813 deri
2007 3759 2354 3814 Prudentium
2400 3779 2577 3817 rerum
2610 3780 2874 3819 summam
2907 3769 2956 3819 in
2996 3769 3245 3836 llispania
3276 3811 3291 3834 ,
3326 3786 3431 3823 non

1849 3852 2054 3920 linum,
2092 3854 2314 3923 potitum
2341 3894 2355 3919 ,
2388 3870 2451 3910 ac
2479 3856 2700 3924 proinde
2724 3858 3032 3925 prmfectum
3063 3859 3431 3929 Hi5pauiarum

1847 3942 2031 3998 inisse.

1915 4036 2003 4089 55.
2059 4034 2214 4089 Plura
2258 4036 2309 4088 in
2354 4037 2438 4090 his
2466 4036 2767 4106 displicent.
2806 4038 3042 4092 Primum
3080 4041 3427 4096 Prudentium

1846 4125 2130 4179 admodum
2179 4141 2364 4180 senem
2416 4126 2639 4182 Romam
2671 4131 2883 4184 venisse
2929 4145 3032 4183 non
3067 4130 3229 4200 liquet
3265 4149 3279 4185 :
3311 4148 3431 4186 nam

1845 4216 1965 4285 quis
1994 4232 2187 4271 annum
2236 4218 2474 4271 invenire
2507 4220 2701 4285 poterit
2730 4259 2745 4283 ,
2778 4236 2884 4288 quo
2914 4221 2971 4275 S.
2997 4220 3312 4274 Cassianum
3346 4221 3430 4274 iu-

1846 4307 2005 4361 visit?
2032 4307 2151 4377 quis
2175 4323 2415 4363 asserere
2444 4310 2636 4364 audeat
2677 4321 2799 4365 tunc
2832 4314 3058 4381 primum
3088 4323 3175 4366 aut
3209 4314 3430 4369 [lentam

1848 4396 2083 4467 petiisse,
2113 4409 2201 4453 aut
2230 4400 2401 4452 forum
2436 4398 2668 4455 Cornelii
2701 4402 2933 4456 vidisse?
2960 4403 3111 4469 Quod
3143 4420 3272 4457 vero
3299 4404 3432 4458 Prn-

1849 4490 2058 4544 dentius
2105 4506 2224 4545 cum
2269 4491 2593 4562 Symmacho
2637 4493 2964 4549 contendere
3011 4497 3213 4549 veritus
3243 4496 3347 4552 sit.
3382 4496 3431 4550 id

1851 4579 2023 4634 solum
2050 4581 2280 4650 pertinet
2307 4581 2372 4635 ad
2418 4580 2746 4651 singularem
2781 4582 3047 4638 Prudentii
3083 4586 3432 4650 modestiam,

1853 4673 1942 4743 qui
2002 4672 2311 4743 Symmachi
2343 4673 2700 4740 eloquentiam
2749 4691 2860 4731 sure
2908 4677 3064 4747 longe
3094 4677 3432 4747 pra'puncbat

1860 4766 1953 4834 (ὁ).
1990 4764 2207 4819 Falsum
2234 4765 2360 4820 item
2393 4775 2476 4820 est
2503 4807 2519 4833 ,
2550 4767 2934 4837 Sytntnacltunt
2959 4809 2975 4835 ,
3010 4785 3133 4823 cunt
3164 4784 3193 4822 a
3224 4768 3281 4824 S.
3313 4770 3435 4822 Ant-

1926 4934 2003 5007 (b)
2032 4936 2087 4989 lu
2121 4934 2329 5005 przel‘at.
2369 4936 2459 4991 lib.
2488 4952 2525 4991 ιι
2556 4938 2764 4993 θὼθιε.
2801 4940 3036 5007 Symm.:

2104 5108 2223 5158 Sum
2248 5110 2392 5170 plane
2419 5114 2731 5173 temerarius,

2106 5173 2199 5229 Qui
2224 5173 2374 5221 noctis
2396 5174 2510 5221 mihi
2536 5180 2771 5230 conscius,

2104 5236 2257 5295 Quam
2281 5237 2394 5283 vita:
2413 5248 2459 5282 in
2478 5237 2698 5284 tenebris
2719 5246 2832 5295 ago,

2099 5293 2223 5355 Pum
2240 5295 2306 5345 im
2326 5297 2534 5345 Credere
2556 5300 2632 5344 ιιυι
2652 5293 2780 5344 tibus

2100 5355 2244 5405 Tanti
2271 5372 2362 5405 non
2385 5365 2580 5406 timeam
2603 5360 2688 5406 viri
2714 5373 2725 5405 :

2104 5424 2211 5473 Uno
2236 5432 2361 5466 nunc
2387 5432 2529 5465 neino
2563 5420 2788 5465 disertior

2098 5477 2342 5538 Exsoluit,
2361 5480 2533 5537 fremit,
2562 5480 2761 5533 intonat.

2104 5540 2371 5598 Ventisque
2398 5539 2507 5597 eloq
2548 5540 2579 5584 ii
2609 5544 2764 5586 tumet
2795 5551 2805 5584 :

2102 5601 2188 5646 (.tti
2212 5612 2428 5645 mersare
2452 5598 2727 5646 facillimum
2755 5606 2831 5655 cet

2100 5659 2380 5721 'lfructandte
2400 5659 2653 5707 induetietn
2674 5664 2809 5721 ratis,

2105 5720 2159 5766 Ni
2190 5728 2260 5778 lu,
2285 5721 2423 5768 tlhris
2447 5735 2475 5769 e
2500 5729 2693 5781 potens,
2719 5720 2911 5770 manutu

2106 5781 2295 5831 Dextro
2335 5784 2531 5832 numine
2554 5786 2791 5844 porrigas.
