4000 6176
516 254 619 308 i303

1924 227 2377 287 PRL‘DENTlL‘S.

3664 227 3755 282 GM

516 365 696 422 brosio
722 372 805 419 est
827 365 1161 432 oppugnatus
1182 397 1197 421 ,
1224 369 1317 410 eos
1347 364 1533 406 omnes
1559 349 1792 404 honores
1819 346 1983 401 fui-se
2010 359 2102 397 as-
2128 353 2175 408 Α
2206 345 2322 399 libri
2370 339 2793 396 Cathemerinon
2837 339 3012 408 potius
3051 339 3299 393 omnibus
3336 340 3583 405 operibus
3606 381 3618 400 ,
3658 358 3760 409 qua:

519 471 781 523 secutum,
808 458 897 527 qui
932 472 1036 508 non
1070 453 1229 506 fuerit
1273 458 1399 502 ante
1446 462 1645 500 annum
1675 446 1773 499 59l
1801 441 1985 496 consul
2014 454 2100 494 re-

520 555 817 608 nuntiatus.
853 548 1230 604 Praafecturam
1262 558 1394 596 vero
1442 540 1813 607 Hispaniarum
1864 534 2107 591 Pruden-

525 645 600 697 tio
631 644 793 697 fuisse
823 652 1134 695 concessam
1166 650 1270 689 non
1296 633 1571 687 admittam
1593 672 1609 695 ,
1639 629 1741 683 nisi
1770 627 2107 695 Ludewigius

524 734 782 787 vicariam
816 728 1050 799 pra-fecti
1081 726 1427 795 dignitatem,
1451 738 1571 792 qua:
1603 731 1729 775 tunc
1759 720 1811 774 itt
1840 717 2111 786 Hispaniis

525 825 757 892 vigebat,
793 820 915 874 Vcill
950 816 1191 886 intelligi.
1224 816 1355 870 Illud
1388 815 1615 868 libenter
1644 812 1913 867 assentiar
1939 808 2112 862 Lude-

527 914 708 981 wigio,
737 912 984 968 Vassium
1029 910 1293 978 aliosque,
1323 907 1411 977 qui
1453 905 1802 961 Prudentium
1832 901 2110 957 consulem

529 1004 811 1059 suffectum
837 1045 852 1068 ,
884 1018 988 1056 non
1020 999 1350 1055 ordinarium
1374 1038 1389 1060 ,
1414 997 1523 1067 36
1544 996 1749 1061 dicunt,
1782 993 1927 1048 nullo
1958 990 2115 1046 inniti

529 1082 900 1151 fundamento.
937 1093 992 1145 ltt
1020 1091 1301 1145 annalibus
1332 1090 1546 1157 quidem
1576 1086 1855 1142 consulum
1886 1100 1989 1138 non
2020 1100 2119 1137 no-

530 1187 789 1243 tabantur
832 1201 1019 1239 eorum
1052 1182 1267 1237 nomina
1309 1180 1397 1250 qui
1438 1180 1558 1233 loco
1600 1177 1838 1232 defuncti
1880 1175 2118 1231 consulis

532 1278 973 1340 subiciebantur,
1005 1273 1099 1328 sed
1126 1316 1143 1341 ,
1175 1280 1232 1326 ut
1271 1270 1553 1325 credamus
1583 1268 1813 1337 aliquem
1838 1264 2115 1320 suii‘ectum

533 1372 703 1427 fuisse
730 1368 1005 1423 consulem
1026 1406 1042 1433 ,
1070 1364 1363 1436 probabilis
1394 1364 1529 1417 ratio
1558 1359 1828 1415 ali'erenda
1869 1368 1973 1414 est.
2000 1357 2119 1423 Quo

533 1473 714 1518 autem
744 1477 885 1515 anno
916 1460 1237 1513 Prudentius
1269 1458 1490 1511 Romam
1520 1454 1753 1517 venerit,
1776 1462 1830 1506 et
1859 1468 1926 1506 att
1951 1454 2119 1506 semel

538 1566 778 1616 tantum,
831 1552 963 1606 nihil
1006 1550 1175 1604 habeo
1205 1549 1540 1617 exploratum
1569 1587 1583 1608 ,
1625 1559 1797 1615 neque
1838 1543 1992 1598 video
2019 1557 2119 1611 qua

536 1646 743 1699 ratione
775 1643 1025 1696 Nit-olaus
1055 1640 1318 1694 Antonius
1340 1654 1461 1692 eum
1506 1637 1689 1689 Romze
1724 1634 1967 1688 advocati
2006 1651 2121 1685 tnu-

537 1751 639 1791 ttus
682 1737 992 1789 exercuisse
1018 1778 1032 1800 ,
1062 1733 1239 1798 ibique
1269 1745 1435 1798 usque
1476 1728 1540 1781 ad
1571 1727 1788 1781 llonorii
1819 1738 1873 1781 et
1908 1726 2118 1780 Arcadii
2156 1715 2198 1774 Β

538 1829 820 1899 imperium
885 1827 1244 1897 permansisse
1298 1822 1723 1885 existimaverit;
1780 1820 1869 1890 qui
1924 1829 2124 1889 pariter

539 1920 741 1989 colligit
800 1917 1147 1973 Prudentium
1192 1916 1243 1970 in
1292 1914 1439 1970 Urbe
1481 1927 1624 1966 anno
1664 1910 1769 1966 403
1802 1919 2123 1979 prmst-ntem

541 2011 701 2064 fuisse
721 2049 737 2074 ,
764 2007 888 2077 quia
921 2006 1285 2076 prinfationem
1315 2018 1380 2057 eo
1410 2016 1551 2057 anno
1580 1999 1847 2064 scribens,
1873 1997 2001 2052 nihil
2031 1997 2125 2057 ad-

542 2102 647 2156 huc
676 2101 742 2156 de
770 2102 1010 2154 discessu
1037 2114 1135 2153 suo
1155 2096 1224 2151 ab
1244 2096 1405 2160 Urbe,
1429 2093 1569 2166 quod
1593 2105 1894 2162 opportune
1915 2090 2122 2153 debuit,

544 2192 870 2262 subjecerit,
922 2207 1043 2262 qua:
1090 2189 1415 2255 conjecturae
1466 2185 1621 2240 valde
1666 2184 1950 2239 imbecilla:
1996 2180 2124 2235 mihi

543 2299 666 2339 esse
703 2285 971 2339 videntur.
1015 2283 1205 2337 Ri~cus
1236 2280 1485 2349 opinatur
1534 2278 1882 2333 Prudentium
1933 2276 2128 2328 militia:

546 2376 707 2442 gradu
738 2387 956 2430 evectum
986 2374 1149 2428 fuisse
1174 2388 1203 2426 a
1228 2371 1531 2426 Theodosio
1560 2371 1702 2424 inter
1730 2369 1999 2437 palatinos
2029 2365 2127 2419 ad-

548 2466 916 2529 missionalcs;
956 2466 1023 2519 de
1058 2464 1249 2532 quibus
1280 2461 1449 2516 codex
1476 2460 1747 2515 Theodos.
1803 2468 1857 2513 et
1898 2457 2129 2513 Jacobus

546 2556 815 2610 Gntherus
844 2555 933 2608 lib.
970 2570 1024 2607 ιιι
1053 2553 1119 2608 de
1146 2551 1348 2608 Ofﬁciis
1371 2552 1562 2605 domus
1593 2559 1853 2617 augustm,
1885 2565 1949 2603 ac
1976 2547 2129 2603 lateri

548 2646 805 2714 principis
854 2644 1173 2718 adhaesisse.
1194 2658 1337 2697 anno
1368 2643 1471 2697 588
1494 2681 1509 2706 ,
1540 2656 1646 2707 quo
1690 2639 2046 2711 Symmachus
2077 2639 2127 2691 in

554 2738 807 2809 panegyri
851 2752 1032 2790 coram
1075 2734 1379 2790 Theodosio
1409 2734 1656 2789 Victorias
1704 2747 1852 2786 aram
1884 2730 2133 2785 dissimuc

550 2831 724 2883 lauter
755 2828 1038 2897 po~tulavit
1065 2867 1080 2892 ,
1129 2836 1182 2881 et
1206 2826 1449 2893 protinus
1475 2824 1645 2879 exsilii
1681 2838 1835 2893 βωιιτι
1879 2823 2131 2875 multatus

550 2931 654 2984 est,
711 2936 847 2976 nova
891 2920 1065 2974 edicta
1116 2917 1465 2989 prodierunt,
1516 2918 1707 2987 quibus
1755 2915 1942 2985 religio
1982 2914 2136 2968 (thri—

549 3014 721 3067 Stiana
755 3012 1190 3081 promovebatur,
1214 3020 1267 3064 et
1296 3009 1517 3064 mirifica
1546 3009 1737 3063 exinde
1769 3009 2131 3062 Romanorum

544 3107 786 3158 nantium
822 3105 990 3174 pietas
1018 3112 1205 3159 exorta
1238 3110 1359 3165 est,
1392 3101 1461 3155 de
1492 3117 1594 3170 qua
1629 3099 1948 3154 Prudentius
1979 3097 2072 3153 lib.
2122 3083 2213 3159 lC

547 3197 810 3251 alvursus
837 3196 1145 3266 Syuimach.
1179 3235 1195 3257 ,
1225 3192 1437 3246 Talibus
1469 3192 1665 3257 edictis,
1696 3200 1799 3244 etc.
1833 3190 1903 3243 Ea
1935 3188 2136 3259 princi-

554 3289 635 3358 pis
666 3288 888 3343 consilia
940 3286 1286 3342 Prudentium
1329 3286 1446 3339 sine
1475 3284 1582 3337 ulla
1618 3283 1952 3336 dubitatio:ie
1980 3280 2136 3349 adju-

552 3382 701 3436 visse
726 3381 918 3437 Riscus
949 3380 1269 3443 arbitratur,
1313 3393 1375 3431 ac
1408 3378 1635 3446 probare
1662 3375 1956 3430 con‘eudit.

629 3472 719 3526 54.
755 3469 1045 3524 Difﬁculter
1076 3472 1191 3523 lucc
1232 3483 1351 3523 cum
1384 3470 1491 3521 vita
1540 3466 1974 3535 temporibusque
2004 3464 2139 3519 Pru-

559 3561 726 3615 detttii
753 3560 1029 3614 caltarrcnt
1064 3575 1079 3615 :
1133 3574 1253 3611 nam
1298 3559 1341 3613 is
1384 3573 1525 3610 anno
1556 3557 1661 3610 588
1703 3556 1933 3611 habebat
1971 3556 2142 3608 miatis

558 3670 754 3708 annum
782 3653 849 3707 40
870 3695 885 3717 ,
918 3662 972 3707 et
998 3667 1121 3707 cum
1155 3660 1273 3720 post
1297 3649 1535 3719 juvenile
1564 3661 1774 3716 tempus
1806 3664 1865 3703 se
1888 3649 2142 3718 jurecou-

556 3748 756 3801 snitum
789 3745 984 3814 egisse,
1015 3752 1069 3799 et
1098 3743 1289 3799 deinde
1320 3744 1402 3797 bis
1430 3741 1608 3795 frenos
1644 3740 1898 3795 nobilium
1932 3740 2140 3794 urbium

559 3839 768 3893 rexisse
821 3844 1249 3899 commemoret,
1294 3833 1435 3903 quod
1485 3832 1673 3895 addit,
1704 3832 1905 3885 tandem
1950 3832 2145 3885 militia:

556 3932 728 4001 gradu
756 3967 773 3993 ,
806 3928 1018 3981 videtur
1049 3926 1284 3981 indicare
1316 3926 1483 3980 virum
1519 3926 1635 3993 plus
1663 3940 1819 3994 quam
1850 3922 2145 3994 quadrage-

558 4022 790 4074 narium.
818 4017 932 4072 Etsi
955 4027 1131 4072 autem
1164 4018 1261 4071 ista
1289 4016 1401 4070 ﬁeri
1430 4017 1666 4084 potuisse
1696 4015 1933 4078 evincas,
1968 4023 2144 4068 tamen

558 4126 748 4165 revera
780 4108 916 4165 facta
945 4109 1107 4164 fuisse
1133 4122 1237 4162 non
1262 4106 1627 4176 persuadebis.
1658 4105 1845 4161 Simile
1873 4113 1976 4171 est,
2004 4103 2145 4173 quod

562 4202 705 4255 idem
734 4200 924 4264 tradit,
960 4199 1306 4254 Prudentium
1335 4213 1475 4251 anno
1505 4198 1629 4261 405,
1663 4211 1783 4250 cum
1817 4212 1875 4250 se
1909 4196 2149 4249 muneri-

561 4290 665 4346 bus
689 4291 1025 4355 abdicasset,
1053 4290 1167 4345 Deo
1195 4298 1502 4343 vacaturum
1530 4288 1582 4341 itt
1628 4286 1932 4355 llispaniam
1963 4301 2145 4340 seces-

563 4386 741 4447 sisse,
782 4384 924 4439 unde
969 4382 1193 4438 Romam
1237 4374 1412 4436 redire
1461 4392 1712 4441 coactus,
1752 4379 2061 4433 Cassianum
2093 4387 2146 4432 et

2202 444 2332 489 tunc
2364 432 2616 497 vulgabat
2643 474 2657 494 ,
2688 433 2937 501 oittgruit
2960 472 2976 495 ,
3002 441 3058 484 ιιι
3088 448 3157 484 ex
3194 431 3436 499 pluribus
3462 439 3593 485 vett.
3621 434 3761 486 codd.

2206 528 2393 597 liquet.
2423 525 2679 591 Quamvis
2720 534 2900 579 autem
2949 526 3019 578 ita
3069 539 3192 578 sese
3234 523 3304 578 ad
3354 538 3504 578 sacra
3547 524 3768 578 carmina

2210 618 2484 689 pangenda
2512 618 2708 672 excitet
2735 634 2750 671 :

2366 729 2513 790 Atqui
2534 728 2629 776 ﬁne
2650 727 2743 776 sub
2765 727 2955 790 ultimo,

2366 788 2617 838 Peccatrix
2647 791 2801 837 anima
2826 788 3078 837 stultitiam
3098 794 3267 847 exuat,

2364 852 2551 901 Saltem
2575 864 2693 899 voce
2719 850 2876 898 Deum
2898 849 3234 909 concelebret,
3262 848 3303 897 si
3330 848 3521 898 meritis
3544 848 3717 910 nequit,

2216 999 2319 1068 37
2351 1008 2529 1052 tamen
2559 1012 2620 1052 ea
2660 1012 2766 1051 non
2795 1006 2923 1052 sunt
2954 980 3125 1051 verba
3160 1007 3285 1051 tunc
3315 1012 3513 1050 canere
3542 998 3776 1065 incipien-

2220 1100 2307 1148 tis.
2339 1091 2429 1144 sed
2456 1090 2721 1159 al’tigentis
2748 1088 3074 1144 carminibus
3096 1088 3204 1157 jam
3232 1088 3385 1142 factis
3410 1089 3775 1156 praefationem,

2218 1195 2339 1250 quin
2370 1180 2638 1235 interdum
2665 1187 2788 1248 post
2816 1178 3116 1233 absolutum
3152 1193 3288 1246 Opus
3315 1179 3687 1231 conscribitur.

2292 1274 2384 1327 55.
2436 1271 2618 1341 Itaque
2664 1271 2832 1325 libros
2861 1278 3042 1324 contra
3067 1269 3451 1340 Symmachum
3474 1268 3652 1322 Romae
3675 1284 3780 1324 euut

2225 1375 2354 1432 puto
2398 1364 2818 1431 composuisse:
2872 1362 3057 1415 Roma:
3109 1361 3236 1415 item
3287 1360 3547 1429 hymnum
3595 1360 3658 1415 de
3699 1362 3781 1415 SS.

2223 1455 2481 1525 apostolis
2503 1455 2664 1509 Petro
2692 1464 2746 1508 et
2773 1453 2941 1507 Paulo
2959 1494 2974 1519 ,
3000 1452 3152 1521 cujus
3180 1464 3264 1507 est
3288 1453 3407 1506 linis
3441 1471 3455 1505 :

2380 1590 2497 1639 litec
2518 1590 2741 1638 didicisse
2758 1596 2827 1637 sal
2848 1596 2923 1637 cst
2950 1587 3112 1636 Rome
3128 1588 3213 1636 lilii
3241 1600 3253 1634 :
3275 1594 3327 1636 tu
3348 1588 3547 1635 donmm
3566 1602 3783 1648 reversus,

2438 1652 2581 1701 Diem
2618 1652 2845 1700 bifestum
2868 1652 2937 1699 sic
2960 1650 3109 1705 colas,
3138 1658 3406 1698 memento.
3774 1660 3783 1669 ν

2232 1775 2507 1844 Calagurri
2536 1784 2810 1831 exaratum
2836 1777 3088 1844 hymnum
3123 1774 3221 1828 SS.
3246 1785 3547 1845 lll'tl‘lyt‘tttll
3576 1774 3722 1828 llcnte
3743 1789 3785 1826 c-

2228 1867 2286 1920 rii
2318 1882 2364 1919 et
2391 1865 2663 1922 Celedonii
2693 1867 3128 1922 innuuntversus
3159 1886 3173 1919 :

2352 2002 2456 2053 Hoc
2477 2003 2657 2053 bonum
2681 2002 2899 2054 Salvator
2916 2004 3042 2065 ipse,
3061 2016 3157 2066 quo
3184 2001 3416 2065 fruamur,
3448 2003 3689 2065 prestitit,

2226 2140 2275 2185 et
2310 2130 2519 2200 reliqui.
2545 2130 2798 2186 Emerita:
2821 2139 3033 2198 poetam
3067 2139 3307 2182 nostrum
3348 2128 3620 2183 exstitiSse
3643 2129 3787 2183 credi-

2229 2223 2421 2289 derim,
2453 2236 2574 2276 cum
2597 2222 2654 2277 S.
2684 2222 2945 2276 Eulaliam
2970 2222 3246 2276 celebran~~
3270 2222 3498 2277 cecinit:

2291 2354 2299 2361 ’
2353 2354 2441 2404 Ast
2465 2367 2561 2415 ego
2583 2364 2715 2404 serta
2739 2355 2889 2404 choro
2912 2356 2959 2403 in
2984 2356 3146 2406 medio

2354 2416 2515 2478 Texta
2538 2416 2687 2465 feram
2711 2418 2836 2478 pede
2854 2416 3106 2478 dactylico,

2369 2431 2515 2465 texta
2538 2431 2687 2465 teram
2743 2431 2836 2465 eae
2854 2431 3106 2478 dactylico,

2356 2477 2504 2538 Vilia,
2544 2431 2773 2538 marcitiit,
2794 2478 2915 2526 festa
2936 2486 3119 2526 tamen.

2359 2541 2439 2589 Sic
2464 2554 2749 2590 venerarier
2769 2553 2876 2588 ossa
2908 2539 3046 2599 libet,

2357 2602 2560 2650 Ossibus
2580 2601 2701 2649 altar
2728 2610 2778 2651 et
2801 2603 3097 2665 impositum.

2235 2705 2656 2777 Cmsaraugusta:
2719 2709 2976 2779 hymnum
3023 2710 3091 2763 de
3138 2709 3204 2763 18
3255 2708 3583 2781 martyribus
3632 2708 3795 2762 factum

2240 2813 2399 2851 nemo
2428 2799 2725 2868 negaverit.
2761 2799 2875 2867 Qua
2903 2799 2970 2855 de
2996 2816 3153 2855 causa
3180 2841 3196 2864 ,
3227 2808 3281 2854 et
3303 2800 3392 2855 ubi
3422 2800 3481 2854 S.
3510 2799 3795 2855 Cassianum

2239 2889 2634 2958 prmdicaverit,
2667 2893 2780 2961 ipse
2804 2890 3007 2947 refert:

2453 3004 2590 3055 Tunc
2612 3018 2783 3055 arcana
2811 3007 2907 3055 mei
2929 3016 3204 3065 percenseo
3225 3009 3397 3053 cuncta
3427 3002 3608 3052 lrtboris
3634 3018 3645 3051 :

2520 3068 2658 3117 'l'unc
2682 3069 2810 3129 quod
2837 3070 3082 3129 petebam,
3108 3067 3231 3122 quoi
3260 3068 3512 3122 timebam,
3537 3074 3795 3129 murmuro:

2454 3127 2645 3205 Et'post
2668 3127 2805 3205 terga
2827 3127 3020 3205 domum
3043 3128 3189 3205 dubia
3207 3129 3307 3205 sub
3330 3133 3465 3205 sorte
3495 3127 3721 3186 relictam,

2521 3190 2581 3241 Et
2602 3205 2691 3252 spe
2730 3191 2875 3240 futuri
2902 3192 3026 3240 forte
3051 3198 3305 3238 nutantem
3332 3190 3460 3237 boni.

2457 3251 2656 3315 Audior,
2685 3254 2717 3300 [Τ
2727 3255 2865 3301 rbem
2892 3252 3253 3315 adeoLdextris
3275 3251 3582 3315 successibus
3605 3257 3725 3309 utor,

2519 3312 2723 3366 Domum
2749 3322 2992 3373 revertor,
3021 3312 3305 3364 Cassianum
3324 3314 3549 3373 praedico.

2242 3464 2300 3520 S.
2349 3462 2699 3519 Laurentium
2747 3471 2802 3515 ct
2832 3460 3175 3530 Hippolytum
3208 3459 3260 3514 in
3295 3458 3583 3528 llispania,
3620 3468 3676 3511 ut
3697 3465 3800 3509 ante

2244 3558 2476 3614 diximus
2497 3600 2511 3622 ,
2546 3558 2776 3612 laudavit
2806 3556 2905 3625 (α).
2944 3556 3139 3609 Verum
3171 3553 3241 3609 de
3276 3552 3550 3607 Prudentii
3575 3549 3801 3620 eperbus

2244 3649 2553 3718 singillatittt
2584 3647 2751 3701 fusius
2778 3646 3036 3700 disseram
3065 3659 3185 3713 cap.
3216 3658 3335 3711 seq.

2315 3747 2424 3815 33
2456 3745 2549 3799 56.
2575 3745 2865 3810 Quoanno,
2892 3752 2946 3795 et
2976 3741 3191 3794 ubinam
3214 3739 3430 3806 obierit,
3451 3738 3801 3793 incertutucsl.

2249 3837 2354 3893 Sed
2384 3836 2565 3891 nescio
2586 3877 2599 3901 ,
2633 3850 2739 3903 quo
2771 3834 2878 3888 fato
2904 3832 3175 3887 Prudentii
3200 3832 3305 3886 vita
3337 3830 3679 3899 plurimorum
3708 3840 3802 3879 sus-

2251 3929 2554 4000 pieiuuibus
2580 3936 2635 3982 et
2660 3926 2986 3995 conjecturis
3027 3925 3095 3978 ita
3124 3935 3205 3978 est
3254 3924 3524 3992 implicata
3548 3962 3564 3988 ,
3588 3930 3641 3975 ut
3666 3920 3801 3973 etiam

2250 4023 2338 4076 ubi
2373 4020 2503 4075 nihil
2536 4021 2756 4074 omnino
2784 4019 2907 4073 sciri
2935 4028 3026 4072 aut
3048 4015 3259 4072 deliniri
3286 4025 3484 4085 potest,
3510 4026 3679 4070 nostra
3704 4026 3803 4065 ora-

2251 4113 2324 4167 tio
2355 4113 2653 4167 consistere
2694 4111 2886 4166 debeat
2915 4109 3327 4179 aliquantisper,
3357 4125 3449 4174 ne,
3478 4122 3597 4177 quae
3622 4106 3684 4159 ab
3704 4104 3805 4156 aliis

2251 4203 2621 4273 proferuntur,
2683 4203 2977 4273 probabilia
3028 4218 3151 4256 esse
3198 4212 3250 4257 et
3298 4218 3328 4256 a
3386 4203 3542 4257 nobis
3597 4203 3802 4271 ignorata

2250 4298 2529 4368 quisquam
2562 4298 2855 4350 existimet.
2883 4295 3047 4349 Aiunt
3068 4295 3311 4348 nonnulli
3340 4294 3610 4348 Prudentii
3631 4291 3801 4346 obitum

2250 4389 2537 4457 contigisse
2568 4402 2694 4443 ante
2738 4402 2935 4441 annum
2967 4386 3103 4450 415,
3152 4400 3257 4455 quo
3293 4384 3482 4440 Stilico
3528 4382 3803 4455 proditionis

566 4476 911 4546 ilippolytum
959 4484 1224 4542 martyres
1255 4472 1451 4538 coluit;
1494 4486 1626 4534 quos
1667 4472 1858 4524 iterum
1902 4486 2131 4524 reversus

2256 4493 2441 4549 [uenas
2466 4476 2629 4532 subiit
2658 4494 2671 4533 :
2706 4477 2805 4531 nisi
2838 4477 2979 4531 enim
3005 4476 3115 4544 jam
3148 4484 3275 4529 tunc
3298 4474 3621 4531 Prudentius
3648 4475 3800 4528 deces-

567 4570 620 4621 in
650 4567 956 4636 llispauiam
997 4564 1308 4619 celebravit.
1346 4562 1454 4631 Ego
1485 4563 1733 4615 existimo
1758 4600 1773 4626 ,
1797 4559 2145 4615 Prudent'mn

568 4674 711 4710 anno
754 4657 859 4711 404
888 4656 1101 4710 circiter
1141 4654 1403 4709 adversus
1442 4651 1821 4722 Synnnaclium
1846 4653 2147 4721 scripsisse,

570 4764 713 4800 anno
742 4746 847 4801 405
889 4763 984 4801 sua
1014 4746 1253 4800 carmina
1282 4744 1516 4800 edidisse
1550 4762 1564 4797 :
1597 4758 1717 4810 quae
1749 4742 1999 4795 nimirum
2025 4753 2151 4799 aute

568 4838 906 4906 diversisque
953 4836 1280 4907 temporibus
1315 4835 1698 4903 compesucrit.
1732 4834 1978 4887 Prmfatio
2002 4839 2146 4890 enim

572 4970 770 5025 Confer
798 4970 955 5024 etiam
983 4968 1260 5037 epistolam
1308 4969 1372 5022 Π
1405 4966 1623 5024 Ausonii
1655 4967 1718 5019 ad
1746 4966 2145 5039 Symmachum,

573 5043 661 5095 tibi
690 5042 959 5096 Ausonius
991 5058 1005 5093 :
1040 5041 1319 5110 Quisquam
1360 5055 1422 5092 ne
1450 5039 1521 5090 ita
1550 5038 1706 5104 nitet,
1740 5048 1793 5091 ut
1831 5038 1920 5091 tibi
1947 5038 2153 5109 compa-

576 5122 716 5165 ratus
736 5129 837 5165 non
870 5112 1093 5164 sordeat.

650 5182 725 5263 (τι)
760 5182 814 5237 lit
848 5179 1276 5263 hymnovt-ro'S:
1313 5178 1577 5261 llippolyti
1600 5178 1838 5263 notanda
1872 5189 1955 5263 est
1986 5183 2156 5263 pietas

574 5250 713 5306 sacri
747 5250 940 5321 poetae,
969 5252 1058 5322 qui
1079 5252 1156 5307 sic
1174 5250 1505 5306 Valerianum
1524 5250 1813 5303 antistitem
1838 5252 2151 5321 alloquitur:

638 5388 689 5438 Si
716 5387 849 5436 bene
874 5388 1201 5451 commemini,
1226 5388 1339 5437 colit
1365 5388 1490 5437 hunc
1512 5388 1839 5451 pulcherrima
1862 5389 2012 5437 Roma

700 5450 864 5498 idibus
878 5448 1082 5511 Augusti
1108 5451 1308 5507 mensis,
1334 5458 1387 5499 ut
1410 5448 1521 5511 ipsa
1532 5461 1667 5500 vocat

639 5512 808 5562 Prisco
829 5523 968 5575 more
990 5512 1119 5575 diem
1143 5525 1154 5557 :
1181 5525 1327 5575 quem
1352 5519 1403 5560 te
1429 5527 1645 5575 quoque,
1671 5520 1841 5563 sancte
1874 5514 2126 5575 magister,

702 5575 872 5621 Annua
899 5574 1019 5622 festa
1045 5573 1173 5621 inter
1194 5573 1509 5623 dinumerare
1531 5573 1699 5623 velim.

639 5636 815 5693 Crede,
836 5633 1128 5694 salutigeros
1147 5633 1275 5682 Feret
1293 5636 1371 5684 hic
1393 5638 1735 5686 venerantibus
1755 5643 1907 5696 crtus,

706 5696 846 5744 Lucis
869 5697 1116 5746 bene-rata:
1142 5699 1342 5758 praemia
1378 5698 1659 5748 restituens.

2254 4570 2412 4625 sisset
2435 4610 2452 4634 ,
2485 4569 2666 4623 laudes
2693 4567 2965 4624 Stiliconis
2989 4582 3055 4620 ex
3088 4566 3179 4619 lib.
3215 4582 3251 4620 tt
3292 4567 3554 4621 adversus
3597 4567 3800 4636 Symma-

2251 4660 2414 4715 chum
2442 4676 2597 4715 versu
2629 4660 2732 4714 695
2759 4667 2813 4712 et
2841 4673 2992 4726 seqq.
3024 4676 3034 4709 :
3068 4656 3301 4711 Tentavit
3326 4656 3557 4719 Gelicus,
3582 4670 3700 4717 etc.,
3723 4655 3799 4705 de-

2254 4752 2492 4808 levisset.
2524 4752 2658 4819 Quid
2706 4752 2805 4806 hac
2845 4751 3154 4819 conjectura
3195 4749 3498 4804 inﬁrmius?
3527 4749 3677 4815 Quasi
3703 4758 3802 4823 rem

2256 4848 2310 4902 itt
2330 4846 2649 4916 scriptorum
2677 4844 2867 4899 fuisset
2895 4853 3162 4912 potestate
3178 4842 3372 4897 librum
3397 4843 3567 4903 semel
3586 4841 3800 4898 emissum

2317 4980 2453 5029 inter
2468 4980 2716 5027 solemnes
2734 4979 2972 5038 Cvpriani,
2993 4976 3068 5025 vel
3091 4976 3345 5029 (Toletani.

2380 5041 2680 5103 Eulaliaeque
2701 5042 2830 5101 dies,
2865 5047 3033 5088 currat
3051 5046 3105 5088 et
3129 5039 3216 5088 iste
3240 5039 3345 5087 tibi.

2258 5124 2314 5179 In
2338 5123 2666 5178 Breviarium
2700 5125 3048 5178 lsidorianum
3086 5124 3146 5178 S.
3196 5123 3511 5192 Hippolytus
3545 5124 3798 5192 immissus.

2262 5198 2486 5249 fortasse
2515 5196 2775 5263 originem
2798 5195 2951 5249 trahit
2976 5210 3038 5249 ex
3070 5193 3150 5247 his
3176 5191 3448 5247 Prtnlentii
3474 5195 3723 5262 precibus.
3740 5191 3799 5263 lit

2265 5265 2414 5319 festis
2438 5262 2713 5333 Cypriani,
2733 5265 2833 5321 SS.
2866 5266 3153 5319 lietneterti
3177 5275 3231 5319 et
3256 5264 3616 5330 Celedonii,et
3642 5263 3695 5319 S.
3724 5262 3803 5315 Eu-

2270 5335 2411 5389 la‘iae
2433 5337 2521 5389 alii
2542 5348 2770 5401 arguunt
2796 5335 3123 5389 mentionem
3153 5349 3274 5389 esse
3294 5334 3801 5401 deepiscopoCmr-

2264 5400 2749 5474 augttslano,quia
2794 5406 2843 5458 lti
2886 5418 3008 5460 sunt
3044 5407 3211 5458 sant-ti
3260 5408 3429 5459 exteri
3456 5449 3471 5467 ,
3512 5406 3585 5457 ttti
3629 5400 3797 5474 eral

2267 5468 2613 5546 Hippolytus,
2646 5468 2743 5544 pro
2773 5476 2927 5544 cujus
2963 5475 3099 5531 festo
3129 5477 3349 5541 rogabat
3379 5475 3711 5533 Prudentius;
3730 5468 3799 5546 alii

2265 5541 2957 5618 coiitra'Calagurritanam
3002 5548 3260 5600 tlimcesin
3303 5556 3629 5613 agnoscunt,
3677 5541 3800 5618 cuius

2265 5625 2423 5670 erant
2473 5608 2681 5682 patroni
2710 5616 2809 5674 SS.
2856 5618 3194 5674 llcmctcrius
3237 5629 3292 5674 ct
3333 5608 3798 5675 Cclcdonius:mtlti

2264 5698 2509 5743 neutrum
2535 5686 2719 5757 liquet.
