4000 6176
185 279 272 334 505
1529 269 2054 328 l’llOLEGOMENA.

3333 278 3399 330 60
3410 280 3434 329 vi

182 403 407 446 revocare
439 386 538 457 (a).
571 384 734 441 Multo
755 397 885 440 vero
908 383 1077 453 magis
1105 381 1453 451 rejiciendutn
1481 390 1563 435 est
1586 381 1727 450 quod
1757 388 1807 443 Α
1904 383 1995 438 58.
2030 382 2269 434 Bivarius
2301 389 2484 434 contra
2516 381 2723 451 regulas
2747 380 3009 451 prosodiae
3041 382 3140 436 hoc
3165 383 3281 435 loco
3306 400 3429 437 aru.

179 483 243 535 ait
268 479 451 546 Joseph
481 475 782 544 [lidrignez
803 474 1070 529 deCastro
1098 473 1203 527 loc.
1234 473 1351 539 cit.,
1389 472 1737 527 Prudentium

178 575 236 628 de
260 571 617 640 eonjuratioue
652 568 930 625 Stiliconis
970 568 1103 623 nihil
1133 567 1434 632 audivisse,
1470 566 1591 635 quia
1621 564 1738 633 ejus

178 682 269 720 non
298 663 551 719 meminit.
600 662 797 717 Contra
832 671 979 717 recte
1006 661 1217 715 videtur
1253 659 1495 727 judicare
1516 657 1735 721 Discus,

176 760 251 826 qui
276 755 537 811 Prudentii
569 755 793 809 virtutes
820 770 886 808 ex
919 755 1037 819 ejus
1066 752 1319 820 operibus
1340 750 1567 818 colligit,
1591 748 1735 818 quod

178 862 315 916 parce
344 846 527 914 pieque
556 845 770 909 vixerit,
794 842 936 912 quod
963 842 1129 897 semel
1162 851 1362 894 tantum
1390 840 1440 893 in
1472 839 1559 891 die
1586 853 1735 891 man-

173 940 441 994 ducaverit.
489 937 621 992 Vide
666 937 783 1003 ejus
832 936 1060 1004 hymnos
1089 935 1217 987 Ante
1246 932 1434 998 cibum,
1484 930 1735 999 .lcjunan-

172 1035 301 1093 tium,
328 1030 567 1098 aliosque
599 1037 711 1082 tum
741 1026 861 1081 libri
882 1022 1327 1089 Cathemeriuwu,
1358 1030 1467 1074 tum
1498 1020 1731 1075 Peristi:-

172 1124 367 1193 pltanun
391 1120 489 1191 (li).

229 1214 307 1269 57.
344 1212 611 1267 Hactenus
642 1207 899 1263 nonnulla
931 1205 1194 1276 explicata
1236 1212 1361 1259 sunt
1385 1217 1503 1272 qua:
1530 1199 1731 1271 liquido

170 1313 435 1371 constant,
492 1300 600 1356 alia
644 1315 765 1370 qua:
816 1300 868 1354 in
918 1296 1291 1353 controversia
1346 1303 1471 1350 sunt
1514 1295 1728 1363 posita,

172 1398 301 1465 plura
328 1408 446 1465 qua:
477 1396 529 1448 in
577 1391 925 1461 conjecturis.
956 1391 1161 1446 Caetera
1189 1430 1205 1454 ,
1246 1404 1365 1458 qua:
1402 1396 1553 1442 certo
1606 1396 1731 1441 sunt

169 1491 370 1545 conﬁcta
392 1528 411 1554 ,
433 1502 737 1557 quanquam
762 1500 937 1540 minus
961 1494 1045 1540 est
1066 1484 1426 1539 necessarium
1446 1526 1460 1550 ,
1486 1496 1622 1552 opus
1645 1492 1727 1536 ta-

170 1600 270 1637 nien
290 1590 371 1637 est
391 1582 705 1644 declarare;
736 1592 845 1633 tum
869 1594 936 1633 ne
969 1578 1088 1646 quis
1102 1578 1361 1647 ejusmodi
1394 1576 1729 1630 narrationes

168 1685 244 1728 aut
267 1690 329 1730 ex
352 1675 534 1728 Dextri
564 1672 865 1737 Chronico,
897 1684 986 1727 aut
1017 1686 1081 1727 ex
1112 1671 1191 1726 eis
1214 1673 1301 1740 qui
1330 1669 1459 1724 illud
1488 1678 1615 1725 sunt
1643 1684 1726 1724 se-

1845 480 1929 527 tus
1954 472 2123 528 videri
2149 472 2332 526 voluit.
2357 472 2611 527 Ultimum
2636 488 2857 540 operum
2876 472 3149 527 Prudentii
3173 474 3249 528 ait
3272 473 3435 529 fuisse

1844 563 2204 628 Enchiridion,
2258 564 2308 616 in
2339 564 2491 632 cujus
2524 565 2835 633 praefatione
2887 563 2964 635 (1)
3014 568 3313 635 suspicatur
3357 570 3436 623 le-

1839 660 2067 726 gendum
2102 676 2112 711 :
2147 658 2231 712 Mr.
2278 674 2526 713 unanxo
2566 674 2617 712 IN
2660 674 2820 713 nato
2861 674 2958 727 pro
2994 658 3080 714 Me
3123 671 3336 729 paterno
3376 665 3430 715 in

1839 752 1991 815 atrio.
2029 767 2133 805 non
2164 750 2371 818 videns,
2400 766 2521 805 cum
2551 761 2763 821 paterno
2791 761 2935 806 recte
2985 754 3276 821 procedere
3302 770 3427 808 car-

1841 860 1988 912 men,
2022 859 2127 899 non
2151 860 2279 899 vero
2308 860 2430 898 cum
2456 854 2702 898 materno.
2730 842 2833 899 Sed
2866 845 3102 913 putabat,
3128 845 3197 898 ita
3230 848 3427 899 contir-

1838 935 1993 995 mari,
2014 935 2153 1005 quod
2171 936 2223 987 in
2241 934 2430 988 Christi
2453 935 2631 987 matris
2644 934 2822 1002 templi
2843 936 3029 1003 angulo
3046 935 3209 1005 degrr.
3227 946 3263 999 t,
3282 948 3333 987 ιιι
3351 937 3425 991 ait

1840 1027 2057 1081 Dexter.
2092 1026 2170 1081 Ac
2192 1028 2314 1080 vide
2337 1026 2720 1095 ineptissimam
2746 1026 3263 1096 interpretationem.
3291 1029 3423 1083 Pru—

1836 1115 2048 1169 dentius
2062 1132 2120 1170 se
2135 1116 2274 1169 inter
2292 1130 2416 1167 vasa
2434 1116 2556 1169 vilia
2568 1116 2759 1172 domus
2778 1116 2867 1171 Dei
2889 1132 3199 1185 recensens,
3217 1118 3415 1189 inquit:

2082 1229 2160 1279 Ite
2186 1236 2386 1287 paterno
2411 1232 2456 1277 in
2479 1232 2602 1280 atrio

2147 1290 2209 1339 Ut
2232 1291 2504 1340 olistilemm
2531 1294 2832 1343 iasculum...

2143 1353 2369 1413 Sinitque
2396 1357 2603 1416 pa_rte_in
2629 1356 2792 1416 anguli
2819 1366 3040 1403 manere.

2081 1413 2255 1463 Munus
2280 1426 2397 1463 erce
2437 1414 2586 1463 ﬁctile

2142 1475 2325 1525 luimus
2347 1478 2469 1524 intra
2496 1478 2682 1537 regiam
2708 1477 2896 1527 salutis.

1837 1583 1972 1650 Quid
1998 1593 2094 1649 est,
2122 1583 2335 1649 reponit
2364 1583 2627 1646 Bivarius,
2676 1601 2858 1637 munus
2902 1584 3031 1639 inire
3062 1584 3196 1638 intra
3229 1586 3417 1654 reg’nm

1830 1677 2029 1739 salutis,
2054 1676 2153 1728 nisi
2172 1676 2305 1728 intra
2331 1675 2543 1727 domum
2572 1673 2665 1729 Dei
2689 1678 2942 1730 scribere?
2968 1677 3021 1729 in
3052 1678 3199 1745 cujus
3223 1678 3416 1749 angulo

168 1766 257 1819 cuti
283 1806 296 1830 ,
321 1765 537 1834 adoptet
558 1804 575 1829 ,
630 1762 772 1833 quod
806 1772 935 1833 puto
984 1762 1178 1817 fecisse
1226 1760 1643 1816 Chamillurdttm
1672 1762 1723 1815 in
1762 1757 1803 1815 Β
1830 1786 1883 1822 se
1923 1783 2122 1821 manere
2143 1767 2381 1836 aﬁirmat.
2423 1766 2660 1821 Pertinet
2687 1768 2845 1821 etiam
2877 1767 2942 1821 ad
2975 1782 3072 1822 nos
3101 1768 3240 1838 quod
3272 1768 3414 1823 Dex-

168 1861 296 1914 hrevi
345 1870 398 1913 et
448 1875 633 1925 parum
682 1866 929 1913 accurata
984 1858 1100 1913 Vita
1153 1858 1467 1925 Prudentii,
1520 1866 1629 1912 tum
1672 1869 1726 1912 ιιι

167 1961 324 2021 pateat
346 1952 538 2019 quibus
561 1950 901 2018 opinionibus
922 1960 1013 2005 aut
1034 1950 1359 2019 conjecturis
1380 1950 1725 2015 adhmsorint,

167 2040 261 2111 39
293 2041 381 2110 qui
412 2042 680 2096 similibus
720 2041 1023 2096 lietionibus
1053 2041 1387 2097 inveniendis
1427 2051 1552 2096 sunt
1581 2042 1729 2095 dele-

168 2132 277 2185 ctati
305 2148 319 2181 :
351 2146 472 2185 nam
501 2132 769 2200 quzedam,
814 2140 1069 2201 quantum
1097 2140 1343 2202 poterant
1367 2142 1419 2185 et
1452 2131 1725 2195 sciebant,

166 2222 546 2275 accommodate
582 2224 648 2275 al
694 2238 851 2277 veras
884 2222 1137 2277 historias
1159 2222 1721 2278 comminiscebantur.

167 2317 307 2381 igitur
332 2314 478 2369 Flav.
506 2314 702 2369 Lucius
724 2315 919 2369 Dexter
939 2330 1060 2370 cum
1090 2314 1363 2370 Francisci
1388 2315 1563 2368 Bivar.
1580 2329 1728 2368 com-

166 2409 408 2461 mentario
428 2406 493 2460 ad
520 2422 716 2461 annum
747 2406 945 2461 Christi
969 2408 1074 2463 588
1096 2410 1174 2462 sic
1205 2406 1367 2460 habet
1390 2422 1404 2459 :
1431 2404 1609 2459 Floret
1632 2403 1723 2458 Fl.

165 2497 461 2551 Prudentius
489 2509 636 2569 patre
684 2498 1177 2568 Cazsaraugustano,
1226 2511 1387 2552 matre
1432 2497 1727 2570 Calagurri-

164 2600 271 2642 tana
294 2602 442 2644 natus
464 2589 636 2657 (Salia
657 2589 888 2659 consule)
906 2592 1323 2660 thsaraugustae.
1352 2590 1557 2644 Nomen
1590 2589 1725 2643 FLA-

166 2697 225 2734 \‘ll
255 2691 407 2749 atque
433 2684 535 2736 alia
559 2684 775 2738 inventa
804 2692 949 2749 sunt,
979 2685 1077 2738 nisi
1111 2685 1252 2754 quod
1283 2692 1437 2738 natus
1465 2692 1547 2738 est
1580 2683 1725 2739 Salia

162 2774 362 2830 consule
390 2774 485 2844 (ε).
518 2775 646 2829 Item
668 2776 733 2829 ad
756 2791 956 2829 annum
980 2776 1086 2831 588
1112 2793 1125 2831 :
1155 2776 1492 2843 Prudentius,
1528 2775 1724 2843 Toleto,

162 2862 384 2918 Corduba
403 2905 419 2930 ,
448 2882 508 2918 ac
527 2865 924 2939 Caesaraugusta
945 2869 998 2921 in
1030 2867 1286 2936 Hispania
1311 2872 1512 2938 egregie
1545 2870 1728 2939 guber-

162 2956 285 3009 natis
302 2995 316 3018 ,
342 2959 398 3026 ﬁt
418 2958 525 3011 dua:
546 2998 562 3023 ,
591 2968 639 3011 et
667 2960 877 3013 habetur
917 2970 1088 3013 orator
1126 2961 1479 3014 celeberrimus
1505 2971 1553 3013 et
1580 2969 1725 3029 poeta

163 3048 410 3114 miriﬁcus.
441 3050 587 3104 Anno
614 3050 721 3105 400
747 3053 873 3120 petit
901 3052 1114 3106 Romam
1146 3052 1251 3122 (tt).
1281 3052 1559 3105 Postremo
1589 3050 1722 3104 Pru-

1835 1872 1918 1916 ter
1941 1864 2005 1914 ad
2038 1876 2234 1914 annum
2264 1861 2367 1914 450
2410 1860 2571 1914 refert
2616 1877 2627 1912 :
2680 1859 2760 1913 Ad
2803 1860 3133 1913 Valerianum
3173 1860 3263 1928 (al.
3315 1860 3417 1914 Va-

1831 1956 2010 2007 lerium
2035 1950 2351 2021 episcopum)
2395 1948 2913 2021 Cwsaraugustanum
2951 1952 3123 2004 scribit
3163 1950 3408 2020 Cyrillus.

1835 2045 1955 2099 Vult
1997 2046 2138 2099 enim
2190 2053 2581 2098 commentator
2632 2044 2870 2099 Bivarius
2898 2088 2911 2111 ,
2967 2045 3107 2098 hunc
3148 2060 3269 2100 esse
3314 2046 3413 2097 Va-

1833 2135 2093 2190 lerianum
2124 2135 2416 2189 antistitem
2438 2176 2453 2199 ,
2486 2149 2643 2203 quem
2685 2134 2736 2188 in
2778 2134 3061 2206 Hippolyto
3094 2134 3414 2190 Prudentius

1830 2229 2136 2297 alloquitur.
2174 2227 2388 2281 Dubitat
2414 2237 2589 2282 autem
2644 2244 2709 2281 an
2752 2229 2795 2281 is
2826 2229 2939 2295 ipse
2974 2228 3131 2282 fuerit
3179 2229 3416 2283 Valeria-

1832 2335 1932 2372 nus
1960 2319 2122 2373 lconii
2151 2317 2260 2389 40
2291 2319 2503 2385 prmsul,
2533 2318 2616 2372 cui
2650 2318 2706 2373 S.
2752 2316 2983 2387 Cyrillus
3021 2319 3413 2374 Alexandrinus

1829 2427 1953 2467 suas
1982 2427 2239 2482 exegeses
2286 2411 2501 2465 dicavit.
2553 2410 2730 2479 Nugas
2785 2419 2838 2465 et
2879 2412 3085 2464 somnia
3137 2413 3251 2465 hare
3297 2427 3415 2466 esse

1829 2503 2023 2571 aliquis
2071 2510 2338 2571 Opponct,
2395 2500 2593 2565 lateor;
2643 2498 2738 2554 sed
2795 2499 2897 2555 hoc
2940 2501 3111 2569 ipsum
3171 2501 3411 2555 animad-

1832 2593 2144 2647 vertendum
2180 2592 2297 2659 fuit,
2333 2598 2390 2645 ut
2412 2600 2535 2645 ante
2562 2589 2693 2657 dixi,
2726 2604 2793 2644 ne
2832 2605 2954 2645 vera
2986 2601 3078 2644 aut
3124 2591 3415 2660 probabilia

1831 2698 1949 2738 esse
1979 2682 2117 2736 alius
2146 2683 2413 2750 opinetur.
2452 2679 2526 2734 Ex
2562 2679 2647 2733 his
2689 2679 3057 2749 similibusque
3083 2680 3295 2748 scriptis
3323 2696 3418 2734 no-

1829 2790 1856 2829 s
1884 2790 1941 2827 ro
1966 2773 2142 2826 adhuc
2171 2771 2369 2825 saeculo
2398 2770 2563 2823 vitam
2597 2769 2869 2824 Prudentii
2909 2769 3133 2824 Carolus
3160 2770 3411 2839 Augusti-

1831 2886 1930 2924 nus
1958 2867 2225 2923 Ansaldus
2267 2866 2321 2918 in
2372 2864 2576 2933 puniat.
2625 2865 2860 2919 version.
2891 2864 3058 2918 ltalic.
3092 2864 3278 2917 libror.
3313 2864 3412 2916 ad-

1832 2976 2018 3016 versus
2057 2956 2367 3028 Symmach.
2419 2953 2656 3023 digessit,
2698 2955 2810 3023 qui,
2862 2964 3137 3023 postquam
3188 2954 3417 3007 asseruit

1832 3052 2059 3120 primum
2089 3048 2312 3117 gradum
2340 3054 2462 3114 post
2511 3045 2888 3112 imperatorem
2934 3043 2988 3097 in
3040 3044 3275 3098 exercitu
3326 3043 3417 3097 ha-

161 3138 314 3193 dentii
335 3140 537 3195 obitum
567 3143 965 3197 commentitius
986 3142 1190 3197 Dexter
1206 3152 1419 3197 enarrat
1437 3142 1502 3196 ad
1525 3156 1723 3195 annum
1754 3133 1798 3194 C
1834 3141 2035 3204 buisse,
2070 3140 2151 3192 bis
2178 3147 2458 3202 prtetorein
2486 3134 2675 3199 fuisse,
2711 3134 2859 3188 addit
2896 3150 3018 3190 eum
3056 3150 3200 3189 anno
3242 3137 3418 3190 artatis

161 3231 256 3284 4'24
283 3248 295 3284 :
325 3230 636 3287 Prudentius
681 3235 845 3287 Roma
894 3236 1337 3307 Caesaraugustam
1390 3235 1608 3299 rediens,
1656 3235 1724 3286 ad

160 3337 180 3373 s
207 3324 313 3375 dem
360 3322 875 3395 Cwsaraugustanam
905 3325 966 3382 S.
1002 3326 1189 3380 Maria:
1216 3328 1398 3397 plenus
1427 3326 1645 3390 dierum,
1676 3335 1725 3378 et

161 3413 421 3467 il‘ustrium
449 3432 663 3483 aperum
689 3459 704 3483 ,
733 3427 847 3487 post
893 3419 1084 3472 multas
1125 3434 1465 3489 pugnascum
1494 3417 1727 3471 omnibus

162 3504 388 3559 heretici:
411 3510 490 3561 sui
522 3512 767 3576 temporis
802 3509 1004 3563 habitas
1026 3551 1043 3575 ,
1076 3510 1352 3579 tranquille
1382 3511 1596 3563 moritur
1626 3510 1721 3578 (e).

162 3595 418 3666 Templum
451 3600 508 3653 Β.
544 3599 777 3669 Virginis
804 3603 865 3655 de
889 3601 1141 3656 Columna
1168 3602 1423 3657 innuitur.

222 3715 292 3783 (a)
319 3714 431 3791 Non
459 3715 527 3791 ita
552 3716 805 3771 credebat
824 3716 1096 3791 lloratius,
1122 3721 1234 3790 qui,
1263 3720 1419 3791 epist.
1443 3721 1533 3782 20.
1565 3718 1659 3775 lib.
1688 3734 1726 3785 t,

162 3782 191 3838 b
212 3782 237 3839 s
261 3782 429 3841 verbis
460 3787 654 3840 librum
683 3802 836 3842 suum
858 3782 1152 3860 alloquitur
1177 3809 1190 3844 :

212 3943 545 4010 Yeitumnnm,
571 3944 864 4010 Janumque,
886 3946 1038 4005 liber,
1056 3955 1280 4010 spectare
1305 3949 1486 3997 videris
1512 3965 1522 3998 :

212 4005 473 4071 Sciliretut
502 4014 694 4065 prostes
716 4008 961 4071 Sosiorum
988 4005 1131 4071 puniit
1151 4022 1182 4057 e
1205 4011 1430 4070 mundus,

212 4067 357 4131 _Odisti
383 4066 637 4131 claves,et
663 4078 800 4128 grata
834 4066 1004 4131 sigilla
1020 4073 1195 4131 pudico

215 4128 379 4197 Paucis
398 4110 589 4197 ostendi
611 4110 790 4197 geumis.
819 4110 1161 4197 etlimtnnriunia
1198 4110 1383 4194 laudas,

213 4188 309 4256 lion
334 4188 655 4256 itanutritusz
690 4191 805 4256 fuge
826 4205 922 4256 quo
944 4193 1204 4244 discedere
1224 4188 1381 4256 gestis
1404 4206 1418 4243 :

211 4249 311 4300 Non
335 4263 379 4300 ei
390 4253 427 4301 it
448 4254 626 4301 emisso
643 4249 831 4302 reditus
845 4249 959 4303 tibi.

220 4392 655 4472 (b)i_‘ion_tanien
708 4398 909 4472 idcirro
953 4411 1173 4456 sanctus
1222 4412 1303 4457 est
1350 4402 1717 4472 appellandus.

159 4466 405 4540 Antonius
437 4466 791 4540 _Raymundus
838 4470 1059 4540 Pasqual
1086 4514 1101 4534 ,
1136 4474 1339 4527 ordinis
1365 4466 1591 4529 tiisterc.
1614 4517 1629 4540 ,
1666 4475 1717 4529 in

1829 3233 1897 3287 48
1922 3230 2123 3285 militia:
2161 3229 2355 3283 fessum
2375 3271 2389 3298 ,
2452 3227 2671 3281 domum
2720 3225 2944 3281 rediisse
2974 3269 2988 3293 ,
3036 3242 3179 3282 anno
3206 3228 3276 3282 50
3308 3243 3417 3283 coe-

1832 3325 1975 3392 pisse
2026 3335 2213 3376 versus
2259 3334 2625 3388 componere,
2668 3333 2813 3373 anno
2836 3318 3037 3373 Christi
3070 3319 3173 3374 404
3222 3320 3413 3374 librum

1831 3411 2252 3468 Cathemerinon
2294 3411 2606 3479 evulgasse,
2659 3419 2846 3463 contra
2892 3409 3269 3480 Symmachum
3315 3411 3419 3465 sub

1834 3505 1981 3559 initia
2020 3501 2230 3569 imperii
2282 3502 2502 3557 llonorii
2541 3510 2596 3555 et
2639 3501 2853 3557 Arcadii
2897 3502 3031 3556 duos
3070 3504 3305 3558 edidisse
3354 3504 3418 3557 li-

1834 3595 1986 3649 bros.
2039 3592 2217 3663 Fingit
2265 3604 2523 3663 prieterea
2565 3607 2706 3648 anno
2743 3592 2813 3648 60
2845 3593 3019 3649 aetatis
3064 3594 3287 3650 Romam
3327 3611 3415 3651 re-

1835 3710 2337 3764 d'éclaircissements
2381 3710 2414 3762 ὰ
2453 3708 2696 3763 l'ltistoire
2737 3712 2801 3763 de
2828 3712 2877 3764 In
2927 3711 3092 3764 sainte
3143 3712 3305 3765 larme
3353 3713 3417 3766 de

1845 3781 2119 3841 Vendbme,
2145 3780 2231 3833 tibi
2262 3786 2338 3833 ait
2364 3798 2374 3832 :
2410 3779 2481 3833 Le
2506 3781 2640 3832 saint
2660 3783 2803 3849 poéte
2834 3781 3119 3834 Prudence.
3152 3781 3246 3835 Hic
3272 3792 3416 3837 certe

1836 3851 1986 3905 locus
2039 3850 2320 3904 Mabillonii
2352 3852 2636 3921 Antonium
2670 3851 3038 3921 ltaymnudum
3071 3850 3292 3919 Pasqual
3322 3856 3414 3904 de-

1834 3926 1995 3990 cepit.
2030 3921 2254 3974 Possent
2304 3921 2415 3972 hmo
2456 3920 2636 3990 aliquo
2666 3920 2819 3987 pacto
2850 3922 3104 3973 sustineri
3128 3936 3190 3990 ex
3223 3936 3409 3975 eorum

1836 3988 2099 4046 sententia
2123 3991 2209 4059 qui
2232 3990 2574 4042 Prudentium
2598 3988 2737 4042 hunc
2759 4000 2965 4056 poetam
2986 3989 3229 4043 eumdem
3250 3991 3413 4043 fuisse

1834 4064 2020 4115 volunt
2045 4075 2164 4114 cum
2187 4060 2244 4114 S.
2267 4059 2554 4113 l’rudentio
2569 4061 2795 4125 praesule
2820 4061 3219 4123 Turiasonensi,
3249 4077 3411 4130 quam

1833 4132 2020 4185 falsam
2051 4145 2170 4184 esse
2197 4138 2322 4184 ante
2344 4131 2525 4183 monui
2558 4144 2703 4182 num.
2731 4132 2822 4185 45.

1905 4203 1977 4272 (c)
2004 4200 2245 4254 Bivarius
2286 4202 2339 4253 in
2383 4199 2685 4272 Comment.
2730 4200 2804 4254 ait
2846 4208 2994 4272 recte
3046 4214 3074 4252 a
3126 4199 3413 4272 Prudentia

1830 4270 2289 4339 Caesaraugustam
2335 4279 2390 4323 et
2417 4270 2743 4338 Calagurrim
2773 4271 2950 4325 vocari
3002 4285 3150 4323 suam
3196 4286 3259 4323 ex
3311 4271 3411 4324 hoc

1829 4343 1950 4397 loco
1979 4341 2184 4407 Dextri,
2209 4341 2567 4395 Tarraconem
2609 4354 2758 4409 vero,
2794 4342 2916 4410 quia
2940 4340 3056 4408 ejus
3099 4341 3195 4394 fuit
3221 4340 3413 4410 gubero

1827 4423 2252 4552 naldgbivarius
2278 4483 2330 4538 in
2367 4481 2671 4538 Comment.
2712 4482 2849 4537 lianc
2893 4482 3159 4536 ﬁctionem
3207 4484 3407 4535 contir-

160 4550 342 4622 ἿΡἻίῖί
376 4534 709 4622 Ῑίίυδάαεέεηπ
738 4534 1102 4622 ριρρτιᾲξιοξο
1130 4545 1363 4622 ριυονμς
1386 4561 1445 4597 ⁸η
1475 4534 1722 4622 [ciC/58.05-
1750 4547 1801 4605 Ι)
1830 4534 1979 4608 mare
2001 4534 2879 4622 v—ult7esp-richtrcaruiiuum,et
2908 4534 3280 4622 corrigendum
3314 4569 3408 4617 pu-

163 4608 344 4679 lestial,
372 4624 467 4661 con
502 4625 601 4671 que
628 4610 904 4679 tlistingui'o
938 4612 1107 4665 Maria
1127 4608 1446 4667 sanctissima
1468 4618 1521 4668 al
1557 4616 1621 4671 Ρ.
1656 4615 1717 4671 S.

160 4674 429 4756 limiti),
447 4688 555 4756 _etc.
730 4674 1005 4756 la'o/icina
1034 4685 1098 4756 tte
1129 4682 1441 4756 Dalgnacio
1486 4688 1651 4740 Sarra
1689 4703 1721 4756 y

162 4746 308 4813 Frau,
337 4750 469 4803 1782
496 4788 511 4814 ,
542 4749 678 4803 ἰη-8.
698 4792 713 4813 ,
746 4761 802 4803 ιιι
822 4746 1015 4821 opinor
1048 4754 1097 4806 in
1134 4746 1475 4809 urbe'l’aluia
1510 4746 1721 4823 Majori:

158 4830 252 4890 eu,
280 4835 392 4888 pag.
429 4822 522 4874 111
555 4862 569 4883 ,
616 4836 833 4890 propos.
866 4825 899 4874 2
924 4862 939 4886 ,
972 4839 1156 4877 versus
1196 4841 1261 4880 ex
1292 4826 1550 4880 Cassiano
1580 4822 1719 4881 Pru-

158 4886 307 4965 dentii
338 4886 474 4958 apud
506 4886 868 4965 Mabillonium
896 4894 1134 4963 allegatis
1161 4936 1175 4956 ,
1205 4908 1435 4949 sanctum
1484 4897 1721 4952 Pruden-

157 4964 273 5010 tium
320 4974 502 5028 aperte
532 4971 704 5015 vocat.
758 4964 809 5016 ln
853 4964 1297 5030 hiphemeridibus
1328 4970 1584 5023 Romanis
1626 4971 1720 5023 de-

155 5030 371 5083 cembris
396 5031 431 5084 2
461 5032 584 5085 anui
622 5032 759 5086 17δ6
789 5034 1019 5098 excidit,
1064 5044 1122 5089 ut
1151 5036 1471 5093 Prudentius
1500 5049 1718 5095 sanctus

157 5102 540 5176 appellaretur,
578 5102 703 5155 dum
755 5105 1103 5176 annuntiatur
1142 5109 1458 5174 opusculum
1514 5126 1714 5176 meutn,

156 5168 437 5248 llyntnodia
466 5172 755 5248 lii..panica
780 5217 793 5239 ,
825 5175 877 5248 in
907 5190 1013 5244 quo
1039 5168 1191 5248 certe
1226 5194 1495 5248 nunquam
1522 5181 1566 5235 is
1599 5168 1720 5235 titul

154 5238 231 5292 lus
269 5241 552 5296 Prudentio
579 5253 764 5298 nostro
782 5238 1080 5315 attingitur.
1125 5246 1181 5301 In
1227 5238 1447 5304 mssiad
1476 5266 1621 5303 num.
1653 5251 1720 5305 96

151 5317 302 5389 semel
337 5321 536 5389 tantum
579 5330 733 5389 nam
767 5330 958 5371 llOlllell
993 5317 1283 5372 Prudentio
1308 5321 1609 5388 appositum
1641 5323 1720 5376 in-

151 5384 349 5458 dicatur
370 5385 531 5458 ,__uti_
558 5385 956 5458 etiamsanctus
1004 5390 1200 5443 dicitur
1227 5406 1255 5443 a
1288 5384 1521 5458 quodam
1554 5394 1719 5448 inter-

152 5464 291 5530 prete
316 5452 493 5530 Italico
522 5454 701 5524 hymni
722 5456 784 5530 _S.
809 5457 1047 5513 Cassiani
1072 5474 1217 5515 num.
1249 5452 1373 5530 1'21,
1403 5472 1455 5516 et
1482 5477 1510 5513 a
1543 5463 1602 5517 P.
1631 5464 1719 5518 Li-

151 5522 291 5599 Iwrio
324 5538 353 5576 a
379 5524 501 5599 Jesu
543 5522 673 5599 tum.
718 5528 739 5599 l
783 5545 849 5583 ex
894 5530 1223 5597 posthumis,
1258 5522 1371 5585 Col:
1395 5533 1519 5595 765,
1551 5544 1624 5599 ct,
1658 5550 1712 5589 ut

150 5592 368 5658 videtur,
399 5610 427 5646 a
456 5596 764 5650 Mabillonio
795 5601 845 5651 iti
878 5592 1077 5667 opere:
1109 5592 1379 5657 Memoires
1400 5592 1532 5674 pour
1556 5592 1715 5659 servir

214 5688 293 5757 ll)
321 5689 370 5741 Id
397 5697 481 5742 est
513 5692 565 5745 iii
593 5693 693 5748 ode
720 5690 969 5746 lmmolat
1001 5692 1142 5760 Deo,
1174 5710 1293 5761 qum
1334 5695 1387 5748 in
1435 5697 1533 5749 hac
1576 5699 1709 5750 Are-

145 5761 246 5813 vali
273 5761 495 5823 editione
522 5773 850 5831 praenotatur
872 5764 1078 5835 Epilogi
1103 5766 1571 5839 titulolegiturquc
1590 5784 1708 5837 pag.

1829 4634 1923 4687 tat,
1942 4624 2043 4678 Ter
2064 4628 2230 4692 legum
2255 4621 2600 4677 moderamine
2623 4639 2715 4689 pro
2732 4622 2821 4676 Bis
2844 4623 3009 4693 legum
3033 4621 3408 4685 moderamine;
3486 4630 3493 4635 ’

1825 4696 2071 4749 similiter
2101 4699 2151 4747 in
2188 4697 2386 4749 Dextro
2414 4710 2610 4748 excuso
2633 4694 3055 4760 Caesaraugusta:
3085 4694 3362 4761 legendum
3394 4711 3405 4745 :

1826 4767 1972 4817 Anno
1998 4767 2068 4819 40
2095 4765 2313 4832 (nempe
2356 4764 2552 4833 artatis)
2593 4766 2713 4833 petit
2752 4764 2983 4818 Romam.
3032 4764 3227 4818 Scribit
3267 4764 3409 4819 enim

1828 4835 2026 4889 Dexter
2053 4836 2119 4889 ad
2148 4852 2345 4887 annum
2376 4836 2501 4889 596.
2534 4833 2849 4889 Prudentius
2890 4834 3081 4903 lyricus
3116 4845 3265 4900 poeta
3304 4836 3413 4888 Cer-

1824 4917 2224 4976 saraugustanus
2250 4904 2429 4958 Romae
2454 4904 2646 4959 scribit.
2688 4905 2838 4973 Quod
2880 4904 3291 4976 idemBivarius
3317 4922 3412 4960 ex-

1829 4975 1991 5042 plicat
2020 4977 2088 5030 de
2139 4977 2270 5029 libro
2322 4976 2756 5046 ΡὟιιΙιοιιιςκ-Ιιὶω
2788 4994 2800 5029 :
2830 4978 2980 5044 quasi
3029 4975 3116 5029 hic
3152 4976 3287 5029 liber
3335 4978 3415 5046 ly-

1819 5048 1929 5100 rico
1957 5048 2182 5101 carmine
2203 5047 2271 5100 sit
2296 5048 2622 5113 compositus
2650 5064 2661 5098 ε
2698 5063 2819 5101 nam
2856 5046 3022 5101 libros
3045 5057 3230 5100 contra
3258 5046 3415 5116 Sym-

1824 5118 2075 5171 machum
2107 5128 2287 5173 tuetur
2317 5120 2544 5183 Scriptus
2566 5132 2709 5172 anno
2739 5118 2843 5173 407
2876 5129 2991 5182 post
3022 5116 3301 5170 victoriam
3346 5119 3414 5171 de

1826 5188 2127 5257 ltadagaiso
2169 5188 2423 5256 Cetisque
2454 5189 2673 5242 relatam
2707 5204 2848 5241 anno
2873 5188 3000 5251 406,
3035 5186 3265 5257 Arcadio
3289 5201 3339 5257 vt
3364 5197 3415 5239 et

1832 5256 2010 5313 Probo
2040 5274 2203 5324 coss.,
2248 5269 2304 5313 ut
2338 5259 2556 5326 exponit
2603 5261 2652 5311 iti
2698 5259 2999 5311 Comment.
3030 5256 3096 5326 ad
3151 5271 3239 5307 an.
3283 5256 3409 5310 417.

1902 5330 1980 5398 (e)
2025 5325 2419 5383 Commentunr
2452 5327 2881 5382 PseudooJuliani
2936 5325 3406 5398 archipresbyteri,

1831 5394 1972 5466 (ιιιΟᾶ
2010 5399 2331 5453 Prudentius
2374 5398 2661 5467 episcenos
2704 5398 3211 5467 Cit-saraugusmnus
3257 5394 3411 5447 fuerit

1826 5465 1893 5521 ab
1917 5485 2060 5522 anno
2090 5468 2195 5523 410
2216 5470 2281 5521 ad
2309 5465 2512 5521 annum
2544 5465 2672 5528 424,
2700 5466 2816 5519 fuse
2856 5465 3048 5520 refellit
3079 5466 3196 5520 Nic.
3244 5469 3410 5515 Anto-

1825 5554 1947 5592 n~us
1979 5540 2030 5591 in
2064 5538 2211 5607 Bibl.
2232 5547 2340 5607 Vt'l.
2380 5538 2529 5605 llisp.
2565 5536 2715 5591 Alias
2750 5536 2981 5607 ineptias
3018 5536 3164 5606 leges
3194 5536 3244 5587 in
3278 5547 3406 5585 mss.

1823 5607 2139 5676 quibusdam
2172 5606 2366 5672 Vatic.,
2401 5621 2520 5673 cap.
2552 5607 2607 5661 4.

1818 5698 1977 5762 H23,
2014 5697 2064 5750 iu
2098 5696 2371 5750 nonnullis
2401 5676 2579 5751 aittem
2614 5697 2968 5752 Dittoclimum
3009 5696 3121 5749 sive
3167 5691 3408 5750 Enchiti~

1824 5772 1949 5827 dion
1980 5771 2033 5825 in
2065 5766 2395 5838 praelationis
2424 5768 2593 5825 vicem
2630 5766 2900 5839 praecedit.
2928 5766 3081 5821 EDIT.
