4000 6176
608 312 704 368 (ill

2014 297 2468 357 PRUDENTIUS.
3699 311 3777 363 (δη

607 427 766 485 codd.
802 427 971 480 Vattc.
1006 424 1325 494 inscriptum
1374 419 1443 476 sit
1484 420 1548 474 de
1584 417 1853 482 Columba,
1900 415 1977 470 uti
2004 428 2123 483 cap.
2160 413 2194 467 4
2223 419 2271 474 Α
2299 413 2349 464 id
2398 425 2591 465 nomen
2638 406 2785 480 operi
2818 422 3117 478 congruere
3164 407 3476 476 aliquatenus
3501 425 3651 481 posse,
3689 432 3777 473 cum

608 520 838 584 docebo,
872 516 1209 571 manifestum
1253 522 1358 578 est,
1390 511 1624 580 aliquem
1656 505 2012 563 Dittocltaaum
2040 503 2193 570 cujus

610 621 701 668 est
730 612 940 680 primus
966 620 1173 669 versus,
1207 604 1313 658 Eva
1338 604 1577 656 columba
1611 600 1732 669 fuit,
1764 598 1960 652 librum
1999 596 2063 648 de
2093 592 2193 647 Co-

611 704 793 757 lumbis
825 698 1224 754 inscribendum
1267 694 1566 757 censuisse,
1597 700 1657 745 ut
1690 699 1845 745 erant
1873 686 2072 742 librarii
2104 700 2197 739 ve-

614 805 756 847 teres
789 794 1105 860 plenumque
1135 788 1303 857 ignari
1332 799 1484 856 aque
1512 799 1576 840 ac
1613 782 1865 837 audaces.
1900 778 1979 833 Ab
2006 779 2196 832 eodem

616 882 1014 939 Montlauconio
1063 881 1263 933 tzilallll‘
1302 893 1366 931 ex
1410 875 1655 931 bibliotb.
1688 873 1795 928 San
1844 865 2199 925 Germanensi

617 977 790 1030 codex
824 972 929 1027 540
975 972 1076 1025 hoc
1106 970 1298 1025 titulo:
1326 966 1599 1021 Prudentii
1630 980 1803 1018 versus
1830 971 2007 1015 contra
2048 960 2201 1029 Synt-

614 1064 922 1118 machum...
956 1062 1073 1115 Alia
1106 1058 1353 1130 opuscula
1389 1057 1596 1109 metrica
1627 1055 1853 1125 ejusdem
1887 1051 1948 1102 de
1973 1050 2197 1102 Oceano.

613 1156 691 1208 De
715 1155 777 1210 S.
825 1153 1117 1222 Hippolyto
1151 1160 1396 1219 martyre.
1432 1146 1563 1213 Quis
1604 1145 1746 1199 ausit
1787 1143 2031 1196 divinare
2060 1139 2202 1208 quod

614 1251 845 1319 qualeve
880 1249 952 1302 sit
1004 1245 1322 1315 Opusculum
1373 1240 1503 1295 illud
1542 1239 1605 1292 de
1646 1237 1894 1290 Oceano?
1938 1236 2021 1288 An
2050 1234 2204 1287 liceat

614 1341 889 1411 conjicere
916 1337 1169 1392 mendum
1202 1348 1320 1389 esse
1354 1347 1449 1401 pro
1478 1328 1763 1385 Cassiano?

684 1436 790 1506 45
830 1434 915 1488 65.
962 1429 1239 1485 Fidentius
1270 1423 1629 1496 pronuntiabo
1644 1423 1712 1475 de
1736 1421 1842 1472 al'o
1862 1416 2048 1471 codice
2070 1414 2207 1467 indi-

617 1536 740 1580 cato
783 1522 922 1593 apud
978 1516 1436 1575 Montt‘auconium
1491 1528 1559 1568 ex
1602 1511 1887 1571 bibliutu.,
1927 1522 2021 1562 seu
2073 1519 2202 1559 mss.

616 1617 776 1672 codd.
812 1616 869 1670 S.
904 1610 1117 1667 Martini
1140 1609 1207 1663 de
1235 1609 1390 1671 Sees,
1421 1621 1568 1658 nunt.
1603 1601 1708 1656 13:
1757 1599 2027 1653 Tractatus
2055 1610 2207 1665 super

618 1720 901 1763 λευιιτιειωι
945 1700 1238 1755 Prudentii.
1286 1695 1425 1752 Cette
1467 1694 1609 1766 piece
1646 1692 1745 1764 (ait
1777 1707 1842 1744 eo
1873 1691 1989 1743 loco
2030 1688 2210 1740 nescio

2297 502 2607 571 diptyclntm
2636 504 2738 555 sinl
2766 501 2975 555 tabella:
2996 499 3252 567 duplices,
3274 514 3364 555 seu
3398 500 3472 556 bis
3490 503 3781 580 plicata,“

2297 595 2366 649 de
2390 595 2585 663 quibus
2616 592 2782 648 videri
2816 602 3060 661 possunt,
3091 592 3178 661 qui
3210 592 3275 647 de
3318 593 3551 663 diptychis
3581 602 3713 654 sacris
3743 614 3781 657 et

2297 685 2541 756 profanis
2574 686 2736 738 libros
2768 684 3075 738 ediderunt.
3106 682 3218 737 Non
3257 686 3392 738 enim
3418 696 3547 741 recte
3584 688 3781 759 interpre-

2301 787 2444 832 tatur
2472 777 2682 839 lliscus,
2703 775 3035 829 dittochtzum
3051 776 3187 831 idem
3209 776 3319 831 fere
3331 792 3443 833 esse
3455 793 3512 833 ac
3534 780 3777 851 diptgchum,

2304 885 2495 935 nempe
2518 869 2709 921 librum
2739 867 3091 937 duplicatum.
3124 866 3293 920 Aliam
3314 868 3684 938 inscriptionem,
3700 888 3783 943 qua:

2304 962 2470 1016 multo
2501 963 2673 1031 niagis
2702 960 2834 1015 mihi
2868 962 3077 1031 placet,
3109 961 3421 1028 excogitavit
3456 961 3727 1034 Rosweydus
3750 970 3784 1018 in

2306 1055 2446 1109 notis
2471 1054 2534 1107 ad
2566 1055 2866 1117 Paulinum,
2900 1068 3065 1106 carm.
3116 1051 3216 1118 50,
3250 1066 3363 1120 pag.
3389 1051 3502 1106 869.
3532 1054 3641 1107 Ante
3657 1053 3787 1107 Pauli-

2305 1161 2448 1212 num,
2499 1145 2692 1213 inquit,
2726 1146 2879 1197 etiam
2912 1143 3227 1197 Prudentius
3256 1143 3329 1195 ita
3356 1142 3537 1197 locutus
3576 1154 3652 1197 est.
3690 1144 3787 1197 Nam

2306 1240 2359 1290 in
2402 1234 2654 1290 Diteucho
2691 1251 2785 1288 suo
2828 1236 2924 1304 (ita
2963 1233 2997 1284 ια
3014 1234 3232 1302 gendum
3260 1232 3410 1285 doceo
3433 1233 3494 1284 ad
3530 1230 3789 1286 Prudentium

2307 1344 2402 1399 pro
2434 1325 2736 1389 Dittochteo,
2767 1326 2893 1395 etc.)
2918 1322 3207 1378 Diteuchon
3227 1324 3337 1378 vult
3362 1324 3665 1395 Rosweydus,
3683 1326 3790 1393 quasi

2308 1418 2574 1486 duplicem
2608 1417 2803 1469 librum
2826 1459 2841 1481 ,
2887 1425 2948 1469 ut
2982 1415 3362 1469 Pentateuchon
3391 1425 3466 1469 est
3493 1416 3606 1470 liber
3636 1418 3791 1486 quintu-

2312 1509 2433 1577 plex
2470 1524 2485 1561 :
2527 1506 2936 1577 comprehendit
2972 1508 3117 1562 enim
3157 1506 3468 1561 Prudentius
3508 1507 3555 1561 in
3590 1522 3643 1561 eo
3678 1522 3792 1577 opere

2312 1616 2576 1653 summam
2612 1600 2819 1654 Veteris
2847 1600 3086 1667 Nox-ique
3108 1598 3452 1653 Testamenti.
3472 1596 3662 1653 Facilius
3677 1601 3792 1653 etiam

2312 1706 2375 1743 ex
2408 1689 2648 1743 ditcucho
2675 1704 2831 1758 quant
2863 1704 2929 1743 ex
2959 1688 3208 1758 diptycho
3232 1686 3428 1742 librarii
3475 1687 3662 1743 fecerint
3683 1690 3794 1740 ditto-

616 1799 757 1867 quis)
788 1807 859 1849 est
881 1810 977 1865 pen
1003 1793 1067 1846 de
1095 1794 1246 1845 chose
1268 1806 1287 1843 :
1315 1789 1419 1842 l’on
1444 1786 1695 1839 demande
1715 1784 1758 1836 si
1780 1783 1896 1834 c‘est
1942 1778 2210 1832 Prudence
2246 1791 2292 1850 Β
2318 1780 2519 1845 cheum,
2543 1790 2600 1835 et
2630 1780 2957 1844 dirocheum,
3018 1789 3108 1833 aut
3165 1780 3491 1832 ditrocheum.
3531 1778 3794 1832 Nihilominus

618 1890 664 1941 le
690 1890 854 1956 parite,
884 1903 951 1939 ou
976 1885 1192 1951 l‘evi‘que
1217 1881 1280 1933 de
1299 1878 1513 1947 Ttoyes,
1545 1875 1632 1946 qui
1656 1882 1742 1928 ont
1776 1873 1867 1942 {ait
1893 1887 1962 1924 un
1991 1884 2212 1938 ouvruge

615 1978 817 2033 intitulé
845 1993 863 2031 :
892 1974 1222 2038 Aidiftcium,
1250 1988 1336 2026 sur
1364 1969 1523 2037 lequel
1554 1977 1629 2020 cet
1665 1979 1917 2033 unonyme
1942 1979 1974 2014 a
2001 1962 2094 2029 {ait
2117 1975 2214 2011 unc

618 2070 924 2142 explication
951 2067 1270 2137 allégorique
1292 2066 1355 2117 de
1394 2063 1446 2116 la
1474 2060 1788 2126 description
1817 2059 1879 2109 de
1927 2056 1977 2109 la
2007 2053 2213 2107 Μαίδοη

615 2163 681 2215 de
715 2160 871 2228 Dieu,
903 2160 991 2229 qui
1026 2166 1098 2211 cst
1120 2173 1180 2210 en
1212 2154 1593 2224 l‘Apocalypse.
1618 2148 1837 2214 Facilis,
1860 2146 2216 2215 expeditaque

618 2262 703 2307 est
726 2250 1027 2322 responsio.
1066 2248 1391 2303 Prudentius
1416 2255 1618 2310 noster,
1658 2251 1817 2312 poeta
1856 2238 2213 2302 Christianus,

620 2344 675 2398 in
710 2343 813 2398 line
846 2338 1280 2412 Psycliomucbia:
1307 2335 1593 2390 aediﬁcium
1642 2334 1833 2387 domus
1861 2328 1954 2383 Dei
1979 2344 2043 2385 ex
2072 2328 2216 2397 Apo-

619 2435 820 2505 calypsi
850 2432 1137 2501 descripsit
1164 2443 1307 2483 vers.
1335 2428 1440 2482 825
1466 2436 1520 2482 et
1557 2440 1711 2495 seqq.

746 2545 863 2593 llaec
877 2544 961 2591 ubi
984 2542 1112 2590 dicta
1136 2539 1289 2598 dedit,
1317 2538 1549 2599 gradibus
1565 2536 1756 2599 Regina
1780 2535 2012 2597 superbis

744 2605 979 2664 Desiluit,
1007 2604 1225 2663 tantique
1249 2598 1415 2664 operis
1440 2598 1702 2664 Concordia
1739 2610 1938 2664 consors

750 2658 994 2716 Metanira
1016 2658 1191 2713 novuiu
1212 2658 1339 2724 jacio
1358 2661 1636 2708 fundamine
1656 2658 1909 2720 templum.

624 2794 724 2850 Ubi
773 2793 886 2847 lucc
928 2790 1204 2860 inscriptio
1256 2790 1607 2859 prteponitur,
1640 2787 1950 2857 jEdificium
1982 2784 2134 2839 Fidei
2172 2794 2219 2839 et

622 2885 941 2940 Concordia).
970 2885 1080 2938 lloc
1099 2897 1228 2951 ergo
1252 2890 1334 2936 est
1359 2879 1668 2935 Eililicium
1699 2879 1994 2944 Prudentii,
2025 2879 2093 2932 de
2114 2892 2218 2948 quo

623 2991 925 3048 auouymus
948 2976 1036 3031 ille
1058 2983 1344 3029 tractatum
1367 2974 1668 3041 composuit
1699 2974 1799 3041 (a)t

696 3068 788 3123 66.
830 3068 1101 3136 Sequitur,
1138 3073 1193 3118 ut
1215 3064 1282 3119 de
1305 3063 1601 3118 Dittocbzco
1625 3064 1848 3133 ejusque
1882 3070 2104 3119 auctore
2136 3062 2217 3117 lo-

2319 1884 2474 1927 tent'o
2498 1881 2733 1928 veterem
2766 1873 3195 1942 inscriptionem,
3215 1881 3268 1926 et
3290 1872 3516 1941 suSpicor
3537 1870 3795 1925 Prudentium

2316 1978 2377 2017 ea
2408 1962 2717 2016 tetraSticlia
2740 1964 3109 2030 composuisse
3128 2003 3143 2029 ,
3205 1972 3265 2016 ut
3308 1963 3595 2031 imaginibus
3620 1961 3796 2013 historias

2324 2055 2527 2109 Veteris
2542 2061 2597 2107 et
2625 2052 3106 2109 NoviTeSIamenti
3138 2055 3193 2109 in
3231 2055 3461 2110 ecclesiis
3503 2062 3800 2124 representati-

2320 2146 2460 2200 tibus
2490 2156 2889 2214 apponerentur
2915 2164 2927 2198 :
2960 2148 3135 2215 qualia
3164 2147 3329 2201 multa
3353 2147 3568 2200 carmina
3593 2145 3800 2200 fecitho-

2318 2239 2460 2291 linus
2494 2237 2753 2301 Nolanus,
2802 2247 2856 2293 et
2887 2237 3222 2292 Walalridus
3275 2238 3521 2302 Strabus,
3555 2236 3679 2306 cujus
3718 2245 3802 2288 sunt

2321 2328 2547 2383 Picturte
2576 2328 2904 2383 historiarum
2937 2328 3247 2383 Testamenti
3282 2328 3409 2383 Novi
3433 2345 3517 2400 pro
3541 2329 3710 2383 ecclesia
3730 2343 3800 2377 rer-

2317 2420 2457 2474 sibus
2476 2422 2779 2474 hexametris
2804 2423 2880 2474 vel
2901 2437 3002 2475 uno
3023 2423 3098 2474 vel
3121 2421 3348 2487 duobus,
3374 2426 3423 2475 in
3450 2420 3646 2474 tuanuali
3668 2419 3804 2472 biblico

2320 2513 2655 2567 Francol‘urti
2686 2512 2821 2567 1610
2843 2528 2871 2566 a
2900 2512 3156 2568 Goldasto
3198 2514 3361 2578 edito,
3417 2529 3524 2582 pag.
3561 2512 3635 2573 85,
3658 2525 3803 2564 necnon

2321 2605 2572 2659 llusticus
2604 2604 2879 2673 Helpidus
2916 2605 2976 2660 ν.
3027 2606 3087 2659 C.
3135 2606 3452 2669 exillustris,
3490 2613 3540 2659 et
3563 2612 3803 2671 exque-stet,

2318 2700 2472 2767 cujus
2503 2706 2629 2751 sunt
2676 2697 2903 2751 Pictura:
2930 2698 3273 2751 historiarum
3324 2697 3501 2751 Veteris
3537 2705 3577 2749 et
3611 2694 3713 2748 Novi
3743 2690 3805 2743 Tc-

2318 2791 2577 2854 stamcnti,
2630 2789 2784 2856 ibid.,
2821 2805 2941 2859 pag.
2991 2792 3056 2844 l7
3085 2792 3334 2846 versibus
3380 2787 3662 2845 hexametris
3693 2782 3807 2838 tertiis

2321 2898 2417 2949 pro
2443 2881 2679 2950 qualibet
2729 2880 2973 2936 historia.
3026 2880 3230 2936 Confer
3273 2881 3472 2936 Paulini
3515 2881 3651 2949 epist.
3674 2876 3724 2930 l2
3762 2876 3805 2926 ad

2321 2974 2601 3042 Severum,
2624 2983 2679 3028 et
2707 2974 2870 3027 natal.
2902 2975 2934 3028 9
2958 2973 3022 3028 ad
3053 2973 3317 3029 Nicetam.
3354 2973 3421 3029 Ut
3442 2973 3535 3028 alia
3566 2985 3680 3027 nunc
3698 2968 3808 3024 omit-

2321 3076 2427 3121 tam
2455 3068 2521 3121 de
2551 3067 2777 3121 diversis
2817 3067 2975 3136 hujus
3013 3069 3258 3137 epusculi
3294 3066 3701 3137 inscriptionibus,
3730 3062 3807 3130 ejus

580 3176 592 3186 ‘
620 3179 776 3235 quar.
808 3162 1020 3217 Titulus
1052 3160 1232 3230 operis
1277 3160 1328 3213 in
1370 3157 1648 3214 Gennadio
1676 3166 1731 3211 et
1768 3156 2006 3210 llonorio
2034 3154 2216 3224 Augu-
2239 3162 2287 3223 C
2320 3168 2594 3213 auctorem
2650 3159 2995 3214 Prudentium
3042 3174 3163 3214 esse
3227 3160 3521 3215 habendum
3566 3154 3809 3227 argumentis

620 3255 935 3312 stodunensi
968 3261 1053 3308 est
1077 3252 1440 3310 Dittochwum.
1466 3251 1616 3318 quasi
1648 3248 1834 3317 duplex
1872 3249 2034 3301 cibus.
2076 3249 2217 3301 Con-

620 3348 860 3401 scntiunt
885 3345 1125 3415 plerique
1154 3344 1369 3398 codices
1399 3356 1516 3410 cap.
1540 3341 1597 3406 4,
1632 3340 1726 3394 sed
1756 3355 1823 3392 ex
1853 3354 2038 3393 errore
2065 3339 2218 3393 libra-

623 3436 825 3488 riorum
858 3432 1201 3493 Dirochwum,
1236 3440 1328 3483 aut
1361 3428 1711 3482 Di:rocha:um
1742 3429 2008 3481 interdum
2036 3429 2220 3497 appel-

627 3524 766 3576 latur
795 3523 892 3592 (b).
933 3521 1145 3574 Primus
1175 3518 1417 3573 Gifanius
1448 3520 1699 3571 mendum
1747 3519 2213 3588 iuessejudicavit,

624 3624 678 3667 et
709 3610 1000 3682 Diptychon
1029 3612 1311 3679 legendum
1334 3625 1456 3664 esse
1480 3609 1727 3674 asseruit,
1776 3625 1935 3679 quem
1976 3612 2217 3680 plerique

626 3708 853 3761 libenter
888 3705 1053 3758 secuti
1082 3713 1228 3757 sunt.
1258 3703 1602 3772 Nequaquam
1631 3704 1816 3756 dubito
1848 3703 1974 3773 quin
2007 3705 2057 3757 in
2096 3719 2219 3758 ver-

628 3800 939 3875 bisGraecis
984 3814 1047 3853 ex
1106 3796 1410 3866 ignorantia
1463 3798 1854 3866 exscriptorum
1907 3790 2218 3866 plerumque

622 3892 742 3960 ejus
765 3889 979 3959 geneiis
1006 3896 1181 3944 errata
1212 3887 1262 3941 in
1289 3888 1565 3941 codicibus
1596 3890 1929 3955 irrepserint.
1963 3890 2028 3943 At
2064 3904 2215 3954 vero,

628 3994 983 4054 prmterquam
1011 3981 1152 4050 quod
1184 3997 1286 4035 vox
1322 3979 1635 4051 Diptychum
1687 3981 1841 4035 valde
1888 3982 2080 4035 usitata
2133 3991 2217 4035 est

624 4091 745 4130 cum
776 4075 1126 4130 vetustissimi
1178 4073 1415 4135 codices,
1444 4088 1563 4141 cap.
1592 4072 1625 4125 4
1657 4075 1996 4137 recensendi,
2048 4073 2218 4128 Ditto-

618 4168 821 4220 .chazum
846 4165 1160 4232 inscribant,
1190 4174 1244 4218 et
1272 4166 1540 4231 explicent
1569 4165 1892 4231 refcctimem
1940 4166 2213 4232 duplicem,

624 4269 673 4312 et
697 4272 818 4311 cum
848 4256 1047 4310 absona
1074 4255 1292 4309 minime
1318 4257 1387 4308 sit
1417 4255 1694 4322 inscripzio
1721 4254 2082 4322 Dillochwum,
2115 4256 2217 4311 hoc

624 4349 748 4401 loco
775 4346 1041 4401 correctio
1093 4361 1196 4400 non
1246 4355 1332 4399 est
1361 4346 1649 4399 admodum
1706 4348 2038 4412 necessaria;
2081 4357 2137 4403 et
2171 4348 2217 4403 si

624 4440 889 4493 correctio
918 4438 1097 4507 aliqua
1119 4446 1203 4491 est
1223 4430 1548 4497 adhibenda,
1578 4450 1674 4489 cur
1694 4437 1811 4491 sine
1839 4436 1945 4490 alio
1966 4440 2218 4493 examine

2319 3252 2637 3305 certissimis
2679 3253 2835 3304 couli.
2858 3250 2982 3305 itur.
3014 3251 3161 3319 Opus
3194 3251 3369 3320 ipsum
3413 3267 3440 3304 a
3465 3248 3697 3304 Gennadio
3719 3247 3810 3298 inlcr
3904 3302 3905 3307 η

2321 3340 2592 3395 Prudentii
2634 3340 2799 3395 libros
2826 3351 3203 3407 enumeratur;
3257 3343 3490 3412 plerique
3526 3340 3702 3394 codices
3726 3336 3811 3389 Pru-

2318 3430 2502 3485 dentio
2528 3434 2821 3487 ascribunt.
2845 3433 2951 3487 Cur
2976 3448 3103 3503 ergo
3134 3434 3214 3487 illi
3265 3430 3665 3503 abjudicabitur'!
3688 3426 3812 3480 Divero

2318 3526 2528 3577 sitatam
2576 3524 2698 3595 styli
2723 3540 2990 3579 nonnemo
3019 3525 3231 3594 objicit,
3274 3534 3328 3581 et
3365 3525 3499 3595 quod
3522 3522 3681 3593 aliquis
3697 3517 3811 3573 (θύει

2320 3630 2513 3669 nomen
2543 3618 2738 3671 Ληιωηὶ
2767 3617 3040 3688 praeferat,
3072 3619 3325 3674 Barthius
3351 3619 3441 3675 lib.
3468 3634 3550 3673 vni
3580 3619 3811 3671 δόνει-επ..

2318 3722 2437 3775 cap.
2470 3709 2527 3761 ll
2562 3718 2616 3763 et
2642 3710 2723 3773 12,
2754 3711 3088 3779 probandum
3125 3710 3375 3780 suscipit,
3401 3725 3500 3765 non
3541 3708 3680 3762 alium
3703 3714 3813 3772 (tua!!!

2319 3801 2561 3853 divinum
2613 3800 2756 3856 hunc
2810 3799 3099 3856 Pindarum
3160 3801 3507 3858 Prudentium
3556 3797 3814 3852 Dittocluram

2318 3889 2598 3956 scripsisse
2625 3890 2718 3963 (c).
3274 3897 3282 3902 '

2393 3982 2481 4035 (Π.
2528 3981 2632 4037 Sed
2685 3997 2987 4051 quanquam
3037 3986 3309 4039 assentior
3360 3983 3565 4039 Barlbio
3603 3973 3813 4035 alﬁrminti
3904 3998 3905 4015 ι

2320 4074 2484 4127 veluti
2515 4089 2625 4127 rem
2660 4089 2872 4141 novatn,
2922 4076 3166 4129 nimirum
3215 4080 3500 4142 Amanum,
3530 4092 3655 4147 quem
3689 4074 3813 4123 totum

2320 4168 2616 4236 antiquarii,
2646 4184 2753 4221 esse
2771 4159 3115 4221 Prudentium
3150 4172 3463 4237 ipsissimum
3488 4170 3620 4222 illum
3654 4176 3813 4233 ponam.

2320 4273 2421 4324 quo
2451 4272 2596 4309 nemo
2627 4259 2847 4312 divinius
2890 4262 2955 4313 de
2995 4258 3302 4314 Christianis
3342 4262 3485 4315 rebus
3512 4269 3703 4327 unquam
3728 4247 3815 4301 srri-

2322 4352 2446 4421 psit,
2478 4349 2583 4421 47
2617 4359 2791 4405 tamen
2816 4354 3051 4406 carmina
3084 4354 3368 4409 Dittocbasi
3402 4370 3518 4409 esse
3557 4353 3679 4406 lucos
3705 4358 3811 4414 ιιυοέ·

2323 4439 2444 4494 dam
2466 4480 2481 4505 ,
2514 4441 2847 4496 tractationis
2885 4443 3151 4498 uberioris
3179 4446 3382 4513 gratia;
3411 4445 3551 4499 velut
3590 4437 3813 4511 βτίιηίίὸυτθ

622 4528 1012 4584 allirmabimus
1035 4527 1319 4598 legendum
1345 4540 1468 4583 esse
1497 4525 1833 4597 Diptychon?
1860 4528 1973 4582 Non
2004 4528 2214 4584 inﬁcior
2243 4525 2292 4585 Ι)
2320 4542 2401 4589 tos
2436 4542 2491 4588 et
2539 4533 2903 4603 praelineatos,
2950 4550 3059 4591 non
3098 4537 3322 4591 omnino
3366 4538 3613 4590 asseritiOr
3643 4550 3654 4583 :
3679 4523 3815 4583 etenim

701 4692 777 4758 (τι)
806 4688 939 4743 Illud
965 4697 1139 4740 tamen
1165 4684 1484 4747 admonebo,
1511 4684 1690 4758 iuliae
1711 4683 2021 4758 Bibliotheca
2048 4685 2220 4737 Mont-

632 4757 860 4832 {auconii
883 4758 1063 4832 oinnia
1097 4771 1256 4832 oper-na
1286 4766 1399 4832 tum
1429 4757 1627 4832 Aurelii
1661 4757 1949 4832 Clementis
1981 4757 2217 4823 Pruden-

630 4823 714 4893 ἰή,
746 4839 853 4881 tum
883 4828 1157 4881 Prudentii
1201 4823 1431 4879 Galindo
1471 4827 1706 4892 episcopi
1740 4825 2019 4879 Treceusis
2048 4827 2098 4877 in
2130 4829 2215 4878 in-

633 4902 751 4952 tlice
780 4899 1005 4951 subnno
1048 4896 1323 4949 Prudentii
1362 4896 1580 4948 nomine
1630 4894 1842 4952 referri.
1878 4896 2028 4958 quasi
2077 4912 2215 4949 unus

624 4970 878 5038 idemque
911 4969 1097 5021 fuisset
1124 4966 1465 5019 Prudentius.
1488 4964 1599 5017 Non
1622 4965 2050 5038 prattcrniittam,
2083 4981 2214 5038 pau-

627 5057 726 5094 cus
755 5036 1009 5106 quosdam
1044 5038 1317 5089 Prudentii
1363 5050 1556 5106 versus
1578 5051 1642 5106 ex
1678 5036 2092 5104 Psycltontacltia
2120 5036 2212 5087 ..li-

624 5111 751 5164 cubi
777 5104 1004 5164 indicari
1025 5118 1276 5174 tanquam
1304 5105 1445 5174 aliqu
1471 5112 1513 5158 id
1543 5104 1657 5171 cju~
1685 5120 1820 5170 opus
1846 5122 1873 5154 a
1898 5110 2108 5159 ca‘teris
2130 5106 2212 5174 di—

628 5196 839 5234 versum
870 5190 924 5234 et
950 5173 1260 5241 inscriptum
1291 5184 1303 5227 ‘:
1331 5173 1689 5228 Monomachia
1723 5175 1934 5228 Davidis
1962 5193 2077 5228 cum
2108 5173 2212 5229 Go-

627 5252 755 5315 liut;
785 5252 851 5304 de
894 5267 998 5319 quo
1032 5248 1178 5314 plura
1211 5246 1276 5319 ad
1332 5261 1455 5299 eum
1511 5246 1563 5299 lo
1599 5263 1687 5299 unt
1734 5246 2167 5315 l’sychomacbia:
2193 5286 2209 5312 ,

626 5323 716 5375 tibi
742 5337 801 5376 ea
833 5317 1001 5388 pugna
1032 5317 1372 5373 describitur.

699 5393 772 5461 (b)
816 5385 871 5445 In
902 5385 1130 5458 quodam
1159 5389 1567 5461 codice,_num.
1620 5386 1717 5449 80,
1766 5400 1886 5451 cap.
1934 5385 1967 5438 4
2012 5388 2210 5443 dicitur

629 5457 942 5531 Diptychon,
976 5462 1090 5525 sed,
1124 5471 1179 5512 ut
1208 5457 1457 5522 conjiciu,
1508 5463 1705 5531 recenti
1747 5468 1893 5531 nuta,
1929 5469 2041 5523 post
2070 5474 2207 5531 con-

630 5529 883 5597 jecturam
912 5530 1105 5586 Gifanii
1141 5546 1153 5579 :
1196 5532 1335 5597 quod
1376 5531 1443 5582 de
1494 5530 1657 5582 simili
1703 5529 2053 5595 inscriptioiie
2083 5530 2206 5583 cod.

656 5606 747 5656 lui.
782 5604 1039 5656 Alexaud.
1074 5600 1230 5663 1702,
1254 5615 1414 5668 quem
1464 5600 1599 5653 infra
1644 5603 1956 5665 recensebo,
1992 5614 2208 5667 possunt

627 5682 739 5725 lest-
765 5676 828 5725 ri.

704 5744 771 5811 (c)
811 5743 961 5808 Quod
1006 5743 1239 5799 ostendit
1270 5756 1332 5797 cx
1367 5740 1547 5810 piorasi
1580 5740 1712 5810 ipsa,
1754 5740 1930 5792 multis
1983 5739 2119 5795 inter
2147 5755 2206 5795 se

2326 4687 2458 4741 locis
2485 4687 2715 4748 collatis,
2750 4702 2810 4740 ac
2831 4687 3138 4743 Concludit:
3179 4688 3304 4741 "ire
3336 4699 3391 4741 ut
3426 4685 3701 4745 inciderunt,
3728 4676 3816 4749 in?“

2323 4757 2638 4811 conscribere
2666 4774 2685 4812 :
2716 4775 2816 4809 non
2861 4770 3027 4811 autem
3075 4760 3249 4812 dubito
3281 4760 3511 4824 siug;.las
3550 4765 3766 4819 omnequ
3787 4757 3817 4797 ει

2322 4828 2622 4889 locutiones,
2652 4839 2698 4881 et
2728 4829 2968 4882 historias
2996 4832 3046 4883 in
3072 4832 3168 4883 hoc
3194 4819 3619 4887 libello'truditus,
3643 4837 3714 4893 per
3734 4830 3817 4886 opus

2326 4896 2599 4950 Prudentii
2627 4915 2831 4959 sparsas
2859 4900 3040 4953 iisdem
3064 4903 3224 4953 mollis
3254 4910 3521 4967 conceptas
3548 4904 3818 4967 repertarum.

2321 4970 2407 5037 qui
2431 4970 2684 5038 inquirere
2714 4970 2995 5023 voluerit...
3040 4970 3244 5025 Videtur
3277 4963 3446 5022 utilem
3494 4972 3568 5021 hic
3594 4963 3755 5038 libellus
3783 4972 3821 5006 to

2322 5035 2424 5108 [ine
2468 5035 2505 5091 α’
2534 5038 2812 5093 Prudentia
2842 5040 3081 5105 scriptus,
3113 5053 3169 5094 ut
3215 5042 3570 5108 insignioribus
3608 5035 3822 5099 Sﬂ'll’mm

2329 5107 2453 5161 locis
2479 5112 2532 5161 in
2561 5112 2727 5162 breves
2752 5109 2926 5162 titulos
2983 5121 3030 5163 et
3058 5116 3223 5180 t‘apllit
3256 5128 3405 5163 versu
3451 5108 3651 5162 redactis
3687 5116 3759 5180 PT"
3789 5111 3824 5146 ⁷⁸

2326 5180 2584 5250 incidente
2621 5180 2857 5250 deinceps
2906 5183 2983 5233 uti
3024 5174 3208 5249 posset,
3240 5194 3284 5234 et
3336 5185 3513 5234 titulus
3554 5174 3823 5250 Ληιωῃὶοζηξῖι

2319 5247 2537 5321 fortasse
2580 5239 2873 5306 manavit'...
2907 5239 3208 5306 nait'aliter’
3234 5269 3390 5321 quam
3426 5266 3629 5305 nuntiis
3658 5239 3825 5321 Apulei.

2334 5318 2488 5373 Vestii
2520 5322 2615 5374 lal.
2672 5320 2846 5391 Vettii)
2891 5321 3139 5386 Valentis,
3189 5315 3255 5375 ρι’
3283 5324 3637 5375 nonnullorum
3661 5315 3826 5391 alio/iuit

2318 5391 2454 5442 velut
2484 5391 2582 5443 loci
2608 5384 3211 5461 quidaminscribuntur,
3243 5394 3472 5455 quamvis
3522 5391 3573 5441 hi
3608 5384 3764 5461 lacerti

2320 5459 2896 5531 majoribusvoperibus,
2952 5464 3032 5515 illi
3080 5466 3398 5516 tractationis
3448 5460 3671 5514 uberioris
3709 5459 3828 5531 gran

2318 5517 2451 5602 tle/ill
2474 5517 2814 5601 prwﬁgurab,
2839 5517 2895 5587 εί
2916 5532 3220 5601 pr'ttlinetui.
3251 5530 3317 5585 In
3342 5536 3482 5602 poesi
3514 5517 3718 5584 lioinand

2316 5599 2416 5653 lori
2442 5598 2641 5656 exstant
2670 5605 2862 5673 aliquot
2908 5598 3047 5673 apud
3075 5598 3418 5659 Claudimum
3450 5612 3687 5674 portuum,
3725 5598 3828 5645 5m:-

2316 5687 2460 5736 nunt,
2501 5682 2598 5726 etc.
