4000 6176
182 334 268 391 6ιῦ
486 336 492 351 ⁸
1534 326 1904 383 PROLEGOM
1915 329 2070 385 ENA.

3337 344 3441 397 6H

181 446 432 505 omniailla
464 446 846 517 epigrammata
875 454 1103 515 quatuor
1135 444 1380 499 versibus
1411 442 1741 497 concludnn-
1771 444 1815 500 Α
1846 442 2067 510 quolibet
2100 460 2304 514 gmre,
2345 446 2522 499 ordine
2558 446 2846 515 Ιιοηιὶηιιηι,
2879 449 3223 520 dignitatum,
3273 452 3348 503 tet
3388 456 3443 507 in

180 553 253 597 tur
277 540 417 611 quasi
447 539 568 594 data
626 554 812 608 opera,
863 553 1035 606 neque
1060 538 1199 593 ullus
1228 552 1295 590 ex
1346 537 1425 591 eis
1474 550 1659 590 versus
1690 536 1743 588 in

181 643 275 687 toto
296 631 496 698 reliquo
522 645 685 699 opere
712 628 989 684 Prudentii
1027 629 1237 698 integer
1261 636 1511 698 apparet,
1536 642 1654 682 cum
1679 627 1747 681 de

181 724 318 777 rebus
348 719 534 775 iisdem
566 734 711 785 saepe
737 733 1042 773 sermonem
1067 717 1281 773 habeat.
1310 717 1554 772 Similius
1591 717 1747 785 igitur

181 826 293 865 vero
326 821 405 864 est
438 809 789 864 Prudentium
830 820 919 861 aut
950 824 1009 862 ea
1049 807 1361 863 tetrasticha
1389 806 1457 861 ad
1500 806 1745 876 explica-

181 907 353 960 tionem
378 904 704 972 picturarum
738 901 791 954 in
821 899 1031 970 templis
1056 900 1358 969 ordinasse,
1383 909 1440 953 ut
1477 899 1638 953 modo
1666 898 1748 953 di-

177 996 362 1058 cebam,
411 1002 504 1048 aut
549 993 869 1062 insigniores
920 991 1210 1061 Scripturte
1264 991 1409 1045 locos
1456 991 1507 1045 in
1556 991 1747 1046 breves

180 1086 339 1141 titulos
364 1095 419 1138 et
437 1084 608 1152 capita
632 1083 925 1152 redegisse,
959 1092 1015 1136 ut
1037 1098 1173 1151 opus
1194 1097 1221 1134 a
1243 1086 1454 1137 caeteris
1478 1082 1745 1136 diversum

180 1178 475 1241 conﬁceret,
507 1177 557 1230 in
605 1191 711 1245 quo
737 1177 819 1230 sui
871 1175 1067 1244 ubique
1116 1174 1306 1229 similis
1363 1174 1550 1229 iisdem
1603 1189 1747 1243 smpe

180 1268 445 1340 phrasibus
473 1268 661 1333 utitur,
692 1268 833 1338 quod
860 1267 914 1321 in
943 1267 1346 1320 conuuentariis
1387 1268 1596 1335 planius
1630 1281 1748 1334 per.

176 1362 414 1433 spicietur
453 1358 555 1431 (η).
1470 1432 1473 1435 Ι

236 1452 316 1507 68.
356 1450 511 1516 Quod
550 1449 595 1503 si
621 1449 788 1515 velis,
824 1447 1178 1502 Dittochrum
1209 1447 1279 1501 ab
1305 1447 1485 1517 aliquo
1515 1446 1746 1515 primum

176 1546 473 1607 Armeniam,
507 1542 842 1617 seupdmaeaa
873 1540 1151 1594 Pt-udcntii
1191 1538 1355 1593 fuisse
1396 1539 1709 1607 inscriptum
1730 1579 1745 1605 ,

177 1653 235 1691 cx
260 1653 359 1707 quo
388 1636 529 1689 alius
557 1633 743 1689 fecerit
768 1634 1010 1686 Amoenus
1038 1631 1376 1697 Prudentius,
1411 1631 1552 1684 alius
1580 1630 1749 1684 Amm-

177 1746 259 1782 ints
294 1726 612 1796 simpliciter
652 1724 1047 1790 nominaverit,
1102 1738 1209 1778 non
1253 1722 1485 1778 absurde
1530 1721 1746 1791 quidem

1850 543 2095 604 potestate
2126 537 2339 602 positus,
2392 536 2466 589 vel
2511 538 2704 590 honore
2730 537 3060 609 perfunctus,
3109 541 3217 592 siue
3260 549 3443 610 potens

1848 634 1983 679 sorte
2022 628 2299 693 nascendi,
2341 644 2428 681 seu
2468 626 2674 680 humilis
2714 644 2923 696 genere,
2958 630 3285 694 condicione,
3327 629 3438 697 [or-

1850 727 2017 772 tuna:
2064 719 2117 771 in
2161 720 2305 772 nullo
2354 721 2551 789 penitus
2603 720 2744 781 loco,
2796 721 2849 772 in
2896 719 3043 773 nulla
3092 720 3236 785 urbe,
3283 736 3438 774 sensu

1849 808 2135 862 carentibus
2164 809 2472 875 simulacris,
2519 811 2597 862 uel
2642 811 2890 863 insontem
2932 812 3187 864 uictimam
3218 814 3443 867 caedat:

1849 895 1928 950 vel
1957 899 2224 952 secretiore
2252 900 2479 969 piaculo,
2524 900 2683 952 larem
2723 900 2891 970 ignem
2930 918 3014 954 era
3053 902 3258 971 genium
3292 903 3437 973 (leg.

1850 986 2009 1040 larem
2042 988 2177 1056 igne,
2214 1004 2353 1042 mero
2388 989 2639 1059 genium),
2685 1000 2892 1058 penates
2934 992 3116 1044 nidore
3153 1002 3441 1061 veneratus,

1849 1079 2093 1131 accendat
2124 1081 2339 1147 Iumina,
2376 1080 2585 1150 inponat
2628 1088 2776 1146 tura,
2814 1092 2948 1135 serta
2979 1084 3289 1152 suspendat,
3330 1094 3439 1138 etc.

1854 1169 1985 1223 Vide
2017 1170 2109 1223 lib.
2141 1187 2227 1224 xvi
2265 1171 2388 1225 cod.
2414 1171 2651 1236 Theod.,
2685 1173 2765 1226 tit.
2795 1171 2881 1240 ~l0,
2913 1173 3013 1241 leg.
3046 1173 3132 1243 12,
3162 1184 3216 1229 et
3251 1178 3441 1232 confer

1850 1260 1981 1315 ibid.
2013 1260 2118 1330 leg.
2144 1262 2164 1315 l
2186 1263 2232 1325 Ι,
2260 1277 2363 1328 qua
2396 1278 2489 1329 per
2521 1263 2810 1334 [Egyptum
2838 1264 3121 1332 saciilicia,
3154 1266 3440 1335 aditusque

1852 1352 2172 1420 templorum
2193 1353 2600 1414 interdicuntnr.
2618 1356 2842 1409 Tatiano
2862 1367 2912 1410 ct
2932 1356 3253 1426 Symmacho
3270 1374 3439 1426 c055,,

1849 1461 1990 1501 anno
2014 1445 2138 1501 591.
2172 1447 2403 1502 Secutus
2430 1463 2548 1502 sum
2578 1448 2779 1502 codicis
2804 1449 3245 1518 orthographiam
3273 1453 3365 1520 (c).

1923 1539 2012 1594 70.
2056 1541 2134 1593 Ad
2169 1540 2265 1594 has
2307 1540 2450 1610 leges
2477 1540 2764 1595 Theodosii
2808 1542 2983 1610 potius
3012 1559 3171 1612 quam
3201 1545 3265 1597 ad
3297 1546 3441 1599 essi-

1850 1634 1980 1688 lium
2012 1634 2356 1705 Symmachi,
2401 1635 2544 1705 quod
2585 1638 2837 1704 opinatur
2878 1638 3097 1701 Riscus,
3140 1638 3445 1705 respexisse

1848 1727 2029 1798 judico
2082 1728 2432 1783 Prudentium
2484 1729 2583 1783 lib.
2634 1744 2649 1783 ι
2701 1730 2961 1786 adversus
3007 1730 3436 1803 Symmachum,

174 1820 527 1875 arbitraberis.
564 1817 750 1872 Fuisse
770 1824 948 1871 autem
974 1816 1195 1870 alterum
1223 1826 1432 1884 poetam
1456 1814 1744 1883 Hispanum
1778 1811 1823 1871 Β
1851 1834 1991 1874 vers.
2022 1818 2147 1874 507.

175 1913 426 1963 Αηιςιτηηηι
453 1909 678 1973 dictum,
716 1923 743 1960 a
779 1906 1070 1961 Prudentio
1102 1912 1284 1959 nostro
1311 1904 1608 1967 diversum,
1650 1906 1741 1973 qui

175 2000 514 2055 Dittoclueum
544 2000 886 2053 elucubratus
919 1997 1098 2062 fuerit,
1124 2003 1327 2051 temere
1354 1996 1587 2063 coniecit
1618 1996 1742 2049 l’ni-

175 2094 332 2162 lippus
362 2092 617 2159 Brietius,
652 2091 745 2145 12b.
779 2107 829 2145 tv
859 2091 926 2145 de
956 2090 1158 2144 Poetis.
1189 2088 1409 2143 Michael
1447 2104 1476 2142 a
1503 2089 1560 2143 S.
1589 2088 1742 2144 lose-

176 2187 287 2253 pho,
322 2184 686 2253 Bibltograph.
710 2182 855 2247 crit.,
883 2182 1051 2237 verbo
1079 2180 1319 2235 Amoenus
1346 2183 1422 2234 ait
1459 2185 1740 2234 Amastrum

175 2276 319 2331 fuisse
355 2276 644 2344 quemdam
679 2284 888 2343 poetam
930 2272 1197 2339 Graicum,
1228 2273 1321 2326 sed
1351 2286 1487 2342 Opus
1512 2273 1612 2326 sub
1640 2271 1739 2325 hu-

170 2371 247 2435 jus
291 2366 512 2421 nomine
559 2367 699 2419 inter
743 2372 928 2433 partes
957 2362 1292 2418 Christianos
1337 2365 1574 2427 editum,
1623 2379 1744 2418 esse

176 2458 459 2513 l‘rudentii.
493 2458 750 2511 blelchinr
776 2455 1059 2510 Goldastus
1089 2456 1140 2510 in
1173 2455 1483 2523 praefatione
1508 2455 1741 2509 Manual.

175 2550 335 2604 biblic.
375 2550 663 2620 gloriatur,
709 2562 768 2603 se
808 2548 1035 2614 primum
1076 2544 1425 2602 Prudentium
1458 2549 1743 2603 Ammnum

173 2652 382 2711 quatuor
414 2642 540 2696 aliis
578 2639 882 2695 Prudentiis
911 2637 1214 2704 addidisse,
1256 2654 1416 2708 quem
1452 2638 1743 2708 Hispanum

173 2748 310 2801 esse,
355 2744 416 2789 et
468 2733 639 2786 ferme
681 2745 965 2800 supparem
1020 2729 1316 2784 Prodentio
1361 2729 1744 2785 Turiasoneusi

172 2825 401 2894 praesuli,
450 2837 507 2878 et
545 2823 759 2877 Aurelio
794 2824 1056 2902 Clementi
1100 2822 1403 2889 cxiStimat;
1451 2830 1610 2889 atque
1640 2822 1745 2878 hoc

172 2930 310 2987 pacto
338 2932 632 2986 utrumque
682 2932 877 2971 nomen
928 2915 1208 2969 Prudentii
1256 2925 1311 2970 et
1354 2915 1569 2970 Ammni
1614 2931 1746 2971 con-

169 3013 346 3080 junxit,
382 3026 561 3080 neque
589 3009 849 3064 dubitavit
875 3023 1119 3063 asserere
1163 3008 1521 3075 Gennadium,
1558 3008 1745 3062 homo-

171 3102 328 3170 ttymia
355 3104 692 3169 scriptorum
724 3102 863 3153 inter
889 3115 948 3154 se
973 3099 1255 3167 mqualium
1285 3100 1591 3167 deceptum,
1611 3100 1743 3154 scri-

1970 1954 2167 2004 Talibus
2191 1954 2363 2003 edictis
2398 1953 2526 2003 Urbs
2549 1954 2799 2002 informata
2824 1955 3007 2015 refugit

1970 2017 2176 2065 Errores
2196 2024 2414 2075 veteres,
2442 2022 2492 2063 et
2513 2017 2703 2064 turbida
2729 2018 2790 2063 ab
2809 2030 2898 2065 ore
2934 2019 3067 2066 vieto

1967 2078 2139 2126 Nubila
2166 2078 2421 2134 discussit;
2447 2079 2542 2139 jam
2570 2078 2819 2125 nobilitate
2841 2085 3001 2138 parata

1970 2140 2196 2188 diternas
2215 2146 2406 2187 tentare
2434 2141 2552 2195 vias,
2582 2139 2923 2199 Christumque
2950 2147 3202 2188 vocantem

1969 2201 2273 2263 Magnanimo
2295 2200 2499 2249 ductore
2524 2203 2690 2263 Sequi,
2724 2207 2775 2249 et
2799 2215 2935 2262 spem
2963 2204 3159 2250 mittere
3187 2202 3234 2250 in
3260 2216 3437 2251 sevum.

1844 2368 2224 2441 Symmachum
2256 2368 2504 2424 reducem
2535 2383 2631 2437 pro
2662 2381 2752 2422 ara
2781 2369 3037 2437 Victo;;i:e
3068 2371 3435 2438 recuperanda

1848 2477 2046 2517 novum
2079 2462 2313 2529 aliquem
2344 2470 2596 2517 conatum
2638 2461 2953 2517 adhibuisse
2993 2462 3179 2518 multis
3219 2479 3440 2532 persua-

1846 2553 1978 2608 dere
2006 2553 2118 2607 vnlt
2148 2552 2362 2610 Riscus.
2409 2554 2523 2624 Ego
2558 2570 2733 2623 neque
2758 2553 2809 2608 id
2838 2569 3061 2611 necesse
3086 2570 3228 2621 esse,
3264 2572 3440 2627 neque

1844 2647 1956 2701 ullo
1996 2656 2311 2716 argumento
2350 2649 2563 2704 ostendi
2605 2662 2763 2717 posse
2804 2649 3078 2704 existimo.
3130 2649 3246 2705 Etsi
3290 2653 3441 2706 enim

1846 2740 2094 2795 assentiri
2140 2741 2277 2796 nolis
2320 2741 2440 2796 Nic.
2482 2743 2736 2808 Antonio,
2769 2742 3430 2800 aflirmantiPrndentium

1849 2842 1969 2902 post
2015 2848 2215 2888 annum
2249 2834 2353 2888 405
2382 2833 2636 2888 carminis
2685 2835 2768 2887 sui
2814 2849 3011 2888 novum
3059 2846 3431 2904 argumentum

1849 2941 2064 2982 sumere
2093 2927 2328 2982 voluisse
2374 2942 2440 2982 ex
2486 2927 2747 2982 relatione
2791 2926 3099 2997 Symmachi
3129 2930 3252 2999 stgti
3289 2946 3438 2985 exer-

1846 3021 1994 3074 cendi
2020 3021 2218 3091 gratia,
2267 3029 2444 3075 tamen
2487 3020 2690 3087 poteris
2721 3026 2904 3074 tenere
2942 3020 3293 3075 Prudentium
3333 3039 3435 3075 non

1848 3122 2045 3165 tantum
2073 3112 2194 3181 styli
2222 3111 2491 3187 exercendi
2520 3111 2717 3181 gratia,
2759 3110 2853 3165 sed
2885 3111 3047 3165 etiam
3083 3122 3138 3163 ut
3168 3112 3430 3166 idolorum

172 3202 247 3260 pta
268 3210 455 3248 eorum
479 3208 583 3247 non
609 3194 844 3261 potuisse
863 3192 1191 3246 discernere.
1221 3190 1535 3245 Emmanuel
1556 3190 1739 3244 ltiscus
1769 3186 1813 3247 C
1846 3206 2043 3260 ουιιυηι
2075 3204 2310 3259 funditus
2338 3186 2628 3269 eveﬂereg,
2654 3204 2960 3276 Symmachi
2991 3205 3304 3267 relationem
3336 3207 3435 3259 im.

171 3300 263 3338 non
290 3284 586 3339 admodum
614 3284 863 3338 dissentit
890 3298 920 3335 a
949 3282 1201 3351 Dopinio,
1244 3282 1333 3352 qui
1381 3290 1532 3351 putat
1573 3282 1743 3336 Ditto-

171 3380 356 3435 chuum
387 3395 516 3436 esse
542 3379 809 3448 epitomeu
839 3378 1122 3447 quamdam
1157 3376 1333 3445 operis
1362 3376 1740 3445 [’rudentiani,

172 3484 196 3523 a
220 3470 496 3526 Gennadio
524 3470 743 3533 laudati,
771 3470 839 3523 ab
862 3474 1090 3523 Αιιιωιιο
1115 3469 1411 3523 confectam
1440 3467 1541 3538 (ὁ).

233 3564 335 3635 [⁸8
358 3564 456 3619 69.
498 3563 617 3629 Quo
642 3573 818 3617 autem
848 3576 991 3616 anno
1020 3570 1242 3630 cmpent
1268 3560 1587 3617 Prudentius
1611 3560 1745 3615 scri-

172 3656 305 3723 bere,
346 3672 456 3711 non
489 3656 675 3725 liquet,
708 3654 948 3722 quamvis
991 3654 1228 3723 plerique
1259 3654 1589 3707 asserucrint
1619 3668 1741 3707 eum

171 3764 296 3804 anno
318 3750 499 3805 artatis
528 3750 595 3804 57
631 3748 696 3801 ad
726 3749 965 3802 carmina
1004 3761 1153 3799 sacra
1195 3744 1469 3814 pangendo
1500 3746 1740 3798 animum

168 3846 519 3913 applicuisse:
556 3857 674 3895 nam
714 3856 783 3895 ex
817 3840 1156 3911 prastatione,
1191 3839 1331 3892 unde
1368 3846 1739 3907 argumentum

170 3945 367 4004 petunt,
416 3935 593 3990 solum
625 3934 751 3988 licet
777 3932 973 3986 inferre
1002 3946 1122 3985 eum
1151 3945 1293 3984 anno
1323 3932 1393 3986 57
1432 3933 1607 3984 aatatis
1645 3943 1741 3985 sua

166 4030 410 4095 opuscula
444 4027 700 4089 edidisse,
731 4041 958 4094 quorum
991 4033 1079 4078 aut
1128 4024 1379 4093 pleraque
1414 4032 1506 4077 aut
1534 4023 1738 4089 omnia,

168 4130 215 4170 ut
242 4120 420 4175 simile
452 4132 583 4173 vero
610 4127 721 4183 est,
755 4126 879 4172 ante
905 4117 1133 4171 diversis
1162 4116 1489 4186 temporibus
1517 4130 1740 4186 compo-

164 4221 353 4264 suerat.
408 4208 661 4264 Profecto
696 4208 780 4262 vix
824 4208 1044 4263 dubium
1088 4218 1171 4262 est
1213 4208 1341 4277 quin
1381 4208 1517 4262 duos
1556 4219 1742 4265 contra

164 4299 537 4369 Symmachum
589 4301 752 4354 libros
803 4311 927 4356 ante
976 4316 1175 4355 annum
1217 4300 1415 4356 Christi
1462 4303 1568 4357 404
1609 4317 1736 4357 con-
1796 4332 1803 4355 ι

162 4393 455 4462 scripserit.
487 4392 823 4448 Theodosius
853 4394 1025 4463 legem
1050 4393 1303 4463 vulgavit,
1332 4410 1431 4463 qua
1478 4396 1742 4450 sacrificia.

164 4482 422 4541 idolorum
475 4483 752 4553 prolubuit
792 4499 934 4539 anno
978 4484 1121 4539 592:
1158 4482 1353 4539 Nullus
1394 4486 1637 4552 omnino,
1681 4504 1747 4542 ea:

1848 3312 2131 3367 pugnasse.
2178 3298 2337 3367 Smpe
2363 3297 2507 3352 enim
2549 3296 2606 3350 lit
2636 3305 2693 3351 ut
2720 3310 2856 3366 opus
2884 3296 3098 3367 aliquod
3125 3312 3157 3351 a
3190 3298 3432 3366 pluribus

1846 3389 2007 3444 modo
2035 3389 2212 3454 citius,
2255 3389 2416 3444 modo
2456 3388 2647 3454 serius,
2682 3387 2988 3454 refellatur;
3036 3387 3145 3459 49
3183 3400 3238 3445 et
3266 3391 3427 3460 Sym-

1847 3480 2025 3535 machi
2053 3481 2266 3547 relatio,
2292 3480 2523 3535 hominis
2548 3489 2674 3535 tunc
2700 3480 3145 3549 eloquentissimi,
3171 3496 3198 3534 a
3226 3481 3431 3543 multis,

1846 3582 1903 3628 ut
1933 3573 2419 3643 probabilissimnm
2447 3581 2552 3638 est,
2575 3573 2809 3642 expetita
2838 3582 2891 3627 et
2918 3572 3077 3639 lecta,
3096 3573 3269 3628 studia
3298 3588 3437 3643 quo-

1844 3667 2090 3723 rumdam
2122 3666 2188 3721 ad
2224 3666 2381 3721 fidem
2410 3665 2729 3721 catholicam
2760 3665 3189 3735 amplectendam
3220 3666 3439 3720 tardare

1847 3766 2078 3830 poterat,
2108 3758 2208 3813 nisi
2240 3758 2450 3826 plenius
2479 3772 2637 3827 quam
2676 3758 2875 3812 fecerat
2905 3756 3243 3822 Ambrosius,
3292 3759 3439 3811 relu-

1849 3858 2071 3905 taretur.
2125 3850 2308 3918 Itaque
2351 3849 2696 3915 Prudentius,
2743 3857 2802 3904 ut
2846 3864 2945 3917 ego
2992 3848 3242 3916 conjicio,
3294 3864 3447 3902 anno

1849 3938 2064 3993 circiter
2082 3939 2189 3994 403
2217 3940 2439 3993 ltomam
2470 3938 2782 4003 adveniens,
2813 3945 2867 3991 et
2889 3937 3195 4007 Symmachi
3224 3936 3439 3999 relatio~

1852 4043 1975 4085 nem
1997 4038 2088 4083 aut
2108 4039 2232 4083 tunc
2250 4029 2479 4099 primum
2496 4028 2683 4081 videns
2703 4027 2831 4097 (non
2851 4027 2992 4081 enim
3019 4035 3144 4080 tunc
3167 4025 3444 4080 volumina.

1853 4120 2042 4177 eadem
2073 4120 2327 4174 facilitate
2354 4134 2458 4188 qua
2488 4134 2628 4173 nunc
2657 4118 3089 4187 divulgabanlur)
3130 4126 3220 4171 aut
3244 4117 3438 4172 obser-

1851 4228 1984 4271 vans
2022 4212 2078 4268 in
2113 4211 2322 4268 deliciis
2363 4210 2642 4280 gentilium
2693 4224 2811 4263 eam
2843 4225 2984 4275 esse,
3032 4217 3089 4264 et
3134 4209 3437 4265 immodicis

1852 4304 2097 4360 laudibus
2145 4301 2335 4368 evehi,
2384 4301 2838 4370 impugnationem
2879 4313 3161 4370 aggressus
3201 4309 3303 4355 est.
3353 4302 3441 4355 Cl.

1853 4395 2165 4450 Emmanuel
2205 4394 2396 4448 Riscus
2443 4392 2676 4462 aliquem
2724 4406 2927 4446 novum
2975 4398 3224 4445 conatum
3273 4391 3437 4461 Sym-

1852 4487 2028 4544 machi
2054 4485 2290 4541 adfuisse
2326 4484 2452 4539 inde
2483 4482 2720 4555 colligit,
2761 4482 2902 4553 quod
2934 4498 3055 4539 cum
3083 4483 3442 4556 Symmachus

227 4732 300 4805 (α)
336 4733 482 4790 idem
514 4731 787 4805 Barthius,
823 4730 919 4786 lib.
947 4746 1022 4805 εἰ,
1060 4743 1178 4798 cap.
1198 4729 1274 4805 nl,
1309 4686 1506 4805 nomen
1539 4731 1737 4805 Aruleni

1852 4730 2112 4805 Iuvenalis
2140 4729 2375 4805 Etlticus.

161 4800 291 4859 unde
324 4807 553 4859 traxerit
591 4804 849 4872 originem
884 4804 1117 4871 explicat
1141 4800 1278 4872 :_Sic
1303 4801 1738 4857 luculentissimns

160 4874 338 4928 Christi
368 4886 503 4930 rates
537 4870 852 4928 Prudentius
875 4889 906 4924 α
932 4870 1111 4940 ρνἰεειε
1138 4870 1531 4940 descriptoribus
1557 4873 1742 4927 Amm-

158 4958 249 4999 nus
296 4945 691 5016 cognomina'us
737 4952 842 5007 est,
883 4944 1003 5016 quia
1052 4941 1277 5016 omnium
1327 4941 1739 4997 Christianorum

158 5011 423 5082 poetarum
449 5018 741 5070 amoenitate
777 5024 824 5065 et
860 5011 1105 5067 varietate
1143 5011 1421 5080 lyricorum
1451 5015 1739 5067 carminum

158 5089 300 5154 longe
323 5092 393 5141 sit
435 5088 693 5158 princeps.
741 5082 878 5158 Nam
916 5084 1019 5158 qui
1049 5082 1357 5158 breviarium
1381 5082 1552 5158 illud,
1602 5086 1739 5158 quod

156 5151 361 5211 Αιιίωιιὶ
408 5151 556 5211 titulo
599 5151 939 5220 inscribitur,'
978 5152 1263 5205 Prudentia
1305 5151 1641 5219 abjudicaut,
1703 5157 1739 5208 ii

154 5225 380 5281 hancines
419 5227 562 5281 nullo
600 5227 752 5279 modo
792 5227 917 5279 bene
955 5225 1156 5294 judicio
1193 5233 1427 5294 utuntur.
1479 5225 1734 5292 Exempla

153 5299 377 5351 aliorum
410 5299 627 5367 profert,
655 5296 743 5364 qui
762 5293 1163 5367 descriptorum
1195 5293 1510 5367 liberalitate
1536 5310 1737 5367 cogno-

151 5368 289 5421 mina
334 5364 657 5429 acce,»erun=
686 5408 702 5430 ,
758 5365 974 5419 Plautus
1017 5366 1255 5427 Asinius,
1303 5364 1529 5418 Ovidius
1569 5364 1731 5431 Geta,

149 5438 352 5508 Statius
402 5440 669 5508 Aquiliam
692 5480 707 5503 ,
766 5438 1033 5489 Ausonius
1061 5434 1321 5508 l’aaom'us
1345 5476 1359 5499 ,
1424 5434 1734 5508 Propertius

131 5507 361 5574 .Nauta,
406 5502 602 5563 Caelius
637 5502 873 5576 Apitius,
916 5507 1175 5561 Martialis
1203 5502 1398 5576 cocus.
1449 5505 1732 5560 Petronius

128 5573 375 5643 'Arbiter,
412 5580 624 5634 Persius
648 5573 880 5639 Severus,
911 5578 1200 5631 Sallustius
1223 5573 1487 5633 Liberalis.
1511 5577 1733 5630 Ovidius

151 5648 411 5717 Magnus,
458 5650 786 5704 Claudianus
829 5647 1082 5717 Magnus,
1136 5647 1387 5717 Sidonius
1432 5645 1729 5713 Modestus,

150 5716 489 5783 Theodosius
505 5719 758 5787 Exiguus,
783 5716 933 5774 Abe
954 5718 1203 5783 Cernuus,
1233 5716 1484 5771 liadulfus
1506 5718 1726 5781 Ardeas,

147 5790 288 5845 Saxo
317 5790 719 5857 Grammaticus,
743 5790 1000 5859 Sulpitius
1020 5789 1230 5845 llltetor.
1256 5787 1482 5857 Prosper
1509 5788 1722 5845 ll/tetor.

1914 4803 1991 4874 (ὁ)
2025 4803 2231 4856 Titnlos
2259 4802 2503 4874 diversos
2537 4802 2652 4871 ejus
2682 4805 2922 4873 opusculi
2953 4803 3201 4859 invenies
3227 4819 3344 4874 cap.
3372 4806 3433 4868 4,

1842 4872 1895 4926 in
1925 4872 2080 4927 Codd.
2109 4887 2237 4927 mss.
2267 4872 2540 4926 Mariettus
2585 4889 2651 4927 ex
2681 4872 2867 4929 codice
2903 4876 3019 4929 Vat.
3054 4877 3103 4929 id
3132 4872 3393 4931 ex~cribit
3419 4895 3441 4935 ξ

1843 4940 1989 4996 Fecit
2036 4946 2172 4996 enim
2222 4944 2409 4996 multos
2454 4944 2628 5007 libros,
2677 4960 3057 5011 unum,-quem
3109 4947 3443 5012 prcetitularit

1847 5013 2193 5084 praecutiunt,
2243 5014 2297 5066 id
2324 5023 2417 5084 est
2470 5014 2727 5078 duplicem
2772 5016 3099 5084 refectionem
3147 5033 3329 5070 vocans
3373 5021 3437 5070 de

1848 5082 2017 5137 Veteri
2049 5093 2094 5137 et
2120 5083 2267 5137 Novo
2295 5083 2639 5146 Tea'amento,
2662 5096 2712 5138 et
2739 5082 2895 5148 alios,
2919 5102 3046 5150 quos
3073 5103 3180 5156 pra:
3202 5105 3318 5139 man
3344 5088 3439 5139 bus

1843 5155 2102 5216 Imbemus,
2146 5160 2189 5207 si
2228 5157 2540 5221 perscrutari
2571 5158 2756 5225 placet.
2808 5158 3009 5210 Confer
3038 5155 3252 5211 nostros
3280 5172 3428 5210 com-

1847 5229 2140 5278 tnentarios
2169 5228 2219 5279 in
2252 5226 2459 5279 titulum
2490 5227 2646 5294 hujus
2673 5227 2871 5291 operis.

1917 5299 1990 5365 (c)
2017 5297 2277 5360 Quoniam
2320 5296 2681 5349 'l'heodosiani
2721 5295 2921 5348 cndu-is
2965 5296 3168 5350 mentio
3213 5294 3431 5362 incidit,

1846 5379 1951 5417 non
1986 5367 2226 5420 dilleram
2260 5382 2506 5428 munere,
2555 5366 2714 5433 paulo
2744 5375 2868 5417 ante
2900 5382 3051 5418 unm.
3075 5366 3166 5430 50,
3214 5381 3335 5419 cum
3366 5382 3430 5419 et

1843 5449 1908 5487 eo
1937 5435 2045 5489 duo
2073 5444 2252 5489 essent
2284 5438 2539 5503 przesides
2569 5436 2780 5486 Bi-tica:
2808 5435 3145 5500 recensendi,
3172 5435 3429 5487 omissum

1843 5504 2005 5559 fuisse
2051 5508 2299 5558 alterum.
2353 5503 2657 5567 Lugendum
2701 5518 2866 5570 ergo:
2922 5503 3179 5558 Prwsides
3230 5503 3435 5556 Bazticm

1842 5586 2004 5637 crant,
2026 5576 2241 5625 incertus
2262 5590 2394 5626 anno
2418 5575 2484 5626 5:!
2498 5577 2538 5631 ι,
2565 5573 2633 5623 ad
2657 5589 2805 5640 quem
2829 5574 2951 5627 data
2974 5579 3056 5627 lea;
3080 5574 3099 5625 l
3132 5575 3194 5625 de
3215 5574 3431 5626 dislra/t.

1849 5646 2026 5713 l‘ign.,
2068 5643 2321 5713 Egnatius
2360 5642 2671 5708 Faustinus,
2715 5646 2783 5695 ad
2816 5659 2964 5705 quem
3004 5646 3129 5697 data
3163 5658 3300 5695 anno
3328 5645 3435 5699 557

1839 5711 1921 5769 leui
1946 5714 1979 5765 ‘2
2009 5718 2071 5769 de
2098 5717 2247 5766 distr.
2283 5711 2400 5785 Pig.
