4016 6182
545 325 650 406 eis

1942 317 2396 374 PRUDENTIUS.

3685 313 3788 376 616

545 445 688 499 dieat
730 455 784 496 se
823 441 1001 494 iterum
1046 445 1259 492 senatus
1306 451 1426 492 esse
1476 436 1736 505 legatum.
1785 434 2104 489 Prudentius
2139 440 2186 495 Α
2215 448 2333 485 cum
2385 432 2590 487 czeteris
2633 429 3007 501 pulcherrimis
3055 430 3315 496 versibus,
3361 431 3550 500 quibus
3593 430 3718 488 liber
3753 450 3788 492 ιι

551 531 825 599 respondit
851 545 992 584 vers.
1017 529 1142 593 6H),
1172 527 1264 580 lib.
1295 542 1309 580 ι
1338 545 1349 578 :

675 642 867 701 Aspice,
887 651 1026 701 quam
1052 636 1193 701 pleno
1210 636 1442 701 subsellia
1463 642 1623 701 nostra
1645 641 1819 684 senatu

675 697 970 758 Det-eruam,
1012 699 1185 745 inlame
1209 697 1341 745 Jovis
1366 697 1601 758 pulvinar.
1631 705 1682 746 et
1704 709 1849 758 omne

677 761 878 809 idolium
902 755 1048 818 longe
1070 766 1272 820 purgata
1295 755 1517 806 ex'Urhe
1544 758 1802 819 fugandum
1829 755 1920 818 (a).

624 845 711 899 7|.
744 843 812 896 At
854 857 978 896 vero
1015 857 1078 896 ex
1133 841 1214 896 his
1260 841 1500 894 versibus
1533 856 1636 893 non
1688 848 1832 893 recte
1883 837 2134 906 probatur

556 934 933 1006 Symmachum
967 933 1143 986 denuo
1169 939 1403 985 tentasse
1433 944 1581 983 aram
1617 929 1862 983 Victorite
1898 927 2134 982 excitare

557 1034 650 1078 aut
689 1032 888 1093 petere.
930 1021 1252 1075 Prudentius
1296 1022 1460 1084 enim,
1505 1020 1888 1091 Symmachum
1936 1021 1990 1072 in
2033 1018 2137 1072 line

560 1113 678 1167 libri
705 1112 856 1181 primi
893 1112 1189 1180 alloquens,
1221 1111 1523 1179 exemplum
1576 1111 1798 1177 aliorum
1829 1119 2134 1162 senatorum

560 1204 797 1273 exponit,
831 1214 887 1258 ut
909 1219 1028 1257 eum
1059 1203 1125 1257 ad
1158 1204 1346 1256 bonam
1379 1204 1580 1272 frugem
1607 1203 1845 1257 reducat.
1881 1202 2140 1257 Similiter

559 1295 700 1364 quod
733 1295 875 1348 addit
905 1294 1220 1349 Prudentius
1247 1309 1389 1348 vers.
1421 1292 1522 1347 69.4
1559 1311 1571 1344 :

687 1405 796 1465 Ipse
822 1405 1150 1465 magistratum
1178 1406 1262 1453 tibi
1287 1405 1517 1464 consulis,
1543 1406 1648 1465 ipse
1666 1404 1878 1453 tribunal

689 1466 1263 1529 Contulit,auratumque
1289 1475 1416 1525 togte
1435 1468 1630 1514 donavit
1653 1470 1895 1529 amictum,

687 1528 833 1586 Cujus
852 1525 1045 1590 relligio
1081 1527 1167 1574 tibi
1187 1525 1434 1588 displicet,
1459 1541 1488 1576 ο
1512 1536 1805 1590 pereuntum

690 1589 917 1636 Assertor
954 1588 1132 1635 divum.

570 1690 648 1756 ld,
677 1692 910 1757 inquam,
940 1691 1125 1760 probat
1151 1690 1364 1759 quidem
1417 1689 1798 1761 Symmachum
1854 1690 1906 1744 in
1955 1689 2143 1745 eadem

2230 525 2486 578 adversus
2515 524 2894 594 Symmachum
2921 523 3272 576 concluditur.
3309 521 3612 577 Prohibitus
3656 540 3793 578 reve-

2233 634 2288 673 ra
2318 629 2402 674 est
2429 617 2583 671 ludus
2606 618 2961 688 gladiatorum
2994 633 3135 672 anno
3158 617 3281 683 404,
3309 629 3402 670 aut
3430 626 3632 686 postea,
3655 633 3795 672 ocea-

2234 708 2384 762 sione
2409 719 2623 776 accepta
2656 723 2721 762 ex
2754 719 2926 762 morte
2949 707 3249 762 Telemachi
3282 706 3548 770 monachi,
3581 707 3665 777 qui
3690 722 3796 776 spe-

2236 799 2502 852 ctaculum
2551 799 2677 853 illud
2727 799 2941 853 crudele
2973 798 3148 867 palam
3180 798 3599 866 reprehendens,
3630 813 3660 852 a
3691 813 3798 867 Spe-

2235 889 2527 944 ctatoribus
2556 889 2819 957 lapidibus
2861 897 2943 943 est
2970 888 3209 942 obrutus.
3243 890 3357 952 Qua
3387 904 3442 940 re
3471 889 3691 957 cognita,
3736 889 3800 941 ait

2236 978 2608 1034 Thendoretus
2637 979 2731 1034 lib.
2760 994 2790 1032 v
2813 978 2974 1044 Hist.,
2999 993 3118 1046 cap.
3161 979 3250 1046 26,
3283 978 3566 1048 imperator
3586 979 3800 1031 adrnira-

2238 1068 2352 1121 bilis
2380 1067 2736 1121 Telemachum
2786 1069 2840 1121 in
2883 1077 3162 1136 martyrum
3199 1069 3498 1120 invictarum
3547 1084 3800 1120 numerum

2239 1157 2495 1225 ascripsit,
2527 1157 2734 1210 crudele
2765 1168 2932 1210 autem
2962 1156 3095 1210 illud
3122 1158 3396 1228 spectaculi
3421 1174 3576 1228 genus
3615 1158 3800 1225 penitus

2240 1247 2463 1305 sustulit.
2511 1247 2889 1308 Gothofredus,
2924 1247 2974 1299 in
3016 1244 3316 1300 Comment.
3359 1247 3424 1300 ad
3476 1248 3576 1315 leg.
3626 1249 3646 1300 1
3683 1248 3794 1300 cod.

2242 1338 2472 1399 'l‘heod.,
2501 1337 2596 1391 lib.
2629 1354 2714 1402 av,
2741 1339 2820 1392 tit.
2850 1337 2916 1392 l2
2938 1337 3002 1391 de
3017 1337 3430 1401 Gladiatoribus,
3449 1354 3510 1391 ex
3526 1339 3626 1392 hoc
3647 1338 3804 1392 Theo-

2243 1428 2412 1482 δοιδυιί
2469 1427 2589 1481 loco
2637 1436 2691 1482 et
2731 1444 2796 1482 ex
2825 1429 3065 1483 versibus
3094 1429 3363 1483 Prudentii
3394 1431 3569 1498 plures
3607 1431 3801 1483 Baronii

2245 1520 2577 1587 aliorumque
2627 1534 2841 1573 errores
2893 1519 3163 1573 emendat.
3206 1519 3321 1573 Non
3363 1519 3517 1574 video
3558 1534 3661 1588 quo
3696 1518 3803 1586 jure

2246 1610 2439 1664 Riscus
2469 1619 2624 1678 neget
2651 1610 2717 1664 de
2745 1611 2891 1664 caule
2937 1610 3239 1665 Telemachi
3289 1610 3388 1666 sub
3422 1611 3653 1666 llonorio
3691 1627 3803 1666 con-

2246 1711 2413 1766 Stare,
2466 1714 2529 1755 ac
2578 1710 2856 1770 propterea
2900 1701 3311 1769 prohibitionem
3368 1701 3472 1755 ludi
3522 1702 3803 1770 gladiatorii

568 1782 831 1837 sententia
865 1792 984 1850 post
1015 1797 1169 1835 suum
1199 1781 1534 1836 consulatum
1568 1783 1888 1851 perstitisse.
1918 1799 2021 1836 ηοη
2050 1798 2140 1837 νϐ·
2173 1797 2218 1856 Β
2245 1791 2468 1846 (termini
2488 1791 2781 1856 Prudentii,
2814 1792 2999 1862 dequo
3016 1803 3242 1858 constat,
3273 1807 3391 1848 esse
3413 1794 3800 1848 ascribendant:

572 1889 632 1929 ro
657 1875 795 1944 quod
829 1888 1009 1928 rursus
1035 1883 1255 1928 c0uatus
1272 1873 1430 1928 fuerit
1449 1873 1517 1927 ab
1547 1873 1869 1942 imperatore
1891 1873 2143 1928 aramVi-

573 1967 760 2017 ctorite
804 1964 1065 2018 obtinere.
1131 1963 1320 2016 Narrat
1359 1963 1670 2031 Sigebertus
1719 1964 2144 2030 Gembiacensis,

573 2055 662 2124 qui
717 2056 913 2108 siieuio
965 2070 1036 2107 xu
1095 2053 1295 2119 ﬂoruit,
1345 2049 1809 2125 cumlladagaisus
1841 2054 2038 2125 Scytha
2089 2055 2144 2107 in

577 2147 779 2198 Italiam
813 2146 1054 2199 irruisset
1081 2161 1222 2198 anno
1259 2146 1383 2208 407,
1417 2146 1794 2215 Symmachum
1823 2160 1914 2199 eas
1940 2145 2151 2200 Calami-

575 2247 714 2289 tates
761 2235 883 2288 tidei
933 2235 1249 2290 Christiana:
1279 2236 1589 2304 iuiputasse,
1638 2246 1823 2290 contra
1850 2250 1980 2304 quas
2005 2235 2148 2289 blas-

577 2325 817 2393 phemias
841 2327 897 2380 S.
946 2324 1272 2395 Augustinus
1303 2325 1470 2380 libros
1497 2326 1566 2380 de
1607 2326 1836 2380 Civitate
1867 2325 1982 2392 Dei,
2019 2327 2154 2380 Oro-

575 2420 687 2470 sius
724 2415 1018 2481 historiam,
1051 2427 1102 2470 et
1147 2417 1470 2472 Prudentius
1516 2417 1681 2474 libros
1711 2417 1968 2472 adversus
1998 2418 2153 2488 Sym-

578 2509 823 2562 machum
867 2508 973 2578 50
999 2509 1363 2576 scripserunt;
1393 2508 1533 2577 quod
1567 2519 1890 2576 postremum
1920 2524 2042 2562 cum
2069 2525 2155 2562 ra-

581 2603 728 2652 tione
759 2611 1080 2667 temporum,
1107 2611 1161 2653 et
1185 2600 1428 2654 versibus
1459 2601 1732 2654 Prudentii
1762 2600 1830 2656 de
1861 2601 2006 2655 bello
2035 2600 2158 2655 Pol-

581 2689 781 2746 lentin
808 2690 1021 2741 minime
1045 2689 1273 2743 colunret
1305 2688 1400 2760 (ὁ).

654 2780 740 2832 72.
770 2779 883 2832 Alia
931 2780 1064 2833 ratio
1087 2779 1152 2832 ad
1185 2789 1422 2833 nostram
1470 2781 1790 2836 sententiam
1835 2781 2158 2835 conﬁrman-

588 2870 708 2923 dam
742 2871 970 2924 Sumitur
994 2885 1058 2925 ev
1099 2871 1425 2926 carminibus
1463 2873 1654 2940 quibus
1685 2874 1948 2928 invehitur
1980 2873 2031 2927 in
2082 2875 2161 2926 lu-

587 2961 711 3014 dmn
737 2961 1127 3030 gladiatorium,
1152 2964 1391 3031 quemab
1423 2963 1658 3019 Ilouorio
1688 2965 1957 3035 prohiberi
1983 2975 2161 3034 postu-

587 3054 656 3107 lat
682 3069 820 3107 vers.
846 3055 982 3108 lll5
1009 3062 1063 3107 et
1098 3069 1249 3124 seqq.

707 3163 842 3228 Quod
867 3178 1026 3224 genus
1040 3173 1100 3228 ut
1123 3165 1328 3213 sceleris
1343 3167 1441 3228 jam
1463 3169 1646 3216 nesciat
1663 3179 1810 3216 aurea
1835 3167 2010 3228 Roma,

708 3226 781 3290 '_l_'e
806 3240 996 3288 precor,
1023 3227 1218 3274 Ausonii
1244 3226 1706 3290 duxfaugustissime
1731 3231 1892 3290 regni,

707 3288 767 3337 Et
791 3296 884 3335 tam
909 3291 1046 3337 triste
1071 3301 1256 3335 sacrum
1285 3288 1476 3348 julieas,
1507 3299 1558 3338 ut
1579 3297 1776 3348 cetera,
1795 3288 1914 3339 tolli.

710 3350 961 3410 Perspiee,
984 3363 1145 3398 nonne
1167 3359 1300 3398 vacat
1323 3352 1484 3398 meriti
1511 3351 1641 3399 locus
1663 3352 1757 3400 iste
1781 3352 2009 3414 paterni?

663 3540 739 3609 (ιι)
786 3541 1065 3606 Sapienter
1111 3551 1288 3611 monet
1329 3541 1547 3605 Riscus,
1607 3543 1979 3611 corrigendum
2036 3558 2156 3597 esse

592 3615 744 3666 .loan.
796 3611 1067 3663 Alhertuni
1122 3609 1418 3664 Fabricium
1473 3613 1525 3664 in
1582 3611 1716 3664 Bibl.
1754 3609 1871 3666 "vet.
1905 3613 2159 3678 Lat.,qui

596 3698 698 3736 non
731 3695 922 3748 paucos
954 3679 1116 3752 fuisse
1138 3678 1190 3732 in
1219 3691 1426 3752 senatu,
1460 3681 1547 3748 qui
1580 3695 1700 3734 cum
1733 3681 2054 3752 Symmacho
2086 3683 2164 3737 ἰηι-

594 3763 794 3817 cerent,
828 3751 998 3817 arguit
1029 3765 1093 3802 ex
1128 3751 1366 3804 versibus
1399 3751 1670 3804 Prudentii
1699 3751 2046 3808 ita’truucatis
2079 3771 2091 3807 :

716 3903 909 3963 Aspice,
928 3902 1236 3963 quampieno
1255 3901 1484 3950 subsellia
1511 3911 1668 3952 nostra
1692 3913 1866 3955 setiam

720 3962 997 4014 Decernant
1021 3962 1196 4012 infame
1217 3962 1350 4012 Jovis
1379 3964 1612 4025 pulvinar.

600 4087 766 4153 Quem
789 4099 1024 4138 errorem
1056 4082 1108 4136 in
1141 4084 1388 4139 Biblioth.
1417 4085 1638 4154 llispan.
1663 4101 1766 4140 non
1793 4089 2165 4143 animadvertit

603 4156 990 4222 ltodriguezius
1019 4154 1332 4225 de__(Jastro,
1357 4158 1597 4222 quamvis
1626 4165 1744 4225 post
1780 4157 1994 4211 Riscum
2033 4164 2164 4214 scri—

602 4227 790 4295 pserit.
822 4233 876 4279 et
901 4234 1062 4277 totum
1095 4223 1317 4277 Fabricii
1347 4228 1516 4278 locum
1549 4223 1828 4295 llispanice
1851 4228 2156 4283 reddiderit.

675 4296 747 4362 (ὁ)
775 4295 1104 4361 Sigebcrtuui
1137 4306 1374 4363 tempora
1421 4293 1594 4363 (quod
1622 4302 1809 4350 attinet
1832 4299 1895 4349 ad
1929 4300 2161 4354 Pruden-

607 4364 761 4433 tium)
787 4364 1115 4434 eoul‘uuilere
1147 4362 1331 4416 Riscus
1357 4362 1624 4431 observat,
1657 4366 1746 4433 qui
1773 4369 1993 4434 proinde
2019 4370 2158 4423 al'tir-

609 4446 714 4487 mat
742 4433 1148 4507 Symmachum,
1182 4434 1324 4507 nulla
1351 4451 1477 4487 nova
1513 4433 1986 4503 occasione’oblata,
2012 4441 2168 4507 paulo

608 4515 724 4573 post
755 4503 946 4557 bellum
974 4503 1348 4566 Pollentinum,
1380 4512 1432 4557 et
1454 4514 1577 4557 ante
1601 4522 1797 4559 annum
1828 4507 1931 4559 404
1966 4503 2169 4563 veteres

608 4577 852 4652 querelas
885 4586 1190 4652 renovasse.
1223 4573 1470 4652 Sedcum
1501 4575 1818 4652 Prudentius
1847 4579 2033 4632 iisdem
2061 4594 2175 4632 om-
2207 4586 2256 4642 D

613 4647 738 4716 uiuo
759 4644 1086 4711 argumentis
1111 4644 1450 4711 re~puudeat,
1469 4660 1585 4712 quae
1607 4646 1660 4698 in
1693 4647 1996 4716 Symmachi
2042 4652 2176 4702 relav

615 4715 757 4766 tione
798 4716 1059 4781 leguntur,
1095 4728 1196 4765 non
1247 4719 1418 4766 audeo
1461 4729 1700 4768 asserere
1738 4715 2024 4771 ’renovatas
2063 4733 2182 4772 esse

612 4798 642 4849 q
668 4783 876 4846 ierelas,
899 4785 1213 4849 praesertim,
1237 4783 1381 4833 nulla
1407 4797 1535 4836 nova
1551 4786 1718 4838 oblata
1736 4802 1910 4839 causa.
1937 4790 2027 4843 Ait
2053 4787 2185 4842 Pru-

613 4856 825 4906 dentius
858 4854 948 4906 lib.
993 4867 1044 4915 ιι,
1077 4866 1212 4904 vets.
1246 4850 1350 4904 635
1383 4870 1394 4902 :

677 5004 738 5054 Et
760 5005 872 5052 sunt
893 5005 971 5064 qui
999 5003 1136 5051 nobis
1155 5002 1284 5052 bella
1311 5016 1371 5052 ex
1381 5005 1614 5066 probrare
1633 5008 1825 5056 sinistra

683 5067 787 5114 δοκι
809 5066 1097 5113 dubitent...

677 5128 769 5190 Qui
797 5127 908 5190 mihi
937 5125 1436 5190 praeteritameladem
1458 5134 1757 5190 veteresque
1781 5130 1974 5182 dolores

680 5187 923 5236 inculcant
951 5190 1146 5246 iterum,
1168 5187 1380 5245 videant,
1408 5199 1485 5235 me
1503 5187 1724 5245 tempore
1750 5199 1913 5241 vestro

678 5250 785 5298 Jan)
809 5247 875 5296 nil
899 5248 997 5296 tale
1021 5248 1135 5310 pati.

620 5371 769 5443 Quod
795 5377 964 5422 tottun
1011 5379 1214 5443 spectat
1241 5369 1305 5423 ad
1335 5369 1647 5424 relationem
1691 5371 1993 5443 Symmachi
2034 5392 2192 5433 ever-

624 5442 858 5500 tendam,
888 5454 986 5505 qua
1018 5453 1080 5494 ex
1114 5440 1373 5493 idolorum
1412 5443 1558 5493 cultu
1604 5440 1786 5496 Orbem
1819 5446 2086 5499 redactum
2141 5453 2188 5502 in

625 5513 768 5585 leges
800 5511 1087 5585 liotnanas,
1118 5510 1514 5585 llauuilialema
1546 5516 1828 5585 mmuihus,
1859 5531 1888 5568 a
1928 5518 2188 5585 Capitolio

625 5583 865 5636 Senonas
896 5579 1146 5646 depulsos
1185 5583 1457 5634 asseritur.
1494 5581 1670 5647 Itaque
1710 5579 2023 5639 Prudentius
2057 5597 2190 5642 tem-

627 5661 961 5726 poranvctera
999 5651 1102 5726 sub
1135 5649 1447 5726 Hannibale,
1473 5660 1526 5702 et
1550 5653 1872 5726 Senonibus
1901 5670 2020 5710 cum
2051 5673 2186 5726 pra}.

624 5719 861 5774 sentibus
890 5719 1190 5783 conferens,
1220 5720 1286 5772 ita
1317 5721 1684 5787 prosequitur:

2247 1880 2514 1954 siquidem
2544 1884 2872 1939 Theodoreti
2901 1887 3134 1938 narratio
3166 1887 3440 1954 perSpicua
3470 1895 3573 1952 est,
3594 1887 3806 1941 auctori-

2248 1983 2434 2044 tasque
2460 1975 2639 2043 gravis
2665 1992 2678 2027 :
2704 1990 2880 2044 neque
2911 1974 3128 2030 aliunde
3166 1975 3464 2030 ostenditur
3496 1977 3564 2030 ab
3590 1977 3808 2031 llonoxio

2250 2068 2353 2137 51
2384 2067 2703 2120 sceleratum
2728 2067 2854 2121 illud
2878 2069 3236 2137 Spectaculum
3265 2069 3428 2124 fuisse
3457 2070 3676 2123 vetitum
3721 2069 3810 2122 nisi

2259 2175 2327 2212 ex
2381 2158 2738 2224 Theodoreto,
2789 2167 2844 2214 et
2888 2159 2976 2227 qui
3014 2159 3162 2213 illum
3195 2175 3266 2214 se:
3286 2161 3359 2214 uti
3411 2170 3557 2214 sunt.
3598 2159 3810 2214 Credam

2260 2250 2419 2303 etiam
2452 2250 2701 2318 lilreuter,
2725 2264 2793 2304 ex
2818 2250 3092 2304 Prudentii
3119 2251 3421 2305 hortatione
3452 2251 3811 2321 imperatorem

2254 2351 2554 2413 permotum
2600 2342 2796 2412 pariter
2827 2343 3012 2408 fuisse,
3043 2346 3342 2413 quanquam
3392 2343 3444 2397 id
3474 2344 3645 2397 minus
3688 2344 3813 2396 clare

2257 2443 2401 2503 patet
2431 2433 2525 2504 (c).

2327 2529 2417 2582 73.
2455 2531 2523 2581 lie
2551 2528 2819 2596 Opuseulis
2860 2515 3132 2583 Prudentit
3178 2542 3297 2597 quae
3328 2536 3551 2582 exstant
3597 2542 3810 2597 qumque

2256 2620 2552 2688 perierunt,
2592 2618 2800 2673 abunde
2830 2620 3096 2674 diximus:
3131 2635 3250 2672 nam
3282 2619 3454 2672 varias
3495 2618 3816 2685 uiiius'cujus-

2257 2724 2364 2778 que
2412 2692 2786 2776 inscriptiones
2831 2708 3024 2778 partiiii
3065 2709 3203 2763 inter
3229 2709 3440 2763 codices
3467 2722 3594 2762 mss.
3625 2707 3818 2762 notabi-

2260 2814 2407 2865 mus,
2457 2799 2650 2869 partim
2704 2800 2840 2854 inter
2865 2799 3127 2854 editiones
3173 2798 3508 2865 referendas,
3555 2799 3744 2866 partim
3773 2797 3819 2849 in

2259 2890 2675 2946 Commentariis.
2729 2887 2878 2944 Nune
2908 2899 3148 2959 poemata
3182 2889 3324 2944 nulla
3355 2889 3650 2943 describam
3671 2928 3686 2953 ,
3716 2903 3819 2956 qua:

2263 2994 2355 3036 aut
2382 2982 2539 3036 dubia
2582 2983 2827 3037 videntur
2853 2998 2970 3037 esse
3001 2983 3268 3037 Prudentii
3301 2997 3485 3053 opera,
3519 2991 3612 3036 aut
3643 2995 3819 3051 suppo-

2266 3074 2387 3126 sita.
2417 3073 2661 3126 Barthius
2689 3073 2820 3126 Iib.t
2847 3072 3093 3138 Advers.,
3116 3087 3234 3142 cap.
3258 3072 3314 3136 3,
3342 3072 3584 3140 producit
3605 3072 3821 3126 iambum

2191 3148 2236 3209 Ο
2270 3165 2322 3216 in
2371 3163 2600 3230 Spiritus
2630 3163 2800 3217 sancti
2845 3163 3186 3227 missionem,
3229 3177 3386 3232 quem
3427 3162 3711 3216 Prudentio
3743 3168 3822 3213 aut

2269 3253 2491 3308 Paulino
2520 3253 2924 3322 adjudicandum
2952 3263 3159 3319 censet,
3189 3268 3252 3308 ex
3279 3252 3547 3307 veter‘bns
3579 3251 3823 3306 membra-

2263 3345 2370 3410 nis,
2403 3345 2456 3398 in
2483 3344 2675 3413 quibus
2714 3353 2866 3400 erant
2913 3345 3174 3398 Lactantii
3219 3345 3452 3399 carmina
3483 3345 3551 3399 de
3595 3343 3822 3412 passiuue

2326 3541 2554 3650 illeptavit
2578 3540 2777 3591 Geticus
2801 3552 2956 3603 nuper
2975 3540 3147 3588 delere
3181 3546 3416 3602 tyrannus

2373 3618 2396 3650 a
2421 3616 2567 3650 tam...

2373 3616 2567 3652 altam...

2328 3664 2526 3724 Depulit
2548 3665 2636 3712 hos
2653 3663 2841 3712 nimbos
2864 3663 3079 3724 equitum
3112 3664 3206 3711 n'on
3229 3659 3434 3724 pervigil
3457 3673 3623 3710 anser.

2277 3769 2473 3837 thuae
2498 3777 2790 3836 sequuntur
2808 3767 2874 3822 ad
2899 3767 3172 3822 victoriam
3197 3767 3248 3821 in
3273 3767 3410 3821 bello
3432 3765 3729 3837 Pollentina
3751 3779 3824 3817 re-

2279 3835 2537 3902 portatum
2581 3835 2929 3906 pertinentia.
2965 3838 3039 3892 Ex
3075 3853 3181 3907 quo
3213 3837 3408 3905 liquido
3444 3846 3666 3904 apparet
3707 3835 3826 3888 Pru-

2278 3911 2513 3963 dentium
2546 3917 2666 3976 post
2692 3908 2890 3962 bellum
2912 3908 3262 3963 Pollentinum
3285 3908 3579 3974 scripsisse,
3613 3920 3717 3959 non
3743 3920 3826 3976 au-

2278 3989 2381 4032 tem
2405 3981 2568 4030 multo
2593 3985 2734 4044 post.
2775 3978 2896 4046 quia
2921 3993 3039 4032 cmn
3066 3979 3330 4031 llonorins
3349 3978 3566 4030 Romam
3598 3975 3823 4046 redierit,

2275 4049 2493 4102 ineunte
2519 4062 2658 4102 anno
2678 4045 2804 4108 404,
2839 4048 3070 4102 nondum
3105 4061 3395 4110 reversum,
3427 4061 3545 4100 eum
3575 4045 3829 4098 scribebat

2273 4117 2610 4241 Prudelntbius,
2651 4119 2724 4172 illi
2766 4132 2952 4172 versus
2998 4120 3140 4172 clare
3175 4126 3420 4186 arguunt,
3459 4128 3602 4169 vers.
3637 4115 3740 4169 725
3779 4120 3827 4166 et

2273 4203 2420 4241 seua.
2474 4208 2482 4240 ι
2528 4226 2539 4240 .
2574 4204 2609 4241 ιι
2643 4203 2658 4241 :

2270 4203 2420 4257 seqq.
2451 4203 2539 4241 uti.
2574 4204 2609 4242 ιι
2643 4203 2658 4242 :

2331 4298 2437 4355 Quo
2461 4306 2509 4346 te
2529 4297 2784 4358 suscipiam
2803 4300 3008 4359 gremio,
3037 4297 3291 4349 fortissime
3318 4298 3563 4360 princeps,

2333 4363 2464 4418 Quos
2486 4372 2706 4421 spargam
2727 4360 2873 4408 ﬂores
2887 4361 2912 4410 ?

2348 4482 2419 4554 (ε)
2447 4481 2702 4554 Barouius
2732 4493 2955 4537 mortem
2990 4482 3244 4553 martyrio
3272 4483 3578 4538 Telemachi
3611 4485 3825 4539 similem

2283 4552 2583 4624 enarratad
2609 4566 2806 4624 annum
2839 4553 2943 4609 395
2967 4569 3032 4607 ex
3063 4552 3437 4624 Martyrologio
3467 4555 3728 4620 Romano,
3757 4555 3832 4606 die

2290 4625 2316 4696 l
2342 4621 2575 4696 Januarii
2596 4638 2616 4696 εΔ
2639 4621 2817 4696 Boium
2840 4624 2898 4696 S.
2940 4621 3613 4696 Almachiifutartyristqui,
3637 4626 3831 4696 jubente

2284 4694 2470 4763 Alypio
2517 4690 2675 4763 Urbis
2717 4695 2982 4763 prtefecto,
3017 4711 3130 4746 cum
3179 4690 3404 4746 diecrei:
3457 4690 3832 4749 "odie'oetarn:

2285 4761 2526 4814 dominici
2547 4761 2799 4827 dieisu‘nt,
2828 4761 3018 4816 cessate
3045 4781 3073 4816 (ι
3102 4765 3537 4832 superstitionibus
3569 4768 3834 4821 idolorum.

2284 4843 2335 4884 et
2375 4848 2407 4884 a
2441 4832 2707 4898 sacriﬁciis
2756 4833 2994 4900 pollutis,
3033 4850 3063 4886 α
3099 4835 3464 4899 gladiatoribus
3509 4839 3705 4890 occisus
3751 4842 3834 4886 est.

2293 4900 2445 4954 llunc
2482 4901 2816 4954 Aluiacliium
2844 4917 2963 4955 esse
2994 4904 3164 4970 ipsum
3197 4905 3570 4958 Telemachum
3603 4905 3837 4958 Theodo-

2291 4971 2414 5032 reti,
2438 4986 2655 5038 remque
2697 4972 2953 5026 accidisse
2983 4974 3081 5026 sub
3109 4973 3434 5038 Tiiondosio,
3478 4991 3581 5028 non
3613 4977 3713 5028 sub
3741 4978 3838 5026 lio-

2297 5041 2468 5113 norio,
2494 5041 3069 5113 contendityBaronius.
3103 5043 3233 5113 Mihi
3259 5043 3356 5096 hac
3387 5045 3437 5096 in
3476 5061 3532 5098 re
3559 5061 3728 5113 neque
3755 5045 3839 5097 Ba-

2299 5110 2512 5183 ronins,
2559 5125 2744 5183 neque
2775 5111 3061 5183 Bollandus
3115 5112 3310 5183 fat-inut
3357 5115 3525 5172 satis.
3581 5110 3840 5183 magisque

2299 5179 2515 5250 Credam
2546 5181 2806 5234 Altuacliii
2850 5185 3156 5250 martyrium
3201 5183 3265 5234 ad
3297 5182 3578 5236 Domitiani
3615 5179 3840 5249 teittpora

2300 5263 2421 5302 esse
2443 5249 2799 5314 referendum,
2833 5249 3401 5318 quamTlieodoretum
3435 5255 3482 5304 iu
3507 5254 3842 5310 Telemarho,

2301 5318 2523 5391 ejusque
2551 5325 2789 5391 tempore
2817 5336 3045 5375 errasse.
3077 5324 3322 5390 Alypium
3359 5324 3409 5372 iu
3437 5323 3689 5391 Catalogo
3725 5338 3844 5390 pra»

2305 5389 2562 5440 lectorum
2593 5389 2946 5454 lirbis,—quem
2970 5389 3241 5443 Corsinius
3274 5391 3462 5455 edidit,
3489 5411 3590 5446 nou
3622 5389 3843 5446 invenio.

2305 5457 2636 5528 Almac-ihium
2666 5460 2764 5510 sub
2796 5460 3090 5512 Domitiano
3121 5463 3352 5528 martyrii
3388 5466 3610 5528 palmam
3640 5478 3842 5515 assae"-

2302 5535 2413 5578 tum
2452 5527 2626 5600 plures
2653 5529 2882 5591 tradunt,
2910 5537 2960 5580 ut
2985 5529 3150 5583 videri
3181 5527 3355 5594 potest
3383 5527 3520 5600 apud
3554 5532 3845 5587 Bollandum

2300 5605 2426 5674 torti.
2459 5599 2504 5674 l,
2535 5597 2750 5652 Januar.
2793 5601 2856 5651 ad
2901 5602 3039 5674 diem
3084 5601 3130 5653 l.
3165 5597 3428 5674 pennis,
3453 5619 3571 5672 qum
3615 5605 3677 5654 ad
3711 5619 3846 5652 aram

2296 5663 2547 5743 νίυιξινίςυ
2577 5682 2815 5743 eversam
2842 5672 3130 5738 pertinent,
3164 5671 3330 5726 iusius
3351 5663 3525 5727 dicunt
3550 5675 3599 5727 iu
3623 5675 3856 5743 prolego-

2296 5736 2467 5790 tncnis
2497 5740 2621 5791 tonii
2653 5736 2712 5791 ll.
