4000 6176
465 282 570 339 619

1866 283 2321 344 PRUDENTIUS.

3617 283 3717 341 Gil)

464 397 745 453 Trecensis
760 412 912 468 opus,
934 400 1023 451 scil
1047 415 1074 450 a
1108 400 1427 453 nonnemine
1454 399 1717 454 Clementi
1748 398 2040 453 Prudcut'o
2067 410 2118 468 Α
2144 402 2255 454 sius
2288 399 2652 469 Mingarellius
2682 399 2889 469 praefat.
2926 399 3186 454 Fasciculi
3226 400 3608 455 aneedotorum
3631 398 3724 452 de-

464 488 764 557 at‘tiugitur,
808 490 978 543 dicam
1023 504 1138 557 cap.
1172 489 1201 541 1
1247 490 1295 541 iit
1329 492 1512 543 codice
1559 490 1725 544 Vatie.
1776 490 2036 544 Alexund.

465 579 789 645 554.0ualis
815 582 881 633 sit
907 579 1133 648 hymnus
1157 580 1210 632 in
1254 581 1308 632 Β.
1349 580 1615 648 Virginem
1639 580 1879 642 Mariam,
1910 578 2043 633 Pru-

465 671 648 725 dentio
678 681 860 725 nostro
888 672 1156 738 ascriptus
1188 671 1238 724 in
1262 672 1501 741 catalogo
1530 671 1865 726 bibliotheca:
1892 670 2035 724 Pari-

467 763 619 826 sinre,
650 774 794 816 cene
826 777 928 814 non
956 764 1114 823 novi;
1145 762 1237 815 sed
1269 767 1485 829 opinor,
1519 762 1737 814 alterius
1767 760 2043 813 Prudentii

465 867 584 907 esse
613 868 768 920 Opus.
797 851 930 907 Vide
960 869 1106 905 num.
1132 853 1219 905 98.
1261 854 1488 907 Carmen
1520 854 1585 903 de
1617 851 1747 903 Fide
1777 852 1827 904 in
1854 851 2042 905 eodem

465 944 706 1011 catalogo
756 943 1025 997 laudatum
1068 960 1096 996 a
1128 942 1547 1014 Psychomacltia
1596 958 1703 996 non
1754 941 2041 1006 distinguo.

467 1034 663 1092 Confer
685 1049 829 1087 num.
855 1033 1101 1104 eumdem
1132 1033 1220 1087 98.
1245 1034 1400 1087 loan.
1425 1032 1547 1085 Chr.
1578 1032 1830 1095 Ritterus,
1864 1031 1913 1084 in
1937 1030 2048 1083 dis-

467 1126 755 1179 sertatione
782 1125 845 1177 de
875 1128 1018 1193 Aqua
1037 1140 1100 1177 e1:
1121 1122 1309 1177 Christi
1332 1126 1486 1176 latere
1511 1126 1820 1192 proﬂuente,
1846 1129 1982 1190 part.
2011 1120 2047 1172 2

467 1215 723 1270 Thesauri
750 1215 1422 1285 theologico-philologici,
1446 1212 1854 1274 Atn~telodami,
1886 1211 2043 1277 i702,

469 1308 703 1360 Aurelius
736 1306 1068 1368 Prudentius,
1102 1308 1195 1369 ait,
1230 1323 1329 1358 non
1361 1307 1474 1359 vilis
1520 1308 1570 1356 in
1603 1303 1832 1356 Ecclesia
1874 1303 2049 1356 exisli-
2106 1296 2107 1303 “

468 1398 726 1461 motionis,
754 1396 976 1450 vulneris
996 1397 1150 1465 hujus
1169 1397 1376 1468 (lateris
1399 1393 1622 1463 Christi)
1644 1394 2047 1464 magnitudinem

468 1490 563 1540 hoc
589 1490 739 1541 modo
765 1488 998 1555 exprimit
1020 1502 1039 1541 :

713 1578 762 1626 Si
788 1590 871 1625 cor
894 1576 1047 1625 trabes
1067 1574 1372 1637 maculatum,

718 1638 911 1698 InSpice
939 1638 1113 1686 vulnus
1134 1645 1226 1685 tam
1251 1636 1395 1686 latum
1415 1650 1428 1685 :

717 1699 883 1749 Cordis
909 1698 1014 1759 cjus
1036 1699 1163 1747 illinc
1188 1700 1292 1747 ﬂuit

717 1760 876 1822 Unda,
898 1776 1008 1823 quae
1037 1762 1209 1809 sordes
1229 1759 1400 1809 abluit.

470 1868 583 1923 Non
614 1869 854 1938 esplicat
882 1869 1023 1922 unde
1052 1867 1148 1921 hos
1177 1880 1365 1920 versus
1393 1864 1687 1919 extraxerit
1718 1881 1729 1916 :
1772 1863 1866 1919 sed
1918 1863 2048 1918 Pru-

470 1956 635 2011 dentii
662 1957 858 2025 stylum
906 1971 1088 2024 parum
1120 1955 1310 2019 callet,
1342 1953 1431 2022 qui
1471 1968 1564 2008 eos
1611 1953 1883 2007 Prudentii
1931 1966 2050 2007 esse

470 2046 778 2100 crediderit.
812 2045 995 2115 Neque
1024 2045 1161 2113 apud
1189 2044 1535 2098 Prudentium
1565 2043 1779 2097 invenio
1812 2058 2047 2108 versum,

470 2153 628 2207 quem
659 2138 733 2191 illi
756 2138 1005 2192 attribuit
1028 2137 1277 2191 Barthius
1303 2136 1398 2190 lib.
1420 2152 1504 2189 xu
1529 2137 1785 2198 Advers.,
1803 2151 1923 2205 cap.
1940 2137 2045 2189 27:

592 2229 617 2278 J
625 2243 699 2277 am
724 2231 838 2278 mihi
860 2243 949 2291 per
975 2242 1123 2291 rupes
1147 2228 1315 2277 videor
1340 2226 1571 2289 lucosque
1595 2238 1843 2277 sonantes.

475 2310 723 2364 Fortasse
767 2326 864 2380 pro
907 2310 1014 2364 alio
1058 2321 1214 2379 poeta
1260 2326 1454 2363 nomen
1507 2309 1783 2363 Prttdentii
1832 2309 2051 2364 Barthio

472 2398 687 2452 excidit.

1075 2485 1302 2542 CAPUT
1350 2486 1435 2541 lV.

780 2577 991 2631 Codices
1036 2593 1159 2631 mss.
1192 2593 1400 2645 operum
1440 2576 1738 2631 Prudentii.

547 2670 656 2740 56
697 2670 787 2724 75.
821 2669 920 2736 Qui
949 2670 1161 2724 codices
1183 2684 1311 2723 mss.
1346 2669 1642 2736 Prudentii,
1663 2679 1717 2724 et
1739 2669 1953 2724 ubinam
1977 2669 2054 2722 la-

475 2771 643 2829 teant,
676 2771 826 2816 notas
866 2762 1027 2817 etiam
1057 2772 1110 2815 et
1146 2762 1615 2831 interpretationes
1655 2776 1784 2825 mss.
1824 2763 1875 2816 itt
1905 2778 2057 2815 eum-

477 2856 597 2908 dem
626 2870 690 2907 ex
740 2852 968 2907 diversis
1016 2853 1270 2920 catalogis
1313 2852 1538 2922 aliisque
1583 2854 1917 2906 documentis
1956 2852 2057 2907 hoc

469 2946 649 3011 capite
677 2944 1022 3012 complectar,
1070 2943 1295 2996 molesto
1327 2943 1540 3010 quidem
1562 2986 1577 3011 ,
1608 2942 1702 2997 sed
1733 2957 1837 2997 non
1881 2944 2054 2997 inutili

478 3035 690 3100 labore,
722 3050 787 3088 ex
812 3050 917 3104 quo
962 3034 1168 3088 scilicet
1216 3036 1382 3102 possit
1429 3032 1641 3089 divinus
1684 3042 1843 3104 poeta
1890 3035 2056 3103 magis

2146 491 2333 545 scribit
2360 492 2601 545 codicem
2628 491 2924 544 carminum
2962 492 3020 545 S.
3065 490 3294 553 Paulini,
3344 499 3647 545 exstantem
3672 490 3723 543 in

2145 580 2465 634 bibliotheca
2504 579 2562 634 S.
2589 579 2883 634 Salvatoris
2929 580 3204 647 Bononim,
3233 596 3263 634 a
3297 582 3464 648 Lippo
3498 580 3727 634 Platesio

2144 669 2371 733 sacculo,
2412 676 2470 721 ut
2516 670 2792 737 opinatur,
2842 683 2928 721 xw
2976 676 3283 734 exaratum,
3332 670 3420 722 ubi
3473 678 3597 736 post
3624 677 3728 722 tre-

2147 758 2319 812 decim
2367 756 2575 812 Paulini
2635 758 2871 812 carmina
2934 767 3225 813 occurrunt
3276 760 3389 813 lucc
3446 758 3725 812 Prudentii

2146 863 2345 916 opera:
2391 848 2725 919 Apotheosis,
2772 849 2828 901 id
2852 858 2961 913 est,
3006 850 3069 902 de
3115 848 3423 916 Divinitate,
3458 849 3732 902 Prudentii

2146 951 2307 1009 poeta:
2328 942 2621 995 clarissimi.
2667 941 2915 1010 Ejusdem
2955 941 3227 995 Prudentii
3259 959 3464 996 carmen
3494 943 3570 995 uel
3613 942 3734 995 liber

2148 1045 2324 1085 contra
2348 1031 2631 1087 ereticos
2664 1031 3145 1103 Patripassianos...
3176 1033 3326 1088 Liber
3354 1046 3538 1087 contra
3568 1034 3731 1089 Unio-

2150 1123 2350 1177 nitas...
2382 1121 2626 1176 Carmina
2655 1124 2734 1176 vel
2754 1123 2878 1176 liber
2904 1133 3080 1177 contra
3100 1123 3383 1179 Iudaeos...
3410 1124 3636 1178 Carmen
3664 1122 3733 1176 uel

2149 1214 2273 1266 liber
2304 1213 2551 1266 adversus
2578 1213 2862 1269 ereticos
2898 1223 2944 1267 et
2974 1216 3206 1283 infideles
3235 1215 3733 1269 Ilomuncionitas...

2151 1302 2299 1355 Liber
2323 1304 2387 1356 de
2409 1302 2614 1356 Natura
2642 1305 2895 1358 animm...
2918 1304 3072 1358 Liber
3091 1317 3267 1360 contra
3295 1305 3734 1361 Phantasticos...

2154 1393 2569 1463 Marciogenia...
2606 1394 2753 1447 Liber
2786 1404 2964 1448 contra
3013 1395 3416 1452 Marcionitas...
3463 1397 3619 1450 Liber
3663 1399 3737 1450 di-

2151 1494 2262 1538 ctus
2311 1483 2736 1554 Psychomachia.
2784 1486 2953 1556 Hujus
2999 1487 3204 1544 codicis
3254 1490 3429 1542 varias
3479 1490 3737 1544 lectiones

2152 1590 2362 1630 mecum
2393 1577 2813 1633 communicavit
2846 1580 3051 1633 amicus
3091 1589 3275 1635 noster
3322 1581 3543 1636 ltochus
3590 1583 3738 1636 Men-

2160 1668 2341 1732 ciaca,
2373 1669 2465 1738 qui
2510 1668 2814 1724 universam
2862 1669 3138 1723 historiam
3188 1670 3610 1724 ecclesiaSticam
3643 1688 3738 1726 una

2080 1763 2129 1823 B
2154 1774 2275 1813 cum
2303 1760 2419 1813 aliis
2446 1761 2632 1814 amicis
2655 1762 2853 1815 nostris
2888 1760 3172 1830 diligenter
3201 1777 3487 1831 aggressus
3512 1774 3598 1818 est
3625 1764 3741 1817 illu-

2153 1858 2348 1905 strare.
2379 1851 2555 1905 Codex
2581 1852 2933 1908 Bononiensis
2987 1853 3156 1907 solum
3189 1854 3425 1908 continet
3466 1855 3741 1924 Apotheo-

2153 1940 2254 2005 sin,
2280 1939 2759 2011 llamartigeniatn,
2787 1941 3298 2012 Psychomacbiam:
3330 1944 3628 1999 mendosus
3668 1954 3744 2000 est

2152 2040 2206 2084 et
2237 2030 2460 2085 fortasse
2489 2046 2552 2086 ex
2587 2032 2798 2086 Platesii
2819 2032 3042 2088 arbitrio
3063 2043 3371 2100 corruptus.

2222 2121 2310 2174 ⁸16.
2352 2121 2599 2176 Nicolaus
2638 2123 2898 2177 Antonius
2946 2124 2999 2177 in
3043 2123 3294 2178 Biblioth.
3333 2131 3440 2177 vet.
3474 2123 3641 2193 llisp.
3683 2123 3746 2179 de

2152 2212 2383 2280 quodam
2410 2212 2595 2268 codice
2625 2213 2881 2268 Vaticano
2909 2213 3022 2268 haec
3048 2214 3269 2268 tradidit
3312 2232 3323 2265 :
3374 2213 3441 2267 In
3490 2213 3746 2268 Vaticana

2152 2304 2451 2358 bibliotheca
2489 2306 2646 2359 codex
2688 2308 2912 2375 antiqute
2952 2307 3075 2361 satis
3107 2316 3239 2360 nota:
3264 2348 3279 2370 ,
3319 2309 3403 2360 cui
3444 2309 3638 2377 afﬁxus
3679 2320 3748 2364 est

2155 2409 2294 2447 num.
2326 2394 2487 2460 5821,
2516 2393 2787 2449 Prudentii
2815 2397 2985 2449 omnia
3014 2412 3169 2464 opera
3200 2398 3480 2451 continens.
3506 2396 3572 2450 In
3596 2403 3747 2463 cuius

2154 2485 2323 2553 primo
2353 2484 2481 2555 folio
2508 2494 2679 2540 notam
2711 2487 2926 2553 legimus
2953 2490 3245 2541 recentioris
3276 2506 3452 2542 manus
3472 2506 3491 2543 :
3518 2489 3751 2544 Joannes

2156 2577 2407 2629 Antonius
2432 2576 2698 2631 Matienus
2717 2578 2929 2649 57sec.
2952 2576 2989 2631 Ι
2994 2594 3079 2632 esu
3101 2579 3355 2648 presbyter
3375 2579 3512 2633 hunc
3533 2580 3750 2647 librum,

2154 2681 2271 2718 cum
2295 2664 2481 2738 Praga:
2503 2667 2755 2737 degerem,
2780 2668 2949 2738 accepi
2973 2669 3106 2722 dono
3126 2688 3157 2722 a
3178 2669 3543 2739 Chrislophoro
3564 2663 3750 2729 Colere

2156 2756 2264 2807 viro
2292 2755 2586 2810 doctissimo
2610 2773 2628 2809 :
2656 2774 2869 2828 cumque
2896 2759 3044 2812 illum
3071 2776 3185 2813 cum
3209 2762 3401 2829 aliquot
3441 2779 3568 2817 mss.
3596 2767 3750 2819 variis

2158 2849 2213 2901 in
2258 2849 2380 2903 locis
2419 2848 2804 2922 diligentissime
2832 2855 3171 2918 contulerim,
3218 2864 3265 2908 et
3291 2857 3599 2911 nominatim
3642 2876 3751 2913 cum

2158 2940 2482 2995 celeberrimo
2522 2944 2858 2998 vetustissimo
2898 2946 3019 3011 illo,
3054 2948 3189 3015 quod
3241 2947 3536 3003 Italisbome
3586 2950 3645 3003 in
3691 2950 3750 3003 S.

2161 3037 2425 3091 Emerami
2456 3034 2741 3107 (Emeriani
2762 3037 2949 3092 setibit
2975 3037 3088 3092 Nic.
3126 3041 3412 3107 Antonius)
3444 3040 3751 3096 bibliotheca

475 3128 749 3196 magisque
780 3125 1050 3181 illustrari.
1098 3123 1374 3178 Fabricius
1406 3124 1455 3177 in
1486 3124 1738 3178 Biblioth.
1785 3132 1892 3179 vet.
1938 3126 2051 3179 Lat.
2086 3117 2131 3180 C
2162 3141 2485 3195 asseruntur;
2524 3140 2572 3184 et
2602 3132 2810 3201 Optima:
2836 3142 2987 3197 noue,
3028 3141 3074 3185 et
3100 3142 3218 3185 ante
3258 3134 3444 3186 multos
3482 3151 3657 3187 annos
3692 3134 3752 3187 ab

475 3218 655 3273 laudat
696 3217 970 3271 Prudentii
1016 3216 1257 3271 codicem
1287 3216 1656 3285 perautiquum
1683 3216 1734 3269 in
1768 3214 2057 3271 bibliothe-

470 3324 534 3363 ca
575 3309 925 3363 Ambrosiaua
968 3308 1249 3362 Mediolani
1294 3307 1609 3362 existentetn
1638 3346 1653 3371 ,
1701 3324 1807 3377 quo
1852 3310 2055 3363 nullum

474 3403 776 3458 remotioris
822 3403 1157 3471 antiquitatis
1190 3416 1249 3456 se
1279 3402 1478 3456 vidisse
1524 3410 1749 3456 testatur
1793 3400 2059 3454 Montfau-

472 3493 660 3547 conius
689 3492 831 3545 Diar.
867 3492 1062 3554 ltalic.,
1097 3507 1216 3559 pag.
1250 3492 1349 3560 l8,
1384 3492 1581 3560 quique
1607 3492 1671 3543 ad
1702 3493 1956 3547 saeculum
1985 3506 2056 3545 vtt

477 3592 570 3636 aut
596 3598 688 3635 vui
717 3580 965 3636 refertur.
1000 3579 1131 3635 Vide
1158 3596 1307 3634 num.
1340 3582 1407 3635 8O
1435 3582 1578 3636 circa
1623 3581 1762 3636 hunc
1791 3582 2051 3636 codicem.

474 3673 783 3728 llolstenius
809 3673 861 3725 in
888 3672 1114 3740 cpistola
1147 3672 1214 3726 de
1241 3672 1423 3727 tuleris
1477 3688 1575 3727 seu
1615 3673 1847 3728 verubus
1876 3673 2057 3727 Dianae

479 3764 722 3834 Ephesia:
752 3764 1039 3818 obscurum
1089 3764 1303 3819 Minucii
1344 3764 1537 3819 Felicis
1568 3765 1743 3818 locum
1789 3765 2056 3831 explicat,

477 3870 762 3925 veramque
788 3855 1071 3910 lectionem
1098 3855 1332 3910 restituit
1355 3871 1418 3908 ex
1456 3839 1561 3909 alio
1583 3855 1741 3908 simili
1783 3853 2055 3909 Prudent'i

476 3950 594 4001 loco
616 3948 666 3999 in
695 3946 878 4001 codice
902 3948 1344 4015 praesuntissimo
1380 3945 1656 4001 Urbinatis
1687 3946 2055 4009 bibliothecar,

478 4043 543 4094 ad
578 4040 882 4095 Vaticanum
919 4041 1210 4105 translato,
1254 4040 1407 4108 cujus
1447 4041 1692 4095 meminit
1720 4044 1930 4109 Quoque
1959 4038 2057 4092 Fac

478 4132 695 4196 bricius,
729 4132 796 4186 de
818 4146 923 4200 quo
948 4145 1045 4184 nos
1076 4143 1257 4199 postea
1288 4132 1546 4186 dicemus.
1583 4132 1893 4186 Edmundus
1922 4130 2057 4183 Mar-

477 4236 596 4278 tene
624 4229 675 4277 in
718 4224 912 4277 Itinere
954 4222 1225 4277 litterario
1270 4224 1496 4278 duorum
1538 4225 1899 4278 Maurinorum
1940 4222 2057 4277 sine

474 4318 689 4370 nomine
717 4316 949 4370 auctoris
973 4316 1173 4369 Gallice
1208 4316 1351 4371 edito
1382 4326 1513 4384 part.
1541 4317 1596 4381 2,
1623 4332 1739 4385 pag.
1774 4316 1894 4379 158,
1920 4316 2057 4369 inter

470 4408 684 4461 codices
724 4406 953 4460 ρωποι)ιί
999 4407 1433 4464 Monasteriensis
1465 4407 1763 4477 (Monster)
1812 4414 2059 4461 recenset

2159 3222 2583 3278 exercitatissimo
2642 3224 2933 3293 antiquario
2981 3227 3325 3294 conscriptum
3368 3242 3479 3279 esse
3526 3243 3751 3281 censeo:

2159 3327 2410 3376 uncxvrtt,
2452 3314 2617 3368 idibus
2663 3313 2814 3368 Julii.
2865 3316 2914 3369 ls
2964 3315 3236 3370 Mariettus
3281 3315 3573 3371 editionem
3623 3317 3753 3371 Pru-

2159 3406 2322 3460 dentii
2358 3406 2604 3460 Aldiuam
2653 3408 2778 3461 anni
2820 3407 2947 3463 1501
2994 3424 3113 3463 cum
3150 3409 3252 3464 hoc
3295 3410 3481 3466 codice
3525 3412 3752 3481 aliisque

2158 3497 2562 3568 diligentissime
2592 3498 2849 3566 contulit,
2891 3500 3168 3566 variasque
3210 3501 3464 3555 lectiones
3520 3503 3753 3572 margini

2160 3587 2390 3657 adjecit,
2431 3602 2563 3657 quas
2583 3632 2597 3655 ,
2629 3602 2749 3642 cum
2782 3589 2916 3642 feret
2943 3591 3186 3656 occasio,
3218 3592 3619 3647 annotabimus.
3650 3595 3751 3649 Ex~

2162 3688 2271 3732 stat
2314 3679 2456 3733 enim
2508 3677 2643 3733 liber
2690 3679 2745 3732 in
2773 3678 3095 3734 bibliotheca
3144 3682 3352 3751 collegii
3383 3682 3653 3738 Romani:
3685 3699 3749 3738 ex

2160 3786 2270 3842 quo
2297 3785 2456 3840 supra
2480 3810 2497 3835 ,
2531 3786 2679 3825 num.
2711 3770 2782 3826 49
2824 3780 2878 3826 et
2904 3771 2995 3835 68,
3041 3774 3292 3827 nonnulta
3338 3773 3611 3829 dedimus.
3647 3775 3752 3828 Du-

2162 3861 2274 3915 bito
2304 3871 2504 3924 autem,
2535 3859 2650 3915 isne
2683 3861 2794 3930 ipse
2825 3862 3131 3925 Mariettus,
3164 3878 3231 3917 an
3262 3864 3421 3927 alius,
3453 3867 3748 3921 editionem

2164 3950 2434 4004 Prudentii
2464 3950 2841 4004 Coloniensem
2872 3952 2997 4005 anni
3029 3952 3187 4016 1589,
3232 3961 3285 4006 ct
3314 3952 3451 4008 1591
3479 3969 3548 4009 es
3574 3958 3747 4023 prima

2161 4041 2472 4095 recensione
2499 4040 2720 4094 Giselini
2746 4051 3111 4110 procuratam,
3138 4052 3439 4097 exstantem
3471 4046 3526 4097 in
3552 4046 3747 4100 eadem

2162 4130 2522 4195 bibliotheca,
2554 4146 2674 4185 cum
2707 4131 2943 4186 editione
2972 4132 3217 4186 Sichardi
3242 4176 3255 4198 ,
3289 4144 3344 4186 et
3387 4133 3622 4202 quodam
3656 4149 3747 4187 co-

2162 4223 2280 4279 dice
2310 4239 2440 4279 mss.
2468 4224 2782 4289 contulerit,
2837 4224 2890 4279 in
2936 4224 3089 4292 cujus
3118 4226 3222 4278 fine
3264 4225 3551 4292 descripsit
3578 4226 3745 4278 etiam

2163 4331 2352 4371 versus
2381 4315 2740 4369 Constantina;
2767 4355 2780 4379 ,
2818 4314 3148 4369 Constantini
3196 4313 3316 4367 [ἰιίίο
3341 4355 3357 4379 ,
3392 4316 3632 4384 aliosque
3681 4315 3740 4369 S.

2166 4406 2372 4459 Damasi
2407 4407 2457 4458 in
2492 4405 2747 4458 honorent
2792 4403 2851 4459 S.
2885 4407 3062 4472 Agnes
3087 4445 3101 4469 ,
3150 4414 3432 4473 excerptos
3456 4445 3471 4469 ,
3524 4405 3739 4473 opinor.

472 4508 715 4565 poemata
747 4498 1020 4551 Prudcutii
1046 4500 1245 4551 S'J'Cllio
1271 4515 1301 4550 ι
1334 4510 1577 4552 exarata.
1619 4498 1850 4551 Joannes
1888 4496 2050 4564 Aloy-
2082 4480 2132 4538 D
2159 4512 2222 4550 ex
2271 4496 2454 4551 codice
2486 4495 2841 4549 Prudentiano
2889 4501 3008 4561 post
3038 4491 3290 4564 hymnum
3321 4494 3377 4548 S.
3428 4496 3604 4563 Agnes
3635 4493 3734 4564 (a).

653 4612 837 4661 Omnes
855 4613 1087 4660 mirantur
1106 4613 1343 4672 perpetim

714 4673 830 4721 Post
852 4677 1029 4720 tactum
1054 4685 1280 4723 cruorem
1312 4680 1589 4731 martyrem,

716 4737 874 4790 Quem
897 4732 1180 4782 testularum
1220 4733 1457 4794 fragmine

719 4795 951 4843 Mucrone
978 4802 1120 4843 acuto
1140 4795 1412 4844 vulnerant.

654 4855 835 4916 Dolore
862 4854 992 4902 nullo
1028 4856 1285 4916 frangitur,

716 4913 955 4986 ﬁnitaque
977 4928 1124 4986 poena
1138 4913 1371 4975 'vinci’tur,

716 4976 957 5038 Flammas
975 4976 1140 5025 ferens
1165 4990 1252 5038 per
1273 4977 1495 5037 ungulas,

712 5037 926 5085 Robusta
948 5039 1210 5098 permansit
1237 5038 1369 5085 fides.

650 5098 725 5148 Ex
754 5099 864 5146 hinc
885 5106 1125 5148 reponunt
1150 5098 1376 5147 mollibus

714 5160 889 5211 Christi
924 5159 1117 5206 fidelem
1151 5160 1372 5219 militem,

715 5222 882 5271 Carnis
909 5223 1077 5268 relicto
1099 5233 1302 5281 corpore

710 5283 785 5331 Ad
826 5290 950 5330 astra
975 5283 1152 5344 migrat
1176 5283 1396 5343 spiritus.

651 5343 873 5393 Vesanus
897 5346 1154 5404 imperator
1184 5344 1259 5392 Γο-

715 5404 795 5467 [iis
815 5408 993 5467 jactum
1016 5405 1223 5453 cadaver
1256 5408 1463 5464 mandat,

709 5465 917 5527 Custode
937 5479 1103 5525 corvo,
1128 5479 1333 5527 corpore

716 5526 873 5575 Famis
899 5528 1059 5588 lupina
1086 5526 1305 5588 pellitur.

645 5586 818 5638 Gravis
833 5586 1341 5649 tyrariuuminexcttat

702 5648 883 5711 Furor,
904 5651 1143 5710 jubetqttc
1177 5656 1451 5708 martyrem,

2410 4606 2623 4653 lnsntum
2648 4618 2792 4664 [arvo
2815 4604 3007 4663 eculeo,

2409 4667 2549 4715 Ponti
2594 4666 2827 4728 profundo
2865 4668 3161 4725 immergere

2343 4727 2509 4777 llonor
2543 4727 2757 4775 summus
2778 4728 2998 4775 redditur

2401 4789 2613 4838 Jubente
2637 4788 2826 4836 Christo
2849 4788 2999 4836 liltori

2406 4848 2617 4898 llefectis
2640 4849 2776 4896 nudis
2814 4850 3003 4896 levibus

2404 4911 2647 4959 Prtevenit
2682 4922 2854 4957 omnes
2877 4910 3113 4968 remigeo.

2339 4969 2413 5019 Tu
2437 4971 2587 5029 solus,
2612 4983 2642 5018 ο
2666 4972 2739 5019 bis
2761 4971 2954 5031 inclyte,
2979 4979 3076 5020 etc.

2228 5091 2281 5142 In
2323 5092 2599 5165 previario
2648 5091 2945 5165 lsidoriano
2990 5091 3135 5145 clare
3166 5090 3358 5163 legitur
3411 5099 3612 5165 Sil‘Oph.
3658 5098 3733 5158 5.

2166 5177 2306 5214 vers.
2322 5162 2373 5222 ὅ,
2392 5162 2571 5231 Carnis
2598 5164 2771 5215 relicto
2794 5177 3034 5215 renuens.
3052 5177 3147 5228 pro
3173 5162 3431 5225 cannons,
3453 5177 3507 5218 et
3525 5162 3734 5231 stropli.

2154 5232 2207 5301 8,
2241 5246 2376 5284 vers.
2405 5230 2458 5297 4,
2492 5234 2709 5301 remiges
2759 5247 2854 5300 pro
2897 5232 3136 5300 remigeo,
3167 5235 3307 5298 quod
3350 5250 3457 5289 non
3498 5230 3735 5289 advertit

2155 5300 2518 5374 Blanchinius,
2564 5300 2650 5374 qui
2679 5317 2774 5369 pro
2803 5301 3011 5355 diversa
3053 5304 3313 5374 scriptura
3359 5305 3485 5373 legit
3520 5306 3734 5374 suscipit

2155 5372 2251 5449 pro
2278 5373 2527 5439 suscepit,
2556 5371 2747 5439 factum
2789 5387 2884 5439 pro
2916 5381 3103 5422 tactum
3123 5409 3139 5435 ,
3174 5371 3433 5444 fragmina
3458 5391 3552 5443 pro
3588 5371 3737 5444 frag-

2151 5455 2309 5492 nune.

2218 5510 2293 5576 (a)
2325 5510 2730 5565 Atldiditautem
2762 5512 2897 5565 hanc
2928 5511 3327 5566 neuszditio
3357 5514 3464 5567 lucc
3486 5512 3736 5568 Sichardi

2149 5577 2439 5649 Antuerpiw
2460 5581 2594 5634 1556
2623 5598 2738 5633 cum
2767 5583 3139 5636 cannueutariis
3166 5583 3540 5649 Nebrissensis,
3558 5583 3730 5645 iii—8°,

2145 5656 2221 5700 est
2248 5646 2559 5718 hujusmodi,
2579 5660 2631 5705 ut
2661 5652 2821 5705 multa
2849 5653 3034 5707 habeat
3062 5652 3307 5708 adnotata
3329 5654 3396 5706 ad
3417 5646 3555 5708 oram
3579 5654 3729 5719 libri,
