4000 6176
180 322 262 378 ὃιῚ

1538 321 2071 383 PROLEGOMENA.

3342 326 3447 383 δερ.

176 438 221 492 ΙΙΙ
272 438 369 489 hoc
417 436 604 491 codice
651 452 713 491 ex
765 436 902 491 libro
930 436 1359 492 Cathemerinon
1397 445 1511 491 erat
1552 445 1756 491 tantum
1786 441 1835 499 Α
1866 438 2008 493 Inter
2038 438 2252 494 codices
2277 440 2561 498 Vaticanus
2592 444 2737 512 (nam
2769 444 2819 497 in
2851 441 3168 497 bibliotheca
3197 441 3448 501 Vaticana

178 531 393 597 hymnus
442 543 533 581 vui
580 528 686 583 kal.
751 528 1011 591 ianuam,
1060 539 1115 581 et
1160 542 1390 596 sequens
1441 526 1751 595 Epiphania:

179 621 397 689 hymnus
423 634 593 688 usque
624 621 687 671 ad
740 621 1015 688 stropham
1059 636 1074 673 :
1114 618 1258 671 Inter
1284 619 1437 671 cowvi
1467 618 1752 686 sanguinis.

179 712 231 764 Ai
265 712 315 763 in
360 712 573 779 hymnis
607 721 781 765 tamen
812 712 1237 780 prtccedeutibns
1282 711 1501 766 adverto
1532 711 1756 764 nonnul-

182 804 247 853 las
294 801 553 855 lectiones
602 804 870 856 variantes
897 843 910 865 ,
963 811 1175 855 notatas
1216 802 1387 857 littera
1427 802 1490 863 Ρ,
1523 817 1643 871 quia
1687 816 1755 853 an

179 893 408 946 codicem
455 892 754 945 Palatinum
776 934 788 954 ,
841 908 907 945 an
937 892 1290 959 Pragcnsem,
1325 908 1391 946 an
1424 893 1583 945 alium
1616 891 1756 945 indi-

178 993 275 1047 cet,
292 984 481 1054 ignoro
500 1003 511 1038 :
532 1002 635 1039 non
662 988 802 1039 enim
827 1002 1011 1041 POTIL'S
1037 988 1321 1055 significat,
1338 1000 1457 1040 cum
1473 986 1758 1055 aliquando

180 1077 460 1141 scribatur,
504 1076 635 1130 sicut
680 1078 831 1130 etiam
861 1077 1006 1130 habet
1041 1076 1103 1129 P.
1136 1078 1296 1130 Liber
1324 1075 1755 1145 Pet-istephanmn

180 1170 223 1221 in
249 1169 439 1223 eodem
484 1170 668 1223 codice
696 1169 983 1238 incipiebat
1011 1186 1040 1224 a
1072 1185 1231 1223 versu
1280 1170 1379 1225 107
1407 1187 1419 1222 :
1454 1169 1579 1222 "(ec
1617 1184 1759 1221 coer-

180 1267 247 1311 cet
270 1300 284 1321 ,
321 1270 558 1326 torquet,
603 1261 741 1324 urit,
784 1260 894 1313 lucc
921 1272 1125 1314 catenas
1165 1262 1362 1314 incutit.
1394 1262 1471 1313 Ad
1505 1261 1758 1330 hymnum

179 1348 230 1402 S.
255 1348 540 1403 Fructuosi
569 1351 821 1404 observat
853 1365 1170 1421 anonymus,
1202 1352 1290 1420 qui
1318 1352 1559 1404 codicem
1586 1366 1683 1403 con
1696 1349 1762 1404 le-

184 1442 332 1495 rebat
355 1480 373 1505 ,
424 1456 580 1494 suum
611 1442 851 1496 codicem
895 1442 1138 1497 Sicbardi
1169 1444 1356 1496 codice
1385 1443 1760 1511 antiquiorem,

181 1544 231 1588 et
256 1538 537 1590 meliorem
570 1551 690 1591 esse
714 1581 727 1603 ,
774 1546 828 1591 et
858 1537 1139 1607 plerasque
1187 1537 1446 1591 lectiones
1473 1579 1486 1602 ,
1521 1549 1652 1604 quas
1683 1536 1767 1590 Si-

182 1631 408 1682 chardus
440 1631 649 1697 probat,
681 1638 891 1684 notatas
918 1644 1039 1684 esse
1084 1631 1136 1683 in
1170 1645 1269 1684 suo
1297 1671 1311 1693 ,
1360 1630 1450 1683 sed
1480 1627 1766 1683 recentiori

184 1734 362 1773 manu.
411 1720 633 1789 lieliqua
682 1722 859 1774 omnia
911 1719 1186 1775 Prudentii
1237 1735 1398 1786 Opera
1444 1720 1669 1773 aderant
1714 1718 1765 1771 in

1857 530 1947 583 alii
1987 531 2200 585 codices
2232 543 2489 587 vocantur
2527 535 2800 600 Vaticani,
2831 535 2919 587 alii
2967 534 3327 597 Alexandrini,
3355 534 3449 593 alii

1861 620 2128 675 Urbinates
2150 664 2162 684 .
2197 625 2285 677 alii
2321 624 2685 679 Ott/toboniani
2709 665 2723 689 ,
2776 641 2807 680 e
2857 626 3083 679 diversis
3117 625 3452 681 bibliothecis

1861 712 2088 777 plurium
2123 716 2429 782 poniilicnm
2455 716 2605 783 jussu
2635 719 2685 770 in
2709 717 3014 771 Vaticanam
3058 718 3349 787 translati),
3387 718 3448 770 1ο

1858 805 2018 857 codex
2039 823 2089 859 η.
2108 808 2266 869 2766,
2297 824 2413 877 pag.
2436 808 2495 863 8|
2513 853 2525 873 ,
2544 827 2875 877 pergamen,
2898 812 2961 865 in
2981 813 3069 879 8°,
3094 822 3365 875 exaratus,
3392 822 3455 867 ut.

1858 896 2113 960 creditur,
2146 901 2343 953 smculo
2364 917 2431 953 xu
2452 918 2463 965 ;
2488 902 2625 955 inter
2646 903 2745 955 alia
2784 903 3005 956 aliorum
3046 905 3278 956 carmina
3308 918 3455 956 con-

1864 991 1992 1042 tinet
2020 989 2496 1059 Psycliomachiam,
2529 995 2641 1067 sive
2677 995 2743 1047 de
2777 995 2954 1063 Pugna
2986 998 3175 1049 anima:
3201 1036 3215 1057 .
3268 995 3455 1064 primis

1865 1083 2053 1136 litteris
2077 1085 2269 1150 rubris,
2293 1074 2668 1141 notatiunculis
2690 1088 2752 1140 ad
2780 1087 3201 1156 marginem,sed
3234 1088 3285 1141 in
3312 1087 3457 1156 prin-

1864 1174 2004 1240 cipio
2037 1184 2261 1237 tantum,
2297 1178 2455 1230 nullis
2483 1179 2665 1243 titulis,
2694 1182 2880 1248 quales
2922 1188 3044 1233 sunt
3084 1180 3135 1233 in
3166 1180 3307 1244 aliis,
3338 1182 3457 1234 sine

1864 1264 2209 1333 diphtliongis
2240 1285 2249 1316 :
2277 1268 2525 1321 sci-ibitur
2554 1269 2892 1322 hostentatria:
2914 1310 2925 1330 ,
2967 1271 3181 1323 hictibus
3202 1311 3215 1335 ,
3244 1280 3349 1324 etc.
3398 1268 3455 1322 In

1868 1356 1994 1421 line,
2042 1355 2263 1425 Explicit
2309 1359 2453 1413 Iilcr.
2507 1359 2755 1414 Plurimis
2811 1369 2979 1415 scatet
3016 1361 3220 1416 mendis
3260 1377 3275 1414 :
3319 1360 3458 1416 hunc

1869 1448 2206 1500 norninamus
2237 1450 2471 1504 codicem
2509 1450 2573 1503 Ε.

1939 1536 1998 1589 2⁸
2028 1536 2201 1591 Codex
2236 1537 2510 1593 Vaticanus
2559 1540 2724 1605 2868,
2777 1556 2893 1610 pag.
2944 1541 3033 1604 5|,
3067 1542 3457 1609 membranac.,

1874 1626 2038 1691 ἰπὶ-4⁸³,
2085 1630 2266 1683 εειτιυιί
2312 1647 2423 1684 xui.
2471 1630 2522 1684 ln
2552 1648 2617 1687 co
2648 1641 2727 1687 est
2756 1631 3165 1702 Psychomachia
3198 1635 3335 1688 inter
3361 1635 3459 1691 alia

1872 1718 2210 1773 diversorum
2244 1734 2518 1774 auctorum
2551 1734 2815 1790 poemata.
2852 1724 3054 1778 Desunt
3094 1726 3265 1787 tituli,
3297 1726 3458 1780 etiam

185 1811 280 1863 hoc
310 1811 521 1872 codice,
548 1811 647 1865 nisi
675 1811 815 1876 quod
848 1812 899 1864 in
932 1812 1024 1865 lib.
1052 1828 1087 1865 ιι
1118 1808 1764 1881 adversusSymmachum
1800 1804 1844 1863 Β
1874 1811 2075 1879 primus
2121 1812 2297 1879 operis
2347 1814 2441 1883 (b).
2492 1814 2783 1869 Character
2831 1817 3037 1870 accedit
3085 1819 3150 1870 ad
3204 1819 3457 1873 sacculum

180 1900 357 1953 versui
402 1898 511 1952 264
542 1909 664 1953 nota
712 1910 826 1953 erat
857 1901 1121 1968 apposita,
1156 1899 1359 1967 reliqua
1394 1904 1458 1953 ad
1493 1899 1649 1952 tinem
1681 1913 1770 1951 us-

180 2006 281 2059 que
327 1991 646 2045 desiderari.
682 1992 824 2046 Idem
869 2006 1169 2061 anonymus
1200 2005 1577 2058 nonnunquam
1611 1988 1769 2042 verba

178 2081 427 2149 quaedam
462 2081 731 2135 Prudentii
778 2081 1075 2150 explicuit,
1125 2081 1234 2152 58
1278 2080 1392 2134 sive
1432 2080 1548 2147 ipse
1580 2093 1642 2131 ea
1690 2087 1773 2131 est

182 2173 567 2240 interpretatus
593 2212 609 2237 ,
647 2174 761 2225 sive
806 2186 871 2225 ex
904 2171 1092 2226 codice
1122 2171 1593 2239 interpretationes
1629 2183 1772 2223 sum-

184 2268 329 2333 psit,
384 2279 522 2334 quas
568 2266 680 2320 suis
728 2264 861 2318 locis
911 2264 1444 2333 repraesentabimus.
1499 2260 1632 2315 Fere
1678 2275 1775 2329 pro

180 2366 335 2411 certo
367 2357 541 2409 habeo
564 2396 580 2420 ,
615 2357 754 2409 hunc
787 2354 951 2409 fuisse
979 2354 1218 2409 codicem
1268 2354 1517 2414 Marieui.
1566 2354 1633 2406 de
1672 2368 1776 2419 quo

182 2445 381 2499 iterum
432 2446 572 2500 inter
617 2446 776 2498 codd.
827 2445 997 2498 Vatic.
1042 2444 1096 2497 In
1160 2444 1479 2497 bibliotheca
1529 2442 1775 2510 Angelica

183 2536 376 2590 Romae
404 2537 545 2604 apud
585 2536 687 2591 PP.
732 2536 1148 2604 Angustinianos
1193 2535 1297 2589 vidi
1327 2543 1380 2588 et
1409 2534 1608 2587 contuli
1647 2532 1773 2601 Psy-

181 2627 543 2682 cbomchiam
582 2644 679 2681 ms.
713 2626 891 2681 Codex
944 2626 1174 2694 εει-ἰριιιε
1222 2635 1305 2681 est
1335 2640 1362 2678 a
1390 2624 1619 2694 quodam
1666 2640 1780 2676 mo-

180 2726 362 2779 nacho
409 2722 757 2779 Cisterciensi
800 2738 941 2777 anno
980 2722 1121 2778 M72
1164 2737 1226 2777 ex
1269 2722 1561 2790 exemplari
1593 2736 1779 2790 perve—

180 2827 355 2880 tusto,
406 2825 466 2869 ut
494 2816 734 2881 videtur,
782 2815 876 2870 sed
910 2828 1014 2868 non
1042 2816 1160 2869 sine
1188 2814 1465 2868 erroribus
1496 2814 1592 2884 (a).
1630 2812 1781 2866 Hunc

177 2908 431 2961 codicem
482 2906 760 2975 appellabo
809 2907 1146 2977 Angelicum,
1196 2908 1308 2959 sive
1358 2905 1545 2975 primis
1590 2905 1782 2958 litteris

180 3002 317 3069 Aug.
365 2998 508 3053 Loco
532 2999 735 3053 codicis
760 3013 880 3054 esse
912 3006 1089 3067 potest
1119 2998 1285 3052 editio
1326 2997 1600 3050 Prudentii
1629 2996 1780 3049 Wei—

184 3096 372 3146 tziana
402 3107 524 3145 cum
555 3093 713 3146 variis
756 3092 1077 3146 lectionibus
1110 3108 1238 3147 mss.
1290 3108 1353 3147 ex
1385 3092 1553 3145 veteri
1597 3091 1781 3144 Codice

1874 1916 1983 1954 xw.
2032 1902 2139 1973 59
2166 1901 2552 1973 Orthographia
2572 1944 2584 1967 ,
2617 1914 2803 1973 tempto
2823 1948 2835 1969 ,
2865 1905 3081 1966 honera.
3116 1908 3278 1976 glorie
3300 1949 3313 1969 ,
3355 1919 3461 1961 etc.

1874 1992 2044 2058 Quam
2080 2009 2261 2058 parum
2310 1994 2377 2047 sit
2423 2005 2702 2049 accuratus
2729 2035 2743 2058 ,
2776 2010 2839 2048 ex
2886 1998 3057 2065 primo
3089 2012 3243 2050 versu
3276 1997 3461 2053 disce:

1877 2083 2047 2138 Senex
2077 2085 2244 2153 ﬁdelis
2271 2085 2437 2153 prium
2468 2086 2547 2138 via
2585 2086 2827 2138 credendi
2866 2096 2958 2141 est.
2985 2085 3029 2140 ll
3054 2102 3081 2140 c
3107 2088 3278 2141 codex
3309 2103 3339 2142 a
3369 2104 3463 2143 n0-

1876 2175 1957 2227 bis
1984 2175 2179 2229 dicitur
2210 2175 2280 2228 F.

1945 2268 2000 2321 5°
2032 2268 2201 2320 Codex
2224 2266 2346 2320 Vat.
2376 2266 2535 2333 5267,
2566 2283 2685 2337 pag.
2728 2268 2820 2327 δι.
2860 2270 3181 2331 membran..
3213 2283 3340 2324 saec.
3366 2284 3464 2334 xu,

1877 2356 2012 2410 in-8.
2062 2357 2467 2427 Psychomnchia
2498 2368 2638 2413 nota:
2681 2360 2915 2428 antiqua:
2955 2374 3075 2413 cum
3132 2360 3325 2428 gIOSsis
3353 2374 3467 2413 ma-

1876 2465 2033 2516 gnam
2061 2461 2261 2517 partem
2286 2452 2475 2504 erasis.
2500 2450 2909 2519 Orthographia,
2934 2452 3184 2506 seuientis.
3203 2451 3464 2520 fatlcrata,

1879 2551 2108 2609 temptes,
2138 2542 2371 2606 connisa,
2419 2542 2626 2595 honera.
2665 2542 2980 2596 Prmcedunt
3019 2541 3259 2611 quasdam
3292 2542 3468 2595 Ovidii

1880 2634 2115 2687 carmina
2154 2650 2165 2686 :
2199 2633 2541 2702 subsequitur
2585 2633 2700 2686 Vita
2758 2632 3121 2687 Prudentiiex
3168 2630 3465 2694 Gennadio,

1882 2724 1971 2778 ubi
1992 2726 2295 2777 ltiroclieum
2328 2724 2517 2792 legitur
2534 2738 2630 2792 pro
2658 2723 3031 2778 Dittoclucum.
3060 2724 3187 2777 Item
3204 2721 3469 2791 praefatio.

1888 2817 1987 2869 Ρω-
2015 2817 2356 2885 quinquennia
2392 2832 2513 2869 cum
2561 2815 3001 2885 interpretatione
3043 2815 3179 2883 ejus,
3224 2824 3277 2869 et
3322 2829 3471 2868 com-

1883 2909 2164 2963 mentariis
2195 2906 2629 2978 Psychomachiai
2663 2924 2674 2957 :
2705 2922 2825 2973 quae
2871 2909 3167 2960 recentiora
3197 2903 3465 2959 videntur.

1885 3000 2018 3053 lluic
2043 2998 2210 3053 codici
2240 3012 2430 3050 nomen
2463 2996 2501 3049 (Σ
2525 2995 2791 3049 dedimus.

1955 3090 2011 3142 6"
2037 3086 2211 3142 Codex
2267 3087 2387 3140 Vat.
2435 3087 2594 3151 58.39,
2638 3092 2975 3149 mem.,s:ec.
3028 3101 3102 3147 xl,
3148 3085 3283 3139 iii-tl.
3315 3085 3370 3139 In
3402 3100 3469 3141 eo

182 3197 359 3253 penes
401 3183 473 3237 cl.
521 3183 801 3251 prtrsulem
832 3183 1126 3250 Josephum
1161 3183 1449 3238 Antonium
1494 3183 1777 3250 Reggium,
1807 3156 1852 3215 Ο
1886 3188 2097 3234 exstant
2122 3179 2253 3232 liber
2288 3176 2708 3239 Cathemerinon,
2743 3175 3177 3245 Perislepitttuoon,
3212 3177 3470 3246 Apotheo-

179 3275 273 3341 qui
309 3288 423 3328 non
460 3273 632 3327 solum
665 3273 803 3327 hanc
831 3273 1158 3341 editionem,
1204 3274 1298 3328 sed
1343 3272 1557 3328 codices
1595 3286 1783 3326 omnes

185 3362 488 3419 Vaticanos
522 3364 791 3418 Prudentii
821 3373 875 3417 et
922 3367 1175 3433 quasdam
1214 3378 1338 3416 suas
1366 3362 1785 3416 animadversio-

182 3470 286 3508 nes
338 3470 410 3509 ex
464 3454 739 3508 recondita
788 3453 1027 3509 doctrina
1071 3464 1125 3507 et
1165 3454 1374 3507 assidua
1414 3452 1641 3508 lectione
1671 3453 1783 3507 col-

185 3547 363 3600 lectas
410 3545 671 3613 singulari
718 3544 1046 3598 humanitate
1098 3559 1308 3599 mecum
1346 3543 1784 3599 communicavit.

183 3636 382 3705 Itaque
399 3637 614 3690 erudito
632 3636 839 3691 custodi
858 3635 1194 3691 bibliothecae
1213 3634 1478 3689 Vaticana:
1498 3635 1786 3704 plurimum

184 3728 500 3781 Romanam
574 3728 710 3782 hanc
752 3727 1041 3782 editionem
1091 3726 1363 3781 Prudentii
1410 3726 1609 3780 debere
1657 3728 1789 3795 grati

180 3820 360 3873 animi
388 3833 552 3872 causa
584 3820 721 3873 ultro
750 3817 976 3873 fatebor.

259 3910 359 3962 77.
406 3910 464 3963 In
497 3908 817 3963 bibliotheca
854 3909 1107 3964 Vaticana
1138 3908 1244 3962 vidi
1277 3917 1333 3964 et
1359 3906 1570 3963 excussi
1605 3924 1795 3963 omnes

184 4013 472 4073 quotquot
494 4012 707 4057 exstant
732 4003 946 4058 codices
986 4018 1120 4069 quos
1145 4019 1243 4059 suo
1269 4002 1455 4057 ordine
1475 4001 1794 4059 describam.

179 4209 451 4260 distincta
493 4207 554 4258 ab
598 4205 659 4258 iis
699 4220 811 4272 qua:
850 4212 967 4257 sunt
991 4203 1051 4274 in
1070 4211 1348 4274 contextu,
1394 4214 1449 4256 ut
1495 4219 1597 4257 non
1646 4206 1798 4274 facile

182 4279 335 4331 scias
370 4275 495 4342 quid
530 4276 842 4339 potissimum
871 4276 935 4327 sit
966 4272 1238 4336 Sichardi,
1281 4288 1327 4326 et
1358 4276 1607 4344 contingit
1638 4272 1797 4327 inter-

182 4350 326 4400 dum
359 4348 625 4399 convenire
648 4362 762 4397 cum
788 4355 963 4398 nostro
983 4358 1097 4411 qua:
1122 4353 1238 4396 sunt
1267 4344 1511 4396 adnotata
1539 4347 1606 4398 ad
1631 4361 1796 4406 oram,

181 4418 473 4471 interdum
500 4432 614 4468 vero
638 4430 751 4485 quia
780 4417 832 4468 in
862 4423 1122 4486 contactu,
1151 4414 1409 4486 interdum
1431 4424 1629 4469 neutra.
1663 4415 1797 4486 Ergo

182 4498 331 4542 esset
367 4489 424 4539 in
453 4488 628 4553 primis
650 4484 923 4554 quaerenda
950 4484 1109 4537 editio
1142 4484 1246 4537 alia
1276 4499 1389 4536 cum
1423 4484 1800 4538 commentariis

184 4558 571 4612 Nebrisseusis
614 4556 1001 4618 tantummodo,
1043 4564 1088 4606 et
1136 4556 1315 4608 deinde
1356 4571 1469 4607 cum
1496 4555 1591 4607 hoc
1624 4557 1796 4623 confe-

184 4631 401 4691 renda,
426 4637 478 4679 ut
507 4626 669 4680 videri
692 4638 879 4695 posset,
901 4625 1022 4695 quid
1054 4624 1337 4679 Sichardus
1361 4627 1666 4688 restituerit;
1708 4643 1793 4693 po-

183 4714 410 4751 stremo
441 4708 650 4765 utraque
679 4713 793 4747 cum
832 4705 1033 4758 nostro,
1078 4705 1130 4765 ut
1157 4696 1437 4748 videremus
1476 4710 1588 4761 quia
1625 4707 1800 4748 nostra

179 4772 302 4823 sint
332 4772 409 4820 ab
430 4768 547 4820 aliis
569 4763 801 4819 omnibus
832 4769 1049 4819 diversa.
1078 4763 1157 4817 Ea:
1181 4766 1242 4818 iis
1276 4775 1441 4817 tamen
1467 4782 1579 4833 qua:
1606 4767 1795 4825 notavi,

184 4841 369 4908 facile
393 4848 467 4890 est
488 4852 808 4907 cognoscere,
833 4852 1064 4908 quantum
1083 4851 1147 4908 ix
1168 4836 1349 4887 nostris
1382 4837 1519 4901 prius
1542 4845 1799 4908 notaverat

186 4906 532 4970 Sichardus,
552 4906 599 4959 et
621 4921 854 4974 quamam
879 4921 983 4957 non
1012 4906 1234 4958 viderat:
1263 4922 1404 4968 nam,
1431 4915 1481 4957 ut
1508 4907 1631 4957 alibi
1660 4906 1801 4959 dixi-

182 4997 348 5044 mus,
378 4978 509 5031 liber
538 4993 637 5043 quo
668 4992 721 5029 se
749 4992 897 5030 usum
927 4976 1019 5038 ait,
1047 4977 1383 5044 Argentorato
1426 4977 1615 5029 allatus
1638 5016 1653 5040 ,
1700 4993 1801 5029 non

180 5054 424 5104 videtur
451 5048 600 5101 valde
625 5048 869 5100 absimilis
894 5061 925 5098 a
955 5057 1149 5099 nostro.

270 5120 370 5192 (α)
408 5118 659 5192 Continet
700 5118 785 5192 hic
810 5116 981 5192 codex
1014 5116 1390 5192 pra-tationem
1420 5130 1666 5192 operu_m,
1700 5115 1801 5192 Per

178 5186 592 5257 quinqumnia,
622 5186 1464 5257 praefationemPsychomachizc,
1492 5195 1548 5242 et
1576 5188 1690 5257 Psyt
1712 5188 1807 5239 ho-

1883 3274 1977 3337 sis,
2013 3269 2426 3342 Hamartigenia,
2450 3270 2565 3323 libri
2609 3268 2852 3323 adversus
2889 3270 3255 3339 Symmachum
3303 3267 3473 3338 negli-

1886 3359 2197 3431 gentissime
2224 3360 2430 3428 scripti,
2466 3359 2800 3414 Dittochamm
2838 3359 2953 3414 sine
2982 3359 3092 3415 ullo
3140 3359 3294 3414 titulo
3345 3374 3475 3429 poe-

1891 3452 2047 3506 matis
2074 3468 2084 3501 :
2112 3450 2164 3504 in
2195 3448 2522 3504 tetrastichis
2554 3463 2684 3503 vero
2733 3450 2973 3503 nonnulli
3027 3459 3152 3503 sunt
3197 3449 3355 3515 tituli,
3378 3450 3475 3506 sed

1892 3543 2166 3611 pueriliter
2186 3542 2391 3613 scripti.
2425 3542 2629 3597 Desinit
2655 3542 3002 3597 dittochazum
3029 3541 3083 3597 in
3116 3542 3212 3597 hos
3248 3558 3472 3598 versus:

1966 3678 2232 3739 Implentur
2256 3679 2402 3726 nimio
2422 3680 2651 3727 micarum
2676 3677 2919 3739 fragmine
2943 3678 3118 3727 corbes

1964 3741 2153 3789 Bisseni
2177 3753 2190 3790 :
2213 3746 2414 3788 aeterna:
2442 3745 2571 3788 tanta
2591 3739 2838 3801 opulentia
2861 3751 3061 3788 mensae.

1906 3845 2061 3897 Deest
2087 3843 2244 3896 etiam
2276 3841 2715 3911 Psychomachia,
2746 3850 2800 3896 ct
2820 3842 3093 3898 conclusio
3131 3844 3424 3897 carminum
3458 3860 3473 3895 :

2216 3950 2435 3999 lmmolat
2463 3950 2568 3999 Deo
2595 3950 2725 3999 Patri

2218 4012 2353 4068 Pius,
2380 4012 2589 4070 ﬁdelius,
2618 4014 2851 4060 innocens
2872 4012 2961 4072 (c).

1903 4220 2094 4259 causas
2122 4222 2133 4257 :
2162 4205 2504 4267 materialem,
2533 4203 2832 4268 formalem,
2860 4204 3147 4273 efﬁcientem
3186 4215 3235 4258 et
3256 4205 3481 4273 ﬁnalem.

1908 4278 1980 4329 De
2028 4276 2295 4329 eilicieute
2346 4274 2457 4328 haec
2485 4290 2497 4325 :
2526 4274 2690 4326 (.‘ausa
2714 4273 2928 4342 alliciens
2950 4276 3045 4342 fuit
3073 4277 3309 4329 Aurelius
3354 4276 3485 4329 l'ru-

1902 4346 2127 4409 dentius,
2155 4347 2337 4410 laicus,
2365 4345 2613 4397 scliolaris
2642 4343 2931 4416 Hispanus;
2954 4348 3259 4416 conjugatus
3288 4347 3405 4416 fuit.
3430 4348 3486 4400 lil

1906 4418 2131 4471 fortasse
2176 4416 2513 4477 desumptum
2556 4426 2637 4467 est
2685 4429 2747 4467 ex
2784 4414 2887 4467 ﬁne
2920 4414 3101 4484 hymni
3133 4417 3191 4470 8.
3221 4414 3483 4470 Cassiani.

1905 4487 2063 4539 Addit
2107 4496 2414 4549 annotator,
2448 4484 2713 4537 Aurelium
2765 4485 2833 4536 ab
2876 4500 3022 4550 auro,
3074 4484 3417 4539 Prudentium
3457 4502 3488 4540 a

1903 4557 2173 4621 prudentia
2216 4571 2308 4610 seu
2359 4556 2689 4623 providentia
2716 4594 2730 4614 ,
2775 4551 3083 4608 Clementem
3121 4572 3147 4608 a
3174 4557 3286 4609 casti
3328 4568 3490 4609 mente

1834 4629 2105 4711 “dictum
2135 4645 2155 4707 :_
2190 4626 2412 4707 Romam
2460 4624 2741 4711 advenisse
2780 4640 2841 4677 ac
2880 4640 2941 4711 se
2986 4627 3267 4711 tradidisse
3308 4625 3493 4711 Eccle-

1908 4700 2000 4749 size
2038 4698 2251 4762 :primo
2305 4698 2586 4766 scripsisse
2634 4696 2824 4766 librum
2879 4694 3201 4766 Martyrum,
3255 4698 3494 4751 secundo
3566 4726 3571 4731 -

1912 4768 2261 4836 llymnorum,
2293 4763 2447 4836 nemo
2473 4765 2540 4818 de
2565 4763 3089 4836 Psyclmmachiafln
3122 4767 3225 4820 line
3251 4768 3452 4820 codicis
3480 4785 3491 4818 :

1912 4833 2138 4904 Explicit
2168 4836 2293 4889 liber
2324 4833 2596 4888 Prudentii
2626 4836 2689 4887 de
2715 4834 3091 4888 Sicliomachia.
3127 4836 3312 4905 Incipit
3345 4838 3497 4891 Scla-

1910 4910 2095 4977 vusde
2140 4906 2291 4959 Varo.
2334 4905 2596 4977 Incipiunt
2628 4905 2799 4959 Sclari
2829 4908 2891 4958 de
2933 4905 3068 4959 Varo
3091 4923 3314 4961 consona
3336 4910 3495 4961 dicta.

1912 4978 1954 5029 Α
1981 4976 2333 5031 Beneventano
2352 4974 2547 5029 Jacobo
2577 4991 2666 5045 per
2688 4977 2915 5028 carmina
2946 4978 3085 5044 ﬁcta.
3107 4977 3164 5031 In
3189 4978 3377 5031 eodem
3408 4994 3499 5031 cn-

1911 5048 2029 5102 dice
2055 5060 2136 5128 est
2178 5047 2452 5116 quoddam
2498 5061 2632 5115 opus
2680 5047 2891 5103 lleuriei
2926 5048 3216 5103 Florentini
3261 5049 3499 5117 elegiaco

1912 5132 2169 5171 caruitne.

1987 5188 2061 5255 (c)
2090 5188 2233 5242 Ordo
2264 5187 2383 5241 libri
2410 5186 2840 5253 Peristephanmn
2872 5195 2954 5240 est
2998 5204 3010 5239 :
3060 5186 3113 5240 1⁸
3154 5187 3271 5255 SS.
3311 5185 3498 5239 Heme-

1920 5254 2086 5312 terius
2114 5268 2169 5312 et
2194 5256 2553 5322 Celedonius;
2577 5258 2634 5309 2'
2654 5260 2711 5311 S.
2739 5257 3073 5319 Vincentius;
3125 5256 3179 5309 5⁸
3212 5254 3308 5309 SS.
3334 5256 3497 5309 Octo-

1919 5328 2092 5382 dccim
2128 5340 2391 5396 martyres
2412 5326 2907 5395 Cmsarauguslani;
2941 5326 2997 5378 4⁸
3036 5327 3133 5381 SS.
3172 5326 3500 5379 Fructuosus

1922 5408 1977 5452 et
1997 5398 2160 5460 socii;
2190 5398 2245 5451 δ’
2273 5400 2330 5450 8.
2355 5398 2635 5461 Quirinus;
2670 5398 2731 5449 6°
2759 5396 2832 5450 De
2858 5396 2995 5455 loco.
3030 5397 3207 5463 inquo
3235 5406 3500 5463 martyres

1925 5469 2069 5537 passi
2096 5476 2241 5527 sunt,
2268 5482 2410 5520 nunc
2440 5466 2808 5537 baptisterium
2841 5476 2923 5537 est
2969 5464 3373 5537 Calagorralde
3397 5477 3502 5532 quo

1926 5535 2077 5592 titulo
2102 5538 2275 5590 dicam
2298 5550 2396 5606 suo
2423 5536 2593 5606 loco);
2656 5536 2715 5587 7°
2747 5536 3046 5606 Cassianus
3073 5538 3139 5588 ad
3180 5535 3503 5606 Valerianum

1926 5610 2235 5678 episcopum,
2271 5604 2452 5678 (etiam
2484 5603 2569 5678 hic
2593 5605 2850 5678 mendum
2882 5607 2985 5675 est)
3010 5606 3097 5669 ;8°
3120 5603 3503 5678 Ypolitusthic

1927 5673 2103 5742 potius
2133 5673 2460 5739 addendum,
2490 5674 2557 5728 ad
2592 5674 2919 5729 Valerianum
2933 5673 3245 5745 episcopum)
3270 5690 3285 5738 ;
3324 5675 3379 5728 9°
3402 5674 3504 5729 SS.

1927 5748 2115 5803 Petrus
2145 5754 2199 5802 et
2242 5745 2470 5811 Paulus;
2503 5746 2590 5803 10°
2631 5746 2689 5802 S.
2719 5746 3045 5815 Cyprianus;
3078 5748 3171 5799 H0
3204 5746 3261 5801 S.
3296 5749 3502 5817 Agnes;

186 5256 518 5315 machiam.
568 5258 874 5327 Sequuntur
916 5256 1130 5325 quidam
1170 5270 1367 5327 versus
1392 5298 1405 5319 ,
1438 5258 1527 5326 qui
1559 5256 1808 5310 dicuntur

180 5325 989 5401 symbolum_Philelphi,_tum
1018 5325 1253 5381 carmina
1297 5326 1574 5392 Lactantii,
1618 5344 1681 5381 ac
1707 5330 1806 5381 Se.

176 5397 407 5455 Julius
436 5400 503 5452 de
534 5397 693 5453 Festo
723 5398 979 5466 paschali.

268 5470 374 5539 (ὁ)
411 5470 485 5522 Ad
516 5483 662 5522 oram
694 5478 778 5523 est
800 5469 1041 5539 quzcdam
1067 5466 1813 5539 animadversiodeipoemate

172 5554 239 5597 et
281 5536 554 5601 auctore,
586 5539 737 5607 cujus
763 5538 1082 5607 elegantiam
1109 5552 1174 5591 ex
1221 5537 1301 5591 his
1333 5536 1508 5591 verbis
1537 5538 1809 5605 degustes,

170 5616 343 5668 licet
376 5625 394 5659 :
425 5608 488 5660 In
534 5610 788 5678 principio
832 5610 976 5662 istius
1016 5608 1132 5661 libri
1181 5607 1505 5678 inquiruntur
1532 5624 1591 5678 ea
1620 5623 1736 5676 qua:
1763 5608 1817 5661 in

168 5683 454 5737 aliorum
484 5678 729 5731 librorum
760 5679 1085 5748 inquiruntur
1111 5677 1429 5748 principiis.
1477 5677 1668 5730 scilicet
1695 5687 1816 5739 quot

166 5767 229 5808 α
298 5747 500 5816 quales
546 5752 645 5802 sint
694 5746 898 5811 causa,
947 5760 1050 5803 etc.
1103 5746 1239 5801 Tum
1277 5747 1552 5815 distinguit
1590 5754 1820 5816 quatuor
