4000 6176
567 294 671 348 6ξῦ

1956 276 2413 334 ιτιιυυεκτιυε.

3648 280 3724 333 liii

569 404 720 456 Ilunc
747 400 985 456 codicem
1032 398 1129 453 sub
1177 398 1276 451 hoc
1321 393 1510 449 eodem
1566 405 1710 444 num.
1768 386 1906 445 5859
1966 386 2141 442 laudat
2171 397 2223 454 Α
2250 386 2523 440 Vaticana:
2551 391 2789 438 notatum
2820 383 3057 439 invenio.
3085 382 3134 436 is
3159 391 3238 436 est
3272 382 3421 438 codex
3456 383 3657 449 tlsrietti,
3681 396 3729 444 tte

568 491 988 547 Montiauconius
1019 489 1068 542 in
1101 485 1428 542 Bibliotheca
1488 482 1935 538 bibliothecarum
1995 492 2151 544 mss.,

569 587 861 654 elegantem
877 583 1084 645 dicit,et
1094 579 1293 634 saeculo
1306 593 1337 631 ι
1354 585 1505 630 auttx
1528 574 1783 641 scriptum
1804 581 1970 640 putat.
1997 570 2055 624 In
2069 585 2158 624 ca-

570 676 859 743 talogo,qui
875 672 1000 725 mihi
1016 682 1266 726 ostensus
1279 678 1362 724 est
1375 683 1438 724 ex
1449 668 1701 720 Vaticana
1718 663 2063 726 biblimheca,
2078 662 2159 715 di-

570 771 709 820 citur
732 772 980 818 exaratus
1003 762 1201 815 smculo
1224 776 1297 814 xt.
1327 757 1600 831 Hicinubis
1622 764 1704 809 est
1738 753 1905 808 codex
1948 752 2159 805 Vatica-

569 873 667 911 nus
698 856 739 909 A
766 897 779 919 ,
812 854 965 923 cujus
993 853 1199 923 glossas
1246 861 1301 906 et
1327 852 1500 905 varias
1548 848 1802 903 lectiones
1845 845 2155 912 allegamus.

568 949 805 1010 inﬂatus
837 948 933 1001 l'uit
955 946 1365 1016 diligentissime
1386 960 1415 998 a
1446 944 1688 997 Marietto
1743 956 1866 995 cum
1925 936 2159 993 editione

571 1041 765 1094 Aldina
798 1056 861 1092 ex
893 1053 998 1107 quo
1026 1052 1125 1092 nos
1156 1036 1498 1106 profecimus,
1529 1033 1624 1089 sed
1681 1048 1787 1087 non
1843 1029 2061 1083 omnino
2084 1026 2163 1079 la-

570 1133 685 1185 bori
715 1128 1373 1200 pepcrcimus:siquidem
1423 1126 1688 1195 praecipua
1746 1124 1861 1176 loca
1918 1131 2015 1172 nos
2060 1116 2159 1183 il’Si

569 1225 918 1285 contulimus,
943 1223 1102 1277 ctiam
1131 1229 1251 1290 post
1272 1233 1533 1274 summam
1559 1213 1789 1270 Marietti
1828 1212 2156 1280 diligentiam

571 1316 871 1384 probatam.
901 1313 1145 1380 beneque
1176 1318 1533 1380 perspectam.
1592 1305 1780 1359 Notam
1826 1302 2156 1357 characteris

572 1408 728 1473 hujus
750 1405 950 1458 codicis
971 1404 1022 1456 in
1052 1417 1160 1456 rere
1187 1400 1349 1454 incidi
1369 1399 1698 1453 curavimus.

641 1495 699 1549 5°
727 1494 897 1547 Cadea:
920 1493 1201 1545 Vaticanus
1223 1490 1383 1554 5860,
1410 1488 1610 1543 saeculo
1636 1485 1825 1541 eodem
1867 1501 1921 1539 ιι
1941 1526 1956 1551 ,
1989 1498 2158 1539 mem-

574 1587 893 1649 branaceus,
949 1580 1085 1637 iri-4.
1118 1580 1231 1637 Hoc.
1298 1595 1511 1651 quoque
1566 1577 1836 1645 exemplar
1881 1574 2156 1629 Mariettus

570 1691 693 1731 cum
717 1677 949 1731 editione
977 1674 1096 1728 Aldi
1127 1673 1374 1736 contulit,
1420 1680 1476 1729 et
1515 1670 1774 1725 vetustius
1799 1667 1983 1721 codice
2014 1681 2153 1731 pra:-

2256 493 2362 545 quo
2398 476 2603 546 egimus
2632 492 2779 530 num.
2810 475 2900 531 76.
2949 476 3085 530 Nuta
3140 476 3355 530 Marietti
3381 518 3395 542 ,
3439 492 3573 544 quam
3615 479 3733 535 alien

2255 569 2503 624 Nicotaus
2546 569 2808 623 Antonius
2850 568 3075 635 pertinet
3116 568 3183 622 ad
3236 582 3416 621 annum
3450 570 3565 625 i6l8
3603 571 3735 628 idibus

2257 662 2404 716 Julii.
2434 660 2702 729 Scriptum
2720 661 2935 731 quidem
2962 676 2992 713 a
3025 660 3195 725 prima
3244 673 3389 713 manu
3438 670 3538 714 erat
3560 702 3575 724 ,
3605 662 3648 715 in
3689 663 3732 717 S.

2260 748 2573 805 Emeretiani
2594 750 2914 813 bibliotheca,
2936 749 3029 803 sed
3068 748 3390 803 emendatum
3422 748 3505 805 fuit
3549 749 3599 804 S.
3626 748 3739 805 Eme-

2257 840 2413 904 rami,
2443 839 2583 908 quod
2614 853 2800 893 verum
2828 846 2912 892 est
2942 838 3247 891 monasterii
3288 853 3482 891 nomen.
3530 838 3739 892 Huncco-

2258 932 2431 987 dicem
2494 932 2805 1000 frequenter
2855 931 3155 995 laudamus,
3204 929 3295 983 sed
3334 930 3425 984 sub
3458 931 3637 983 nomine
3657 928 3742 982 Ila-

2258 1024 2415 1088 rietti,
2455 1033 2547 1077 aut
2600 1021 2765 1086 Man,
2814 1037 2919 1075 non
2950 1022 3123 1089 aliqua
3171 1020 3339 1075 littera
3379 1017 3659 1083 distinctum,
3702 1030 3743 1073 ut

2261 1119 2542 1185 plerosque
2562 1115 2694 1169 alios
2724 1114 3030 1169 Vaticanus.
3060 1112 3422 1165 Cbaracterem
3458 1109 3659 1179 ejusdem
3680 1125 3744 1164 eoo

2258 1209 2392 1265 dicis
2417 1209 2470 1263 in
2493 1223 2601 1264 tere
2627 1217 3094 1278 repraesentamus.
3120 1207 3259 1274 Quid
3287 1218 3472 1271 autem,
3497 1215 3544 1260 et
3564 1220 3652 1275 quo
3681 1206 3744 1259 or-'

2259 1301 2385 1355 dine
2427 1304 2720 1366 contineat,
2768 1300 3076 1355 distinctius
3114 1301 3169 1352 in
3221 1298 3586 1352 commentariis
3614 1298 3745 1365 expri-

2259 1406 2487 1447 memus.

2330 1484 2420 1538 78.
2450 1482 2528 1537 Ex
2551 1481 2875 1536 bibliotheca
2906 1481 3157 1535 Vaticana
3204 1480 3537 1535 Alexandrina
3563 1479 3603 1531 ι’
3633 1480 3748 1531 codex

2258 1576 2327 1631 58
2356 1575 2507 1645 (olitn
2538 1573 2733 1637 1225),
2766 1573 2993 1643 Hymni;
3042 1574 3224 1628 823(1)“
3274 1590 3380 1637 xm,
3427 1575 3673 1628 membran.
3707 1574 3747 1625 lu

2258 1667 2442 1720 codice
2471 1675 2649 1720 autem
2672 1674 2756 1720 est
2782 1666 2915 1719 liber
2936 1665 3350 1729 Cathemerinon,
3374 1664 3575 1718 seclusis
3598 1664 3751 1717 duobus

573 1766 782 1820 cedenti
798 1764 1067 1819 exisumat
1095 1779 1233 1818 esse.
1261 1762 1368 1817 Nos
1396 1760 1723 1829 appellamus
1749 1759 1990 1812 codicem
2005 1755 2072 1823 Β,
2100 1767 2152 1811 et
2184 1753 2230 1813 B
2258 1756 2542 1827 postremis
2571 1755 2785 1826 hymnis
2816 1757 2878 1808 de
2918 1754 3120 1819 Natali,
3146 1766 3195 1809 et
3222 1755 3497 1823 Epiphania
3522 1754 3752 1815 Domini,“

572 1858 740 1926 qualis
766 1858 835 1912 sit
864 1856 980 1924 ejus
1005 1854 1331 1909 characteris
1362 1865 1507 1916 nota,
1533 1852 1585 1906 in
1617 1864 1723 1905 tere
1751 1848 2083 1904 ostendimus
2109 1850 2150 1901 '.

579 1950 732 2002 Hunc
759 1947 956 2014 pariter
984 1946 1222 2000 codicem
1254 1946 1555 2013 elegantem
1598 1952 1652 1997 et
1690 1940 1890 1996 stccnlo
1940 1955 1992 1993 ιιι
2021 1940 2153 1993 scri-

574 2048 717 2107 ptum
742 2037 970 2091 afﬁrmat
999 2033 1546 2090 Montiauconiusloc.
1606 2032 1699 2086 cit.
1732 2029 1928 2084 Verum
1983 2028 2035 2082 in
2088 2042 2153 2082 eo

572 2131 743 2181 solum
770 2136 851 2182 est
880 2127 1012 2182 liber
1042 2124 1463 2185 Cathemerinmn,
1491 2122 1601 2192 60
1632 2136 1737 2174 non
1771 2120 1994 2187 integer,
2020 2118 2154 2171 liber

574 2212 1007 2291 Peristephanmn,
1044 2220 1201 2273 Tituli
1222 2219 1573 2280 historiarum,
1594 2215 1932 2285 Apotheosis;
1960 2222 2151 2268 cratera

571 2309 845 2364 Prudentii
872 2310 1109 2363 carmina
1157 2308 1534 2363 desiderantur
1588 2322 1601 2359 :
1655 2305 1852 2360 adsunt
1880 2316 2055 2359 autem
2098 2303 2154 2356 in

572 2401 782 2455 laudem
804 2400 861 2455 8.
886 2401 1062 2466 Agnes
1105 2400 1342 2453 carmina
1372 2398 1757 2464 Constantium,
1813 2395 2152 2455 Conatautini

574 2492 696 2545 illia:
726 2500 779 2545 et
806 2491 862 2547 S.
890 2490 1100 2544 llamasi
1131 2504 1299 2558 papae.

642 2584 699 2639 6°
729 2581 900 2636 Codex
930 2580 1203 2635 Vaticanus
1261 2579 1422 2642 4518.
1475 2595 1594 2648 pag.
1646 2577 1735 2643 52,
1781 2576 1981 2632 saeculo
2035 2590 2149 2640 xttt,

575 2672 914 2735 chartaccus,
948 2669 1088 2733 in-8,
1122 2670 1271 2735 cujus
1322 2666 1506 2724 titulus
1558 2678 1641 2722 cst
1700 2668 1751 2721 in
1805 2665 2046 2733 catalogo
2078 2665 2154 2717 bi-

576 2762 855 2814 htiothecte
900 2759 1168 2812 Vaticana}
1205 2777 1216 2810 :
1269 2756 1634 2810 Commentarii
1664 2772 1818 2822 super
1872 2752 2155 2807 Prudentia

576 2872 639 2908 ne
667 2870 905 2908 concuss
935 2852 1261 2906 historiarum
1285 2848 1477 2904 Veteris
1492 2866 1551 2902 ac
1569 2846 1621 2902 Ν
1627 2851 1704 2902 ovi
1726 2845 2031 2901 Testamenti
2052 2846 2150 2914 (ιι).
2172 2888 2177 2891 μ

643 2948 705 2999 7ο
734 2946 905 2999 Codex
957 2943 1234 2997 Vaticanus
1279 2941 1438 3007 5556,
1489 2940 1968 3003 membranaceus,
2018 2938 2151 3000 ιιι-ι,

574 3038 769 3092 sazculo
801 3052 914 3101 xttt,
949 3038 1001 3089 in
1025 3034 1267 3103 catalogo
1286 3032 1628 3097 bibliotheca:
1675 3029 1942 3084 Vaticana;
1970 3027 2157 3083 inscri-

2254 1852 2361 1919 61
2373 1863 2589 1904 carmen
2607 1848 3020 1919 Psychomachite
3040 1850 3139 1917 (b).
3158 1848 3327 1902 Nulla:
3342 1846 3755 1915 suntdiphthongi:

2256 1942 2510 1997 scribitur
2536 1940 2677 1995 horis
2706 1956 2800 2007 pro
2821 1942 2944 2005 oris,
2970 1950 3182 2008 tempto,
3211 1941 3496 2009 alumpnus,
3524 1948 3612 1993 etc.
3663 1937 3756 1991 lluic

2254 2033 2429 2088 codici
2456 2046 2652 2086 nomen
2683 2030 2727 2085 0
2767 2032 3109 2099 imponimus.

2324 2125 2382 2178 2°
2413 2121 2587 2177 Codex
2627 2122 2904 2178 Vaticanus
2931 2124 3312 2179 Alexandriam
3331 2125 3417 2188 ιι,
3443 2123 3757 2185 membranae,

2256 2218 2398 2279 iit-8.
2430 2231 2557 2270 saec.
2587 2232 2638 2269 xt
2666 2217 2749 2270 vel
2780 2232 2878 2280 ιιι,
2913 2215 3169 2272 Carmina.
3203 2217 3332 2271 Haec
3358 2225 3522 2270 autem
3547 2212 3761 2268 sunt'lilni

2257 2308 2680 2373 Cathemerinwn,
2724 2315 2779 2360 et
2809 2305 3221 2375 I’eristephanmn
3272 2321 3435 2375 usque
3477 2306 3537 2359 ad
3566 2305 3761 2374 hymnum

2256 2399 2313 2454 S.
2352 2399 2598 2461 Romani,
2659 2414 2804 2454 vers.
2866 2398 3002 2464 Quid
3040 2399 3132 2451 illa
3172 2400 3337 2460 turpis
3382 2397 3589 2467 pompa?
3628 2410 3762 2463 nempe

2253 2489 2520 2559 ignobiles.
2550 2487 2801 2542 Praefatio
2828 2488 3028 2542 nullam
3060 2487 3221 2543 habet
3253 2485 3759 2557 inscriptionem.Post

2253 2578 2667 2633 Prml'ationetn:
2703 2578 2894 2649 Incipit
2937 2578 3154 2648 hymnus
3202 2590 3323 2633 ante
3366 2578 3541 2645 lucem,
3586 2584 3634 2631 et
3671 2577 3713 2629 in
3737 2574 3767 2627 Α

2255 2670 2400 2725 vocis
2446 2670 2554 2723 ales
2584 2668 2887 2739 depingitur
2931 2669 3124 2738 gallus.
3175 2669 3369 2725 Postea
3399 2685 3415 2724 :
3445 2667 3653 2738 Hymnus
3690 2681 3768 2717 ms-

2254 2761 2466 2815 tulinus.
2513 2760 2568 2814 In
2598 2760 2816 2831 hymno,
2868 2758 3109 2814 Inventor
3136 2760 3287 2815 rutili
3337 2762 3442 2814 dux
3470 2762 3583 2813 bone
3606 2756 3768 2811 luminis

2255 2852 2432 2906 nullus
2460 2861 2544 2906 est
2574 2850 2777 2905 titulus.
2810 2850 2866 2905 in
2895 2851 3118 2920 hymno,
3166 2849 3251 2903 Da
3281 2868 3408 2920 puer
3447 2851 3664 2918 plectrum
3684 2844 3771 2900 rho:

2253 2943 2354 2997 reis
2380 2953 2434 2995 ut
2465 2958 2644 2995 canam
2671 2940 2927 3010 ﬁdelibus,
2961 2941 3145 2995 titulus
3160 2940 3276 3010 jam
3308 2941 3533 2996 evanuit.
3565 2939 3769 3008 Hymnus.

2259 3033 2392 3087 Deus
2414 3033 2557 3102 ignee
2585 3036 2699 3102 fons
2721 3034 3031 3097 animarum,
3057 3033 3195 3088 hanc
3221 3032 3387 3087 habet
3406 3030 3770 3098 inscriptionem:

572 3139 695 3195 plus
723 3144 737 3180 :
768 3125 1039 3180 Prudentii
1069 3124 1192 3178 liber
1214 3125 1275 3177 de
1314 3123 1616 3192 quibusdam
1663 3122 1785 3175 viris
1839 3119 2028 3174 Veteris
2054 3117 2151 3173 Te—
2178 3117 2225 3181 C
2258 3121 2496 3192 Hymnus
2522 3123 2590 3174 ad
2632 3122 2897 3196 exsequias
2935 3132 3274 3176 mortuarum.
3321 3122 3514 3177 Desunt
3558 3115 3708 3190 hymni
3728 3114 3772 3167 de

573 3218 826 3272 stamenti.
857 3217 911 3271 lu
943 3216 1124 3270 codice
1151 3224 1232 3269 est
1257 3213 1444 3268 titulus
1493 3232 1506 3266 ε
1563 3210 1755 3282 Incipit
1778 3214 1841 3266 de
1888 3212 2050 3265 Adam
2103 3221 2151 3265 et

574 3308 705 3365 Eva.
738 3310 793 3364 In
825 3310 927 3364 line
960 3327 972 3362 ε
1008 3308 1235 3375 Explicit
1266 3307 1392 3362 liber
1414 3303 1703 3361 Prudentii.
1762 3304 1955 3359 Primae
2006 3303 2148 3358 litte-

568 3418 648 3456 rae
685 3412 808 3455 sunt
846 3400 1200 3455 versicolores
1245 3416 1256 3451 :
1305 3398 1445 3452 tituli
1495 3397 1929 3454 tetrastichorum
1985 3397 2151 3451 minio

577 3492 791 3557 notati,
850 3491 943 3546 sed
974 3492 1024 3544 iu
1052 3490 1198 3544 Novo
1237 3490 1581 3545 Testamento
1629 3490 1802 3543 solum
1860 3496 1944 3542 est
1969 3488 2151 3541 titulus

562 3583 819 3652 primus:
861 3581 938 3635 De
988 3580 1131 3635 Novo
1188 3579 1529 3646 Testamento,
1587 3593 1635 3635 et
1693 3579 1927 3634 Cabriele
1968 3580 2148 3632 nuntio

572 3674 780 3728 Christi.
813 3673 1202 3743 Orthographia
1230 3682 1312 3726 est
1337 3672 1637 3742 lmjusmodi
1668 3688 1681 3725 :
1710 3685 1926 3741 sopnus,
1968 3671 2147 3733 archa,

575 3765 870 3829 cratherem,
905 3761 1101 3831 fauitle,
1128 3775 1288 3833 nuptu
1318 3776 1414 3831 pro
1440 3771 1587 3816 nutu.
1618 3761 1776 3816 Plura
1824 3759 2017 3815 menda
2058 3773 2151 3815 oc-

573 3863 813 3908 currunt.
846 3852 1047 3907 Nomen
1067 3854 1188 3907 huic
1218 3854 1439 3906 ferimus
1470 3850 1536 3904 ι).

642 3944 699 3997 8"
727 3942 899 3997 Codex
933 3943 1211 3997 Vaticanus
1239 3939 1401 4007 5821,
1445 3941 1868 4011 antiquissimus,
1897 3949 2150 3997 exaratos

572 4036 769 4091 stcculo
798 4052 848 4091 ιι
882 4036 964 4091 vel
990 4036 1177 4092 saltem
1225 4051 1278 4102 x,
1328 4043 1387 4090 ut
1433 4034 1485 4091 in
1534 4035 1773 4104 catalogo
1812 4032 2148 4090 b;bliothec'.c

2256 3213 2441 3268 Natali
2468 3225 2522 3269 et
2553 3212 2849 3285 Epiphania
2885 3214 3108 3270 Domini.
3156 3215 3412 3285 Sequitur
3455 3214 3577 3268 liber
3600 3211 3774 3264 Peristi-

2254 3307 2473 3375 phanmu
2500 3304 2619 3361 sine
2648 3306 2803 3360 titulo
2832 3306 2929 3375 (c).
2982 3304 3170 3360 Paucas
3211 3315 3342 3361 sunt
3368 3301 3689 3372 diphthongi:
3712 3313 3773 3352 or-

2255 3399 2589 3469 thographia,
2620 3400 2922 3463 sollepnent,
2953 3400 3281 3470 lauachrum,
3326 3402 3550 3471 hyentps.
3573 3398 3624 3451 in
3651 3395 3776 3465 prima

2256 3489 2430 3544 littera
2462 3490 2806 3557 prmiatiunis,
2830 3488 2933 3543 Per
2960 3491 3330 3561 quinquennia,
3362 3494 3530 3560 imago
3555 3482 3776 3544 Prudentii

2254 3591 2371 3638 erat
2395 3583 2629 3652 depicta,
2660 3593 2914 3652 quantum
2946 3583 3197 3651 colligere
3227 3599 3481 3651 possum,
3520 3580 3685 3637 eodem
3713 3591 3780 3627 ve-

2256 3675 2353 3729 stis
2382 3688 2581 3743 genere
2609 3688 2715 3743 quo
2742 3674 2793 3728 in
2821 3673 3003 3729 codice
3036 3672 3337 3730 Ut-binate:
3370 3674 3667 3729 lineamenta
3699 3664 3779 3720 oris

2254 3764 2468 3833 penitus
2514 3774 2638 3818 sunt
2674 3778 2851 3819 erasa.
2896 3764 3028 3819 Vide
3071 3780 3218 3819 num.
3249 3765 3344 3829 58,
3396 3764 3569 3832 capJ
3615 3759 3782 3825 Proles.

2250 3852 2418 3922 llujus
2448 3852 2869 3909 codicisnomen
2898 3862 2984 3909 est
3014 3853 3058 3907 P
3086 3855 3141 3909 in
3181 3856 3384 3911 nostris
3410 3848 3773 3908 commentariis.

2323 3948 2386 4003 ’5ο
2417 3945 2592 4001 Codex
2628 3945 2908 4001 Vaticanus
2931 3946 3315 4002 Alexandrinus
3346 3948 3475 4013 321,
3503 3945 3784 4002 membrana-

2250 4052 2405 4104 ceus,
2450 4039 2506 4094 in
2552 4037 2679 4094 folio
2728 4053 2943 4108 magno,
2991 4039 3187 4093 SiBClllO
3230 4055 3265 4093 χ
3307 4040 3521 4094 circiter
3563 4041 3779 4091 exaratos.

574 4202 665 4256 12°
691 4201 747 4257 8.
773 4199 1113 4263 Laurentius;
1145 4198 1330 4269 1598.
1348 4197 1547 4269 Eulalia
1568 4215 1583 4263 ;
1601 4198 1625 4252 ι
1636 4197 1690 4269 ι’
1710 4197 1871 4251 Liber
1889 4198 1956 4251 de
1988 4198 2145 4252 beato
2172 4202 2225 4265 D
2249 4197 2465 4255 nomine
2482 4199 2622 4253 hunc
2648 4198 2885 4254 codicem
2915 4198 3271 4269 praeterimus.
3306 4200 3417 4253 Cur
3442 4208 3611 4269 autem
3647 4192 3785 4269 _Ditto-

573 4274 815 4326 Roumno
889 4281 1157 4340 martyre;
1211 4268 1307 4322 15°
1368 4268 1568 4323 Natalis
1634 4267 1877 4332 Dotnini;
1922 4270 2010 4323 l6“
2070 4269 2147 4323 De

573 4342 893 4411 Epiphania.

645 4407 721 4481 (ἀ)
742 4413 865 4481 l’ag.
886 4409 954 4481 52
979 4408 1177 4481 codicis
1199 4407 1461 4481 incipiunt
1478 4408 1996 4481 commentarii‘cum
2020 4407 2151 4475 ipsis

574 4477 900 4536 tetrastichis
934 4479 1236 4543 Dittochati,
1265 4489 1320 4533 et
1351 4479 1552 4542 titulus,
1582 4489 1635 4531 ut
1667 4478 1737 4531 ibi
1769 4477 1982 4545 dicitur,
2008 4489 2090 4533 est
2133 4495 2148 4533 :

576 4551 766 4620 Incipit
794 4560 971 4603 auctor
1021 4547 1291 4620 Prudentii
1331 4552 1393 4620 de
1442 4563 1570 4620 nova
1611 4550 1857 4620 columba
1901 4551 2150 4618 (fortasse

575 4616 881 4689 legendum,
913 4620 976 4689 de
1012 4618 1393 4689 Euarcolumbu)
1438 4618 1770 4672 historiarum
1821 4616 2009 4672 Veteris
2053 4620 2150 4673 Te-

572 4687 809 4743 stamenti
835 4699 883 4743 et
912 4687 1066 4741 Noui.
1084 4687 1225 4741 Finit
1250 4704 1369 4741 cum
1394 4689 1703 4759 tetrasticho
1728 4690 1794 4742 de
1811 4690 2148 4759 Apocalypsi.

572 4762 821 4824 Sequitur
849 4773 968 4828 pag.
984 4759 1053 4812 6'5
1067 4759 1167 4811 alia
1184 4760 1445 4826 expositio
1468 4762 1590 4811 Aur.
1621 4757 1888 4811 Prudentii
1909 4757 2148 4811 historia-

574 4844 690 4881 rum
722 4842 740 4880 :
787 4842 850 4882 ac
903 4837 1114 4881 notatur
1157 4838 1425 4880 auctorem
1478 4828 1725 4882 habuisse
1762 4829 1860 4881 tria
1894 4831 2102 4882 nomina
2129 4871 2145 4897 ,

581 4897 910 4957 Prudentius,
941 4897 1061 4964 quia
1096 4897 1315 4961 prudens
1342 4897 1764 4965 fuit;Aureolus,
1794 4899 1915 4965 quia
1937 4914 2147 4953 auream

577 4970 737 5021 vitam
769 4967 953 5031 duxit;
979 4966 1388 5037 Clentens,‘quia
1422 4964 1514 5037 [Ε.
1546 4966 1721 5036 quasi]
1751 4964 1861 5037 ctuti
1891 4984 2051 5033 mens,
2082 4986 2148 5023 cu

575 5040 715 5105 quod
740 5049 970 5091 mentem
990 5040 1038 5088 in
1057 5035 1363 5090 ctelestibus
1387 5035 1648 5089 habuerit.
1672 5035 1929 5094 Additur:
1954 5037 2149 5092 Dicitur

573 5107 818 5160 liberiste
846 5106 1200 5170 DITTOCHEUS,
1244 5107 1297 5158 id
1327 5117 1420 5167 est,
1477 5107 1681 5167 reiectio
1742 5107 2149 5162 Veteris-Testa-

575 5179 729 5230 menti
757 5186 804 5231 et
835 5176 1033 5229 Noui...
1068 5178 1247 5228 titulus
1270 5177 1387 5230 talis
1413 5187 1484 5230 est
1515 5190 1533 5229 :
1586 5174 1780 5242 Incipit
1833 5178 2145 5233 Prudentius

576 5247 867 5301 tractansde
894 5244 1059 5299 Veteri
1084 5256 1129 5298 et
1164 5244 1306 5299 Nouo
1334 5246 1675 5301 Testamento.
1721 5248 2009 5302 Character
2064 5260 2148 5303 est

575 5317 839 5386 sequioris
899 5318 1025 5385 atvi,
1087 5318 1422 5387 etymologia:
1470 5318 1727 5380 ridiculze,
1776 5320 2143 5373 commentarii

577 5390 730 5441 nobis
752 5386 987 5447 inutiles,
1017 5386 1176 5457 etiam
1217 5399 1337 5440 cum
1378 5402 1588 5451 manus,
1639 5390 1862 5455 margini
1908 5389 2140 5457 appicta,

576 5460 755 5513 animo
778 5457 982 5511 intentu
1009 5456 1157 5525 jubet
1185 5471 1305 5511 esse
1346 5459 1618 5514 lectorem.
1664 5457 1843 5526 Itaque
1891 5456 2008 5513 sine
2039 5459 2144 5513 ullo

2255 4274 2454 4324 clueant
2488 4271 2702 4324 inscribi
2735 4266 2996 4324 soleat‘de
3016 4272 3266 4333 rotumba,
3291 4287 3442 4323 num.
3468 4268 3531 4321 6t
3562 4266 3677 4321 dixi.

2331 4341 2405 4411 (b)
2432 4340 2569 4394 Nttlli
2598 4348 2720 4393 sunt
2746 4341 2881 4394 tituli
2915 4356 3085 4410 neque
3112 4341 3161 4411 in
3212 4341 3352 4393 libro
3385 4336 3785 4411 Cathemerinon.

2258 4408 2430 4480 neque
2458 4413 2508 4464 in
2542 4411 2956 4481 Psychomacltia
3067 4409 3240 4462 solum
3275 4411 3481 4481 inﬂue
3519 4408 3784 4481 Psyche-ttin-

2255 4472 2391 4534 chiie
2417 4472 2667 4535 notatur:
2704 4478 2799 4532 Hic
2826 4481 2939 4548 ﬁnit
2965 4479 3089 4533 liber
3130 4490 3287 4546 poeta:
3333 4472 3619 4533 Prudentii.
3648 4472 3782 4548 idet,

2257 4550 2499 4606 idolatria
2522 4551 2670 4621 (sic),
2694 4541 2960 4618 pudicitia,
2991 4541 3173 4613 libido,
3224 4551 3501 4620 patientia,
3546 4549 3638 4611 ira,
3663 4541 3788 4621 haud?

2256 4622 2396 4686 litus,
2422 4614 2677 4684 superbia,
2694 4614 2958 4686 sobrietas,
2990 4614 3563 4687 luxuria,'benignilas.
3590 4614 3782 4687 avaritia,

2256 4692 2549 4753 concordia,
2584 4692 2862 4744 discordia.
2912 4690 2966 4743 In
3015 4693 3120 4744 line
3164 4706 3289 4743 vero
3340 4690 3465 4745 libri
3507 4687 3788 4744 Cathemcn'

2258 4776 2370 4815 ιιωη
2397 4778 2409 4812 :
2434 4758 2659 4828 Ezplirit
2690 4760 2814 4813 liber
2834 4760 3118 4813 Prudentii.

2330 4834 2405 4899 (c)
2438 4823 2532 4884 llic
2578 4834 2893 4900 hymnorum
2946 4830 3078 4883 ordo
3123 4846 3138 4884 :
3178 4828 3233 4882 l'
3260 4827 3363 4883 88.
3411 4823 3725 4900 ιιβηιειετξιιε
3754 4827 3792 4900 ΕΞ

2257 4887 2574 4955 Caledonius
2614 4887 2731 4955 sine
2780 4901 2970 4964 titulo;
3012 4900 3071 4953 2°
3101 4900 3280 4954 Passio
3332 4901 3394 4954 S.
3424 4896 3712 4955 Vincentii;
3754 4887 3792 4943 5'

2260 4972 2443 5023 i’assiu
2471 4971 2569 5026 SS.
2598 4968 2915 5041 octodecim
2944 4982 3264 5041 martyrum;
3314 4969 3375 5021 4·
3412 4968 3593 5041 Passio
3615 4964 3794 5041 δὲ-Πυο

2258 5042 2459 5112 ctuosi;
2511 5041 2565 5094 5°
2594 5041 2776 5095 Passio
2803 5041 2860 5095 S.
2892 5033 3130 5112 Quirini;
3178 5041 3392 5112 6"_5i"C
3426 5039 3601 5112 ίῖίυιίέν
3633 5033 3796 5112 Emi”

2257 5109 2461 5164 Christo
2490 5111 2631 5163 locus
2657 5120 2750 5167 est.
2775 5121 2912 5173 etc.;
2940 5110 2995 5163 7°
3029 5109 3212 5164 Pas~io
3240 5107 3297 5162 8.
3328 5110 3606 5171 Cassiani;
3634 5106 3689 5160 8°
3712 5106 3797 5173 sint!

2257 5182 2410 5234 titulo
2438 5182 2666 5250 hymnus
2697 5170 3085 5250 S.rllipp-iiyti;
3130 5179 3411 5250 ἔπραξειο
3441 5181 3543 5233 88.
3573 5170 3789 5250 aptisle

2256 5267 2371 5304 rum
2402 5241 2547 5305 Pciri
2574 5258 2627 5302 et
2660 5249 2834 5313 Pauli;
2858 5241 3161 5318 'lh'l’as’sio
3192 5249 3246 5303 8.
3277 5245 3580 5318 Cypriani;
3607 5241 3799 5300 ll'Pas-

2254 5324 2334 5375 sio
2363 5321 2419 5374 S.
2445 5321 2665 5388 Agnetis
2692 5320 2791 5386 (sic
2821 5317 3057 5384 scribit);
3111 5318 3202 5372 12⁸
3234 5319 3354 5372 sine
3408 5320 3567 5372 titulo
3614 5318 3801 5388 bymth

2254 5392 2312 5443 8.
2347 5380 2647 5451 1..ιιιιι’ἔιιι.ἰ;
2699 5380 2791 5443 15⁸
2844 5380 3071 5459 hymnus
3123 5389 3178 5443 S.
3214 5387 3443 5459 Eulaliae
3484 5389 3602 5443 sine
3647 5380 3799 5437 inulti;

2256 5465 2321 5513 14
2360 5462 2588 5531 hymnus
2618 5461 2676 5516 S.
2713 5458 2935 5513 ltomaiii
2966 5462 3081 5513 sine
3112 5458 3282 5512 titulo.

638 5594 833 5664 ﬂauius
853 5591 1033 5664 codicis
1055 5599 1108 5664 _e_t
1131 5590 1467 5664 nonnullorum
1489 5590 1616 5664 infra
1632 5594 1882 5664 citatorum
1906 5593 2154 5654 specimen
2188 5577 2248 5639 in.
2291 5592 2451 5664 (route
2494 5595 2607 5664 torni
2636 5591 2881 5664 habetur,
2902 5591 2985 5639 ubi
3009 5593 3155 5664 etiam
3174 5592 3403 5641 inveniet
3426 5588 3583 5641 lector
3605 5581 3807 5645 imagin

573 5654 677 5700 acri
702 5651 877 5703 incisas
896 5653 961 5701 de
985 5653 1163 5714 quibus
1188 5653 1358 5712 passim
1384 5654 1565 5701 mentio
1591 5653 1703 5712 tiet,
1741 5662 1917 5714 prater
1934 5651 2127 5714 ’pancas
2157 5667 2277 5713 quas
2301 5657 2387 5716 ipsi
2417 5657 2650 5705 meutioni
2672 5651 2989 5714 subiecimus.
3016 5651 3153 5702 Ευιτ.
