4000 6176
218 292 323 349 699

1581 279 2084 337 PROLECOMENA
2096 320 2107 336 .

3378 289 3482 345 630

218 415 325 460 stat
352 404 457 459 hoc
483 403 800 474 opusculum
832 403 927 476 (a).
961 402 1150 456 Pauca:
1174 408 1299 454 sunt
1324 398 1535 469 glossae,
1561 413 1592 451 e
1613 397 1804 466 quibus
1834 400 1883 455 Α
1911 397 2019 452 lum
2046 413 2167 455 esse
2201 416 2213 451 :
2244 388 2438 469 Incipit
2467 399 2815 455 tetrastichum
2847 400 3117 455 I'rudentii
3141 403 3337 456 Aurelii
3364 403 3482 456 Cle-

218 499 509 552 nonnullas
551 497 664 550 suis
717 497 770 550 in
823 496 955 549 locis
991 495 1239 548 dabimus
1274 511 1285 544 :
1334 492 1465 546 nihil
1511 501 1685 545 tamen
1717 501 1799 544 est

128 624 137 633 ρ
222 590 365 643 aliud
414 599 610 658 praeter
655 587 883 657 glossas.
909 585 1321 654 Orthographia,
1355 584 1526 649 e/Tebi,
1562 583 1795 651 frenesis,

218 696 401 748 ymnus
422 719 436 742 ,
469 694 591 731 cum
635 676 1000 746 diphthongis.
1026 677 1081 729 In
1114 675 1410 728 fabularum
1440 673 1800 740 explicatione

220 768 559 834 potissimum
587 766 907 836 glossemata
927 772 1228 819 versantur.
1251 763 1383 817 Huic
1409 762 1577 816 codici
1603 776 1800 815 nomen

213 857 312 913 erit
337 857 401 913 S.

284 952 381 1004 14°
409 952 589 1005 Codex
618 948 897 1002 Vaticanus
925 946 1148 1001 Urbinas
1193 946 1319 1000 666.
1355 943 1626 998 Prudentii
1649 960 1802 1013 apus-

214 1044 353 1097 cula.
405 1042 616 1096 Titulus
654 1040 791 1093 alius
834 1038 1364 1107 magnificentissime
1411 1036 1641 1105 scriptus
1690 1030 1801 1085 :In

215 1138 309 1190 hoc
338 1135 663 1188 ornatissimo
700 1133 872 1186 codice
916 1131 1235 1183 continentur
1258 1144 1412 1193 Opera
1442 1128 1637 1181 Aurelii
1673 1127 1804 1180 Pru-

214 1228 375 1280 dentii
426 1225 731 1289 Clementis,
780 1223 875 1276 viri
918 1222 1215 1275 doctissimi.
1250 1220 1606 1275 Przrcesserat
1646 1219 1801 1274 index

213 1318 536 1371 carminum.
590 1314 872 1380 Inscriptio
919 1311 1249 1380 prtefationis
1279 1318 1363 1363 est
1396 1328 1406 1361 :
1440 1310 1638 1362 Aurelii
1671 1308 1805 1362 l’ru-

213 1407 375 1459 dentii
418 1404 690 1458 Clementis
736 1404 791 1455 in
820 1400 1067 1467 opuscula
1107 1401 1368 1467 sequentia
1396 1400 1672 1469 pra'fatio:
1704 1398 1805 1451 Per

212 1496 587 1564 quinquennia,
616 1503 720 1547 rte.
748 1493 803 1545 In
828 1493 995 1562 prima
1022 1491 1199 1544 littera
1226 1489 1487 1557 Pdepicta
1520 1500 1602 1543 est
1631 1490 1805 1555 imago

216 1587 453 1640 auctoris
484 1625 500 1647 ,
531 1596 588 1637 ut
615 1584 850 1637 diximus
880 1582 1094 1650 Proleg.
1128 1596 1276 1635 num.
1320 1580 1409 1636 58.
1441 1581 1496 1634 In
1530 1581 1634 1634 line
1659 1580 1806 1634 codi-

213 1678 333 1732 cis:
392 1677 616 1744 Explicit
672 1677 797 1731 liber
830 1692 864 1730 ιι
919 1687 1093 1729 contra
1141 1676 1505 1744 Symmachum
1556 1676 1620 1726 de
1659 1675 1808 1727 resti-

1904 488 2087 542 tuentis
2112 488 2175 542 de
2201 489 2456 543 columba.
2483 487 2922 545 Mendasissfmus
2951 499 3033 545 est
3060 491 3148 546 hic
3173 492 3366 558 codex,
3396 493 3479 545 cui

1906 577 2165 632 nomenY
2204 577 2448 633 fecimus.
2528 636 2531 639 μ

1977 668 2067 721 17⁸
2099 667 2270 723 Codex
2305 670 2585 724 Vaticanus
2641 670 3046 725 Otthobonianus
3095 672 3267 736 1220,
3319 672 3438 726 in-4
3466 713 3481 736 .

1904 758 2142 813 cltartac.
2177 759 2518 815 Dittochrcum
2545 778 2661 815 cum
2705 764 3081 818 commentariis
3106 804 3121 829 ,
3156 773 3211 817 ut
3241 778 3401 831 supra
3430 766 3481 818 in

1905 850 2090 905 codice
2118 850 2179 905 Y.
2212 852 2317 906 Sed
2354 852 2438 906 hic
2479 852 2741 922 integrum
2771 863 2851 907 est
2876 868 3041 921 opus,
3072 854 3123 907 in
3151 853 3302 919 cujus
3333 854 3437 910 line
3466 871 3482 907 :

1907 939 2135 1007 Explicit
2165 940 2289 994 liber
2321 940 2617 997 Prudentii.
2652 942 2856 999 Nomen
2886 942 2929 997 Ζ
2957 944 3079 999 huic
3108 944 3210 999 erit
3230 944 3399 999 codici
3430 946 3485 1001 in

1905 1033 2310 1087 commentario.

1980 1122 2069 1178 18⁸
2098 1122 2268 1178 Codex
2323 1124 2607 1180 Vaticanus
2651 1126 3055 1181 Otthobonianus
3094 1127 3233 1193 1291
3258 1169 3273 1193 ,
3320 1142 3487 1183 metuo

1909 1211 2238 1273 hranaceus.
2276 1214 2328 1268 in
2367 1214 2491 1267 lolio
2521 1257 2534 1278 ,
2567 1218 2748 1271 seaculi
2790 1233 2883 1271 xm
2913 1228 3003 1272 aut
3028 1235 3116 1273 xiv
3141 1261 3155 1285 ,
3188 1184 3405 1289 eiegans
3433 1232 3489 1274 et

1909 1303 2077 1357 titulis
2131 1306 2298 1359 minio
2346 1306 2628 1375 descriptis
2674 1317 2925 1375 ornatus,
2959 1311 3048 1378 qui
3081 1309 3251 1365 fuerat
3276 1326 3307 1365 e
3337 1310 3488 1365 lihris

1908 1394 2130 1450 Joannis
2159 1397 2346 1463 Angeli
2377 1397 2528 1451 ducis
2561 1398 2628 1452 ab
2654 1400 2947 1469 Altaemps.
2985 1399 3175 1469 Incipit
3196 1400 3323 1453 liber
3353 1400 3488 1454 Pru-

1908 1488 2065 1542 dentii
2088 1503 2108 1541 .'
2138 1488 2192 1540 id
2221 1497 2311 1543 est.
2346 1489 2580 1541 columba
2609 1489 2745 1543 Novi
2773 1501 2821 1543 et
2862 1490 3053 1544 Veteris
3081 1491 3406 1546 Testamenti.
3428 1492 3490 1546 ~ln

1908 1577 2307 1631 commentariis
2342 1578 2527 1632 titulus
2556 1593 2675 1632 esse
2717 1578 2913 1633 dicitur
2948 1597 2961 1633 :
2993 1579 3185 1647 Incipit
3216 1580 3345 1633 liber
3375 1580 3491 1633 Dit-

1912 1669 2093 1731 tochei,
2123 1668 2263 1737 quod
2290 1685 2469 1722 nomen
2491 1678 2561 1721 est
2592 1669 2657 1721 ad
2675 1670 2945 1739 placitum,
2973 1671 3061 1723 dia
3091 1669 3286 1732 Graece,
3316 1670 3495 1724 Latine

214 1768 410 1821 tuenda
437 1784 554 1822 ara.
603 1768 855 1820 Antonius
889 1766 1188 1819 Sinibaldus
1219 1765 1538 1835 transcripsit
1589 1763 1804 1818 Floreno
1836 1757 1883 1817 B
1908 1758 2138 1827 refectio.
2171 1758 2305 1811 llinc
2330 1758 2475 1812 disce
2510 1761 3022 1814 commentariorum
3065 1760 3199 1814 alias
3240 1759 3492 1829 ineptias.

214 1864 321 1915 tie.
350 1862 502 1913 Anno
528 1859 716 1913 Christi
739 1874 1094 1913 MCCCCLXIXI.
1128 1874 1214 1911 xx.
1238 1857 1343 1911 No.
1362 1858 1540 1911 Codex
1574 1858 1801 1926 in-foliu,

212 1952 526 2004 nietnbraua
580 1949 744 2003 nitida
768 1990 782 2009 .
819 1950 934 2003 laevi
968 1957 1020 2002 et
1060 1949 1322 2017 candida,
1354 1948 1665 2003 charactere
1694 1950 1806 2004 ele-

212 2042 393 2111 ganti,
429 2042 673 2109 plurimis
700 2042 877 2093 aureis
904 2041 1094 2093 litteris
1138 2050 1192 2095 et
1237 2041 1461 2109 egregiis
1492 2040 1807 2109 imaginibus

217 2143 555 2194 sanctorum,
578 2146 714 2200 quos
745 2130 925 2185 laudat
952 2131 1292 2194 Prudentius,
1326 2131 1527 2186 all'abre
1557 2141 1802 2199 ornatus,

213 2222 358 2290 quod
412 2221 701 2288 peritorum
749 2219 1024 2273 hominum
1072 2220 1278 2289 judicio
1320 2234 1535 2288 possum
1567 2236 1807 2290 cumpro-

213 2309 346 2363 bare
376 2309 477 2377 (b).
512 2309 662 2362 lianc
679 2310 918 2363 codicem
944 2324 1196 2364 voramus
1227 2309 1547 2377 Urbinatem,
1581 2323 1667 2365 aut
1698 2316 1807 2380 pri-

214 2405 319 2457 mis
347 2410 554 2456 tantum
588 2399 779 2457 litteris
808 2400 931 2456 Urb.
956 2440 972 2466 ,
998 2403 1065 2456 de
1092 2417 1199 2471 quo
1229 2402 1349 2456 vide
1374 2417 1535 2472 supra
1566 2419 1714 2458 num.
1742 2405 1811 2459 75

214 2492 480 2561 iudicium
522 2493 780 2545 llolstcnii
793 2533 804 2544 .
1344 2530 1349 2537 .

288 2585 395 2639 15⁰
443 2583 617 2638 Codex
667 2583 940 2637 Vaticanus
991 2584 1395 2638 Otthobonianus
1435 2584 1542 2639 257
1588 2584 1812 2639 Charta-

216 2690 375 2742 ecus,
407 2678 546 2729 in-8.
580 2675 895 2729 Prudentius
917 2677 980 2730 de
1007 2676 1071 2732 Β.
1097 2677 1361 2731 Cassiano.
1396 2677 1506 2733 lloc
1526 2680 1647 2733 cod.
1677 2694 1806 2734 cou-

219 2770 430 2824 tinetnr
449 2768 685 2839 Legenda
709 2770 769 2823 S.
797 2769 1029 2823 Cassiani
1056 2772 1301 2839 martyris
1329 2787 1420 2840 per
1446 2768 1537 2824 Fr.
1561 2770 1811 2825 Iacobum

223 2863 322 2932 (de
364 2861 650 2931 Voragine)
678 2863 873 2915 ordinis
911 2861 1086 2915 Prted.
1115 2861 1410 2928 rompilata.
1440 2862 1572 2916 Eam
1604 2863 1815 2917 dedicat

222 2952 551 3005 Franciscus
593 2951 789 3005 Ferrus
828 2951 1121 3005 canonicos
1170 2951 1445 3006 Imolensis
1486 2952 1815 3023 Hieronymo

222 3042 484 3096 Dandino
515 3041 770 3109 episcopo
800 3041 1073 3097 lmolensi.
1104 3042 1335 3097 Jacobus
1376 3058 1506 3099 vero
1549 3047 1815 3100 scribebat

1911 1850 1967 1905 lu
1997 1852 2099 1905 line
2132 1866 2147 1905 :
2182 1849 2409 1918 Explicit
2436 1851 2665 1903 columba
2702 1851 2897 1906 Veteris
2920 1861 2969 1906 et
3002 1851 3138 1906 Novi
3160 1852 3489 1907 Testantenti.

1913 1941 2076 1996 Tituli
2105 1941 2301 1997 diversi
2328 1951 2453 1996 sunt
2476 1946 2542 1993 ah
2558 1943 2812 2012 antiquis,
2837 1958 2903 1998 ex
2934 1943 3149 2013 ingenio
3181 1944 3488 2011 interpretis

1912 2035 2034 2091 fusi.
2054 2035 2229 2090 Codex
2247 2034 2549 2101 mendosus,
2572 2037 2658 2104 qui
2676 2044 2853 2089 tamen
2870 2050 2898 2087 a
2917 2036 3068 2089 nobis
3085 2035 3362 2089 vocabitur
3377 2036 3484 2089 AA.

1984 2128 2081 2182 19⁰
2112 2126 2283 2181 Codex
2330 2125 2609 2180 Vaticanus
2653 2125 3061 2180 Otthobonianus
3111 2127 3288 2194 1502,
3342 2128 3491 2196 in-b,

1914 2219 2211 2275 membran.
2225 2259 2238 2280 ,
2251 2218 2468 2285 elegans
2481 2227 2535 2273 et
2556 2217 2723 2272 titulis
2744 2216 3155 2273 versicoloribus
3167 2217 3489 2287 descriptus.

1915 2312 2104 2382 Incipit
2151 2310 2277 2365 liber
2310 2310 2374 2364 de
2402 2309 2603 2364 duobus
2639 2309 2995 2363 Testamentis.
3030 2311 3093 2364 Et
3122 2310 3300 2365 statim
3334 2328 3348 2364 :
3383 2309 3493 2363 an

1914 2402 2168 2458 columba.
2201 2402 2303 2457 Alii
2336 2402 2474 2457 tituli
2496 2412 2620 2457 sunt
2648 2413 2934 2457 recentes:
2984 2404 3035 2457 in
3088 2405 3232 2458 line:
3268 2401 3495 2473 Explicit

1915 2496 2042 2550 liber
2081 2494 2349 2549 Prndentii
2389 2495 2451 2549 de
2498 2495 2697 2549 duobus
2734 2495 3089 2549 Testamentis.
3142 2495 3494 2549 Dittochuaum

1916 2588 2101 2657 incipit
2130 2587 2219 2643 fol.
2255 2589 2321 2641 12
2362 2588 2519 2657 hujus
2548 2588 2776 2653 codicis;
2820 2586 2948 2641 folio
2978 2602 3106 2640 vero
3133 2587 3202 2641 59
3236 2586 3496 2655 reperitur

1919 2680 2331 2751 Psychomachia
2354 2720 2368 2744 ,
2405 2680 2456 2733 in
2494 2679 2669 2734 indice
2710 2678 3049 2734 bibliotheca:
3081 2678 3351 2732 Vaticana;
3398 2678 3497 2731 mi.

1917 2775 2062 2828 nime
2084 2782 2287 2827 notata.
2306 2772 2461 2827 Nulla
2489 2779 2572 2825 est
2593 2771 2868 2839 inscriptio
2900 2769 3139 2839 neqnein
3159 2768 3493 2839 praefatione,

1918 2880 2091 2934 neque
2134 2865 2187 2919 in
2217 2878 2398 2930 opere.
2454 2862 2595 2932 quod
2644 2862 2839 2915 desinit
2888 2862 2939 2915 in
2971 2875 3169 2925 versu,
3218 2858 3497 2913 Reddimus

1917 2966 2133 3010 azternas
2157 2995 2171 3020 ,
2200 2964 2305 3010 etc.
2338 2953 2492 3008 Etas
2522 2952 2724 3007 codicis
2752 2961 2836 3008 est
2870 2952 3051 3007 smculi
3100 2966 3193 3005 xtn
3244 2952 3458 3005 circiter
3478 2990 3494 3013 ,

1919 3061 2077 3116 quem
2106 3060 2204 3098 nos
2237 3043 2329 3097 BB
2355 3056 2744 3111 nuncupamus.

218 3135 491 3189 Bononia:
534 3149 674 3189 anno
706 3133 864 3188 1282.
898 3134 1045 3190 Folio
1076 3135 1142 3188 27
1179 3153 1193 3191 :
1222 3135 1534 3190 Prudentius
1577 3148 1724 3207 poeta
1753 3140 1817 3192 de
1845 3120 1890 3179 (ἶ
1991 3138 2082 3194 20.
2116 3138 2291 3192 Codex
2340 3136 2623 3191 Vaticanus
2673 3134 3079 3188 Otthoboniauus
3123 3132 3263 3187 5325
3287 3172 3301 3195 ,
3348 3133 3493 3197 ιιι-1,

218 3224 287 3280 Β.
329 3224 579 3279 Cassiano
605 3227 679 3278 ita
712 3227 891 3278 cecinit
919 3240 937 3279 :
963 3226 1113 3295 Sylla
1131 3268 1146 3291 ,
1174 3234 1280 3280 etc.
1308 3226 1365 3280 In
1399 3227 1506 3282 line
1538 3244 1551 3280 :
1581 3228 1816 3283 Pruden-

218 3318 352 3379 tius,
385 3325 445 3368 ut
470 3328 644 3368 notum
680 3325 773 3383 est,
807 3316 929 3384 fidei
958 3320 1055 3381 vir,
1084 3328 1130 3371 et
1152 3319 1390 3387 religiosa
1417 3321 1657 3390 dogmata
1683 3340 1817 3390 poe-

217 3406 386 3459 matis
440 3407 592 3458 etiam
630 3407 960 3475 jucunditate
999 3409 1384 3478 commendans,
1425 3423 1530 3466 etc.
1570 3415 1664 3468 llic
1715 3417 1817 3471 erit

218 3497 399 3551 codex
429 3497 604 3551 dictus
642 3497 711 3551 X.

297 3587 401 3642 160
438 3586 612 3640 Codex
648 3585 924 3641 Vaticanus
958 3588 1366 3644 Utthobonianus
1402 3594 1567 3663 1195,
1606 3596 1820 3663 charta-

222 3692 396 3742 ceus,
437 3680 488 3733 in
520 3683 553 3733 4
582 3723 597 3747 ,
631 3690 748 3734 erat
788 3696 853 3733 ex
897 3680 1168 3735 codicibus
1198 3682 1415 3738 Joannis
1449 3687 1635 3755 Angeli
1668 3688 1818 3744 ducis

221 3769 296 3822 ab
322 3772 629 3837 Altaemps.
652 3769 990 3824 Dittochwum
1018 3773 1134 3827 sine
1162 3774 1267 3826 ulla
1295 3774 1658 3844 inscriptione.
1684 3780 1819 3833 Sunt

219 3863 429 3930 glossaa
476 3862 745 3916 nonnullae
783 3865 921 3917 inter
957 3864 1145 3918 lineas.
1180 3864 1367 3920 Exstat
1414 3869 1519 3938 67
1545 3884 1662 3938 pag.
1717 3871 1818 3926 108

221 3958 396 4027 hujus
445 3958 646 4012 codicis
697 3958 1063 4023 Dittochwum,
1095 3963 1232 4030 quod
1265 3962 1526 4029 diximus,
1574 3977 1624 4018 ct
1676 3967 1816 4021 idem

214 4062 364 4117 opus
395 4065 521 4118 pag.
557 4049 662 4105 115
688 4065 808 4104 cum
847 4054 1244 4106 commentariis
1270 4055 1615 4120 longioribus,
1647 4058 1739 4111 sed
1766 4061 1816 4111 in

216 4141 329 4194 hoc
374 4139 617 4194 secunda
653 4142 826 4194 solum
867 4148 991 4195 sunt
1033 4143 1140 4196 duo
1182 4145 1350 4211 prima
1395 4151 1723 4204 tetrasticha.
1763 4152 1849 4207 ln'

214 4230 424 4285 limine
447 4232 820 4284 commentarii
852 4231 1072 4285 secundi
1102 4233 1297 4286 dicitur
1323 4252 1335 4289 :
1369 4234 1513 4289 Inter
1535 4254 1687 4307 Opera
1708 4258 1821 4308 qua:

213 4322 347 4388 fecit
388 4319 705 4375 Prudentius
728 4363 743 4386 ,
777 4321 871 4375 hoc
893 4338 998 4374 esse
1023 4322 1351 4375 utilissimum
1377 4365 1391 4390 ,
1422 4326 1567 4394 cujus
1608 4333 1820 4385 materia

210 4423 293 4467 est
324 4412 529 4481 duplex
556 4412 760 4481 refectio
785 4412 918 4466 Noui
938 4423 987 4468 et
1020 4412 1216 4469 Veteris
1250 4414 1575 4487 Testamenti,
1610 4431 1662 4476 et
1696 4424 1819 4478 titu.

1921 3230 2255 3295 cbartaceus,
2287 3227 2623 3281 Dittochtcum
2643 3226 2761 3281 sine
2791 3225 2962 3295 primo
3006 3225 3158 3279 titulo
3198 3242 3210 3276 :
3242 3232 3365 3277 sunt
3406 3223 3495 3277 alii

1923 3321 2061 3377 tituli
2118 3321 2171 3376 in
2206 3318 2564 3386 tetrastichis,
2615 3318 2706 3373 sed
2738 3326 3003 3373 recentes.
3036 3316 3093 3370 In
3132 3315 3380 3370 omnibus
3417 3316 3501 3369 his

1920 3413 2321 3480 exemplaribus
2352 3409 2633 3466 Dittochzei
2689 3410 2890 3465 caedem
2924 3409 3035 3463 fere
3077 3416 3364 3462 occurrunt
3405 3422 3500 3460 va.

1922 3505 2162 3571 rietates,
2195 3517 2365 3572 neque
2398 3502 2568 3572 magni
2591 3516 2775 3555 eorum
2804 3501 3094 3554 auctoritas
3118 3510 3203 3553 est
3233 3498 3491 3556 habenda.

1924 3595 2194 3650 llacteuus
2229 3595 2297 3649 de
2323 3592 2595 3648 codicibus
2626 3593 2913 3658 Vaticanis,
2945 3608 3173 3663 quorum
3202 3592 3497 3660 catalogutn

1922 3700 1950 3739 a
2002 3704 2088 3742 tne
2117 3687 2417 3742 confectum
2449 3686 2491 3739 si
2520 3685 2769 3739 conferas
2795 3700 2914 3739 cum
2961 3685 3025 3738 iis
3051 3700 3168 3750 qua:
3194 3684 3260 3737 dc
3288 3684 3488 3735 eisdem

1921 3779 2075 3833 ali‘ert
2104 3776 2561 3844 Montlauconius,
2609 3775 2762 3829 facile
2800 3790 3057 3845 agnosces
3110 3792 3266 3844 quam
3299 3780 3362 3830 sit
3404 3779 3499 3830 itn~

1922 3870 2152 3939 perlecta
2176 3867 2490 3921 Bibliotheca
2514 3865 2931 3918 bibliothecarum
2959 3882 3077 3918 mss.
3106 3864 3285 3933 Neque
3322 3875 3497 3920 tamen

1923 3957 2311 4015 contemnenda
2362 3965 2443 4012 est
2477 3956 2573 4009 viri
2600 3954 2745 4009 docti
2777 3964 2833 4010 et
2871 3955 3494 4025 diligentissitniopera.

1926 4066 2029 4121 qua
2060 4049 2282 4104 multum
2304 4048 2477 4118 juvari
2511 4056 2752 4116 possunt,
2784 4047 2975 4117 quibus
3020 4049 3240 4102 facultas
3267 4063 3370 4102 non
3419 4060 3501 4104 est

1928 4137 2241 4209 inspiciendi
2286 4153 2380 4206 per
2410 4151 2469 4191 se
2508 4135 2720 4190 codice;
2759 4144 2815 4190 et
2861 4135 3230 4190 bibliothecas.
3281 4137 3395 4192 Jmn
3433 4139 3501 4194 de

1926 4232 2201 4290 codicibus
2249 4229 2521 4283 Prudentii
2554 4228 2949 4295 Ratisbonensi,
2982 4228 3227 4297 Pragensi
3259 4241 3314 4285 ct
3346 4231 3502 4286 Vicn-

1929 4326 2102 4388 nensi,
2128 4338 2351 4393 quorum
2375 4322 2548 4375 varias
2578 4321 2834 4376 lectiones
2861 4337 2890 4375 a
2921 4321 3148 4376 Marietti
3171 4324 3281 4395 68
3305 4325 3368 4377 ad
3382 4341 3500 4379 ver-

1929 4424 2084 4478 sariis
2107 4428 2377 4475 mutuatus
2405 4434 2545 4484 sum,
2567 4432 2735 4488 pauca
2761 4417 2933 4472 dicam
2960 4420 3010 4471 in
3034 4428 3155 4472 nota
3180 4419 3275 4486 (ε).
3303 4419 3504 4477 Ριοωιειν

287 4586 378 4654 (a)
424 4586 497 4639 Ita
533 4587 711 4651 incipit
744 4605 776 4663 _:
825 4587 1150 4657 Kyrocheum
1180 4604 1200 4642 :
1225 4589 1324 4663 Aid»
1350 4600 1447 4654 est,
1504 4596 1811 4653 manualem.
1841 4601 1891 4661 D
1918 4599 2199 4651 sociorum.
2236 4596 2323 4658 Et,
2373 4594 2563 4648 Versus
2602 4595 2653 4647 in
2699 4596 2903 4650 laudem
2952 4595 3232 4663 baptisteiii
3284 4600 3503 4654 duorum

207 4655 529 4709 Exameron
563 4673 581 4709 :
608 4674 697 4711 sex
720 4655 939 4712 dierum.
964 4660 1282 4725 Apotheosis,
1308 4661 1345 4712 i.
1369 4678 1413 4712 ε.
1442 4662 1503 4714 de
1526 4665 1812 4721 divinitate.

205 4728 582 4794 Amartigenia
604 4768 619 4791 ,
650 4730 687 4779 ἱ.
719 4745 760 4780 e.
818 4738 1139 4797 peccatorum
1164 4731 1323 4799 origo.
1358 4729 1763 4798 Psycltomachia
1793 4753 1810 4790 :

202 4800 422 4850 anime
452 4813 641 4867 pugna,
671 4807 812 4861 etc,;
842 4814 961 4864 qua:
990 4813 1108 4851 sunt
1141 4801 1331 4867 glussa:
1360 4802 1424 4852 ad
1474 4802 1632 4856 vitam
1684 4804 1815 4860 Pru-

204 4868 400 4919 dunlii
435 4881 465 4917 a
491 4866 771 4920 Gennadio
796 4866 1173 4931 conscriptam.

286 4938 378 5007 (ὁ)
410 4936 469 5007 In
500 4951 720 5007 operum
751 4938 937 4991 ordine
965 4938 1276 4991 collocando
1308 4939 1392 4991 hic
1421 4940 1587 4995 codex
1623 4942 1813 5000 similis

201 5005 302 5059 est
324 5005 988 5083 codici_Florentiuo,_dc
1034 5009 1243 5083 quomad
1277 5026 1422 5083 nnm.
1458 5010 1526 5065 85
1554 5022 1605 5065 et
1628 5028 1813 5083 seqq,

199 5087 261 5129 et
291 5117 309 5140 ,
348 5084 417 5129 ut
446 5077 637 5144 opinor
660 5121 673 5143 ,
706 5093 772 5131 ex
828 5078 1080 5132 Urbinate
1124 5078 1462 5133 Florentinus
1494 5092 1575 5135 est
1606 5077 1808 5138 descrié

204 5158 379 5220 plus,
416 5157 775 5220 autnuterqne
802 5163 868 5199 ex
899 5149 1077 5215 aliquo
1112 5150 1478 5220 vetustissimo
1493 5155 1807 5220 exemplari.

194 5218 263 5271 In
304 5217 465 5269 libro
507 5215 932 5269 Cathemerinon:
970 5220 1219 5284 pleraque
1248 5231 1301 5271 ιιι
1333 5219 1383 5271 in
1426 5215 1733 5275 Florentino
1759 5233 1813 5277 et

194 5286 390 5359 editis
423 5301 439 5359 _:
472 5286 565 5339 sed
600 5286 651 5359 hi
684 5287 977 5359 peculiares
1006 5288 1142 5359 tituli
1171 5330 1184 5351 ,
1210 5288 1288 5339 Ad
1311 5291 1433 5359 galli
1456 5302 1700 5355 cantant;
1731 5294 1810 5346 Ad

189 5355 583 5410 incensionem
613 5357 868 5431 lucermc;
908 5357 975 5431 In
1005 5358 1140 5431 omni
1171 5355 1328 5431 hara
1360 5359 1510 5431 Circa
1553 5364 1815 5431 exsequias

190 5438 593 5499 inantuorum;
616 5425 681 5479 In
710 5431 882 5499 natale
898 5427 1140 5499 Domini;
1165 5426 1581 5499 Deﬂls‘piphania.
1602 5432 1655 5484 In
1681 5425 1815 5487 libro

188 5496 668 5570 Peristephanmn
718 5496 1189 5570 deestﬁinscriptio
1230 5496 1453 5570 libri‘et
1524 5502 1709 5570 hymni
1766 5503 1815 5556 l.

185 5565 501 5641 S_cribitnr
551 5583 565 5617 :
626 5565 804 5619 Passio
862 5567 1172 5641 Sanctorum
1230 5568 1469 5622 tredecim
1533 5565 1814 5641 martyrum

184 5637 835 5718 gresafaugustanorum,
870 5652 966 5716 pro
996 5636 1304 5718 Sanctorum
1332 5642 1627 5718 octodecim.
1666 5636 1815 5705 item,

182 5705 428 5767 Passio
461 5703 517 5759 S.
552 5703 823 5762 Fructuosi
873 5703 1023 5776 primi
1067 5708 1290 5777 episcopi
1346 5710 1742 5765 Tarraconensis
1773 5703 1818 5765 et

1921 4677 2204 4736 martyrum
2232 4666 2482 4735 sanguine
2503 4665 2736 4718 illustris.
2763 4666 2967 4721 Cmtera
3000 4677 3055 4721 ut
3086 4668 3138 4721 in
3168 4669 3352 4724 codice
3386 4672 3505 4726 Flo-

1922 4740 2153 4792 rentino.

1993 4809 2066 4875 (e)
2098 4808 2172 4859 De
2211 4805 2394 4858 codice
2438 4804 2809 4860 llatisbonensi
2841 4807 2952 4859 hinc
2999 4817 3146 4861 nntat
3176 4809 3450 4865 M-triettns
3486 4832 3498 4866 :

1923 4876 2099 4948 Codex
2129 4877 2423 4948 monasterii
2454 4877 2513 4932 S.
2565 4876 2821 4929 Emerami
2849 4877 3078 4929 omnium
3119 4882 3354 4944 optimus,
3382 4899 3505 4948 quos

1923 4947 2158 5018 viderim,
2210 4956 2256 4997 et
2297 4947 2443 5016 plane
2468 4950 2655 5018 bonus,
2706 4948 2803 4999 nisi
2845 4948 3253 5010 imperitissimus
3297 4947 3506 5018 quidam

1927 5016 2088 5069 multa
2115 5032 2208 5069 sua
2256 5017 2589 5069 substituisset
2619 5018 2869 5083 prioribus
2899 5017 2971 5069 ita
2995 5021 3151 5070 erasis
3173 5060 3188 5083 ,
3220 5030 3273 5070 ut
3307 5016 3503 5074 nullum

1923 5087 2131 5138 omnino
2176 5087 2358 5154 prisca:
2408 5088 2633 5158 lectionis
2669 5088 2884 5158 supersit
2916 5089 3179 5155 uestigium
3203 5128 3218 5151 ,
3251 5091 3386 5149 quod
3414 5106 3505 5142 nos

1919 5158 2024 5208 suis
2048 5151 2677 5215 locis'notavimus.Quare
2724 5151 2823 5210 non
2853 5167 2975 5219 puto
3000 5151 3145 5223 posse
3170 5158 3341 5208 adhuc
3366 5158 3502 5210 Pru-

1919 5228 2147 5278 dentium
2174 5237 2347 5280 exacte
2374 5227 2561 5293 corrigi
2583 5267 2596 5289 ,
2628 5237 2677 5279 et
2720 5229 2934 5292 pristino
2963 5229 3120 5277 nitori
3148 5228 3344 5279 restitui
3364 5268 3377 5286 ,
3405 5227 3501 5279 nisi

1922 5298 2083 5349 a‘ium
2112 5300 2466 5349 nanciscamur
2489 5306 2699 5365 ueterem
2720 5295 2940 5347 codicem
2974 5305 3160 5361 prtcter
3184 5313 3288 5358 eos,
3321 5298 3500 5365 quibus

1923 5370 2003 5418 usi
2030 5382 2227 5428 sumus,
2255 5375 2299 5417 et
2321 5380 2442 5433 quo,
2464 5379 2578 5430 qua:
2601 5364 2683 5415 hic
2705 5366 2887 5434 abrasa
2908 5373 3045 5424 sunt,
3075 5370 3271 5419 restitui
3287 5368 3497 5434 possint.

1925 5435 2054 5489 Cum
2084 5451 2141 5485 eo
2180 5444 2346 5485 autent
2395 5444 2620 5484 nostrum
2661 5433 3050 5500 dtligentissime
3085 5437 3389 5488 contulimus
3413 5475 3427 5503 ,
3455 5445 3503 5490 et

1926 5506 2055 5557 nihil
2082 5505 2329 5554 diversum
2356 5502 2481 5553 ineo
2513 5502 2631 5564 fuit,
2659 5505 2795 5568 quod
2822 5503 2874 5554 in
2906 5512 3080 5555 nostro
3103 5521 3204 5555 non
3230 5505 3505 5556 adnotave-

1925 5576 2088 5627 rintus
2121 5586 2141 5624 :
2174 5570 2399 5636 quamvis
2440 5570 2525 5622 ubi
2557 5581 2726 5621 noster
2753 5588 2864 5623 cum
2908 5573 3000 5624 illo
3038 5573 3317 5624 convenerit
3340 5613 3355 5636 ,
3410 5587 3503 5625 nou

1926 5657 2122 5709 semper
2179 5641 2538 5710 notaret-imus.
2591 5639 2771 5710 Itaque
2819 5657 2930 5693 eum
2971 5642 3100 5692 nhil
3148 5642 3393 5708 reperitur
3454 5649 3503 5698 in

1931 5722 2101 5765 nostro
2132 5719 2352 5762 notatum
2384 5709 2745 5775 peculiariter,
2781 5722 2967 5765 certum
2997 5712 3195 5780 signum
3226 5714 3335 5782 erit,
3372 5731 3503 5770 cam-
