4016 6182
519 308 620 362 651

1935 298 2392 356 ιιιιυιιΕΝΤιυε.

3679 305 3769 361 052

520 422 620 476 tios
646 417 858 474 codices
886 414 1159 471 Mariettns
1195 413 1420 469 contulit
1444 415 1609 469 etiam
1640 413 1923 469 Vaticanos
1961 415 2006 468 Α
2036 422 2094 468 et
2117 414 2175 476 Α
2195 414 2457 481 scriptoris
2506 414 2697 470 videas.
2748 415 3015 483 Antiquior
3044 426 3208 470 tamen
3239 418 3437 472 videtur
3476 418 3771 474 Prudentius

521 513 586 579 Β,
636 520 691 566 et
716 510 1025 564 varietatem
1063 506 1305 561 lectionis
1328 507 1559 576 margini
1598 506 1852 562 editionis
1892 505 2099 561 Aldinae

520 601 921 657 accuratissime
969 599 1233 668 ascripsit.
1283 599 1391 654 Hac
1432 599 1703 664 editione,
1749 599 2097 653 curiosissimi

525 693 757 747 hominis
779 691 958 746 studio
1006 693 1356 758 locupletius,
1389 690 1626 760 adjutum
1664 705 1750 745 me
1772 705 1894 745 esse
1925 690 2098 745 libens

516 783 771 852 profiteor
797 827 811 851 ,
841 798 945 837 non
973 784 1146 838 solum
1175 794 1230 836 ut
1256 783 1444 851 ingrati
1473 782 1636 835 animi
1669 781 1849 835 vitium
1872 781 2095 849 fugiam,

514 873 610 928 sed
636 874 797 926 etiam
849 880 907 925 ut
935 871 1227 927 editionem
1260 886 1433 925 meam
1464 870 1859 926 commendem.
1913 871 2096 941 Neque

517 977 693 1021 tamen
748 973 1031 1034 propterea
1077 966 1312 1019 laborem
1363 964 1527 1020 ullum
1559 963 1890 1033 subterfugi,
1933 976 2093 1031 quem

514 1070 644 1109 sane
703 1055 970 1124 ingentem
1000 1056 1276 1108 exantlare
1321 1068 1454 1123 opus
1487 1052 1623 1117 fuit,
1669 1062 1728 1107 ut
1760 1061 1837 1107 tot
1882 1051 2094 1107 codices

514 1158 671 1208 mss.,
716 1159 745 1197 a
795 1143 1041 1197 Marietto
1068 1158 1175 1197 non
1208 1144 1373 1209 visos,
1403 1143 1732 1212 perlegerem
1763 1151 1817 1197 et
1859 1141 2002 1195 inter
2034 1156 2093 1195 se

512 1235 932 1298 committerem;
958 1244 1070 1286 tum
1101 1234 1260 1286 ctiam
1300 1241 1441 1287 utea
1471 1247 1592 1301 qua:
1619 1232 1891 1285 Marieitus
1919 1230 2088 1283 minue

516 1326 722 1380 tissime
750 1325 1063 1378 charactere
1090 1325 1352 1389 exaravit,
1404 1324 1562 1393 plene
1605 1323 1731 1376 intel
1758 1321 1988 1388 igercm,
2035 1329 2091 1375 et

511 1418 827 1484 compendia
871 1415 1166 1471 litterarum
1197 1430 1314 1483 quae
1342 1415 1650 1479 adhibebat,
1684 1414 1923 1482 plurimis
1952 1413 2090 1468 inter

510 1522 568 1562 se
613 1508 937 1575 comparatis
991 1506 1123 1560 locis
1148 1550 1161 1573 ,
1192 1507 1459 1572 explicare
1489 1506 1705 1559 scirem.
1752 1505 1817 1557 Et
1864 1512 1923 1557 ut
1960 1518 2089 1558 vere

511 1598 718 1664 dicam,
754 1597 979 1652 Marietti
1012 1596 1314 1650 adversaria
1354 1596 1482 1650 milii
1510 1594 1807 1649 aurilodina
1843 1594 2085 1663 quaedam

510 1690 743 1753 luerunt,
775 1687 870 1742 sed
911 1701 979 1741 ex
1015 1703 1118 1757 qua
1166 1702 1352 1740 aurum
1390 1686 1623 1741 eli'odere
1668 1685 1820 1739 labor
1855 1686 1978 1745 luit,
2029 1694 2085 1739 et

2200 507 2354 576 regia:
2380 506 2690 559 bibliotheca:
2737 506 3145 575 (bibliothecam
3190 507 3541 563 Parisiensem
3587 509 3773 564 intelli-

2200 596 2274 664 git
2321 596 2744 651 Moutl‘auconins
2773 601 2815 663 ).
2864 598 2939 653 De
2983 599 3168 654 codice
3225 600 3606 655 Nediolanensi
3660 602 3772 657 vide

2200 705 2350 743 num.
2385 690 2454 743 75
2479 689 2679 744 et100.

2269 782 2357 833 81.
2402 780 2623 850 Pergam
2666 797 2729 835 ex
2759 782 3178 838 Montlanconio.
3227 782 3282 836 In
3314 783 3561 838 biblioth.
3592 782 3773 838 ϐουοο

2199 870 2352 922 niana
2386 870 2437 924 in
2464 871 2580 938 ejus
2610 882 2756 938 parte
2777 887 2896 941 quin
2922 873 3191 941 CleOpatra
3214 873 3539 937 inscribitur,
3564 875 3766 931 codex:

2195 962 2389 1015 Aurelii
2414 962 2681 1015 Prudentii
2706 964 2770 1015 de
2788 963 3070 1017 Virtutibus
3090 974 3135 1017 et
3162 962 3306 1018 Villis
3330 964 3768 1035 (Psycbomachia

2196 1050 2310 1106 haec
2350 1052 2490 1121 est).
2531 1052 2584 1107 In
2631 1052 2762 1106 bibl.
2808 1052 3088 1107 Bodleiana
3124 1053 3248 1107 eod.
3289 1053 3467 1108 2666:
3503 1054 3769 1108 Prudentii

2192 1145 2439 1213 pleraque
2465 1160 2580 1196 cum
2609 1144 3045 1200 adnotationibus.
3076 1146 3128 1199 Ιιι
3175 1146 3305 1199 bibl.
3337 1147 3541 1214 Anglic.
3570 1146 3623 1200 in
3659 1146 3767 1200 col-

2192 1234 2329 1304 legio
2349 1234 2557 1289 Oriensi
2579 1235 2819 1301 Oxoniic,
2854 1252 2999 1289 num.
3029 1250 3122 1290 seu
3152 1237 3275 1289 cod.
3306 1236 3413 1291 855
3436 1254 3449 1288 :
3473 1238 3604 1289 Aur.
3627 1235 3766 1289 Pru-

2191 1326 2347 1379 dentii
2390 1337 2623 1396 poemata
2688 1328 2875 1391 optime
2917 1328 3108 1396 scripta
3151 1328 3331 1379 litteris
3379 1328 3764 1393 antiquissimis.

2191 1417 2323 1471 lbid.
2373 1418 2425 1471 ili
2453 1418 2642 1486 colleg.
2691 1417 2789 1472 SS.
2838 1417 3113 1471 Trinitatis
3141 1417 3360 1471 Omnian
3406 1434 3549 1472 nunt.
3584 1418 3762 1472 2003:

2188 1506 2458 1561 Prudentii
2508 1524 2683 1578 opera.
2740 1507 2870 1563 Ibid.
2917 1508 2971 1560 in
3021 1524 3150 1562 mss.
3200 1508 3362 1562 lsaaci
3419 1506 3570 1561 Vossi
3619 1523 3762 1561 num.

2186 1597 2363 1653 2M9:
2400 1596 2669 1651 Prudentii
2695 1602 3043 1670 Ψυχομαχία.
3073 1598 3205 1652 Ibid.
3229 1600 3281 1652 in
3302 1598 3433 1652 bibl.
3466 1598 3765 1652 llibernicis

2187 1687 2240 1741 in
2269 1700 2398 1741 mss.
2428 1687 2647 1742 Thema:
2677 1687 2830 1754 Cale,
2877 1703 3024 1743 num.
3053 1688 3188 1744 6007
3224 1706 3237 1743 :
3268 1689 3465 1742 Aurelii
3495 1686 3764 1741 Prudeutii

510 1781 753 1835 molestia
785 1780 959 1835 fructu
984 1780 1175 1847 major.
1204 1778 1384 1845 Neque
1410 1780 1565 1833 facile
1587 1779 1706 1847 quis
1725 1816 1741 1840 .
1766 1777 1866 1831 nisi
1890 1792 2081 1845 esper-
2113 1767 2162 1828 Β
2184 1777 2439 1847 quedam.

511 1880 617 1935 tus,
647 1870 872 1934 credat,
902 1885 1060 1939 quam
1086 1869 1297 1937 plenum
1329 1869 1591 1923 molestia:
1611 1883 1746 1937 opus
1768 1868 1836 1921 sit
1868 1867 2082 1922 codices

510 1974 639 2013 mss.
670 1961 917 2013 evolvere
943 1958 1008 2012 ad
1038 1974 1218 2013 veram
1262 1958 1544 2013 lectionem
1583 1959 1877 2013 eruendam
1911 1975 1925 2011 :
1958 1974 2079 2012 nam

508 2065 681 2121 saepe,
730 2052 819 2104 ubi
849 2052 1071 2121 exiguus
1126 2050 1327 2104 fructus
1358 2059 1613 2120 apparet,
1647 2051 1935 2105 maximum
1963 2060 2081 2105 stu-

508 2145 651 2198 dium
682 2142 975 2198 adhibitum
1024 2143 1134 2214 69
1169 2142 1296 2209 luit,
1349 2151 1405 2198 et
1430 2143 1696 2198 interdum
1753 2142 1942 2208 etiam,
1993 2142 2081 2196 ubi

507 2237 686 2290 nullus
715 2252 727 2287 :
761 2234 1107 2304 quaerendum
1146 2234 1287 2288 enim
1327 2234 1429 2289 hoc
1459 2243 1592 2301 erat,
1625 2251 1691 2288 an
1716 2235 1875 2289 lectio
1905 2234 2081 2304 aliqua

507 2340 642 2379 nova
673 2325 789 2380 erui
820 2332 1025 2395 posset.
1054 2324 1348 2380 Obscuram
1375 2325 1706 2394 diligentiam
1734 2326 1972 2380 nonnulli
1993 2342 2085 2381 ac-

506 2416 771 2472 cusabunt
794 2461 810 2485 ,
838 2417 981 2487 quod
1013 2432 1229 2471 errores
1264 2417 1576 2472 manifestos
1605 2417 1848 2473 codicum
1878 2419 2082 2472 indica-

506 2511 700 2563 verim.
726 2509 924 2563 Verum
947 2524 1072 2564 cum
1096 2524 1284 2564 eorum
1310 2509 1400 2578 qui
1431 2519 1838 2577 praecesserunt,
1857 2525 2086 2578 praiser-

509 2601 604 2655 tim
637 2599 848 2654 Weitzii
880 2608 936 2655 et
967 2599 1169 2654 lleinsii
1211 2600 1448 2668 vestigiis
1476 2600 1785 2668 institerim,
1822 2601 1871 2654 id
1903 2600 2084 2655 utilius

508 2693 755 2763 praestiti,
784 2700 839 2747 ut
867 2701 1150 2747 eterrores
1180 2706 1301 2746 esse
1322 2692 1736 2760 declaraverim,
1764 2703 1817 2747 et
1847 2693 1900 2747 in
1928 2694 2084 2748 novis

506 2784 813 2857 aperiendis
842 2787 999 2854 longe
1023 2783 1233 2854 parcior
1260 2784 1473 2837 luerim.

575 2878 668 2933 80.
707 2877 857 2931 Nunc
899 2877 1035 2930 alios
1063 2876 1273 2930 codices
1316 2875 1578 2930 indicabo.
1620 2875 1773 2943 Apud
1822 2875 2085 2930 Montt‘an-

505 2971 716 3023 conium
748 2968 853 3023 loc.
882 2969 975 3022 cit.
1004 2984 1067 3021 ex
1097 2967 1416 3021 bibliotheca
1439 2967 1716 3021 Casinensi
1745 2968 1911 3023 codex
1941 2969 2078 3022 222:

506 3060 743 3116 Carmina
786 3059 855 3113 D.
891 3060 1152 3127 Prosperi,
1184 3069 1290 3115 etc.
1323 3057 1588 3112 Prudentii
1616 3060 1742 3113 liber
1774 3060 1837 3113 de
1877 3059 2082 3113 Colum-

2254 1869 2344 1927 82.
2387 1868 2527 1923 Idem
2560 1870 3007 1926 Montlauconius.
3046 1870 3100 1925 In
3131 1870 3259 1924 bibl.
3292 1870 3432 1938 regia
3478 1869 3763 1924 l‘arisiensi

2184 1962 2305 2017 cod.
2338 1961 2475 2015 4017
2514 1978 2529 2013 :
2582 1961 2855 2015 Prudentii
2897 1961 3074 2031 hymni
3101 1963 3279 2015 litteris
3308 1961 3607 2031 majusculis
3650 1978 3762 2028 sep-

2185 2054 2309 2106 timo
2336 2053 2538 2105 circiter
2581 2054 2767 2107 steculo
2795 2051 2978 2120 scripti
3060 2050 3161 2121 (a).
3198 2051 3351 2114 Ibid.,
3393 2051 3560 2103 codex
3594 2049 3761 2112 4018,

2187 2143 2362 2201 in-l'ol.
2395 2160 2564 2213 parvo
2586 2161 2600 2197 :
2626 2144 2957 2199 Prudentius.
2979 2144 3138 2207 Ibid.,
3167 2143 3478 2199 Prudentius
3501 2144 3619 2196 ιιι-4
3640 2142 3763 2196 cod.

2184 2235 2353 2304 4529,
2382 2238 2645 2302 secundo,
2675 2236 2837 2293 4550.
2888 2236 3042 2300 Ibid.,
3073 2236 3196 2290 cod.
3246 2237 3387 2291 6‘50
3422 2250 3440 2289 :
3492 2233 3764 2287 Prudentii

2186 2333 2432 2382 carmina.

2258 2425 2364 2494 70
2400 2426 2488 2481 85.
2528 2424 2658 2479 Item
2704 2439 2767 2476 es
2813 2420 3204 2476 Montt‘anconio
3244 2420 3296 2473 in
3346 2417 3592 2473 bibliotb.
3642 2414 3767 2471 Col-

2187 2516 2393 2569 bertina
2417 2515 2538 2570 cod.
2571 2516 2673 2569 857
2698 2532 2711 2566 :
2747 2513 2917 2578 Opera
2947 2512 3139 2565 Aurelii
3175 2509 3441 2563 Prudentii
3469 2508 3764 2562 Clementis.

2185 2606 2346 2671 Ibid.,
2372 2606 2493 2662 cod.
2529 2605 2706 2660 1683:
2737 2604 2928 2658 Aurelii
2960 2602 3224 2656 l’rudentii
3249 2616 3423 2668 Opera.
3453 2600 3609 2665 Ibid.,
3642 2598 3763 2653 cod.

2187 2698 2326 2754 1682
2357 2716 2368 2751 :
2406 2698 2599 2752 Aurelii
2643 2696 2909 2751 Clementis
2937 2693 3207 2748 Prudentii
3244 2708 3396 2760 opera
3435 2707 3551 2743 cum
3580 2692 3766 2760 glossis

2186 2789 2575 2858 marginalibus.
2624 2787 2776 2853 Ibid.,
2819 2786 2943 2840 cod.
2996 2785 3130 2842 4024
3160 2792 3215 2838 et
3260 2783 3393 2836 “ii
3443 2781 3767 2834 :Prudentit

2187 2897 2362 2949 opera.
2396 2881 2451 2934 ln
2487 2879 2615 2934 bibl.
2647 2878 3126 2934 Sin—Germanensi
3156 2874 3276 2929 cod.
3307 2873 3448 2929 5&0:
3495 2871 3767 2925 Prudentii

2186 2990 2358 3026 versus
2396 2979 2572 3023 contra
2602 2970 2963 3040 Symmachum
3004 2967 3123 3020 libri
3148 2966 3269 3029 duo,
3299 2980 3402 3017 uno
3435 2964 3768 3031 quaternionc

2185 3066 2381 3117 avulso.
2413 3063 2529 3116 Alia
2555 3061 2803 3130 opuscula
2832 3060 3038 3113 metiica
3076 3057 3301 3128 ejusdem
3329 3072 3393 3108 ne
3417 3056 3657 3108 Occiso.
3697 3053 3766 3104 De

508 3154 602 3209 bis.
656 3150 828 3206 Ραεωὶ
871 3168 1032 3222 poem:
1058 3153 1308 3216 carmina,
1342 3162 1444 3206 etc.
1480 3152 1582 3222 (de
1622 3153 1966 3220 inscriptione
1994 3155 2083 3207 illa
2111 3135 2156 3197 (ἶ
2192 3160 2252 3214 S.
2306 3158 2590 3226 Hippolyto
2632 3162 2854 3231 niartyre
2896 3152 2993 3224 (or:
3036 3154 3250 3204 Oceano
3278 3148 3385 3200 dixi
3434 3161 3579 3199 num.
3631 3147 3764 3207 64).

508 3246 572 3299 de
600 3245 854 3298 Columbis
886 3245 1001 3314 lege
1045 3260 1194 3298 num.
1224 3240 1358 3313 64.)
1388 3244 1543 3307 Ibid.,
1572 3245 1739 3299 codex
1774 3245 1876 3299 57A
1903 3262 1915 3296 :
1950 3242 2082 3297 Poe-

506 3345 642 3389 mata
676 3334 958 3389 Prudentii.
990 3334 1045 3388 ln
1091 3334 1336 3387 bibliotb.
1388 3335 1638 3388 Laurent.
1673 3334 1863 3388 Medic.
1897 3333 2081 3389 Piuteo

503 3428 575 3479 25
598 3426 717 3479 cod.
751 3442 843 3491 xv,
889 3426 1115 3479 membr.
1156 3424 1429 3478 Prurlentii
1453 3425 1730 3479 Christiani
1757 3435 1921 3495 poeta:
1968 3442 2081 3478 car-

504 3517 664 3571 mina.
695 3517 851 3581 lbid.,
884 3516 1023 3569 Plut.
1050 3515 1119 3571 54
1142 3516 1267 3571 cod.
1299 3532 1329 3568 ι.
1354 3533 1365 3568 :
1400 3514 1665 3569 Prudentii
1694 3516 1922 3569 carmina
1943 3532 2081 3586 qua:-

504 3606 624 3658 dain
657 3621 673 3660 :
719 3605 839 3659 linis
868 3604 1220 3660 desideratur.
1252 3605 1307 3659 In
1340 3605 1470 3659 bibl.
1505 3606 1811 3660 Florentina
1858 3608 2085 3663 Benedi-

503 3698 795 3752 etinorum:
824 3696 1094 3752 Prudentii
1114 3702 1177 3751 de
1207 3698 1355 3753 Novo
1381 3708 1428 3751 et
1459 3698 1625 3752 Veteri
1647 3698 1966 3755 Testamento
1995 3717 2082 3753 cc-
2134 3748 2135 3751 η

503 3790 602 3842 dea:
640 3805 831 3853 recens,
862 3788 963 3843 hoc
987 3797 1070 3843 est
1095 3790 1470 3844 Dittocbaeum.
1498 3790 1572 3844 Ex
1598 3791 1785 3846 eodem
1817 3792 2083 3846 Mentiun-

502 3881 662 3936 couio
688 3882 741 3935 in
787 3881 1102 3937 bibliotheca
1137 3882 1406 3949 Patavina,
1453 3898 1547 3938 seu
1579 3898 1764 3938 musco
1806 3885 2080 3940 Laurentii

504 3972 735 4044 Pignorii
778 3992 792 4027 :
842 3973 1112 4028 Prudentii
1158 3974 1445 4047 Diptychon
1485 3976 1657 4045 (Vide
1699 3994 1839 4031 num.
1868 3978 1986 4047 66).
2023 3981 2078 4035 In

500 4063 629 4118 bibl.
669 4064 953 4122 Mediolan.
989 4066 1336 4121 Ambrosiam:
1372 4084 1383 4118 :
1418 4067 1686 4121 Prudentii
1730 4084 1925 4134 opera;
1958 4085 2077 4136 per-

499 4173 642 4228 gam.
686 4158 861 4213 bomb.
896 4157 1165 4212 Prudentii
1193 4160 1352 4213 eodem
1380 4159 1487 4219 (ait
1518 4160 1972 4230 Mentiauconius)
2005 4178 2074 4215 vn

500 4252 571 4303 vel
602 4264 691 4303 vnt
716 4265 833 4303 uec.
860 4265 879 4303 :
904 4260 1007 4303 tam
1044 4260 1249 4304 remota:
1289 4252 1601 4321 antiquitatis
1628 4253 1714 4305 via".
1737 4252 1895 4305 alium
1923 4254 2076 4326 hujus

499 4413 613 4463 item
641 4425 746 4463 esse
771 4408 820 4461 in
851 4409 941 4479 illo
972 4408 1236 4461 lectionem
1258 4448 1271 4470 ,
1307 4423 1420 4469 qua:
1457 4417 1529 4460 est
1567 4408 1622 4460 in
1650 4417 1835 4461 nostra.
1870 4406 2061 4479 Eodem
2093 4411 2142 4471 ι)
2166 4421 2216 4462 et
2274 4407 2565 4479 Epiphania
2619 4400 2854 4479 pomini.
2883 4404 3121 4479 —-_0ile_,
3164 4398 3324 4479 Pius,

498 4481 627 4533 libro
650 4496 770 4532 usus
793 4488 863 4532 est
894 4477 1198 4542 Giphanius,
1218 4489 1263 4530 et
1278 4493 1371 4530 nos
1386 4479 1522 4530 nacti
1531 4490 1702 4530 sumus
1716 4493 1867 4543 opera
1893 4478 2059 4531 Putris

500 4551 717 4603 Uorradi
744 4548 922 4603 Viteri.
942 4547 1003 4601 1η
1030 4548 1203 4600 eadem
1218 4548 1277 4601 S.
1294 4545 1549 4600 Emerami
1565 4547 1858 4600 bibliotheca
1875 4557 1943 4599 est
1965 4548 2069 4601 Lu-

500 4637 659 4674 canus
688 4619 926 4684 optimus,
946 4628 996 4670 et
1022 4618 1549 4685 [Jonatigrainmatica
1572 4620 1694 4670 satis
1708 4618 1937 4682 antiqua.
1954 4620 2071 4671 etin

499 4690 734 4747 sacristia
758 4687 1127 4741 Testamentum
1154 4686 1376 4749 Novum,
1403 4690 1645 4755 scriptum
1674 4689 1851 4741 litteris
1878 4689 2074 4755 majus-

502 4761 630 4813 culis
653 4767 811 4811 totum
826 4766 940 4811 ante
952 4755 1055 4811 800
1073 4774 1231 4810 annos
1260 4758 1647 4823 elegantissime.
1665 4758 1778 4811 Hoc
1806 4767 1932 4825 puto
1952 4774 2072 4812 esse

500 4829 898 4883 Testamentum
915 4826 1141 4889 Novam,
1156 4827 1306 4893 cujus
1320 4827 1477 4878 Variae
1492 4828 1748 4882 lectiones
1762 4828 2008 4893 prodiero
2019 4837 2074 4881 ut

500 4896 912 4952 annoi786hac
935 4897 1278 4966 inscriptione
1312 4893 1649 4950 :Dissertatio
1683 4904 1736 4949 in
1765 4911 2073 4957 aureum,ac

502 4978 835 5039 pugilatum
866 4966 971 5039 S.
997 4965 1390 5039 Evangeliorum
1413 4967 1633 5039 codicem
1660 4983 1756 5018 ms.
1780 4968 2071 5039 monasterii

505 5035 565 5095 S.
590 5036 848 5091 Emerami
865 5035 1175 5092 Ratisbonw.
1200 5039 1415 5090 Auctore
1437 5035 1500 5088 P.
1532 5035 1847 5090 Colontanno
1873 5036 2068 5105 Sanftl,

503 5110 683 5161 litteris
705 5107 922 5161 Joannis
946 5108 1212 5160 Michaelis
1241 5107 1505 5173 Englerth,
1531 5107 1691 5171 I786,
1726 5107 1859 5159 ιιι-4.
1885 5108 2075 5159 Asser-

503 5191 657 5232 vatus
685 5188 800 5232 erat
824 5178 909 5231 hic
937 5179 1103 5230 codex
1133 5178 1184 5231 in
1228 5178 1451 5229 ecclesia
1487 5176 1793 5228 monasterii
1827 5176 1885 5230 S.
1920 5177 2073 5231 Enic-

505 5250 635 5302 rami
665 5265 694 5302 a
719 5250 997 5317 nongentis
1025 5248 1135 5301 fere
1161 5246 1401 5308 annis,nt
1429 5246 1644 5317 exponit
1666 5255 1851 5317 aut-tor
1871 5246 2073 5299 disser-

504 5318 718 5373 tationis
747 5320 798 5371 in
833 5314 1158 5380 praefatione.
1188 5317 1333 5369 Ordo
1362 5314 1561 5370 cndicis
1592 5315 1994 5369 liatisbonensis
2038 5331 2067 5368 tt

504 5390 746 5443 Marietto
777 5388 972 5441 relatus
1001 5399 1085 5440 est
1107 5428 1122 5449 ,
1154 5387 1425 5454 prmiatio,
1470 5384 1569 5437 Per
1604 5388 1968 5453 quinquennia.
2002 5415 2071 5426 ——

505 5458 694 5527 Ilymui
719 5458 901 5511 decem
932 5456 1352 5512 Cathemerian
1373 5501 1386 5523 ,
1411 5466 1466 5508 ιιι
1494 5456 1548 5508 in
1576 5458 1831 5527 vulgatis,
1862 5454 2071 5508 duobus

502 5526 787 5593 postremis
819 5528 1027 5594 rejectis
1057 5528 1106 5579 in
1138 5529 1295 5581 alium
1330 5528 1523 5579 lorum.
1552 5557 1622 5566 ——
1643 5526 2068 5592 I‘eristephanoon

505 5599 685 5668 hymni
716 5596 995 5668 duodecim
1018 5640 1031 5655 ,
1061 5605 1118 5648 ut
1148 5598 1197 5650 in
1225 5597 1408 5650 codice
1439 5596 1946 5668 Florentinopnum.
1969 5595 2069 5668 bii.

508 5664 622 5720 Sim
671 5668 907 5721 sensibus
952 5664 1319 5720 (.mistantina:
1359 5678 1409 5720 et
1449 5666 1505 5721 ὃ.
1537 5666 1748 5720 Damasi
1779 5667 1830 5719 in
1862 5666 2069 5718 laudem

508 5754 569 5796 cu
598 5741 787 5810 Agnes.
823 5738 943 5793 Post
971 5736 1225 5807 hymnum
1246 5738 1303 5793 S.
1324 5737 1579 5797 Romani.
1599 5736 1778 5802 hymni
1801 5736 1867 5790 de
1888 5735 2065 5799 natali,

2188 3249 2346 3312 Ibid.,
2401 3249 2453 3301 in
2514 3247 2661 3301 bibl.
2720 3243 3050 3298 Mnrbacensi
3095 3258 3107 3292 :
3159 3238 3501 3300 Prudentius,
3555 3235 3764 3298 itt-fol.,

2188 3343 2414 3396 membr.
2446 3340 2501 3393 ln
2532 3338 2660 3393 bibl.
2690 3335 2997 3391 monasterii
3030 3334 3090 3390 Β.
3112 3332 3289 3387 Maria:
3312 3331 3381 3384 de
3412 3330 3600 3386 Becco.
3632 3327 3763 3381 cod.

2191 3434 2290 3486 138
2315 3450 2326 3485 :
2362 3431 2553 3483 Aurelii
2579 3427 2846 3482 Prudentii
2865 3429 2984 3500 περὶ
3004 3425 3255 3496 Στεφάνων
3273 3465 3287 3488 ,
3317 3438 3410 3474 seu
3434 3421 3498 3473 de
3523 3418 3762 3481 Coronis,

2188 3526 2320 3580 iii-8.
2370 3523 2538 3587 Ibid.,
2586 3522 2637 3574 in
2671 3520 2799 3573 bibl.
2842 3516 3149 3570 monasterii
3197 3515 3246 3566 in
3298 3512 3540 3567 Pericula
3570 3511 3766 3574 maris,

2186 3619 2306 3672 eod.
2338 3617 2443 3671 6'2:
2475 3613 2741 3667 Prudentii
2762 3626 2937 3681 opera.
2963 3610 3017 3662 In
3044 3607 3171 3661 bibl.
3203 3606 3261 3661 S.
3294 3604 3522 3658 Victoris
3553 3602 3763 3655 Paris.:

2188 3706 2496 3760 Prudentius
2523 3714 2701 3757 metro.
2747 3702 2800 3755 In
2836 3699 2963 3754 bibl.
3004 3712 3134 3752 mss.
3164 3697 3220 3749 S.
3251 3693 3458 3749 Martini
3479 3693 3545 3745 de
3580 3692 3765 3745 Seez:

2184 3800 2454 3854 Tractatus
2499 3812 2648 3863 super
2685 3794 2994 3861 :Ediﬁcium
3030 3788 3303 3844 Prudenlii
3332 3785 3436 3859 (de
3461 3799 3569 3854 quo
3592 3797 3768 3852 opem

2182 3891 2401 3948 consule
2442 3906 2497 3942 ιι.
2528 3887 2652 3955 05).
3423 3939 3426 3941 Α

2253 3984 2341 4037 8i.
2382 3979 2642 4035 Nonnulla
2688 3976 2940 4046 opuscula
2994 3982 3241 4044 separata
3289 3977 3569 4027 enumerat
3614 3966 3764 4020 idem

2183 4072 2626 4127 Montlauconins.
2660 4068 2712 4121 In
2746 4067 2873 4121 bibl.
2924 4065 3065 4132 regia
3107 4058 3540 4129 Parisiensicod.
3574 4058 3765 4112 6016:

2178 4162 2448 4217 Prudentii
2486 4156 2871 4216 Stichomachia
2914 4154 3155 4225 (corrige
3184 4148 3656 4221 Psychomachia).
3709 4148 3765 4199 In

2178 4252 2422 4308 biblioth.
2474 4249 2766 4305 academia:
2813 4246 3045 4302 Paulina:
3092 4240 3384 4309 Lipsiensis
3420 4254 3437 4292 :
3487 4236 3766 4290 Prudmtii

3372 4396 3559 4465 ﬁdelis,
3610 4397 3760 4448 inno-

2176 4466 2410 4533 cens.'—'—
2440 4475 2815 4532 Dittochzcum.
2844 4502 2916 4513 —
2947 4471 3287 4538 Apotheosis.
3321 4498 3391 4508 —
3417 4466 3757 4538 llamartige-

2175 4552 2281 4603 nia.
2316 4577 2386 4591 —-
2417 4545 2854 4601 Psvcbomachia.
2883 4572 2954 4583 —-
2999 4542 3140 4596 Libri
3176 4541 3282 4593 duo
3309 4538 3571 4590 adversus
3599 4537 3758 4603 Sym-

2175 4618 2444 4674 machum.
2488 4607 2565 4671 De
2612 4614 2887 4669 codicibus
2934 4612 3187 4679 Prageosi
3221 4619 3274 4662 et
3304 4607 3594 4661 Viennensi
3626 4606 3759 4657 nihil

2174 4692 2442 4757 peculiare
2465 4684 2821 4757 animadverit
2837 4684 3130 4757 Morientis.
3149 4680 3507 4757 Viennensem
3536 4680 3623 4757 ait
3638 4689 3763 4728 esse

2172 4749 2521 4813 iueudosnm:
2552 4772 2657 4825 quo
2686 4756 2859 4826 solum
2894 4749 3316 4826 Psychomacbia
3347 4762 3517 4826 neque
3549 4749 3760 4826 integra

2172 4831 2497 4892 continetur,
2547 4817 2605 4879 ut
2647 4826 2700 4878 in
2743 4825 2861 4893 ipso
2889 4817 3423 4893 opereunotabimns.
3470 4817 3765 4893 ngciisis

2176 4898 2433 4953 lectiones
2458 4884 2727 4950 variantes
2764 4884 2892 4963 sunt
2927 4884 3001 4946 ἐκ
3043 4890 3184 4963 libro
3207 4890 3526 4963 tignuarium
3560 4884 3763 4963 Gathe-

2175 4972 2449 5035 mt‘l'ittrull,
2476 4964 2793 5031 Apotheosi,
2818 4960 3241 5035 Hamartigenia,
3263 4955 3579 5035 Dittochai-ol
3608 4955 3763 5035 li'l'iris

2172 5051 2357 5091 contra
2392 5022 2917 5108 S'yininachtim,sed
2950 5032 3002 5108 in
3039 5022 3132 5084 lib.
3154 5045 3191 5082 ιι
3214 5069 3232 5089 ,
3262 5043 3292 5081 a
3320 5042 3480 5081 versu
3510 5025 3576 5077 l'i
3624 5022 3766 5076 Παῖς

2172 5109 2257 5161 ubi
2280 5102 2824 5177 dicta'dedit,ireliq-ui
2853 5102 3250 5177 desiderantur.
3484 5164 3517 5177 __

2248 5180 2322 5246 (τι)
2366 5178 2512 5230 llanc
2545 5176 2699 5229 habet
2734 5176 2791 5246 in
2815 5173 3076 5246 principio
3106 5178 3283 5246 notam
3315 5173 3519 5246 recenti
3550 5176 3715 5244 manu
3745 5178 3761 5212 :

2175 5236 2587 5300 Prudentiilibcr
2604 5236 2875 5298 secundus.
2901 5236 3318 5294 Cathemerinsm.
3345 5236 3762 5300 Hamortigcwia.

2174 5317 2546 5385 Psychomachi
2573 5318 2590 5385 (
2613 5317 2713 5375 sic,
2739 5315 2853 5377 lege
2876 5309 3327 5386 Psychomacliia).
3364 5305 3442 5386 Ea:
3483 5304 3765 5386 libro~

2176 5372 2432 5459 στίφὰνν
2461 5372 2676 5459 hymnus
2701 5372 2770 5459 ξ]
2785 5372 3156 5459 δᾼηιιιιξιςζὶὺιω
3184 5372 3471 5459 {lanigeri-9‘

2174 5440 2333 5511 (ionio
2363 5440 2788 5523 Calagurritanis.
2817 5452 2880 5523 2°
2913 5440 3300 5523 D.vLaurett.'i_o.
3328 5448 3395 5523 ἕο

2178 5526 2468 5580 Octodecim
2486 5512 2790 5594 martyribus
2811 5519 3299 5594 Ciusarauguslanis:
3325 5515 3381 5571 5'
3405 5513 3464 5565 Β.
3494 5512 3764 5594 Vincener's'

2173 5599 2517 5664 imperfectus.
2542 5582 2721 5649 Codex
2754 5582 3143 5664 ἱιι-[υΙηρειι-ἶνιι.
3179 5590 3250 5640 De.
3281 5583 3593 5664 hor-“codice
3623 5582 3768 5637 vide

2176 5656 2321 5722 nunt.
2352 5667 2442 5731 80,
2470 5676 2526 5721 ct
2552 5666 2909 5734 praelationem
2944 5660 3141 5715 Ileinsii
3174 5672 3319 5712 nam.
3348 5656 3469 5711 100.
