4016 6182
254 268 361 334 633

1607 268 2143 356 circumustum.

3426 280 3530 335 671

252 384 678 456 Psychomochia.
713 386 959 457 Ejusdem
989 388 1375 456 Hamartigenia
1402 396 1581 441 contra
1608 385 1837 441 Marciae
1862 392 1917 447 Α
2013 389 2104 445 87.
2148 389 2403 460 Sequitur
2431 390 2483 446 in
2509 390 2698 447 eodem
2720 390 2928 457 codice,
2960 404 3078 460 pag.
3113 388 3173 447 8|
3216 410 3228 446 :
3260 392 3530 449 Prudentii

253 476 409 531 nitas.
441 477 497 528 In
528 476 655 530 bibl.
686 478 893 546 cttllcgii
923 478 1017 533 SS.
1053 479 1327 533 Trinitatis
1356 479 1493 542 apud
1515 478 1796 531 Dublinnm
1822 495 1835 531 :

251 569 450 620 Aurelii
481 567 749 622 Prudentii
778 571 829 622 in
874 582 1139 640 utrumque
1183 570 1561 624 Testamentum
1594 570 1842 624 Τριταιιὶ-

251 660 373 714 cita.
404 660 530 714 llsec
558 670 820 730 suntquae
849 677 918 715 ex
949 662 1341 717 Montl‘auconio
1366 661 1633 730 excerpsi,
1664 661 1717 713 in
1743 676 1837 713 cu-

250 749 334 819 ius
366 749 543 804 indice
571 751 760 805 iterum
790 766 986 806 moneo
1015 753 1114 806 sub
1138 753 1293 807 unius
1323 752 1594 806 Prudentii
1626 751 1841 805 nomine

252 848 541 909 utrumque
590 841 974 907 Prudentium,
1022 842 1343 897 Trecensem
1393 844 1737 910 episcoivnm,
1787 848 1842 893 et

252 934 395 986 hunc
420 941 661 986 nostrum
686 932 959 987 Aurelium
982 933 1385 999 comprehendi.
1407 932 1678 986 Prndentii
1708 932 1841 985 Tre-

248 1023 429 1077 censis
458 1038 617 1091 Opus,
649 1024 915 1091 Praecepta
955 1042 1019 1078 ea:
1057 1024 1226 1078 Veteri
1266 1036 1311 1076 et
1345 1023 1492 1076 Novo
1520 1021 1840 1075 Testamento

251 1133 345 1182 pro
372 1117 701 1183 ordinandis,
734 1117 873 1186 quod
924 1117 1089 1171 semel
1121 1124 1177 1170 et
1205 1117 1395 1171 iterum
1426 1117 1655 1170 occurrit
1699 1114 1839 1181 apud

248 1206 727 1271 Montt'uticonium,
758 1206 1187 1271 distinguendum
1226 1213 1310 1261 est
1352 1205 1420 1259 ab
1468 1204 1670 1260 Aurelii
1701 1204 1839 1258 Pru-

247 1297 416 1352 dentii
461 1296 785 1351 Tetrasticliis
812 1297 876 1351 de
906 1297 1075 1351 Veteri
1094 1308 1142 1351 et
1174 1296 1223 1350 Ν
1231 1313 1322 1350 ovo
1355 1296 1690 1351 Testamento.

317 1387 410 1441 85.
458 1386 693 1455 Angelus
722 1388 793 1442 M.
830 1387 1119 1441 Bandinius
1149 1388 1200 1440 in
1231 1388 1475 1457 catalogo
1506 1386 1665 1440 codd.
1708 1402 1837 1443 mss.

248 1476 498 1532 bibliotb.
555 1475 713 1531 Laur.
767 1476 1005 1530 Florent.
1059 1476 1231 1547 magis
1280 1477 1514 1530 dilucide
1566 1479 1840 1547 magisque

249 1567 506 1623 distincte
532 1582 694 1635 Opera
724 1568 999 1624 Prndentii
1047 1579 1313 1633 recenset,
1348 1584 1413 1623 ex
1441 1585 1547 1640 quo
1598 1569 1712 1624 haec
1739 1570 1837 1625 de-

246 1674 467 1729 prome.
502 1660 656 1714 Tum.
691 1660 731 1725 1,
764 1661 867 1715 col.
898 1662 1001 1716 720
1028 1670 1084 1716 et
1120 1676 1274 1731 seqq.
1318 1662 1457 1716 Plut.
1489 1663 1579 1726 ‘23,
1608 1663 1735 1717 cod.
1770 1665 1838 1718 15

1944 482 2069 535 liber
2095 481 2422 548 Ditrocheus,
2450 484 2541 552 qui
2560 484 2851 537 continetur
2877 482 2931 536 in
2956 483 3141 537 Titulis
3163 484 3486 538 historiarum
3510 502 3531 541 :

1941 572 1995 625 in
2028 571 2356 627 editionibus
2384 575 2681 642 appellatur
2720 572 3037 644 Diptgchon.
3090 574 3214 643 Pag.
3247 575 3315 629 86
3340 615 3355 637 ,
3398 577 3531 629 liber

1944 664 2243 733 Apotheosis
2269 664 2526 720 adversus
2548 667 2799 728 haereses,
2827 666 2908 719 cui
2942 666 3245 734 pra-cedunt
3270 667 3377 721 duo
3404 684 3531 732 pro-

1944 753 2045 821 logi
2080 771 2097 809 :
2127 754 2183 806 1⁰
2208 770 2331 807 cum
2365 756 2537 821 titulo,
2583 755 2765 808 Versus
2794 755 2858 806 de
2889 754 2949 810 S.
2982 754 3263 819 Trinitate;
3292 757 3350 809 2‘
3379 755 3530 809 luve-

1941 845 2070 896 ctiva
2112 854 2291 898 contra
2320 860 2492 899 attines
2527 845 2761 899 Iutreses.
2811 846 2864 899 In
2898 847 3086 899 codiice
3126 847 3263 898 nulla
3298 848 3528 915 capitum

1942 935 2133 989 divisio
2161 936 2253 998 lit,
2285 938 2377 989 sed
2406 944 2609 989 tantum
2636 937 2699 990 ad
2734 948 2887 1004 caput
2920 938 3061 1004 quod
3104 938 3156 990 in
3185 938 3420 991 editione
3451 941 3532 991 in—

1942 1025 2196 1080 scribitur
2226 1042 2240 1079 :
2275 1026 2530 1081 Adversus
2564 1027 3030 1095 Phantasmaticos,
3065 1029 3151 1082 hic
3179 1029 3363 1082 titulus
3394 1029 3527 1096 ivgi-

1945 1127 2029 1171 tur
2061 1134 2075 1171 :
2104 1118 2328 1185 Explicit
2352 1121 2653 1188 Apotheosis
2677 1131 2852 1173 contra
2880 1138 3049 1174 omnes
3071 1123 3304 1174 haereses.
3341 1121 3528 1189 Incipit

1942 1218 2122 1263 contra
2147 1211 2481 1265 Manichceos.
2510 1212 2637 1279 Pag.
2673 1214 2773 1269 106
2797 1231 2810 1266 :
2846 1215 3097 1267 Adversus
3124 1215 3529 1277 blasphemantes

1942 1301 2072 1353 duos
2101 1303 2222 1355 deos
2242 1318 2368 1370 esse,
2394 1318 2488 1357 seu
2513 1304 2710 1373 potius,
2742 1314 2797 1358 ut
2823 1305 3129 1359 inscribitur
3153 1307 3204 1358 in
3231 1306 3384 1366 cdit.,
3420 1306 3525 1358 ﬂa-

1942 1395 2242 1464 martigenia
2271 1409 2393 1448 cum
2420 1396 2665 1466 prologo,
2692 1398 2778 1451 cui
2805 1399 2990 1451 titulus
3024 1414 3037 1448 :
3066 1396 3320 1467 Prologus
3341 1398 3526 1451 adrer-

1940 1501 2029 1539 sus
2060 1484 2417 1542 Marcionitas.

2011 1579 2117 1648 72
2157 1579 2244 1632 88.
2288 1578 2416 1643 Patr.
2446 1578 2567 1634 191.
2596 1579 2653 1633 In
2683 1576 3065 1650 Symmachum
3094 1576 3219 1634 libri
3249 1580 3375 1645 duo,
3403 1596 3524 1636 cum

1941 1669 2165 1736 prologo
2217 1669 2270 1720 in
2321 1669 2582 1738 singulos.
2634 1668 2844 1724 Relatio
2893 1669 3199 1739 Symmachi
3248 1672 3299 1724 in
3344 1673 3526 1726 codice.

250 1752 639 1816 membranae,
670 1750 852 1806 in-iol.
885 1753 1069 1806 saeculi
1103 1768 1190 1817 xv,
1235 1752 1567 1807 nitidissimis
1590 1768 1712 1807 cum
1743 1755 1841 1807 ini-
1866 1759 1919 1819 Β
1943 1757 2161 1813 at‘fortor
2184 1759 2352 1812 divisa
2382 1760 2432 1812 in
2463 1761 2655 1827 capita,
2686 1775 2777 1812 seu
2809 1761 3072 1814 sectiooes
3100 1761 3221 1814 libri
3250 1776 3306 1814 ιι.
3340 1764 3390 1814 In
3426 1766 3527 1816 line

253 1843 471 1897 tialibus
503 1843 757 1897 librorum
786 1843 978 1897 litteris
1004 1844 1205 1909 aureis,
1241 1844 1293 1898 in
1317 1860 1425 1913 quo
1444 1845 1703 1913 plurimas
1729 1862 1838 1900 non

245 1934 380 1988 levis
408 1934 662 1988 momenti
688 1933 943 1988 lectiones
969 1934 1274 1989 observavit
1304 1934 1613 2004 Bandinius,
1637 1936 1705 1988 ab
1726 1936 1837 1990 edi-

246 2024 485 2078 tionibus
508 2025 610 2078 illis
630 2040 762 2093 quas
783 2039 893 2093 prae
915 2024 1161 2081 manibus
1178 2025 1368 2079 habuit
1390 2027 1677 2081 variantes.
1693 2027 1842 2083 Titu-

244 2116 329 2171 lus
356 2127 443 2170 est
473 2134 488 2170 :
518 2116 786 2171 Prudentii
812 2115 1089 2171 Christiani
1115 2119 1369 2175 carmina.
1412 2119 1726 2174 Addendutn
1756 2130 1841 2176 est

246 2217 430 2262 tamen
456 2225 471 2261 :
504 2206 563 2261 C.
616 2208 791 2277 Vectii,
823 2208 1064 2277 Iuvenci,
1093 2208 1277 2266 Proba:
1300 2210 1600 2281 Falconite,
1634 2213 1841 2269 Sedulii

245 2308 293 2352 et
322 2300 558 2351 Aratoris
586 2299 816 2353 carmina
841 2299 937 2371 (ι).

320 2391 427 2460 71
467 2390 556 2445 86.
595 2390 655 2444 In
702 2392 807 2445 hoc
842 2391 1027 2446 codice
1061 2399 1183 2459 post
1235 2391 1295 2445 S.
1328 2391 1548 2460 Agnetis
1578 2390 1834 2462 hymnum

245 2495 609 2537 aunecmntur
630 2498 814 2537 versus
842 2482 1228 2551 Constantium,
1255 2484 1587 2539 Con~tantini
1618 2486 1756 2551 Μὴν,
1786 2486 1838 2539 in

245 2573 511 2628 honorem
541 2574 599 2631 S.
632 2576 875 2646 Agnetis,
901 2587 955 2631 et
983 2592 1172 2632 vetsus
1202 2577 1260 2633 S.
1291 2578 1498 2632 Damasi
1523 2578 1594 2631 de
1622 2580 1835 2644 eadem,

245 2670 335 2737 qui
367 2669 629 2739 incipiunt
656 2669 709 2723 in
736 2684 860 2735 ms.,
917 2668 1085 2724 Fama
1112 2675 1266 2741 refert
1302 2684 1503 2726 sanctos
1529 2673 1724 2726 dudum
1761 2691 1841 2725 re-

245 2760 385 2827 gulis
414 2770 729 2833 reparantes.
758 2762 983 2817 Exstant
1012 2764 1223 2831 utrique
1248 2764 1304 2817 in
1334 2764 1465 2819 edit.
1499 2764 1666 2819 Paris.
1703 2765 1837 2818 Bibl.

244 2851 350 2907 SS.
382 2852 487 2906 PP.
518 2868 605 2909 an.
656 2853 795 2908 1645
823 2893 841 2918 ,
890 2854 979 2908 ubi
1024 2868 1209 2909 versus
1248 2856 1307 2911 S.
1340 2855 1552 2910 Damasi
1585 2856 1790 2924 primus
1824 2875 1836 2910 :

245 2943 421 2997 Fama
454 2951 609 3017 refert
638 2954 841 3001 sanctos
858 2947 1074 3001 ~dudum
1102 2950 1332 3018 genuisse
1359 2960 1610 3020 parentes.
1641 2951 1698 3003 in
1727 2951 1843 3004 edi-

247 3036 399 3091 tione
426 3036 801 3092 desiderantur
830 3039 938 3095 duo
971 3053 1155 3095 versus
1183 3037 1547 3095 Constantina
1575 3057 1590 3093 :

1945 1850 2139 1917 legitur
2171 1852 2284 1904 hac
2321 1851 2641 1916 subscriptio
2671 1850 2845 1904 rubris
2876 1850 3065 1903 litteris
3096 1867 3111 1902 :
3149 1850 3370 1917 Explicit
3402 1852 3527 1905 liber

1941 1942 2196 1995 secundus
2231 1952 2408 1994 contra
2439 1941 2807 2009 Symmachum
2837 1942 2899 1992 de
2930 1942 3240 1993 restituenda
3266 1958 3375 1995 ara.
3423 1942 3527 1995 Dco

1920 2030 2139 2096 'semper
2205 2033 2415 2099 gratias.
2497 2031 2761 2101 Scriptum
2832 2029 3107 2085 Florentia
3158 2049 3295 2085 anno
3347 2036 3527 2087 salutis

1945 2136 2316 2176 lccccuxxtx
2344 2164 2360 2184 ,
2402 2132 2445 2175 et
2491 2124 2572 2176 die
2610 2138 2735 2177 xxiv
2776 2124 2962 2175 mensis
3000 2121 3325 2178 Novembris.
3370 2123 3523 2188 Laus,

1943 2211 2131 2273 honor.
2161 2214 2431 2279 imperium
2451 2224 2498 2267 et
2520 2215 2684 2283 gloria
2706 2214 2769 2266 sit
2791 2215 3120 2277 omnipotenti
3145 2213 3267 2267 Jmt
3302 2214 3522 2281 Christo,

1941 2307 2154 2374 ejusque
2187 2308 2338 2358 alma;-
2363 2307 2597 2375 genitrici
2623 2322 2817 2376 semper
2843 2306 3024 2374 uirg‘ni
3062 2304 3247 2359 Maria:
3273 2322 3360 2371 per
3402 2309 3525 2376 inﬁ-

1943 2395 2051 2447 nita
2074 2394 2378 2449 steculorum
2406 2397 2612 2450 siccata.
2645 2396 2888 2449 Omnium
2916 2412 3085 2449 rerum
3107 2398 3401 2452 vicissitudo
3433 2408 3525 2453 cst.

1945 2486 2237 2543 Bandinius
2258 2503 2355 2558 pro
2380 2499 2529 2543 certo
2561 2488 2721 2543 habet
2747 2490 2889 2541 hunc
2912 2487 3151 2542 codicem
3182 2504 3245 2542 ex
3278 2492 3526 2543 vetustis-

1942 2585 2081 2636 simo
2112 2582 2293 2651 aliquo
2328 2589 2384 2635 ct
2424 2581 2631 2648 Optimo
2661 2583 2952 2648 exemplari
2983 2581 3145 2635 fuisse
3180 2582 3525 2646 descriptum.

1948 2670 2079 2726 Vide
2106 2682 2284 2725 notant
2316 2673 2366 2736 b,
2398 2686 2518 2744 pag.
2545 2672 2639 2738 66,
2671 2690 2816 2728 num.
2851 2675 2917 2729 79
2940 2675 3076 2747 (Col.
3105 2674 3231 2740 6‘29,
3262 2690 3316 2728 η,
3348 2671 3423 2740 b).

2014 2763 2106 2817 89.
2148 2763 2319 2817 Τοιηο
2351 2765 2389 2817 ll
2418 2764 2658 2832 ejusdem
2691 2768 2946 2836 catalogi,
2972 2766 3221 2821 columna
3256 2764 3378 2828 166,
3411 2764 3527 2817 ῐδῐιι-

1946 2862 2032 2908 leo
2064 2870 2223 2907 xxxiv
2272 2854 2441 2909 codex
2476 2855 2515 2908 L
2544 2856 2683 2910 Petri
2716 2856 2902 2911 Ct‘ittiti
2938 2875 3094 2911 manu
3134 2858 3226 2910 sed
3255 2857 3529 2911 celerrimo

1945 2945 2268 3015 descriptus,
2299 2948 2384 3001 ubi
2412 2963 2529 3017 pag.
2553 2950 2625 3003 26
2646 2952 2884 3017 sequitur
2912 2951 3011 3002 alia
3043 2966 3197 3002 manu
3228 2968 3241 3001 :
3272 2949 3346 3001 Μ.
3374 2951 3531 3001 Aure-

1944 3037 2005 3090 lii
2045 3035 2318 3091 Prudentii
2362 3039 2634 3093 Clementis
2677 3039 3108 3105 Cathemerinon,
3157 3041 3362 3094 scilicet
3399 3055 3530 3107 pra--

311 3148 503 3198 Νοωέη
532 3151 687 3199 δάπιδα
711 3151 960 3216 referens,
985 3159 1036 3200 ει
1058 3163 1253 3213 corpus,
1273 3153 1511 3201 «omnia
1526 3154 1772 3213 membra,
1861 3122 1911 3187 C
1945 3126 2075 3182 fatio
2098 3132 2276 3197 operis
2292 3170 2309 3194 ,
2332 3138 2388 3184 et
2408 3144 2499 3183 sex
2523 3137 2809 3198 sequentes
2830 3129 3013 3199 hymni
3039 3145 3203 3198 usque
3226 3131 3289 3182 ad
3316 3146 3528 3183 versum

310 3214 354 3259 Α
377 3214 551 3259 mortis
574 3213 795 3262 tenebris
820 3221 872 3265 et
892 3213 1017 3263 caeca
1041 3216 1187 3264 necte
1211 3214 1389 3273 levata,

241 3316 337 3383 qui
370 3316 617 3383 leguntur
652 3316 709 3372 in
742 3318 929 3373 codice
956 3329 1077 3384 post
1107 3333 1355 3381 versum,
1392 3315 1647 3372 Invictum
1675 3318 1838 3385 solus,

243 3416 354 3459 etc.
390 3406 627 3474 (θοι-ιίκαὶ
654 3405 881 3461 Invictus
905 3408 1078 3478 creto).
1122 3409 1414 3474 Utrumque
1445 3408 1543 3462 hoc
1572 3410 1838 3479 epigram-

240 3510 332 3548 rna
382 3496 439 3551 in
481 3496 717 3551 editione
764 3498 972 3553 Weitzii
1010 3508 1188 3553 exstat
1235 3500 1373 3555 inter
1418 3500 1625 3569 glossas
1672 3500 1840 3555 leonis

242 3584 487 3653 magistri
509 3599 577 3640 ex
606 3587 793 3642 codice
819 3586 996 3642 Caroli
1030 3588 1316 3653 Widmani,
1340 3605 1451 3658 quo
1478 3590 1599 3644 loco
1624 3606 1655 3643 a
1677 3588 1839 3643 nobis

243 3677 582 3732 exscribetur
608 3693 729 3732 cum
766 3678 1023 3734 varietate
1050 3680 1337 3735 lectionum
1364 3696 1433 3735 ex
1462 3681 1648 3736 codice
1674 3682 1840 3737 colle-

240 3767 314 3837 gii
357 3768 585 3821 Bonnam
609 3809 624 3833 ,
665 3770 734 3824 de
770 3785 884 3838 quo
929 3785 1078 3825 num.
1112 3772 1179 3827 76
1208 3772 1346 3827 dixi.
1394 3770 1708 3842 Quanquam
1738 3772 1838 3828 bas

241 3860 484 3930 aliasque
528 3870 738 3917 Veteres
765 3860 1093 3918 Christianas
1132 3864 1507 3932 inscriptiones
1542 3864 1747 3933 judicio
1783 3873 1838 3920 et

239 3951 486 4007 doctrina
507 3992 526 4019 ,
556 3968 657 4018 qua
687 3954 939 4023 praditus
975 3962 1089 4021 est,
1115 3954 1405 4024 singulari,
1445 3956 1585 4026 typis
1616 3956 1835 4025 vulgare

240 4059 270 4094 a
316 4058 381 4098 se
428 4043 722 4097 illustratus
765 4044 875 4113 jam
923 4044 1123 4099 dudum
1173 4055 1394 4114 apparat
1439 4046 1511 4100 cl.
1549 4044 1835 4115 Caietanus

239 4134 538 4198 Marinius,
574 4135 856 4202 [traiectus
896 4136 1160 4191 tabulario
1205 4137 1362 4200 Vat.,
1392 4139 1481 4207 qui
1526 4138 1586 4193 S.
1621 4139 1832 4194 Damasi

132 4263 136 4267 ς
238 4226 481 4279 carmina
525 4228 664 4281 inter
703 4242 797 4283 eas
836 4228 1211 4297 inscriptiones
1251 4229 1534 4285 collocabit
1558 4269 1575 4293 ,
1606 4242 1832 4298 quorum

241 4318 498 4388 pleraque
524 4320 576 4371 in
601 4336 721 4374 eum
750 4336 907 4375 usum
950 4322 1081 4375 facta
1117 4330 1174 4377 et
1219 4322 1454 4376 adhibita
1484 4322 1649 4377 fuisse
1672 4338 1834 4391 expc-

240 4410 432 4464 tientia
472 4422 803 4481 compertum
832 4420 953 4477 est;
1004 4413 1073 4468 de
1101 4413 1323 4483 reliquis
1352 4422 1562 4481 tempus
1604 4413 1833 4469 fortasse

234 4515 394 4571 aque
424 4509 601 4555 certos
626 4517 726 4555 nos
763 4501 972 4557 reddet.

309 4660 387 4722 (a)
417 4656 546 4726 Pag.
578 4659 603 4714 1
632 4658 831 4713 codicis
864 4676 877 4711 :
915 4658 1181 4715 Prudentii
1207 4657 1487 4714 Christiani
1514 4668 1679 4728 poeta:
1704 4675 1823 4712 car-

236 4730 437 4780 minum
471 4729 743 4796 lyricorum
774 4730 916 4782 liber.
965 4728 1191 4783 Carmen
1228 4732 1249 4783 l
1297 4746 1310 4782 :
1358 4728 1457 4783 Per
1486 4730 1826 4795 quinquennia

233 4802 351 4873 fani
377 4800 572 4873 decem,
618 4814 741 4873 quae
768 4810 868 4873 est
888 4800 1192 4873 puerone,
1232 4809 1311 4873 ut
1340 4799 1674 4873 infoditione
1703 4815 1823 4853 cum

411 4867 779 4951 Qltri‘stopbori
810 4868 1023 4951 cellarii
1263 4869 1694 4951 Magdeburgic:e_
1732 4884 1823 4951 an.

240 4939 418 5009 1705.
441 4939 570 4993 in-8.
599 4939 653 5009 In
697 4939 937 5007 margine
964 4939 1159 4995 codicis
1204 4942 1358 4993 metri
1404 4955 1574 5009 genus
1616 4940 1827 5009 rubrica

236 5007 585 5061 describitur.
619 5007 746 5071 Png.
775 5010 846 5062 25
876 5018 930 5062 et
958 5025 1109 5077 seqq.
1141 5010 1230 5063 alii
1280 5007 1605 5077 hymnisine
1647 5008 1821 5076 titulo,

238 5079 330 5141 qui
364 5079 432 5129 ab
462 5080 650 5131 librum
686 5076 1110 5139 Doristephanam
1141 5076 1433 5148 pertinent,
1466 5076 1567 5133 hoc
1595 5079 1827 5135 ordine:

241 5150 459 5201 l'rimus
475 5150 595 5218 sine
618 5149 790 5215 titulo,
813 5150 967 5218 quiin
985 5150 1170 5203 eadem
1184 5149 1419 5203 editione
1441 5159 1524 5204 est
1538 5150 1697 5203 etiam
1716 5151 1827 5214 pri-

242 5227 442 5289 tnttsft
470 5217 1030 5289 inscribiturn'l‘nssio
1056 5219 1262 5273 Emetrii
1284 5219 1534 5289 (corrige.
1564 5218 1828 5284 Emeterii,

240 5297 335 5338 aut
369 5285 674 5409 HemeteriiI)
692 5298 737 5341 et
758 5286 1065 5341 Chelidonii.
1084 5285 1382 5349 Secundus,
1408 5285 1495 5356 qui
1519 5289 1571 5342 in
1594 5289 1830 5344 editione

244 5366 332 5407 est
360 5358 594 5409 quintus.
675 5360 809 5409 assio
832 5359 890 5409 S.
933 5358 1179 5409 Vincentii
1214 5361 1474 5409 marturis.
1500 5358 1712 5409 Tertius
1743 5361 1828 5409 nui

244 5366 332 5427 est
360 5358 594 5423 quintus,
630 5358 809 5411 Passio
832 5359 890 5411 S.
933 5358 1179 5411 Vincentii
1214 5361 1474 5427 martyris.
1500 5358 1712 5412 Tertius
1743 5361 1828 5412 nui

240 5424 302 5498 inp
324 5427 561 5479 editione
576 5439 659 5481 est
680 5429 965 5491 secundus,
999 5429 1177 5480 Passio
1200 5430 1261 5483 8.
1286 5424 1549 5498 Laurentii
1572 5430 1830 5498 martyris.

242 5495 500 5565 Quartus,
527 5501 614 5565 qui
642 5499 690 5551 in
708 5498 940 5552 editione
961 5508 1041 5552 est
1064 5498 1394 5559 undecimus,
1414 5497 1597 5550 Passio
1614 5499 1674 5552 S.
1705 5495 1838 5565 Πιρ-

242 5563 413 5635 ροιψὶ
424 5563 717 5635 presbyteri.
735 5569 979 5634 Quintus,
993 5568 1146 5634 quiin
1160 5568 1477 5622 editioneest
1494 5563 1834 5634 tredecintus,

242 5631 442 5707 Passio
482 5636 542 5690 8.
570 5631 1102 5707 Cyprionimartgris.
1134 5640 1332 5693 Sextus
1376 5641 1463 5705 qui
1511 5638 1565 5691 in
1603 5631 1836 5691 editione

245 5710 340 5758 est
379 5704 766 5776 duodecimus,
816 5704 1005 5762 Passio
1052 5708 1159 5763 88.
1200 5704 1552 5778 apostolorum
1605 5706 1746 5763 Petri
1786 5721 1837 5761 et

1950 3221 2236 3292 Variusque
2275 3237 2362 3287 per
2397 3223 2621 3292 figuras,
2659 3222 2747 3289 qui
2792 3231 2874 3275 est
2901 3236 3041 3275 vi-rs.
3082 3221 3143 3275 31
3182 3222 3360 3291 hymni
3396 3222 3530 3276 Ante

1934 3326 2210 3368 somnum.
2258 3313 2549 3367 Bandinius
2592 3312 2649 3367 in
2702 3313 2812 3368 ind.
2854 3313 3015 3367 catal.
3051 3324 3256 3381 poetam
3292 3325 3529 3367 nostrum

1946 3414 2102 3459 vocat
2133 3405 2211 3460 Μ.
2251 3405 2514 3458 Aurelium
2557 3403 2897 3457 Prudentium
2928 3403 3264 3469 Clementem,
3307 3404 3529 3458 fortasse

1938 3501 2261 3554 auctoritate
2306 3499 2462 3568 hujus
2489 3499 2691 3553 codicis
2735 3510 3035 3567 permotus,
3078 3512 3132 3556 et
3172 3503 3290 3569 quia
3325 3516 3529 3570 pra-no-

1940 3606 2063 3645 men
2105 3589 2317 3644 Mareus
2359 3592 2491 3644 satis
2521 3606 2804 3645 commune
2837 3600 2951 3644 erat
2981 3590 3031 3643 in
3066 3591 3259 3644 iiiiltiita
3289 3592 3528 3645 Aurelio—

1935 3697 2076 3737 rum.
2098 3681 2229 3736 Vide
2247 3696 2395 3736 num.
2422 3680 2513 3736 41.
2543 3681 2676 3735 Ibid.
2701 3681 2949 3746 col.7l7,
2976 3681 3158 3735 Pltttt'o
3174 3696 3258 3735 xei
3281 3682 3525 3736 hihiioth.

1934 3774 2225 3830 Gaddianae
2248 3773 2372 3829 eod.
2396 3785 2467 3827 tv.
2498 3773 2862 3827 Enchiridimn
2887 3772 3016 3825 Novi
3039 3782 3092 3827 et
3112 3772 3323 3827 V'etcris
3345 3772 3527 3827 Te>t:t-

1932 3866 2099 3919 menti
2122 3863 2560 3934 anepigraphum,
2581 3873 2637 3916 ut
2657 3865 2708 3915 in
2733 3862 2865 3915 Bibl.
2891 3862 2987 3917 SS.
3015 3862 3141 3925 Pl’.,
3171 3863 3338 3915 Paris.
3368 3863 3521 3917 16H.

1933 3954 2117 4009 Codex
2142 3956 2378 4009 chartae.
2408 3952 2721 4015 mendosus,
2752 3952 2929 4005 saeculi
2960 3966 3047 4006 xv.
3080 3952 3237 4016 lbid.,
3271 3953 3388 4006 sine
3412 3953 3517 4007 ulla

1934 4046 2092 4098 titulo
2142 4042 2589 4113 Psychomachia,
2640 4049 2698 4095 ut
2736 4040 2787 4094 in
2831 4040 3018 4095 eadem
3070 4040 3314 4095 bibliotb.
3346 4039 3449 4094 PP.

2006 4134 2095 4191 90.
2138 4133 2194 4187 In
2242 4132 2486 4198 catalogo
2533 4131 2690 4185 codd.
2727 4145 2858 4185 mss.
2900 4130 3141 4186 bibliotb.
3193 4132 3529 4188 Ricardianzn

1936 4227 2173 4281 Florent».
2224 4225 2276 4279 id
2324 4233 2524 4278 tantum
2569 4225 2797 4293 reperio.
2837 4223 2965 4291 Pag.
3009 4222 3151 4279 350:
3184 4223 3515 4290 Prudentius,

1933 4321 2299 4388 epigrammata
2323 4330 2493 4369 sacra.
2532 4314 2597 4367 Μ.
2622 4327 2692 4376 tv,
2718 4313 2884 4367 codex
2906 4314 3167 4377 chartae,
3197 4313 3332 4375 in-i,
3364 4330 3513 4367 nunt.

1935 4427 2003 4466 xx
2023 4418 2079 4465 et
2099 4424 2245 4463 num.
2277 4423 2467 4462 χχχιιι.
2490 4407 2558 4461 Μ.
2578 4420 2634 4473 ιι,
2657 4407 2827 4462 codex
2850 4407 3181 4473 chartaceus,
3211 4407 3342 4471 in-i,
3369 4424 3514 4460 nuin.

1854 4488 1901 4551 D
1929 4518 2043 4559 xm.
2090 4502 2288 4556 Auctor
2338 4499 2493 4568 lmjus
2542 4498 2731 4552 indicis
2767 4513 2860 4553 seu
2900 4498 3123 4567 catalogi
3165 4507 3247 4552 est
3284 4500 3520 4555 Joaimes

1930 4657 2104 4712 Pauli.
2133 4658 2422 4722 Septimus,
2455 4657 2543 4725 qui
2570 4656 2620 4709 in
2652 4656 2887 4710 editione
2914 4665 2995 4709 est
3038 4665 3280 4722 quartus,
3334 4654 3519 4713 Passio

1930 4728 2037 4784 88.
2063 4728 2337 4780 octodecim
2354 4739 2629 4795 martyrum
2645 4727 3235 4795 Cwsaraugustarrorum.
3259 4728 3513 4793 Octavus,

1930 4802 2016 4866 qui
2051 4799 2100 4850 in
2140 4798 2225 4851 edi
2254 4798 2376 4850 ione
2402 4793 2994 4864 tst‘quartusdectn‘ius,
3026 4793 3208 4849 Passio
3243 4800 3301 4848 8.
3343 4794 3516 4866 l’irgi.

1930 4864 2009 4922 nis
2038 4868 2259 4936 Agnetis.
2286 4867 2489 4929 Nonus,
2521 4866 2611 4934 qui
2645 4869 2695 4920 in
2722 4868 2956 4920 editione
2982 4876 3065 4920 est
3093 4866 3300 4928 tertius,
3331 4864 3514 4920 Passio

1932 4938 1992 4993 S.
2024 4936 2244 4991 Eulalia:
2269 4939 2499 5006 uirginis,
2525 4949 2572 4989 et
2596 4939 2858 5006 martyris.
2889 4936 3152 5006 Decimus,
3181 4936 3272 5005 qui
3317 4937 3366 4990 itt
3401 4941 3514 4991 edin

1933 5008 2077 5061 tione
2107 5018 2188 5061 est
2232 5005 2457 5069 sextus,
2483 5006 2662 5061 Passio
2702 5006 2761 5062 8.
2813 5005 3090 5059 Fructuosi
3118 5005 3514 5062 Tarraconensis

1934 5078 2179 5145 episcOpi,
2203 5089 2250 5130 et
2280 5080 2549 5131 sociarant.
2581 5076 2923 5137 Iindecinius,
2951 5079 3038 5145 qui
3074 5080 3123 5128 in
3167 5076 3401 5130 editione
3431 5087 3513 5130 est

1931 5150 2225 5215 septimus,
2256 5146 2494 5217 Hymnus
2514 5150 2566 5200 in
2608 5148 2848 5201 [tenerem
2892 5147 2953 5201 S.
3002 5147 3204 5211 Quirini
3228 5147 3508 5217 _mnrtyris.

1938 5214 2327 5281 Duodecimus;
2345 5219 2435 5285 qui
2488 5221 2539 5271 in
2571 5220 2805 5273 editione
2843 5227 2927 5270 est
2973 5231 3163 5279 nonus,
3216 5214 3399 5267 Passio
3449 5216 3508 5271 S.

1936 5285 2167 5357 Cassiani
2192 5292 2449 5357 martyris.
2475 5289 2840 5349 Treulecitnus,
2864 5287 2952 5357 qui
2979 5286 3029 5357 in
3061 5285 3293 5339 editione
3312 5294 3396 5336 est
3419 5299 3514 5334 oc.

1937 5367 2109 5417 tavns,
2140 5355 2338 5411 Versus
2357 5360 2406 5409 in
2435 5358 2638 5410 laudem
2660 5356 2938 5422 baptisterii
2982 5355 3201 5407 duorum
3233 5364 3513 5422 martyrum

1937 5431 2184 5497 sanguine
2224 5428 2487 5497 illustrati.
2528 5427 2996 5497 Quartusdccitnns
3021 5463 3035 5483 ,
3064 5427 3150 5497 qni
3199 5424 3249 5497 in
3282 5423 3513 5497 editione

1940 5511 2018 5551 est
2036 5493 2306 5555 vdecinttts,
2339 5496 2521 5548 Passio
2553 5496 2612 5549 S.
2649 5495 3161 5564 liomani_martyris.
3194 5493 3515 5564 Qttintnstle-

1938 5569 2109 5617 cimus
2138 5574 2219 5616 est
2241 5580 2455 5618 carmen
2483 5570 2563 5617 cui
2592 5566 2774 5618 titulus
2821 5582 2834 5617 :
2870 5561 3106 5616 Innnolat
3139 5562 3383 5627 apuscula
3425 5578 3517 5615 sua

1943 5634 2050 5686 Dco
2084 5634 2410 5697 Prudentius,
2442 5643 2497 5687 et
2526 5636 2730 5701 incipit,
2777 5633 2920 5697 Pius,
2954 5634 3141 5701 ﬁdelis,
3173 5638 3432 5693 innocens.
3462 5632 3516 5688 ιη

1938 5704 2174 5760 editione
2206 5704 2317 5760 lucc
2343 5714 2424 5761 est
2456 5705 2694 5775 praelatio
2726 5707 2843 5760 libri
2879 5702 3319 5770 l’eiistcphanwn.
