4016 6182
491 239 594 297 655

1905 238 2349 299 PRUDENTIUS.

3655 254 3768 313 636

495 355 736 419 Lamias,
769 356 858 422 qui
895 371 1000 410 non
1031 356 1261 423 explicat
1285 355 1413 426 quid
1440 355 1549 410 sint
1576 355 1958 425 epigrammata
1988 354 2075 408 illa
2103 351 2156 410 Λ
2182 354 2416 421 Glossas,
2473 372 2605 427 quas
2654 360 2708 413 in
2768 362 3039 416 veteribus
3090 363 3305 419 schedis
3354 367 3583 433 reperit,
3637 383 3771 437 pro.

493 460 667 501 sacra.
696 444 898 512 Opinor
926 460 1046 500 esse
1077 445 1457 510 Dittochzeum,
1488 446 1602 501 sive
1634 446 2004 501 Enchiridion.

564 539 654 593 91.
699 537 773 590 Ex
799 537 1040 605 catalogo
1062 536 1218 590 codd.
1252 552 1384 593 mss.
1410 538 1853 592 bibliothecarum
1875 538 2079 608 Anglite

494 638 549 682 et
598 628 867 681 Hiberniae
909 627 1116 681 duobus
1161 628 1523 683 voluminibus
1572 629 1752 683 in-l‘ol.
1806 628 1919 684 haec
1950 644 2079 683 con-

495 724 658 771 stant.
683 718 738 770 In
761 717 1004 770 biblioth.
1024 717 1445 784 Cautabrigiensi
1467 718 1678 787 collegii
1699 719 1756 773 S.
1783 718 2079 782 Benedicti,

494 809 663 863 codex
692 807 851 877 1352,
875 808 942 863 56
973 826 986 860 :
1023 807 1353 864 Prudentius.
1377 810 1535 864 Liber
1559 811 1630 864 ob
1656 810 1998 865 characteres
2026 821 2080 865 et

496 905 731 974 picturas
772 902 1053 970 splendide
1080 905 1353 972 antiquus.
1382 904 1540 969 lbid.,
1571 904 1692 961 cod.
1731 904 1889 973 me,
1925 890 2026 959 tot
2062 922 2077 957 τ

500 994 573 1047 De
602 994 858 1061 opusculis
886 992 1177 1047 Prudentii.
1206 993 1457 1049 Biblioth.
1489 995 1806 1060 Eboracen.,
1835 994 1957 1050 cod.
1984 993 2075 1061 42,

496 1094 549 1138 et
577 1085 769 1138 iterum
797 1085 867 1139 42
897 1101 912 1138 :
944 1083 1212 1139 Prudentii
1234 1088 1488 1154 quautam.
1523 1087 1771 1143 Biblioth.
1807 1088 2075 1153 Dunelm.,

492 1174 615 1229 cod.
665 1174 810 1240 5‘29,
856 1177 961 1231 464
1001 1194 1014 1230 :
1057 1176 1328 1231 Prndentii
1378 1195 1555 1244 opera.
1611 1179 1861 1235 Biblioth.
1914 1179 2079 1234 lsaaci

497 1266 670 1321 Vossii
701 1309 715 1331 ,
755 1267 876 1322 cod.
908 1268 1047 1323 2527
1072 1308 1087 1335 ,
1127 1269 1234 1324 202
1266 1285 1281 1324 :
1316 1269 1586 1323 Prudentii
1624 1271 1820 1340 hymni.
1852 1270 2078 1336 Ibidem,

491 1357 614 1411 cod.
661 1358 801 1413 ‘2619
828 1400 844 1425 ,
889 1358 1039 1413 ‘291:
1080 1358 1502 1428 Psychomacltia.
1555 1360 1806 1414 Biblioth.
1860 1361 2080 1416 Thomas

493 1447 624 1503 Gale
650 1489 664 1515 ,
690 1449 811 1503 cod.
848 1450 1023 1515 6000,
1061 1450 1162 1504 166
1200 1467 1216 1505 :
1264 1450 1537 1507 Prudentii
1566 1455 1821 1522 quaedam.
1857 1454 2079 1519 Ibidem,

492 1540 617 1594 cod.
648 1542 809 1603 6007,
844 1539 945 1593 173
975 1558 988 1594 :
1022 1539 1189 1595 Prud.
1217 1546 1470 1610 quietiam.
1505 1545 1561 1598 In
1590 1544 1839 1600 Biblioth.
1867 1545 2081 1601 Henrici

496 1630 660 1685 Jones
683 1672 697 1695 ,
724 1632 848 1685 cod.
880 1632 1017 1687 7066
1039 1673 1053 1699 ,
1086 1635 1157 1689 6'5
1185 1652 1197 1686 :
1231 1635 1426 1688 Aurelii
1458 1634 1727 1689 Prudentii
1759 1636 2079 1707 Psychoma-

2185 447 2469 502 ducemus.
2499 449 2647 515 Scio,
2679 465 2846 520 penes
2874 454 3131 521 quosdam
3162 454 3318 509 lldem
3368 456 3562 510 Barthii
3594 459 3645 513 in
3669 474 3771 515 co-

2183 535 2390 591 dicibus
2441 554 2572 592 mss.
2603 541 2833 595 cilandis
2855 545 3099 598 nonnihil
3129 546 3399 601 vacillare.
3459 547 3563 603 Sed
3599 552 3773 605 ratio-

2184 643 2304 682 nem
2355 639 2559 685 certam
2612 648 2718 686 non
2776 634 3007 689 all'erunt
3053 651 3151 691 cur
3176 637 3377 692 l'alsarii
3419 641 3642 697 crimine
3664 642 3775 697 do-

2181 722 2451 776 ctissimus
2477 724 2638 780 homo
2697 736 2935 792 notetur,
2991 736 3065 794 et,
3118 730 3184 784 ad
3234 730 3577 787 Prudentium
3619 738 3769 803 quod

2182 812 2394 881 attinet,
2423 829 2566 882 saepe
2588 817 2807 886 conjicit
2856 818 2982 886 quid
3007 820 3285 889 legendum
3314 824 3400 886 sit,
3422 837 3566 891 saepe
3610 824 3769 879 amr-

2182 912 2366 958 malet
2390 906 2620 976 explicat
2648 908 2774 978 quid
2832 910 2884 962 iu
2927 910 3113 965 codice
3151 910 3377 980 legatur.
3421 913 3528 968 Cur
3581 924 3768 970 autem

2182 994 2443 1050 lectiones
2489 997 2777 1065 variantes,
2852 1000 3145 1068 praesertim
3196 1012 3545 1070 opportunas,
3584 1008 3772 1072 potius

2180 1084 2395 1140 sebedis
2417 1089 2800 1142 commentitiis
2826 1104 2982 1157 quam
3006 1090 3106 1145 sibi
3137 1092 3237 1159 ipsi
3276 1093 3599 1148 ascriberet?

2254 1175 2362 1247 74
2400 1176 2490 1231 95.
2549 1178 2623 1232 Ex
2671 1182 2914 1249 catalogo
2938 1180 3099 1234 codd.
3138 1196 3269 1235 mss.
3300 1183 3544 1239 biblioth.
3599 1186 3773 1255 regia:

2183 1269 2522 1335 Parisiensis,
2557 1280 2693 1339 part.
2757 1271 2810 1340 3,
2859 1274 3029 1328 codex
3081 1273 3206 1338 989,
3255 1276 3381 1329 olim
3435 1276 3767 1347 Bigotianus,

2154 1394 2155 1397 η
2181 1361 2270 1430 qui
2299 1362 2582 1416 maximam
2614 1373 2817 1431 partem
2848 1365 3042 1419 saeculo
3074 1381 3105 1418 x
3134 1364 3344 1419 videtur
3363 1377 3637 1431 exaratos,
3669 1370 3772 1423 in-

2184 1463 2267 1508 ter
2292 1455 2397 1508 alia
2439 1470 2589 1509 num.
2618 1456 2651 1511 6
2694 1472 2708 1510 :
2768 1454 3042 1510 Prudentii
3118 1457 3545 1528 Psychomachia.
3603 1460 3771 1526 lbid.,

2181 1543 2306 1599 cod.
2353 1545 2515 1611 1155,
2574 1547 3047 1612 membranaceus,
3089 1548 3217 1602 olim
3266 1548 3620 1616 Colbertinus,
3668 1553 3772 1621 qui

2183 1637 2383 1693 steeulo
2440 1653 2493 1691 ix
2541 1638 2778 1692 creditur
2836 1650 3107 1704 exaratos,
3148 1654 3298 1693 num.
3353 1643 3387 1696 5
3418 1659 3433 1700 :
3468 1640 3769 1707 Prudentii,

496 1722 614 1774 chia
657 1721 833 1777 Grece
875 1726 1092 1781 reddita.
1141 1726 1263 1794 (An
1294 1728 1440 1780 solus
1468 1727 1652 1781 titulus
1681 1728 1899 1783 Graecus
1927 1738 2007 1784 est
2031 1729 2076 1798 ?)
2107 1717 2155 1777 Β
2184 1726 2481 1791 Fortunati,
2517 1727 2792 1798 Cypriani,
2845 1729 3067 1799 Eugenii
3119 1730 3395 1796 Toletani,
3452 1742 3504 1786 et
3558 1732 3771 1789 Sedulii

495 1809 553 1865 In
588 1813 836 1867 BtbliOth.
871 1814 1101 1869 Eduardi
1137 1816 1392 1872 Bcrnardi
1431 1818 1610 1888 (quem
1630 1820 1864 1890 catalogi
1894 1829 2079 1874 aucto-

494 1917 608 1957 rem
640 1903 832 1970 habeo)
859 1944 874 1963 .
920 1905 1040 1960 cod.
1080 1906 1241 1972 7446,
1276 1909 1375 1963 100
1416 1927 1428 1960 :
1474 1909 1784 1965 Prudentius
1828 1927 1925 1965 ms.
1973 1912 2079 1983 73

493 1991 653 2060 lbid.,
674 1998 823 2060 cod.,
845 1995 1003 2060 7517,
1023 1997 1157 2053 177:
1177 1996 1489 2053 Prudentius
1512 2017 1625 2054 tum
1647 2002 1893 2057 veteribus
1907 1994 2076 2057 exeat1

492 2083 725 2154 plaribus
752 2086 991 2143 collatus.

567 2175 658 2230 92.
688 2176 911 2243 Ibidem,
934 2179 987 2233 iu
1020 2179 1149 2235 bibl.
1182 2180 1397 2248 Dublin,
1416 2182 1626 2252 collegii
1653 2183 1752 2240 SS.
1777 2184 2076 2252 Trinitatis,

496 2269 619 2323 cod.
649 2270 776 2336 324,
811 2272 911 2327 184
938 2289 950 2327 :
987 2273 2076 2340 InutrumqueTestamentumTetrasticha.

503 2359 559 2413 In
586 2359 715 2413 bibl.
748 2362 1038 2417 Oxouiensi
1071 2366 1279 2434 collegii
1312 2368 1628 2433 Orieleusis,
1672 2370 1794 2423 cod.
1838 2371 1977 2437 855,
2010 2374 2075 2426 5:

496 2451 695 2505 Aurelii
746 2451 1020 2509 Prudentii
1074 2470 1304 2523 poemata
1333 2499 1348 2523 ,
1389 2464 1590 2528 optime
1648 2466 1846 2531 scripta
1886 2465 2078 2523 litteris

495 2543 904 2609 antiquissimis.
936 2547 990 2599 ln
1017 2547 1144 2602 bibl.
1195 2550 1370 2605 Oxon.
1396 2553 1586 2622 colleg.
1634 2554 1731 2610 SS.
1780 2556 2076 2625 Trinitatis,

494 2629 619 2684 cod.
650 2631 811 2698 2003,
826 2633 894 2688 66
929 2652 942 2688 :
991 2635 1262 2692 Prudentii
1302 2659 1475 2711 opera.
1506 2644 1561 2697 lu
1592 2646 1715 2699 bibl.
1769 2646 2075 2715 Bodleiana,

495 2721 781 2777 cod.2066
831 2741 843 2776 :
905 2724 1179 2782 Prntlentii
1223 2732 1464 2802 pleraque
1507 2752 1624 2788 cum
1667 2737 2078 2793 adnotationibus

496 2808 671 2865 Isaaei
712 2812 894 2869 Vossii.
924 2818 1085 2885 lbid.,
1115 2822 1241 2877 cod.
1268 2822 1427 2889 2648,
1460 2826 1599 2879 525:
1633 2824 1830 2881 Glossw
1859 2830 1910 2882 in
1938 2827 2076 2884 Pru-

497 2901 744 2956 dentium.

568 2973 656 3028 93.
692 2974 1028 3045 Ludewigius
1069 2982 1120 3035 iu
1160 2980 1430 3048 Prudentii
1485 2986 1598 3040 Vita
1643 2989 1839 3043 asserit
1885 2991 2076 3048 Giselio

2182 1818 2409 1871 carmina
2431 1819 2700 1872 nonnulla.
2730 1819 3026 1883 lbid.,cod.
3064 1820 3220 1885 1765,
3276 1823 3593 1887 membran.,
3632 1825 3771 1878 olim

2180 1907 2541 1974 Colbertinus,
2572 1909 2659 1980 qui
2685 1910 2882 1965 saeculo
2911 1926 2999 1965 xtv
3042 1911 3254 1965 videtur
3307 1923 3579 1976 exaratos,
3613 1929 3770 1968 num.

2181 2000 2293 2055 79:
2333 1999 2516 2054 Passio
2546 2001 2607 2057 S.
2666 2001 2951 2069 Vincentii,
3000 2012 3207 2056 auctore
3262 2018 3437 2058 sane
3479 2002 3773 2059 Prudentia

2181 2091 2416 2160 (opinor,
2445 2092 2686 2159 ejusdem
2727 2100 2812 2146 est
2860 2108 3002 2146 num.
3044 2094 3118 2146 ι78
3155 2109 3167 2145 :
3210 2091 3391 2146 Passio
3423 2092 3483 2148 S.
3529 2093 3770 2163 Agnetis,

2178 2181 2333 2252 cujus
2362 2184 2535 2238 nullus
2565 2183 2702 2238 alius
2722 2194 2910 2239 auctor
2931 2184 3418 2254 indicatur).lbid.,
3452 2186 3574 2242 cod.
3598 2186 3773 2255 2335,

2180 2276 2406 2329 membr.
2419 2276 2567 2340 ,olim
2584 2276 2818 2332 Colbert.
2831 2279 2941 2347 ,qui
2954 2280 3155 2333 saeculo
3175 2295 3248 2332 ιιι
3265 2279 3770 2352 videturexaratus,

2181 2369 2405 2421 num.5:
2442 2365 2914 2437 Prudentiihymni.
2934 2369 3090 2435 lbid.,
3113 2371 3232 2425 cod.
3252 2371 3410 2437 7550,
3442 2372 3771 2427 olim'l‘elle—

2179 2459 2383 2526 rianus,
2398 2458 3223 2527 Longohardiciscbaracterihus
3238 2464 3517 2528 saeculo,ut
3532 2463 3773 2526 videtur,

2179 2558 2368 2603 octavo
2388 2559 2654 2615 exaratus,
2681 2565 2828 2603 num.
2860 2550 3243 2606 10:Prudentii
3257 2554 3472 2623 hymnus
3495 2556 3546 2608 in
3560 2555 3773 2629 laudem

2180 2638 2407 2693 Eulaliae
2433 2642 2693 2709 martyris.

2249 2731 2339 2787 96.
2372 2731 2425 2785 In
2458 2733 2646 2787 eodem
2688 2735 2951 2803 catalogo,
3000 2745 3052 2790 et
3086 2746 3237 2805 parte
3262 2739 3319 2803 3,
3369 2737 3535 2792 codex
3589 2737 3772 2805 8081,

2178 2823 2640 2890 membranaceus,
2673 2825 2801 2880 olim
2857 2827 3161 2893 Puteanus,
3203 2830 3291 2897 qui
3358 2839 3511 2884 sexto
3567 2833 3775 2885 smculo

2179 2915 2388 2969 videtur
2418 2926 2689 2980 exaratos,
2714 2933 2821 2985 quo
2849 2920 3023 2973 solum
3044 2921 3410 2985 continentur,
3459 2922 3514 2976 1'
3567 2923 3774 2977 Aurelii

2180 3003 2454 3059 Clementis
2476 3005 2751 3061 Prudentii
2777 3009 2912 3063 liber
2932 3010 3388 3077 Cathemerinon;
3413 3013 3477 3065 2°
3520 3013 3771 3081 ejusdem

1996 3046 2001 3047 κ
2040 3046 2047 3048 ἡ
2182 3046 2454 3059 υ.ν.,.ν.....,
2476 3046 2499 3060 .
2526 3046 2750 3061 ...........
2777 3046 2901 3063 ...,...
2933 3046 3354 3067 υ.....σ...υ....ωι.
3417 3046 3473 3065 ..κ
3520 3046 3548 3067 ς
3578 3046 3771 3067 ..θυω-

495 3079 621 3118 uuln
656 3066 950 3123 incdrndis
1008 3046 1282 3130 Prutieiitii
1337 3080 1664 3135 carminibus
1718 3098 1871 3136 usum
1916 3083 2076 3142 fuisse
2106 3072 2153 3133 C
2184 3097 2616 3164 Apotheosis;5'
2639 3101 2876 3169 ejusdem
2927 3054 3465 3173 Ilamartigettia;’4°
3520 3046 3773 3174 ejusdem

490 3159 674 3216 codice
695 3176 822 3217 mss.
849 3164 1212 3222 Dnventriensi
1236 3183 1415 3241 prtem
1444 3174 1710 3247 editionem
1736 3176 2073 3233 Daventrien-
2183 3159 2631 3259 Psychomacbia;
2665 3159 2722 3244 '5'
2747 3174 2985 3261 ejusdem
3008 3210 3071 3248 ει
3094 3159 3229 3249 ιίδῖο
3252 3200 3370 3271 περί
3392 3159 3645 3269 Στεφάξων
3668 3197 3772 3266 hy-

490 3266 596 3304 sem
616 3252 916 3322 antiquam;
976 3259 1116 3325 quod
1169 3276 1269 3330 ego
1300 3265 1353 3316 in
1393 3264 1629 3319 Giselino
1676 3284 1779 3319 non
1838 3268 2068 3324 invenio.

2182 3282 2291 3335 mni
2319 3282 2573 3351 quinque,
2596 3284 2801 3351 primus
2828 3286 3154 3354 martyribus
3209 3252 3502 3341 llemiterio
3540 3298 3594 3342 et
3632 3288 3774 3341 (Ihe-

492 3347 634 3402 ldem
660 3348 910 3412 aflirmat,
934 3351 1226 3409 Bunchneri
1268 3368 1414 3412 notas
1447 3377 1565 3414 mss.
1630 3364 1679 3415 in
1733 3363 2073 3418 Prudentium
2182 3347 2383 3425 lidouio
2407 3411 2421 3435 ,
2462 3347 2727 3429 secundus
2758 3376 2815 3428 Β.
2843 3347 3153 3441 Laurentio,
3188 3379 3376 3431 tertius
3401 3378 3621 3433 Eulalire
3660 3381 3773 3432 vir-

493 3436 803 3494 llubnerum
834 3442 1051 3496 Dresdm
1080 3446 1417 3515 hibliopolam
1445 3452 1739 3518 possidere.
1769 3455 2075 3510 lleribertus
2179 3461 2310 3529 gini,
2341 3464 2644 3531 quartus18
2669 3466 2990 3535 martyribus
3007 3467 3520 3538 Ctesaraugustauis,
3538 3470 3765 3539 quintus

499 3528 829 3621 Rosweydus
854 3535 903 3585 in
935 3537 1073 3586 notis
1097 3536 1162 3588 ad
1195 3537 1468 3593 Paulinum
1498 3558 1614 3608 pag.
1649 3544 1773 3608 8M,
1824 3562 1880 3599 se
1929 3559 2074 3603 notas
2182 3528 2542 3609 B.Vincentio
2566 3572 2580 3621 ;
2607 3556 2728 3610 linis
2755 3528 3113 3613 desideratur.
3172 3528 3391 3615 Devboc
3434 3528 3619 3616 codice
3645 3563 3773 3617 vide

495 3620 654 3674 etiam
687 3636 780 3677 seu
819 3629 1237 3681 commentarium
1259 3631 1309 3682 in
1332 3630 1673 3689 Prudentium
1703 3638 1899 3694 habere
1927 3655 2075 3695 com-

497 3720 780 3777 memorat,
822 3727 980 3782 quem
1023 3718 1264 3784 proxime
1304 3722 1441 3790 typis
1485 3727 1821 3784 committere
1842 3731 2071 3785 volebat.

498 3799 610 3855 Nic.
646 3804 906 3857 Antonius
928 3804 979 3858 in
1010 3806 1141 3861 Bibl.
1176 3818 1280 3863 vet.
1316 3810 1494 3867 laudat
1540 3818 1800 3886 antiquum
1835 3820 2072 3875 Pruden-

493 3891 895 3948 tiiSc/toliasten
938 3896 1072 3951 bene
1129 3903 1324 3957 veteris
1374 3905 1495 3971 aevi,
1550 3907 1695 3975 plura
1753 3911 2069 3968 documenta

494 3996 605 4050 prte
628 3998 687 4039 se
725 3984 1007 4052 ferentem,
1038 4005 1193 4058 quem
1227 3994 1422 4050 vidisse
1451 3998 1657 4053 videtur
1680 4000 1945 4072 Barthius,
1973 4004 2067 4058 lib.

498 4090 532 4131 ι
564 4076 846 4144 Thebaid.,
904 4096 1045 4138 vcrs.
1070 4083 1196 4150 657,
1226 4087 1313 4155 qui
1347 4104 1605 4157 nusquam
1628 4102 1726 4146 est.
1753 4093 1903 4158 Quod
1948 4110 2069 4148 cum

492 4182 641 4222 num.
664 4168 768 4224 448
812 4172 973 4237 dicat,
1031 4177 1185 4243 [rutilo
1226 4188 1345 4246 post
1398 4197 1546 4237 num.
1593 4184 1696 4237 450
1736 4185 1789 4237 in
1841 4186 2074 4243 editione

492 4256 704 4314 Weitzii
732 4277 975 4318 recenset
997 4265 1379 4326 lsonismcteres
1400 4284 1668 4343 perpetuas
1691 4279 1905 4346 glossas,
1929 4283 2068 4349 quod

492 4365 630 4419 opus
661 4354 983 4420 ipsissimum
1010 4375 1130 4414 esse
1181 4364 1376 4417 veteris
1431 4365 1730 4420 scholiastae
1775 4385 1805 4423 a
1852 4371 2068 4427 Barthio

2177 3656 2331 3698 num.
2354 3643 2474 3700 100.
2500 3645 2856 3712 Mabillonius,
2887 3648 2955 3702 de
2978 3648 3053 3703 Re
3081 3649 3421 3716 diplomatica
3442 3652 3529 3705 lib.
3558 3668 3606 3719 v,
3641 3667 3770 3720 spe-

2179 3738 2357 3789 cimen
2387 3735 2503 3804 ejus
2547 3736 2751 3803 profert
2793 3738 2845 3791 in
2891 3739 3080 3793 tabella
3100 3739 3155 3808 6,
3215 3756 3364 3794 num.
3412 3741 3478 3804 ‘2,
3509 3756 3573 3795 ex
3614 3743 3771 3797 initio
3873 3762 3894 3775 -

2181 3825 2363 3898 hymni
2390 3840 2517 3882 ante
2546 3844 2828 3896 somnum;
2890 3840 3146 3900 nouitque
3192 3834 3332 3886 [tunc
3386 3834 3624 3888 codicem
3660 3851 3767 3889 non

2179 3921 2402 3973 multum
2423 3918 2621 3975 distare
2648 3939 2681 3974 a
2709 3924 2877 3993 prima
2893 3932 3040 3977 relate
3062 3926 3333 3994 scriptura:
3358 3925 3616 3990 Romanae,
3651 3930 3768 3981 sin-

2176 4013 2519 4084 gularemque
2571 4029 2691 4069 esse
2744 4016 2968 4071 lormam
3020 4016 3213 4071 litterae
3263 4021 3296 4071 h
3361 4019 3413 4073 in
3449 4019 3691 4089 Hymnus
3716 4032 3770 4074 et

2180 4102 2423 4167 Christus,
2456 4105 2543 4158 ubi
2574 4115 2746 4173 postr
2814 4109 3215 4174 transponitur;
3272 4123 3392 4178 quae
3444 4110 3629 4163 similis
3687 4122 3767 4163 est

2178 4191 2369 4247 littera:
2394 4193 2445 4248 lt.
2482 4194 2656 4248 Prima
2686 4211 2815 4250 tetas
2838 4199 3121 4265 scriptura:
3150 4200 3402 4253 Romanae
3423 4200 3489 4253 ad
3514 4202 3765 4253 smculum

2175 4301 2209 4336 v
2232 4287 2417 4353 viguit.
2446 4285 2606 4352 lbid.,
2640 4289 2760 4341 cod.
2795 4288 2992 4344 memb.
3016 4334 3031 4358 ,
3064 4291 3190 4344 olim
3239 4288 3577 4346 Colbertinus
3606 4290 3762 4355 8085,

2174 4376 2268 4443 qui
2299 4378 2498 4430 smnio
2529 4393 2559 4430 x
2588 4378 2797 4432 videtur
2834 4389 3111 4444 exaratos,
3132 4397 3237 4450 quo
3264 4392 3468 4435 tantum
3498 4383 3764 4437 continen-

491 4443 703 4515 ailegati
729 4462 828 4516 ego
854 4450 1195 4507 crediderim.
1221 4454 1294 4508 De
1324 4459 1707 4511 commentario
1736 4459 1786 4512 in
1833 4462 2069 4517 Prnden-
2097 4438 2149 4499 Β
2176 4476 2259 4520 tur
2289 4484 2300 4518 :
2345 4465 2541 4519 Aurelii
2564 4467 2831 4524 Clementis
2855 4469 3124 4525 Prudentii
3149 4472 3378 4525 carmina
3402 4489 3422 4537 ;
3466 4472 3568 4526 sub
3609 4475 3759 4526 linem

493 4533 657 4599 tium,
704 4552 861 4604 quem
910 4541 1197 4607 apparabat
1239 4542 1535 4600 llesendius
1583 4550 1760 4619 relege
1806 4554 2064 4607 num.59.

491 4624 685 4679 Gifanii
714 4636 866 4683 notas
900 4646 1027 4684 mss.
1062 4633 1219 4701 aliqui
1270 4637 1512 4703 laudant,
1560 4639 1789 4697 fortasse
1840 4644 2067 4713 decepti,

493 4718 617 4786 quia
650 4720 694 4773 is
716 4737 779 4774 ex
811 4737 940 4776 mss.
970 4725 1130 4777 codd.
1165 4728 1309 4794 plura
1339 4731 1389 4782 in
1425 4730 1710 4787 Prudentia
1741 4739 1971 4790 correxit
2017 4739 2071 4791 in

494 4809 606 4864 ind.
638 4810 875 4879 Lucret.,
909 4824 965 4869 ut
994 4832 1135 4886 szepe
1158 4818 1211 4873 in
1242 4825 1642 4878 commentariis
1663 4826 1995 4885 docebimus.

565 4902 654 4955 94.
678 4902 946 4974 Quidquid
978 4908 1225 4967 Barthius
1254 4930 1315 4966 ex
1348 4917 1619 4969 veteribus
1644 4920 1913 4974 codicibus
1953 4925 2073 4976 ani-

494 4992 805 5063 madvertit,
840 5000 1130 5066 praisertim
1165 5002 1215 5055 in
1238 5004 1671 5073 Psychomacbia,
1702 5009 1752 5063 in
1796 5011 1994 5081 hymno
2017 5014 2074 5069 S.

497 5083 743 5152 Eulalize,
770 5088 820 5141 in
858 5088 1055 5159 hymno
1105 5093 1510 5164 Defunctorum,
1564 5099 1630 5153 de
1673 5100 1825 5155 Novo
1854 5103 2078 5161 Lumine

491 5179 697 5234 sabbati
731 5182 1012 5250 paschalis,
1036 5185 1103 5240 de
1132 5188 1191 5241 S.
1248 5189 1553 5259 Hippolyto,
1596 5206 1844 5251 accurate
1870 5213 1897 5249 a
1920 5199 2076 5253 nobis

493 5268 805 5339 colligetur,
854 5275 941 5343 qui
974 5276 1086 5345 ipse
1108 5286 1319 5349 quoque
1351 5297 1493 5351 szepe
1545 5286 1737 5351 innuit,
1762 5301 1820 5343 se
1851 5289 1916 5343 de
1942 5290 2073 5346 Pru-

499 5364 679 5419 deutio
690 5365 961 5433 perpetuis
977 5372 1376 5426 commentariis
1390 5372 1706 5430 illustrando
1724 5378 1959 5447 cogitare
1973 5380 2072 5453 (a).

564 5496 643 5566 (α)
670 5497 727 5582 In
754 5499 866 5582 line
898 5501 987 5582 lib.
1022 5520 1070 5582 ix
1098 5506 1324 5582 Advers.
1358 5524 1477 5577 cap.
1509 5509 1606 5582 7‘20
1640 5529 1650 5564 :
1685 5509 1833 5576 lla'c,
1883 5515 2072 5582 inquit,

494 5568 548 5647 in
576 5570 908 5654 eruditissimi
936 5576 1083 5654 vatis.
1111 5575 1355 5654 longeque
1381 5568 1602 5632 omnium
1634 5568 1917 5635 dulcissimi
1955 5568 2073 5654 'qra:

498 5641 621 5692 tiam
650 5641 963 5706 olfemlentes
992 5645 1042 5698 in
1068 5641 1393 5712 membranis,
1426 5660 1602 5704 natatu
1635 5668 1733 5706 non
1750 5641 2071 5721 prorsus’in-

2174 4556 2428 4609 nonnulla
2459 4554 2673 4611 desunt.
2702 4557 2857 4623 lbid.,
2889 4561 3010 4614 cod.
3040 4559 3206 4624 8086,
3229 4561 3428 4616 saeculo
3452 4576 3504 4626 x,
3532 4571 3593 4614 ut
3620 4560 3761 4613 vide-

2177 4654 2285 4711 tur,
2309 4654 2584 4712 exaratos,
2616 4662 2720 4717 quo
2773 4650 2945 4704 solum
2979 4652 3321 4705 continentur
3370 4669 3383 4703 :
3418 4652 3617 4705 Aurelii
3650 4650 3760 4704 Cle-

2176 4738 2356 4789 mentis
2387 4736 2658 4791 Prudentii
2714 4741 2942 4793 carmina
2993 4758 3107 4794 cum
3160 4740 3391 4796 stholiis.
3447 4742 3604 4806 lbid.,
3644 4741 3757 4797 cod.

2175 4829 2338 4897 8087,
2370 4833 2599 4886 membr.
2651 4832 2778 4886 olim
2825 4833 2998 4899 Colh.,
3056 4835 3250 4888 stccnlo
3296 4851 3352 4899 x,
3420 4844 3481 4888 ut
3532 4834 3755 4897 videtur,

2179 4932 2425 4977 exaratus
2454 4942 2465 4975 :
2496 4924 2695 4978 Aurelii
2723 4924 2995 4979 Clementis
3039 4924 3308 4980 Prudentii
3329 4927 3578 4980 carmina.
3608 4926 3754 4989 lbid.,

2180 5011 2301 5067 cod.
2337 5012 2495 5077 6088,
2524 5013 2650 5067 olim
2674 5013 2937 5080 (Iolbert.,
2968 5015 3289 5080 membran.,
3319 5016 3518 5069 saeculo
3540 5031 3613 5069 xu
3641 5028 3759 5068 exa-

2180 5118 2348 5171 ratus,
2379 5118 2430 5160 ut
2460 5106 2691 5169 videtur,
2718 5123 2863 5160 num.
2896 5110 2920 5161 1
2952 5124 2965 5159 :
2998 5106 3190 5160 Aurelii
3206 5107 3476 5163 Clementis
3494 5104 3759 5159 Prudentii

2178 5198 2406 5252 carmina
2438 5200 2668 5268 :passim
2697 5199 2826 5252 inter
2855 5200 3014 5252 lineas
3062 5198 3261 5267 glosstr,
3283 5210 3330 5253 et
3384 5200 3453 5253 ad
3486 5198 3757 5269 marginem

2182 5289 2400 5343 scholia.

2254 5383 2344 5436 97.
2375 5381 2530 5447 lbid.,
2562 5381 2685 5436 cod.
2710 5381 2871 5448 8089,
2913 5384 3167 5449 membr.,
3219 5384 3346 5441 olim
3378 5386 3658 5446 Puteanus,
3695 5393 3757 5437 ut

2184 5517 2361 5587 digna.
2383 5517 2729 5572 enotabamus.
2766 5514 2886 5571 Non
2907 5529 3079 5574 autem
3128 5521 3406 5587 quidquam
3442 5523 3634 5576 dement
3674 5517 3755 5569 illi

2185 5602 2371 5655 aperte,
2402 5603 2551 5654 quam
2579 5587 2769 5641 Christi
2798 5591 2932 5642 olori
2962 5592 3186 5644 novimus
3234 5593 3324 5647 uni
3374 5594 3597 5649 omnium
3633 5604 3755 5643 san-

2182 5657 2428 5724 ctissimo,
2458 5658 2782 5727 suavissimo,
2808 5659 3230 5730 eloquentissimo.
