4016 6182
558 278 664 331 635i

1946 274 2397 333 PliUDENTlUS.

3667 286 3751 347 610

621 395 742 450 100.
786 394 1032 449 ιιιιίιιεῐιις
1054 394 1287 451 excussit
1315 393 1591 461 exemplar
1616 393 1956 446 Bodleiauum
1981 392 2125 446 Oxo-
2153 393 2202 450 A
2227 390 2447 446 Joannis
2511 391 2757 449 Sicbardl
2810 390 3027 447 scholiis
3081 392 3393 448 illustratum
3418 432 3434 458 ,
3481 396 3748 453 mendosam

549 486 652 539 uie
681 485 735 539 in
768 484 1031 539 Britannia
1080 494 1204 539 ante
1248 498 1419 537 annos
1469 483 1587 550 plus
1630 483 1804 538 minus
1850 491 2133 537 sexcentos

551 579 715 645 (nunc
742 577 1127 646 septingentos)
1158 576 1481 640 descriptum
1510 573 1611 645 (η).
1660 574 1961 630 Bernartius
2001 575 2132 629 Rot-

552 666 902 734 tcudorpbius
929 682 1023 721 seu
1052 666 1449 720 Rotteudorlius
1482 665 1696 720 Heinsio
1732 666 1925 719 obtulit
1950 668 2130 720 omnia

552 756 818 811 l‘rudentii
851 758 903 809 in
932 757 1256 811 membranis
1280 760 1475 810 smculo
1509 772 1576 809 xu
1615 756 1830 811 circiter
1858 757 2087 810 exaratis
2113 774 2127 811 :

552 846 704 903 binos
735 854 989 916 prmterca
1020 847 1234 901 codices
1286 847 1397 913 pari
1437 856 1613 910 actate,
1656 863 1881 917 quorum
1912 847 2045 902 alter
2069 848 2133 902 li-

550 937 675 990 bros
716 940 976 991 adversus
1016 938 1393 1007 Symmachum
1420 976 1435 1001 ,
1476 936 1612 989 alter
1658 937 2129 1007 Psychomacbiam

551 1028 1024 1096 complectebatur.
1057 1030 1273 1098 Accepit
1300 1028 1462 1083 etiam
1491 1043 1519 1081 a
1549 1028 1619 1081 cl.
1653 1028 1768 1081 viro
1792 1029 1975 1083 lsaaco
1999 1028 2133 1085 Vos-

550 1118 632 1172 sio
670 1119 909 1175 codicem
957 1118 1337 1185 Nomsiauum,
1394 1136 1492 1174 nec
1540 1128 1806 1174 Vetustum
1866 1121 2032 1186 illum,
2076 1130 2132 1176 et

550 1221 739 1274 magna
768 1210 850 1262 sui
896 1218 1050 1277 parte
1098 1210 1418 1264 mutilatum.
1466 1211 1685 1264 Heinsio
1720 1211 1989 1278 prmcipuu
2037 1212 2131 1266 fuit

552 1302 669 1351 usui
694 1298 968 1367 exemplar
994 1298 1355 1353 Puteanorum
1392 1301 1646 1364 fratrum,
1681 1299 1834 1367 longe
1862 1302 2128 1370 antiquis-

552 1387 747 1443 simum
790 1388 953 1453 illud,
1002 1404 1065 1443 ac
1105 1389 1297 1443 litteris
1331 1389 1587 1443 Romanis
1622 1389 1913 1454 majoribus
1942 1406 2131 1444 exara-

551 1486 697 1544 tum,
726 1478 781 1533 itt
823 1494 932 1547 quo
966 1478 1088 1533 libri
1128 1479 1385 1533 adversus
1410 1480 1788 1549 Symmachum
1823 1493 1870 1533 et
1904 1481 2130 1535 Periste-

549 1570 766 1638 phanmn
796 1584 917 1640 pars
944 1571 1122 1640 potior
1158 1571 1617 1625 desiderabantur.
1682 1574 1754 1626 De
1794 1588 1899 1641 quo
1943 1575 2129 1631 codice

497 1697 504 1705 ι
551 1660 692 1724 vitle,
742 1674 886 1713 num.
937 1661 1029 1724 96,
1077 1661 1331 1728 judicium
1383 1662 1689 1715 Mabillooii.
1750 1663 2053 1727 Proximum
2095 1680 2124 1717 a

2235 486 2448 552 quidem
2478 484 2646 552 illam,
2668 499 2732 541 ac
2751 486 2886 539 mire
2906 484 3264 554 depravatam,
3300 486 3392 541 sed
3418 487 3497 542 cui
3524 488 3750 547 Cauchius

2234 573 2281 630 is
2308 576 2446 631 idem
2480 590 2640 630 manu
2668 588 2761 629 sua
2791 575 3034 630 diversas
3062 564 3180 629 libri
3210 577 3396 631 vetusti
3436 578 3680 644 lecticaes,
3702 596 3752 636 ac

2233 669 2315 723 sui
2346 667 2627 737 ipsiusmet
2640 666 2980 736 conjecturas
2999 669 3302 736 complures
3325 669 3621 738 ascripserat
3640 671 3751 723 haud

2233 759 2680 825 contemnendas,
2729 775 2827 815 nec
2870 774 2975 814 non
3032 760 3354 814 Basileanam
3396 762 3592 816 Henrici
3638 764 3753 818 Petri

2232 850 2557 918 editionem,
2606 852 2971 921 Antuerpiaua
3022 850 3372 919 quadriennio
3408 852 3751 920 trecentiorem,

2232 942 2328 996 sed
2383 958 2535 1012 teque
2579 942 2789 997 mendis
2835 944 3187 1012 inquinatam,
3238 942 3319 995 cui
3359 958 3422 995 ex
3461 943 3675 997 'l‘ltuanze
3704 958 3753 998 ac

2234 1032 2483 1087 Puteana:
2510 1032 2850 1087 bibliothecae
2872 1033 3198 1087 membranis
3227 1030 3475 1085 Claudius
3507 1033 3755 1085 Salmasius

2231 1123 2553 1189 scripturam
2583 1123 2975 1191 discrepantem
3004 1123 3298 1190 adjecerat.
3348 1123 3602 1177 Percurrit
3625 1126 3752 1177 etiam

2233 1212 2483 1267 Heinsius
2512 1213 2787 1279 exemplar
2813 1211 3241 1281 Egmondauutu,
3264 1212 3416 1280 cujus
3453 1211 3681 1267 lectiones
3703 1229 3752 1266 ex

2232 1301 2368 1358 Jauo
2393 1303 2623 1358 Grutero
2654 1303 2913 1358 Weitzitts
2953 1319 3060 1358 non
3100 1304 3230 1356 satis
3264 1302 3489 1356 ddi-liter
3516 1319 3753 1369 expresse-

2232 1404 2336 1458 rat,
2359 1406 2416 1450 et
2443 1396 2581 1449 duos
2600 1396 2814 1450 codices
2842 1412 2906 1451 ex
2933 1395 3255 1449 bibliotheca
3291 1396 3578 1450 Divionrnsi
3605 1396 3755 1464 prmi-

2230 1484 2313 1541 dis
2340 1485 2561 1541 Joannis
2602 1486 2836 1550 Bolterii,
2883 1502 3107 1549 quorum
3139 1502 3276 1540 unus
3305 1501 3507 1553 magna:
3550 1496 3651 1542 erat
3685 1504 3757 1541 re-

2231 1577 2461 1629 tustatis.
2502 1576 2757 1631 Audierat
2796 1575 3045 1630 Heinsius
3097 1576 3211 1646 (sed
3237 1592 3344 1630 non
3371 1576 3515 1637 vidit)
3555 1577 3751 1631 codicem

2230 1667 2382 1720 mira:
2408 1668 2686 1722 vetustatis
2718 1682 2839 1722 esse
2873 1667 3231 1737 Cantabrigite
3275 1669 3411 1738 apud
3439 1666 3691 1722 Britannos
3712 1666 3752 1722 in

555 1749 794 1805 l’uteano
823 1749 1008 1804 codice
1034 1749 1347 1803 Thuaueum
1378 1754 1651 1819 exemplar
1691 1752 1784 1805 fuit
1818 1755 2053 1821 Heinsio,
2079 1757 2123 1810 si
2156 1748 2204 1808 B
2229 1758 2453 1826 collegio
2481 1756 2540 1813 S.
2568 1757 2864 1812 Benedicti.
2908 1758 3103 1813 Narrat
3129 1771 3329 1824 autem,
3359 1759 3662 1812 Everardun
3688 1759 3756 1811 El-

549 1839 909 1907 pnestantiam
935 1846 989 1892 et
1013 1847 1328 1894 vetustatem
1358 1851 1587 1906 spectes,
1615 1844 1812 1896 stendo
1835 1859 1884 1897 tx
1911 1845 2127 1900 circiter

550 1925 825 1996 scriptum.
896 1928 1182 2000 Hildegarii
1235 1931 1395 2000 θρίεθι
1422 1932 1471 1999 pi
1535 1948 1727 1987 nomen
1786 1936 2123 2004 prmierebat,

547 2018 701 2086 Cujus
739 2020 791 2072 iu
839 2029 1050 2075 tetatem
1098 2021 1397 2075 accuratius
1444 2025 1720 2085 in-tuitere
1761 2025 1979 2082 Heinsio
2018 2043 2124 2082 non

546 2108 790 2162 vacabat.
816 2107 947 2165 Tres
977 2111 1309 2181 Hildegarios
1355 2114 1405 2165 in
1435 2114 1600 2167 Galla
1629 2114 1926 2171 Christiana
1968 2119 2125 2172 Sam-

551 2201 950 2256 tnartlianurum
981 2204 1213 2271 reperio,
1257 2206 1480 2272 primum
1529 2206 1843 2277 episcopum
1889 2208 2128 2263 Melden-

550 2307 661 2343 sem
709 2293 907 2347 sacculo
949 2309 1023 2358 tx,
1073 2294 1300 2348 alti-rum
1344 2295 1781 2352 Lentoricensem
1826 2301 2027 2355 saeculo
2066 2317 2121 2367 ι,

548 2385 759 2437 tertium
794 2385 1228 2440 Bellovaccusetn
1278 2389 1571 2441 antistitem
1611 2388 1799 2443 eodem
1842 2393 2042 2446 saeculo
2069 2409 2121 2445 ι.

547 2473 650 2528 Sed
678 2489 742 2527 ex
773 2479 887 2528 solo
918 2475 1202 2543 Hildegarii
1223 2478 1462 2545 episcOpi
1494 2481 1711 2535 nomine
1735 2480 1866 2534 nihil
1893 2483 2024 2535 certi
2054 2482 2125 2538 de

549 2563 666 2629 ejus
695 2575 855 2618 aetate
884 2565 1090 2618 deliniri
1127 2576 1317 2631 pote-t.
1366 2569 1640 2623 Euicrieus
1675 2569 1912 2636 Bigotius
1949 2573 2121 2628 eidem

552 2653 773 2706 Heinsio
801 2654 1068 2723 suggessit
1095 2665 1351 2723 excerpta
1386 2658 1819 2728 Psycbomacltiae
1857 2676 1925 2715 ex
1957 2676 2123 2716 ment-

550 2744 732 2797 branis
784 2745 915 2811 suis,
973 2744 1415 2813 Cathemerinon,
1465 2756 1520 2803 et
1571 2750 1999 2822 Peristephanwu
2055 2769 2119 2809 ex

552 2832 857 2900 Altinianis,
906 2842 960 2888 et
999 2835 1309 2889 eorumdem
1355 2835 1676 2906 hymnorum
1725 2842 1998 2909 complura
2055 2860 2119 2898 ex

545 2921 928 2978 Mediolanensi
976 2926 1269 2994 exemplari
1330 2926 1668 2983 bibliotheca-
1718 2931 2117 3000 Ambrosianai,

547 3014 731 3068 tuutilo
752 3014 963 3084 quidem
997 3016 1105 3083 illo,
1138 3018 1211 3071 ait
1238 3015 1509 3083 Heinsius,
1539 3033 1602 3074 ac
1625 3019 1845 3076 meliore
1864 3024 1945 3075 sui
1969 3034 2119 3090 parte

2230 1853 2616 1907 menborstium
2666 1863 2720 1908 et
2770 1852 3112 1908 Franciscum
3148 1852 3395 1908 Juretum
3434 1852 3673 1920 cogitasse
3703 1852 3756 1907 de

2226 1943 2562 1997 emendando
2584 1941 2895 2006 Prudentio,
2919 1944 3072 2013 cujus
3096 1943 3333 2012 quinque
3353 1943 3610 1997 codicibus
3629 1958 3758 1996 mem-

2228 2034 2509 2089 branarcis
2539 2048 2599 2088 se
2626 2050 2779 2089 usum
2824 2044 3050 2094 tes‘tatur
3089 2036 3312 2090 Juretus
3343 2034 3406 2088 ad
3440 2034 3758 2088 Paulinianant

2230 2128 2290 2181 Β.
2322 2124 2531 2179 Martini
2562 2124 2756 2189 Vitam,
2803 2135 2860 2181 et
2896 2136 3126 2201 exstare,
3182 2135 3238 2178 ttt
3277 2124 3420 2179 fama
3462 2135 3586 2184 erat,
3630 2132 3756 2178 notas

2226 2219 2409 2274 Oberti
2435 2218 2631 2273 Gil’anii
2666 2219 2894 2273 necdum
2923 2219 3061 2289 typis
3090 2217 3397 2292 descriptas
3425 2234 3440 2270 :
3467 2218 3531 2272 de
3559 2232 3651 2285 quo
3679 2232 3758 2281 ego

2228 2311 2413 2364 dubito
2445 2310 2510 2364 ad
2549 2324 2694 2367 vers.
2743 2311 2846 2365 tu
2887 2309 3346 2381 Psycbomachiie.
3394 2310 3470 2363 Ad
3511 2309 3756 2362 editionem

2228 2403 2574 2457 Parmensem
2605 2418 2775 2470 nuper
2810 2403 3156 2472 publicatam,
3190 2403 3257 2457 dc
3300 2418 3402 2472 qua
3445 2402 3583 2471 plura
3618 2406 3760 2469 capite

2226 2508 2361 2561 seq.,
2397 2493 2539 2545 solos
2559 2492 2772 2548 codices
2799 2491 3104 2559 Vaticanus,
3143 2508 3321 2563 neque
3347 2482 3528 2547 omnes
3554 2491 3759 2545 adhibuit

2222 2583 2293 2638 ci.
2323 2583 2538 2639 Teolius
2563 2582 2659 2653 (b).

2844 2708 3069 2766 CAPUT
3107 2709 3172 2764 V.

2295 2828 2559 2883 Editiones
2587 2842 2796 2896 operum
2819 2824 3106 2887 Prudentii,
3123 2824 3446 2894 interpretes,
3464 2823 3704 2877 seniores.

2292 2941 2401 3011 79
2430 2938 2552 2994 101.
2579 2938 2713 2993 Cum
2760 2945 2841 2992 tot
2879 2936 3141 2991 editiones
3174 2944 3478 3003 poematum
3524 2933 3755 2989 Prudentii

2224 3030 2376 3086 factte
2403 3030 2623 3093 fuerint,
2644 3038 2777 3099 quot
2804 3043 2946 3083 nunc
2982 3027 3269 3097 proferam,
3304 3027 3435 3096 quid
3464 3040 3624 3079 causzc
3662 3040 3758 3077 esse

547 3114 810 3172 truncato,
845 3107 1000 3177 longe
1023 3106 1308 3162 veterrimo
1347 3116 1546 3171 tamen,
1592 3111 1670 3164 sic
1706 3121 1761 3164 ut
1795 3109 2118 3168 cltaracteris
2143 3112 2190 3174 Ο
2225 3130 2404 3190 putem
2434 3137 2531 3177 cur
2553 3121 2686 3174 adeo
2712 3120 2829 3188 ejus
2856 3133 3017 3189 opera
3046 3119 3156 3172 sint
3199 3132 3347 3183 rara,
3378 3118 3464 3170 vix
3494 3126 3548 3169 ut
3584 3112 3757 3168 rrnalia

552 3214 614 3253 ac
646 3199 946 3256 litterarum
975 3201 1135 3257 ductu
1166 3202 1459 3258 Puteanum
1486 3204 1911 3259 laudatissimum
1952 3222 2120 3260 asum-

544 3290 702 3347 letur.
731 3294 1039 3362 Antuerpiaa
1065 3293 1205 3364 apud
1228 3306 1408 3364 patres
1431 3297 1702 3351 societatis
1732 3298 1857 3350 Jesu
1884 3302 2118 3352 excussit

543 3384 701 3437 trium
725 3384 965 3439 codicum
994 3386 1382 3455 discrepantias
1403 3428 1418 3452 ,
1451 3403 1584 3457 quas
1616 3388 1860 3444 Lmvinus
1887 3391 2118 3446 Torren-

543 3473 651 3526 tius
703 3472 1070 3542 Lugdunensis
1118 3476 1369 3529 editionis
1422 3477 1644 3544 margini
1684 3479 1975 3543 alleverat;
2023 3482 2117 3537 sed

543 3580 643 3617 nec
669 3562 981 3619 Torrentius
1018 3566 1457 3620 lucubrationem-
1491 3565 1649 3621 istam
1701 3568 1841 3625 ultra
1889 3570 2117 3640 hymnos

541 3654 965 3711 Catltemerinmn
986 3665 1041 3711 et
1071 3654 1499 3726 Peristepbanmn
1533 3672 1894 3730 promoverat,
1928 3675 1985 3718 et
2013 3668 2111 3734 ipsi

542 3749 773 3813 codices,
806 3764 939 3817 quos
968 3749 1304 3817 adhibuerat,
1344 3765 1452 3805 non
1500 3767 1707 3822 magna:
1748 3756 1822 3809 rei
1866 3758 2117 3814 videban—

541 3847 649 3905 tur,
682 3854 905 3907 quorum
945 3840 1147 3909 primus
1175 3839 1233 3894 S.
1266 3840 1562 3908 Laurentii,
1603 3843 1662 3898 S.
1689 3843 1871 3902 Jacobi
1916 3863 2113 3907 secun-

540 3930 660 3996 dus,
684 3940 907 3997 uterque
940 3931 1316 3994 Leodicenses,
1356 3932 1543 3988 tertius
1592 3936 1835 3993 Abbatite
1891 3942 1998 4011 78
2043 3944 2113 3997 de

540 4017 897 4075 Grtenendale
921 4036 1042 4076 esse
1078 4036 1108 4076 a
1130 4021 1414 4078 Torrentio
1442 4024 1776 4082 dicebantur.
1836 4029 1880 4083 A
1906 4030 2111 4088 Joanne

541 4109 770 4181 Georgio
799 4111 1005 4168 Grzevio
1034 4113 1217 4170 habuit
1245 4116 1492 4171 Heinsius
1522 4118 1742 4175 Joannis
1771 4121 1987 4178 Caucbii
2010 4126 2110 4181 ad-

538 4216 717 4265 notata
741 4225 892 4274 mss.,
911 4218 1021 4265 tum
1039 4212 1456 4281 Aatuerpianam
1475 4216 1597 4269 anui
1626 4215 1765 4271 1556
1785 4200 2108 4291 editionem,

611 4366 693 4437 (α)
724 4367 894 4440 Cujus
916 4369 1123 4424 senium
1152 4368 1265 4423 hac
1295 4369 1585 4440 epigrapbe
1624 4371 1880 4437 prodebat
1910 4390 1923 4427 :
1958 4374 2111 4430 llum:
2141 4382 2191 4440 ι)

538 4440 723 4513 libram
756 4442 841 4513 dnat
871 4438 1130 4513 Leofrieus
1157 4444 1421 4513 epist-Opus
1452 4438 1698 4495 Ecclesia:
1724 4442 1784 4495 S.
1814 4441 1955 4496 Petri
1985 4463 2113 4513 apo-

536 4508 656 4566 stoli
685 4511 735 4560 in
764 4509 962 4561 Exonia
987 4508 1055 4560 ad
1077 4508 1422 4581 sedemgsuam
1452 4513 1789 4578 episcopalem
1831 4529 1924 4581 pro
1952 4508 2111 4569 reme—

536 4581 625 4633 dio
671 4581 855 4631 anima:
900 4595 1007 4632 suae
1046 4580 1116 4631 ad
1166 4578 1435 4631 utili'atem
1482 4578 1841 4635 successorum
1873 4601 2106 4640 suorum.

537 4649 733 4721 Siquis
763 4658 931 4721 autem
960 4649 1105 4721 illum
1132 4651 1248 4721 inde
1287 4649 1573 4721 abstulerit,
1597 4667 1852 4721 perperam
1894 4657 2110 4709 maledi-

536 4720 689 4777 rtiuni
719 4719 996 4787 subjaceat,
1028 4719 1137 4786 ﬁat.
1178 4719 1396 4772 Prml‘uit
1438 4719 1617 4774 autem
1654 4722 1931 4778 Leofricus
1971 4727 2111 4779 Exo-

538 4789 708 4846 ιιίειιμί
738 4792 847 4842 se-li
880 4788 978 4840 sub
1007 4804 1202 4842 anuunt
1236 4788 1372 4843 1060
1400 4800 1491 4843 aut
1522 4792 1680 4845 H470.
2066 4844 2069 4845 ,

590 4858 685 4926 ~(b)
710 4858 834 4923 Ejus
856 4858 1325 4924 prudentissimum
1358 4860 1424 4912 de
1455 4859 1537 4913 bis
1564 4860 1833 4915 codicibus
1850 4862 2107 4927 judicium

537 4943 642 4983 non
671 4930 943 4997 ingratum
960 4926 1062 4997 erit
1094 4928 1281 4983 audire
1309 4945 1373 4997 ex
1399 4944 1519 4997 cap.
1551 4929 1584 4981 4
1614 4926 1964 4997 przri'ationis.
1988 4933 2108 4987 Jum

538 5012 652 5055 rero
684 5002 823 5058 patet
841 5012 903 5048 ea:
923 4995 1024 5057 his,
1048 4998 1111 5050 ab
1133 4997 1275 5050 nullo
1300 4995 1572 5051 Prttdentii
1616 4995 1868 5052 editorum
1899 5001 2108 5055 Vatica-

539 5083 628 5120 uos
655 5067 805 5119 codd.
830 5076 1009 5133 praeter
1036 5083 1194 5118 unum
1218 5077 1264 5120 et
1285 5067 1519 5126 alterum.
1558 5069 1656 5120 huc
1685 5079 1797 5131 past
1830 5070 2034 5126 Wcitzii
2062 5083 2110 5126 et

539 5134 744 5209 [Ieittsii
764 5145 959 5188 a'tatem
978 5137 1230 5209 adrectos,
1254 5138 1386 5189 visos
1408 5138 1572 5189 adhuc
1593 5141 1904 5194 outcollatos
1928 5144 2104 5209 fuisse.

540 5205 732 5275 Dignos
758 5217 923 5259 tamen
958 5206 1283 5275 dignissimos
1319 5222 1446 5268 esse,
1492 5224 1713 5276 quorum
1757 5212 1887 5264 ratio
1927 5205 2111 5264 baben-

536 5286 641 5339 tur,
682 5278 805 5347 jure
852 5278 1124 5347 meritoque
1169 5293 1390 5329 asserere
1430 5294 1577 5346 posse
1605 5278 1850 5332 ridemur.
1902 5280 2043 5334 Nam
2064 5284 2110 5335 si

536 5344 799 5418 numerum
825 5344 1081 5410 attendas,
1122 5347 1372 5418 sexdecim
1415 5344 1556 5409 sunt,
1598 5350 1644 5400 si
1677 5352 2026 5418 antiquitatum
2061 5362 2108 5403 et

535 5415 893 5487 sinceritatem,
916 5426 1134 5487 quatuor
1154 5417 1229 5469 uel
1247 5416 1470 5486 quinque
1500 5419 1741 5485 exceptis,
1773 5415 1863 5471 aut
1891 5423 2107 5487 sequiori

534 5500 662 5548 arvo,
691 5486 766 5535 vel
789 5485 1213 5554 parumdiligenti
1234 5485 1391 5539 manu
1407 5487 1725 5552 conscriptis,
1746 5490 1914 5542 cwtrri
1936 5485 2108 5542 omnes

534 5561 642 5604 tum
668 5562 1068 5629 vetustatettum
1096 5556 1363 5629 diligentia
1391 5556 1590 5629 optima:
1613 5566 1745 5610 nota:
1764 5569 1880 5610 sunt
1909 5561 2106 5629 magni-

533 5636 629 5686 que
656 5625 824 5688 pretii.
855 5624 1100 5693 Quinque
1132 5627 1431 5692 prmcipuos
1454 5625 1666 5679 codices
1687 5624 2064 5680 notniuatim'r.
2084 5657 2108 5667 -

532 5700 749 5759 censet;
783 5695 1200 5754 Alexandrinum
1230 5695 1396 5750 Vattc.
1420 5695 1517 5750 521
1545 5697 1725 5755 steculi
1750 5696 1969 5752 forsitan
1994 5715 2105 5765 νιςι,

2222 3222 2487 3284 prostent,
2514 3221 2570 3267 et
2614 3211 2667 3265 in
2713 3207 2893 3264 multis
2940 3223 3047 3263 non
3100 3208 3424 3276 ignobilibus
3469 3204 3761 3260 bibliOthrcis

2221 3308 2384 3361 etiam
2416 3303 2735 3358 fatniliarum
2774 3299 3142 3368 religiosarum
3175 3298 3590 3357 desiderentur?
3618 3296 3663 3349 Id
3688 3294 3758 3349 ulli

2221 3398 2366 3452 laudi
2397 3404 2567 3464 poetae
2619 3393 2859 3456 verterit,
2888 3406 2991 3444 non
3021 3391 3183 3452 male,
3215 3400 3272 3444 ut
3294 3388 3562 3450 existimo,
3589 3384 3761 3456 judica-

2221 3491 2300 3546 bit
2330 3508 2343 3542 :
2376 3503 2497 3542 nam
2527 3495 2584 3540 et
2604 3484 2937 3554 exemplaria
2984 3482 3210 3537 feliciter
3235 3483 3453 3536 vendita
3498 3494 3628 3543 esse,
3657 3492 3760 3532 usue

2220 3594 2327 3650 que
2366 3581 2516 3649 plura
2548 3586 2884 3645 consumpta,
2908 3584 2965 3628 et
2993 3588 3091 3628 eos
3118 3576 3206 3642 qui
3235 3588 3297 3627 ea
3332 3573 3662 3633 obtinuerint,
3684 3584 3760 3624 cu-

2224 3671 2345 3740 pide
2372 3671 2605 3724 retinere
2628 3667 2755 3722 inde
2795 3666 3081 3735 colligitur.
3110 3666 3308 3721 Ordine
3342 3682 3470 3721 vero
3506 3663 3755 3720 chronolo-

2214 3764 2337 3834 gico
2357 3761 2619 3814 editiones
2647 3759 2962 3813 rticensebo.

2292 3853 2347 3907 i'
2370 3853 2526 3907 Anno
2553 3853 2780 3904 incerto.
2801 3850 2976 3905 Editio
3002 3851 3220 3919 antiqua
3240 3863 3466 3918 operum
3499 3843 3757 3903 Prudentii,
3779 3884 3793 3913 ,Ι

2216 3959 2373 4014 quam
2403 3943 2533 3994 vidit
2581 3939 2876 4002 Fabricius,
2904 3942 2973 3995 de
3018 3956 3120 4010 qua
3164 3941 3214 3993 in
3268 3940 3481 3993 Bibliot.
3510 3944 3612 3990 vet.
3640 3935 3756 3995 Lat,

2216 4041 2333 4093 sine
2359 4035 2486 4090 anni
2512 4034 2682 4089 locive
2714 4040 2836 4086 nota
2877 4031 2993 4085 ἰπὶ-4
3021 4030 3119 4101 (c).
3148 4032 3273 4085 Haec
3318 4032 3545 4084 fortasse
3579 4024 3758 4082 czcteris

2217 4128 2464 4185 omnibus
2488 4133 2576 4177 est
2603 4123 2889 4190 antiquior.

2283 4220 2350 4274 2°
2381 4222 2535 4273 Anno
2561 4214 2719 4272 M70.
2754 4214 3006 4283 Augustae
3029 4211 3428 4267 Vindelicorum
3460 4210 3632 4264 Finem
3664 4206 3758 4260 Ha-

2222 4375 2303 4430 vel
2333 4383 2477 4428 certe
2506 4370 2797 4440 sequentis,
2841 4376 2899 4440 ut
2939 4375 3122 4433 putat;
3154 4366 3381 4440 codices
3412 4366 3579 4440 Vatic.

2214 4445 2374 4507 5860,
2399 4432 2641 4509 ejusdem
2665 4432 2791 4508 plus
2819 4432 2994 4509 minus
3025 4438 3227 4509 (etatis;
3260 4432 3755 4509 COtllCC§_Y:Il.5§2l.

2211 4516 2301 4585 qui
2329 4499 2372 4568 a'
2390 4499 2628 4585 ill'arietto
2645 4499 2871 4585 collatus
2900 4508 3031 4585 fuit,
3063 4518 3118 4560 et
3142 4499 3452 4585 Urbiua‘tem
3473 4506 3633 4584 Vatic.
3652 4499 3754 4585 tibi}.

2196 4574 2291 4640 De
2328 4583 2524 4653 quibus
2562 4578 2752 4653 confer
2781 4595 2899 4639 qum
2928 4579 3177 4653 diximus,
3210 4587 3264 4653 et
3303 4577 3627 4630 cbaracteris
3668 4574 3759 4624 ior-

2213 4648 2357 4709 tnam
2381 4662 2608 4720 quatuor
2648 4650 2883 4721 priorum
2929 4648 3171 4721 codicum
3218 4648 3268 4700 itt
3301 4662 3527 4721 examen
3565 4654 3751 4721 revoca,

2208 4727 2255 4779 si
2290 4714 2459 4793 placet
2480 4714 2757 4793 judicare.
2792 4720 2965 4793 _Atq_tte
2999 4718 3269 4793 advertas,
3318 4717 3501 4793 velim,
3547 4714 3758 4767 codiceni

2217 4786 2333 4850 νεὶ.
2363 4786 2509 4846 3859⁷
2531 4805 2633 4842 nou
2665 4789 2842 4841 omnia
2883 4786 3237 4839 Prudentiana
3265 4786 3566 4839 continere.

2283 4866 2357 4933 (c)
2381 4862 2435 4915 In
2461 4858 2999 4933 cujusgiiuelegitun:
3034 4855 3228 4933 Aut-eiii
3248 4855 3523 4933 Clementis
3547 4849 3757 4933 .Prudett-

2210 4935 2268 4987 tii
2290 4924 2475 4999 opera,
2496 4924 2721 5001 prudens
2742 4929 2918 5001 lector,
2952 4926 3046 4979 hoc
3075 4926 3524 5001 ordine_impre_ssn
3542 4924 3753 5001 inuenies.

2212 4986 2447 5056 Primum
2464 4986 2523 5053 in
2548 5010 2810 5065 utrumque
2834 4986 3207 5049 Testamentum
3226 4986 3570 5065 Tetradio/ta.
3592 4986 3757 5042 Deinde

2208 5091 2343 5136 eum,
2374 5087 2521 5138 quem
2547 5069 2612 5122 de
2635 5064 2909 5138 Div'im'tate
2935 5065 3116 5138 librant
3136 5064 3332 5138 scripsit
3360 5065 3758 5138 Apotiteosimq‘tts

2208 5125 2451 5195 titulizvit.
2501 5137 2937 5208 Psyrhomacbia‘
2969 5135 3214 5208 sequitur.
3236 5125 3247 5134 ’
3271 5125 3653 5208 "attint-tigenia
3692 5125 3758 5203 bis

2210 5224 2345 5265 recto
2365 5210 2547 5263 ordine
2565 5203 2791 5261 additur.
2819 5204 3235 5269 Peristepltancsu
3255 5203 3511 5264 subditur,
3537 5203 3608 5254 sic
3643 5209 3755 5248 eamt

2206 5280 2387 5335 Gra'ce
2418 5282 2540 5331 liber
2562 5278 2631 5330 ad
2662 5276 2969 5344 Martyrium
2998 5274 3308 5325 inscribitur.
3329 5272 3634 5323 Diurnortrm
3661 5278 3755 5344 rm

2211 5351 2338 5404 libro
2367 5350 2486 5419 (qui
2514 5360 2561 5401 et
2584 5343 2983 5419 Cathemerinun
3018 5344 3235 5419 dicitur)
3258 5352 3303 5393 et
3326 5356 3381 5394 eo
3406 5355 3557 5419 quem
3580 5343 3755 5419 contra

2212 5403 2578 5488 Syntmdcltum
2624 5415 2972 5488 idololatriam
3013 5403 3363 5479 defendentem
3405 5403 3756 5488 scrips.‘t,npul.-

2210 5470 2583 5542 Himeram
2623 5485 2800 5539 ordine
2832 5494 2989 5535 totum
3033 5470 3160 5547 opus
3207 5470 3602 5532 consummatur.
3623 5470 3756 5540 Quod

2213 5559 2345 5612 liber
2370 5558 2624 5610 adversus
2645 5554 3022 5624 Symmachum
3055 5552 3214 5603 veluti
3244 5550 3466 5624 simpicx
3495 5550 3755 5624 profertur.

2210 5643 2332 5681 cum
2372 5628 2477 5679 sint
2522 5627 2648 5683 duo.
2678 5618 2862 5695 credo,
2896 5636 3108 5695 causam
3157 5634 3306 5695 esse,
3327 5620 3447 5685 quia
3502 5618 3758 5695 itber__|tl’tt

2212 5712 2375 5767 opere
2403 5712 2588 5760 unum,
2619 5705 2707 5748 aut
2739 5693 2917 5763 plures
2956 5691 3123 5745 libros
3169 5692 3474 5745 continente
3501 5690 3754 5752 accipitur.
