4016 6182
457 284 561 341 663

1846 273 2294 335 PRUDENTIUS.

3634 271 3741 327 6ιὸ

523 398 633 467 82
659 395 722 451 9°
764 394 920 448 Anno
963 392 1116 449 i502.
1153 391 1344 446 lterum
1388 391 1579 445 Aldum
1629 389 1865 444 edidisse
1899 391 2034 443 l‘rtt-
2065 400 2112 455 Α
2140 391 2346 462 tigentia
2384 389 2666 460 perfectum
2710 397 2757 442 et
2803 389 3128 442 emendatum
3175 401 3264 456 per
3309 386 3649 440 reverendam
3685 384 3745 439 in

461 489 625 541 dentii
663 500 824 554 opcra
859 485 1203 552 probabiliter
1223 481 1528 549 colligimus
1553 497 1619 534 ex
1651 479 1914 541 Giselino,
1951 479 2044 549 qui

463 578 514 630 iu
544 591 684 630 eum.
717 576 784 629 ad
815 588 955 628 vers.
985 574 1088 628 379
1131 573 1567 641 Psyclrornacliim
1601 572 1781 625 laudat
1825 571 2042 634 Aldum,

462 667 506 718 si
537 680 749 732 usquam
771 663 914 728 alibi,
946 674 1077 715 certe
1104 663 1158 715 in
1200 664 1354 732 hujus
1383 665 1606 715 auctoris
1633 663 1883 725 editione,
1907 677 2046 731 pra:-

463 758 636 809 sertim
649 757 893 819 secunda,
918 756 1390 824 diligentissiumm.
1429 754 1495 807 Et
1525 769 1646 807 cum
1689 754 1941 808 Heinsius
1967 754 2050 805 ilio

462 857 551 900 cat
597 861 656 900 se
711 846 1019 914 frequenter
1064 845 1404 899 consuluisse
1469 844 1722 898 Aldiuuin
1775 844 2050 912 exemplar

462 953 606 992 anno
635 954 812 994 cretati
841 940 1065 1001 editum,
1105 951 1326 992 neci-sse
1379 946 1462 991 est
1499 946 1554 991 ut
1603 952 1738 990 nova
1785 936 1954 991 editio
1981 951 2049 991 eo

464 1045 606 1084 anno
647 1030 809 1084 fui-rit
846 1029 914 1084 ab
942 1030 1078 1083 Aldo
1109 1040 1354 1098 peracta;
1400 1031 1452 1082 in
1502 1045 1604 1098 qua
1648 1030 1888 1097 suspicio
1919 1030 2048 1083 mihi

463 1129 600 1183 erat,
632 1121 824 1174 Aldum
874 1121 1165 1174 inseruisse
1210 1135 1303 1174 eas
1350 1121 1630 1185 lectiones,
1670 1135 1803 1189 quas
1840 1135 1906 1174 ex
1952 1133 2047 1174 sua

463 1212 718 1280 opinione
744 1225 987 1266 seorsum
1033 1211 1085 1264 in
1127 1213 1294 1280 prima
1335 1221 1667 1266 cori-exerat.
1709 1212 1918 1264 Etenim
1959 1211 2051 1265 Gi-

466 1302 670 1356 selinus
714 1315 776 1354 ea
803 1302 1024 1370 protulit
1052 1303 1236 1364 Verba,
1283 1313 1338 1354 tit
1374 1311 1604 1365 notaret,
1641 1303 1833 1355 Aldum
1878 1301 1929 1354 in
1962 1315 2050 1355 se-

470 1392 646 1446 cunda
673 1393 912 1446 editione
941 1392 1167 1445 mediam
1205 1391 1359 1459 hujus
1394 1392 1641 1445 vocabuli
1669 1391 1888 1455 idolum,
1915 1405 2049 1458 quo-

469 1484 782 1552 tiescunque
811 1483 959 1537 licuit
986 1484 1288 1547 commode,
1327 1482 1651 1536 dictionibus
1680 1481 2047 1549 transpositis,

469 1580 824 1648 produxisse;
869 1578 1009 1647 quod
1055 1577 1269 1647 quidem
1319 1578 1487 1632 Aldus
1534 1579 1585 1631 in
1625 1576 2050 1631 correctiontbus

471 1674 659 1740 prima:
684 1671 936 1725 editionis
982 1671 1180 1724 effecit.
1213 1669 1317 1725 Sed
1351 1685 1470 1724 cum
1511 1670 1934 1735 observaterim,
1963 1683 2050 1722 er-

2151 495 2363 552 utroque
2374 486 2497 552 jure
2522 484 2780 534 doctorem
2812 481 3078 532 dominum
3115 480 3432 547 Alpheusnm
3459 478 3630 537 Ortis.
3659 491 3748 528 ca-

2152 575 2394 626 nonicum
2412 571 2736 625 Toletanum.
2757 569 2919 623 Jussu
2941 570 3346 623 reuerendissimi
3369 569 3417 619 in
3438 567 3646 620 Christo
3661 581 3748 633 pa.

2157 667 2250 718 tris
2279 666 2471 717 domini
2493 665 2545 716 d.
2581 662 2852 716 Francisci
2873 662 3140 725 Ximenes,
3169 663 3396 728 eiusdem
3417 659 3639 711 civitatis
3663 673 3746 709 ar-

2154 755 2406 823 chiepisco
2413 755 2484 820 pi.
2499 753 2736 805 ILIPE‘NSIS
2749 753 2931 804 nobilis
2953 748 3449 804 MelchiorisGoricii
3468 747 3750 800 Nouarien-

2151 847 2243 898 sis.
2263 846 2372 914 83
2393 843 2492 896 Per
2511 844 2810 914 magistrum
2833 841 3040 894 Petrum
3064 841 3390 909 flagembuch
3413 840 3748 892 Alcmanuns.

2156 939 2304 989 Anno
2335 935 2520 988 salutis
2538 942 2727 988 nostrw
2765 934 3036 1002 millesimo
3060 933 3463 1003 quingentesimo
3494 930 3748 992 secundo,

2152 1033 2236 1087 die
2257 1048 2371 1084 vero
2400 1032 2632 1085 vices-ima
2652 1033 2831 1100 quinta
2859 1032 3044 1084 mensis
3075 1031 3329 1084 Octobris.
3377 1031 3752 1084 Nihilominus

2152 1125 2386 1179 Ortizius
2408 1123 2460 1177 in
2486 1124 2798 1192 pra-latione
2819 1125 3165 1194 impensarum
3192 1122 3462 1177 Francisci
3485 1121 3752 1175 Ximencs

2155 1219 2399 1268 tneminzt
2449 1231 2461 1265 :
2510 1215 2612 1266 Diu
2653 1215 2970 1283 multumque
3027 1214 3289 1284 recognita
3337 1213 3628 1266 illustrium
3674 1226 3753 1264 me

2153 1305 2436 1360 reddidisse
2467 1316 2569 1358 tua:
2605 1304 2889 1375 diligentia:
2930 1314 2975 1356 et
3001 1303 3336 1358 sollicitudini
3366 1305 3540 1357 clerici
3572 1319 3684 1355 ann
3709 1321 3751 1351 t-

2155 1404 2367 1450 uterent.
2413 1396 2576 1448 Antea
2620 1410 2836 1463 namque
2876 1393 3093 1463 confusa
3134 1410 3258 1462 pene
3300 1394 3472 1446 omnia
3506 1394 3563 1445 in
3602 1392 3750 1444 libris

2154 1485 2398 1561 veteribus
2416 1527 2431 1551 ,
2479 1495 2631 1552 atque
2653 1483 2897 1536 hactenus
2926 1484 3185 1552 incognita
3200 1483 3425 1553 jacuisse
3445 1497 3604 1552 penes
3625 1496 3750 1534 erst-

2155 1579 2288 1631 ditos
2311 1580 2480 1644 palam
2516 1586 2612 1630 est.
2655 1573 2809 1627 Nunc
2834 1590 2950 1627 vero
2978 1577 3086 1627 suis
3114 1576 3241 1626 locis
3281 1588 3494 1643 qumque
3518 1573 3750 1641 reposita

2155 1670 2334 1738 ofﬁcia,
2370 1678 2592 1737 aptaque
2617 1667 2836 1738 reperies
2867 1681 2886 1718 :
2913 1665 3286 1718 characteribus
3329 1676 3479 1733 atque
3511 1666 3744 1732 periodis

472 1776 622 1815 mres
654 1776 838 1829 prima:
861 1759 1070 1814 Aldina:
1094 1760 1340 1814 editionis
1370 1761 1438 1813 ab
1466 1759 1685 1812 Heinsio
1716 1759 1892 1824 citari,
1919 1757 2048 1825 quin
2082 1768 2128 1827 Β
2153 1766 2424 1827 distincta,
2461 1763 2621 1816 verbis
2648 1773 2800 1828 atque
2837 1763 3094 1815 sententiis
3137 1759 3385 1813 dilucida.
3429 1757 3560 1810 Tuis
3591 1758 3751 1826 igitur

471 1852 517 1904 is
544 1851 779 1904 animum
813 1850 879 1903 ad
909 1853 1273 1904 correctiones
1298 1851 1614 1917 adverterit,
1642 1849 1838 1902 dubius
1873 1848 2050 1902 htereo

472 1954 528 1997 et
549 1945 793 2011 suspicor
821 1941 1112 1997 editionem
1135 1943 1276 2006 Aldi,
1307 1957 1465 2008 quam
1499 1943 1612 2010 ipse
1649 1941 1851 2006 laudat,
1885 1941 2051 2010 perti-

474 2048 604 2089 nere
629 2033 700 2088 ad
727 2049 925 2087 annum
951 2034 1113 2097 1501,
1148 2033 1444 2088 Giselinum
1473 2048 1621 2099 vero,
1654 2033 1940 2087 editionem
1964 2047 2053 2088 se-

473 2127 702 2184 cundam
730 2132 850 2180 cum
881 2126 1030 2192 dicit,
1065 2125 1362 2194 intelligere
1387 2128 1780 2189 correctioncs;
1808 2126 2051 2179 diversas

427 2243 430 2246 λ
471 2226 650 2272 autem
681 2217 958 2282 lectiones,
1000 2233 1120 2286 qua:
1159 2217 1296 2270 Aldo
1325 2216 1671 2286 effinguntur,
1705 2217 1874 2270 errori
1923 2215 2053 2270 alle-

472 2309 708 2377 gant'rum
757 2313 1117 2377 imputandas,
1151 2323 1271 2362 cum
1311 2323 1368 2362 εις
1390 2324 1455 2378 pe
1485 2312 1654 2364 soleat
1697 2307 1962 2373 accidere,
1994 2314 2053 2362 ut

476 2402 633 2455 unius
656 2416 857 2456 nomen
888 2415 983 2469 pro
1013 2400 1120 2453 alio
1143 2413 1244 2454 nec
1272 2399 1613 2468 opinantibus
1637 2399 1870 2454 excidat.

546 2491 637 2545 10⁸
664 2494 820 2546 Anno
853 2489 1011 2547 1502.
1049 2491 1127 2545 Ex
1159 2491 1344 2545 multis
1369 2505 1432 2544 ac
1462 2490 1845 2558 propemodum
1888 2491 2049 2544 innu-

473 2585 638 2638 meris
676 2583 977 2649 breviariis,
1009 2583 1061 2638 in
1101 2584 1295 2650 quibus
1334 2581 1573 2635 nonnulli
1599 2583 1786 2653 hymni
1815 2582 2054 2637 Pruden-

476 2675 608 2730 tiani
633 2675 816 2730 excusi
855 2684 1000 2741 sunt,
1033 2674 1192 2728 liceat
1219 2688 1381 2727 unum
1415 2682 1618 2727 tantum
1663 2673 1923 2741 proferre,
1948 2673 2054 2728 sci-

475 2770 600 2825 licet
624 2768 972 2823 lsidorianum
1001 2782 1096 2822 seu
1132 2765 1442 2833 Gothicam,
1476 2767 1590 2821 sive
1617 2766 1757 2834 quod
1787 2765 2051 2834 plurimos

476 2861 704 2932 hymnos
725 2860 777 2914 id
799 2861 1076 2925 exhibeat,
1100 2859 1213 2914 sive
1237 2860 1377 2928 quod
1405 2858 1696 2927 Hispanum
1723 2859 1940 2929 penitus
1961 2859 2050 2923 sit,

474 2970 539 3010 ac
567 2954 790 3025 proinde
814 2953 1014 3023 juverit
1045 2967 1109 3007 ex
1144 2966 1209 3006 eo
1240 2950 1501 3006 lectiones
1527 2951 1784 3020 quasdam
1824 2967 1857 3005 a
1885 2963 2051 3006 ctcte-

474 3048 550 3102 ris
579 3049 822 3101 diversas
846 3045 1149 3100 desumere.
1183 3045 1237 3098 lit
1273 3059 1340 3098 eo
1371 3051 1497 3098 sunt
1537 3043 1768 3118 hymnus
1796 3044 2052 3115 Jejuuan-

2151 1857 2406 1910 industria
2439 1866 2484 1909 et
2524 1841 2880 1908 ικΡεΝςιεΗὶιι
2920 1855 3063 1906 senio
3102 1851 3389 1920 periclitata
3434 1849 3602 1918 officia
3641 1848 3751 1900 lsi-

2153 1949 2368 2002 doriana
2399 1947 2648 2016 legentur.
2686 1949 2812 2011 Qua:
2840 1948 2894 1999 in
2923 1951 3147 2000 omnium
3181 1944 3411 1996 notitiam
3436 1953 3752 2010 perventura

2151 2041 2291 2112 apud
2317 2047 2545 2109 posteros
2566 2079 2579 2102 ,
2617 2038 2881 2091 charitatis
2927 2047 3026 2089 tua:
3053 2036 3254 2100 studia,
3285 2046 3333 2088 et
3363 2049 3498 2086 meos
3540 2032 3749 2084 labores

2150 2132 2499 2188 recensebant.
2554 2128 2826 2183 Videbitur
2855 2129 3062 2196 insuper
3102 2127 3368 2197 diligentia
3413 2124 3600 2177 nobilis
3649 2123 3751 2174 uiri

2154 2223 2450 2279 Melchioris
2467 2220 2662 2275 Goricii
2686 2219 3015 2273 Novariensis
3036 2220 3215 2289 :cujus
3237 2233 3391 2284 Opera
3411 2214 3750 2270 exactissima

2152 2316 2248 2368 hoc
2271 2330 2399 2382 Opus
2435 2312 2749 2365 laboriosum
2781 2315 2865 2362 'est
2907 2310 3206 2380 impressum
3231 2311 3283 2361 in
3317 2307 3441 2360 urbe
3469 2305 3619 2376 regia
3643 2303 3752 2356 Το-

2153 2409 2322 2461 letana
2355 2405 2450 2475 (α).
2479 2403 2633 2470 Quod
2663 2403 2852 2457 attinet
2882 2403 2948 2456 ad
2977 2402 3247 2470 impensas
3277 2399 3507 2452 fortasse
3542 2397 3748 2466 partim

2153 2512 2245 2553 eas
2271 2496 2559 2552 cardinalts
2610 2493 2905 2560 Ximeuez,
2946 2493 3142 2562 partim
3192 2490 3448 2545 Mclcbior
3492 2487 3750 2542 Goricius

2154 2587 2310 2650 fecit,
2357 2597 2415 2639 ut
2457 2586 2528 2639 ita
2560 2585 2758 2639 veritas
2804 2583 3051 2651 utrinque
3096 2591 3327 2636 constet.
3376 2580 3510 2645 Quid
3563 2577 3748 2647 egerit

2154 2675 2419 2741 Ortizius,
2448 2677 2560 2730 suis
2591 2675 2772 2729 verbis
2811 2680 3050 2728 notatum
3082 2671 3222 2726 volui
3249 2713 3264 2738 ,
3296 2681 3354 2725 ut
3382 2669 3746 2740 quorumdam

2153 2757 2516 2840 opinionibus,
2547 2766 2636 2836 qui
2668 2780 2914 2834 magnam
2945 2764 3307 2818 ditersitatem
3338 2763 3475 2815 inter
3525 2773 3661 2813 mss.
3692 2770 3750 2812 et

2155 2862 2296 2916 edita
2360 2860 2534 2914 officia
2587 2858 2810 2914 Gothica
2865 2858 3098 2926 iactant,
3142 2869 3504 2911 occurrerem.
3551 2849 3747 2905 Ortixii

2159 2954 2316 3008 [idem
2365 2952 2642 3005 luculento
2687 2948 2999 3004 testimonio
3045 2941 3747 3001 conﬁrmatexcellentissi—

2157 3059 2274 3098 mus
2294 3042 2742 3110 archiepiscopus
2764 3040 3057 3094 'l‘oletanus
3087 3037 3148 3091 D.
3183 3037 3247 3090 D.
3282 3035 3600 3090 Frauciscus
3622 3033 3743 3086 An-

474 3141 622 3202 tium,
661 3139 722 3194 S.
771 3136 1014 3204 Eulaliaz,
1059 3137 1124 3193 S.
1163 3136 1439 3205 Vincentii,
1484 3140 1716 3208 Agnetis,
1748 3135 2052 3204 Fructuosi,
2083 3123 2129 3186 C
2165 3137 2338 3190 tonius
2367 3137 2694 3200 Loreuzana,
2723 3135 2876 3201 cujus
2903 3146 3063 3200 Opera
3097 3131 3290 3184 iterum
3324 3129 3659 3182 Breviarium
3687 3134 3746 3181 et

476 3229 753 3303 Hemeterii
779 3239 828 3283 et
851 3226 1134 3293 Celedonii,
1165 3227 1458 3281 Octodecim
1476 3239 1760 3298 martyrum
1785 3227 2056 3282 Ctesarau-

475 3331 832 3394 gustanorum,
880 3317 1164 3386 Laurentii,
1220 3318 1461 3383 Romani,
1515 3318 1670 3372 Omni
1712 3319 1861 3385 hora,
1905 3319 2055 3373 Circa

474 3416 758 3484 exsequias,
794 3413 867 3465 De
892 3428 1020 3466 nouo
1059 3413 1273 3475 lumine,
1316 3413 1448 3464 Ante
1476 3428 1730 3466 somnum.
1767 3413 1808 3466 E
1833 3413 2058 3482 quibus-

474 3508 598 3561 dam
631 3519 760 3560 vero
787 3505 959 3558 solum
992 3504 1264 3566 nonnullae
1290 3501 1525 3570 strophas
1551 3503 1870 3571 seliguntur,
1904 3512 1960 3556 ut
1986 3501 2052 3556 ad

475 3599 717 3667 singulos
756 3596 1015 3650 dicemus.
1065 3595 1271 3649 Prodiit
1315 3607 1501 3649 autem
1540 3595 1870 3649 Bret'iarium
1909 3610 2052 3650 anno

478 3690 619 3746 150i
651 3689 803 3759 jussu
833 3686 1175 3754 celeberrimi
1211 3686 1503 3750 cardiualis
1545 3685 1828 3752 Ximenez,
1858 3687 2051 3743 crede-

475 3797 588 3837 rem
623 3779 784 3836 etiam
829 3778 1103 3832 nonnullis
1147 3775 1566 3840 afﬁrmantibus,
1617 3775 1733 3845 ejus
1775 3779 2050 3845 expensis,

479 3872 584 3926 nisi
607 3871 658 3924 in
684 3870 787 3923 line
813 3871 1041 3936 legerem
1065 3884 1078 3920 :
1105 3867 1182 3920 Ad
1209 3867 1414 3920 laudem
1437 3867 1792 3935 omnipotentis
1814 3867 1911 3921 Dei
1937 3884 2053 3922 nec-

476 3979 578 4017 non
633 3960 858 4030 Virginis
883 3957 1066 4012 Μαι-ξω
1111 3958 1288 4010 matris
1327 3959 1436 4027 ejus
1465 3973 1482 4009 :
1510 3958 1736 4011 omnium
1761 3967 2051 4010 sanctorum

475 4063 884 4120 sanctorumque,
917 4050 1170 4118 expletum
1216 4057 1290 4101 est
1317 4047 1632 4100 Breviarium
1671 4049 1946 4101 secundum
1973 4065 2054 4102 re-

469 4145 646 4216 gulam
667 4141 799 4194 beati
821 4138 1011 4194 lsidori
1027 4141 1218 4193 dictum
1239 4136 1294 4191 Μ
1299 4139 1537 4192 ozarabes
1564 4153 1583 4190 :
1599 4141 1823 4192 maxima
1839 4156 1956 4194 cum
1972 4141 2052 4193 di-

473 4315 583 4372 tus,
619 4305 721 4358 ode
761 4300 814 4354 in
862 4297 1073 4372 laudern
1108 4296 1533 4372 beatissimorum
1581 4307 1871 4372 martyrum
1913 4299 2049 4372 Fru-

473 4367 644 4430 ctuosi
678 4370 913 4438 episcopi
947 4368 1196 4421 Ecclesia:
1228 4367 1476 4438 Terrae”
1503 4376 1558 4419 et
1587 4367 1826 4435 Augurii,
1863 4380 1915 4421 ct
1939 4369 2047 4422 Eii-

479 4445 602 4514 logi't
628 4436 1176 4505 diaconi.'Septitnus,
1204 4438 1383 4514 passio
1408 4436 1673 4514 Hippolyti
1697 4441 1956 4514 martyris
1979 4439 2044 4514 ad

478 4507 820 4568 valerianutn
850 4515 1177 4580 episcopum.
1215 4507 1597 4580 Octat'tis_,_ode
1619 4508 1670 4560 in
1697 4508 2048 4580 laudeinQui-
2081 4521 2126 4580 ι)

476 4587 578 4640 rmi
609 4576 1140 4651 tiiai-tyris,'episc0pi
1171 4577 1417 4651 Ecclesia:
1438 4576 1714 4630 Sisciante.
1741 4579 1941 4651 Nouus,
1967 4583 2042 4632 lo-

472 4671 569 4710 cus
605 4655 692 4708 ubi
740 4647 999 4720 martyres
1023 4647 1184 4720 passi
1214 4657 1372 4720 sunt,
1415 4651 1556 4712 quod
1607 4663 1745 4720 nunc
1781 4648 2044 4715 Baptiste—

475 4728 610 4779 riutn
641 4717 941 4789 appellatur
971 4735 983 4768 :
1011 4718 1186 4782 (deest
1214 4717 1576 4789 hortante-trum
1615 4735 1627 4769 :
1665 4718 1765 4770 llic
1796 4730 1896 4771 nuo
1919 4735 2041 4788 pur-

473 4786 728 4864 pureum).
757 4789 1025 4864 Decimus,
1060 4789 1233 4853 passio
1271 4786 1510 4864 Cassiani
1551 4791 1820 4864 martyris.
1865 4786 2040 4864 ibide-

474 4856 668 4923 cimtt,
689 4856 877 4926 passio
909 4860 1180 4926 beatorum
1221 4856 1579 4923 apostolorum
1615 4858 1754 4910 Petri
1786 4867 1838 4910 ct
1872 4860 2036 4912 l’auli.

477 4924 851 4986 Duodecimus.
886 4926 1062 4994 passio
1090 4924 1338 4994 Cypriani
1373 4927 1640 4993 martyris.
1673 4927 2037 4994 'l‘rodecimus,

476 5002 654 5072 passio
685 4998 1202 5072 Agnetis_itiaityris.
1245 4996 1692 5072 Sequuntooliluji
1724 4998 1830 5049 duo
1853 5009 2038 5072 contra

474 5062 873 5142 'Syttitiiacliutn.
907 5065 1032 5142 [inst
1059 5062 1268 5142 titulum
1294 5065 1358 5116 de
1387 5062 1610 5142 ller_c_ule
1640 5067 1835 5142 desunt
1855 5067 1942 5142 atii
1973 5069 2042 5121 ti-

474 5134 569 5197 tuli
611 5153 776 5208 usque
807 5137 870 5190 ad
915 5135 991 5188 De
1016 5135 1240 5204 potentia
1266 5137 1450 5194 crucis.
1486 5134 1597 5187 lloc
1625 5138 1768 5208 signo
1794 5139 2040 5208 invictus.

475 5214 665 5268 Postea
693 5206 1044 5267 Romanorum
1073 5216 1306 5258 senatum
1340 5220 1636 5257 conversum
1666 5206 1733 5259 ad
1764 5206 2037 5274 Christum,

475 5282 748 5337 Exsultare
772 5289 956 5344 patres.
983 5274 1190 5330 Plebem
1218 5275 1495 5329 Rotnunant
1520 5276 1570 5327 in
1600 5275 1857 5330 Christum
1879 5281 2044 5331 credi-

475 5354 645 5415 disse;
674 5361 780 5417 po.~t
806 5351 930 5399 h.uc’
955 5348 1020 5399 ad
1061 5349 1325 5415 populum.
1361 5345 1513 5398 lleest
1547 5348 1580 5398 ti
1613 5350 1766 5400 ttlus:
1796 5348 2039 5417 Symma-

475 5423 626 5476 chum
652 5419 948 5488 alloquitur.
981 5419 1034 5470 ltt
1068 5419 1202 5488 libro
1230 5432 1264 5469 ll
1298 5418 1550 5488 inseritur
1581 5421 1768 5471 relatio
1797 5422 2042 5488 Symma-

473 5494 582 5548 cbi.
616 5485 865 5558 Sequitur
896 5485 1252 5552 Ultor/neum,
1285 5487 1438 5558 cujus
1475 5488 1655 5541 titulos
1693 5485 1956 5542 variantes
1987 5490 2038 5542 in

474 5563 592 5629 ipso
618 5557 778 5628 opere
815 5558 1205 5610 ailnotabitutts.
1255 5558 1309 5629 l_tt
1343 5557 1447 5610 line
1496 5559 1769 5611 Dittocmni
1811 5559 1932 5621 ode,
1984 5560 2035 5612 iu

472 5625 577 5703 (illa
601 5625 750 5698 poet-t
780 5630 936 5703 dem
963 5625 1396 5703 ltitlttitttr,_Pitts,
1430 5629 1614 5691 fidelis,
1648 5629 2036 5703 innocetts,_cit-

475 5695 561 5773 fus
589 5695 770 5754 rcrstts
820 5701 1034 5751 ultimus
1072 5713 1175 5761 est,
1208 5695 1412 5748 Juvnbit
1440 5713 1525 5749 ore
1571 5713 1864 5764 personasse
1889 5697 2038 5750 Chri-

2157 3228 2370 3284 Missale
2406 3227 2757 3281 Isidor-ianum
2787 3227 2944 3294 longe
2989 3222 3419 3293 magniﬁcentius
3465 3230 3521 3275 et
3548 3233 3744 3274 corre-

2157 3320 2294 3374 ctius
2321 3319 2654 3388 prodierunt.
2690 3317 2736 3371 ls
2762 3317 2813 3370 in
2845 3315 3052 3372 erudita
3085 3313 3399 3385 praefatione
3423 3311 3490 3365 ad
3519 3309 3746 3364 Brevia-

2161 3413 2301 3466 rinm
2321 3452 2338 3476 ,
2381 3426 2488 3480 quo
2511 3419 2632 3464 utor
2658 3408 2896 3478 ejusdem
2923 3409 3099 3474 dono,
3131 3414 3316 3477 aperte
3341 3406 3417 3460 ait
3445 3421 3458 3456 :
3490 3402 3738 3472 Aliquod,

2161 3506 2277 3557 licet
2299 3505 2426 3566 lere,
2451 3503 2503 3554 in
2531 3501 2865 3571 quorumdam
2890 3501 3156 3554 verborum
3184 3498 3604 3552 transmutatione
3627 3493 3741 3546 dis-

2157 3595 2348 3650 crimen
2386 3595 2518 3647 inter
2559 3592 2877 3648 Breviarium
2918 3590 3264 3646 Isidorianum
3307 3589 3447 3661 prelo
3491 3589 3670 3640 datum
3707 3603 3740 3637 a

2155 3686 2420 3739 cardinale
2451 3683 2724 3746 Ximenio,
2767 3693 2812 3736 et
2841 3685 2969 3737 inter
3015 3691 3321 3736 mentoratos
3368 3681 3563 3733 codices
3611 3694 3736 3732 mss.

2154 3775 2510 3846 agnoscimus;
2548 3783 2858 3843 quapropter
2893 3774 3146 3844 conjicere
3176 3771 3362 3833 licebit,
3395 3770 3472 3823 vel
3499 3768 3737 3838 Alphou-

2155 3884 2266 3920 sum
2299 3867 2548 3920 Ortiziutn
2577 3867 2882 3919 canonicum
2920 3865 3221 3920 Toletanum
3267 3864 3372 3917 alia
3420 3877 3526 3931 prie
3574 3860 3738 3913 oculis

2157 3958 2393 4010 [rubuisse
2440 3955 2792 4026 autographa,
2847 3973 2982 4009 nunc
3035 3957 3274 4023 temporis
3322 3952 3616 4020 deperdita,
3659 3951 3739 4002 uel

2153 4051 2422 4119 ipsummet
2467 4049 2784 4118 Alphonsum
2827 4046 3105 4102 cardinalis
3161 4045 3385 4100 Ximenii
3428 4043 3738 4095 auctoritate

2155 4141 2405 4193 munitum
2444 4140 2496 4192 in
2539 4141 2664 4193 locis
2694 4140 2922 4192 obscuris
2963 4138 3314 4208 psalmorum,
3353 4135 3440 4189 ubi
3479 4132 3737 4186 nimietate

2149 4309 2309 4355 stum.
2343 4301 2398 4356 In
2430 4301 2846 4372 Psycbomachia
2875 4300 2992 4355 sine
3016 4297 3296 4372 aliogtitulo
3318 4296 3522 4372 initium
3552 4291 3733 4372 :Clrrio

2151 4383 2245 4435 ste,
2280 4388 2452 4436 graves
2479 4365 2760 4424 hominum.
2796 4372 3078 4424 Extremus
3108 4369 3295 4422 titulus
3327 4378 3408 4420 est
3435 4365 3734 4420 Concordia:

2152 4451 2199 4495 et
2232 4440 2516 4494 Discordia
2546 4458 2738 4511 pugna,
2769 4455 2830 4493 ac
2868 4454 3082 4506 semper
3113 4440 3398 4511 adhibetur
3426 4453 3525 4488 vos
3558 4451 3734 4511 pugna

2153 4527 2252 4580 pro
2279 4514 2526 4566 eonllictu
2548 4507 2642 4564 aut
2685 4512 2981 4564 certamine
3013 4511 3063 4562 in
3106 4509 3292 4580 titulis.
3325 4507 3524 4580 Caitera
3555 4509 3609 4557 in
3637 4507 3733 4580 hac

2153 4575 2390 4636 editione
2419 4591 2722 4648 congruunt
2757 4596 2877 4636 cum
2908 4580 3144 4635 editione
3163 4577 3370 4633 Weitzii
3404 4577 3545 4630 circa
3585 4575 3731 4628 ordi-

2154 4667 2274 4704 nem
2311 4661 2364 4704 el
2389 4656 2590 4704 titulos.

2181 4760 2183 4763 .
2221 4721 2296 4790 (α)
2334 4721 2528 4776 Eadem
2563 4721 2673 4775 fere
2716 4721 2908 4788 repetit
2937 4721 2989 4790 in
3023 4718 3332 4786 prmfatione
3359 4714 3612 4778 Missalis,
3643 4712 3732 4767 tibi

2147 4792 2215 4844 de
2238 4792 2522 4846 .‘llelcliiore
2555 4792 2771 4845 Goricio
2802 4794 2874 4844 ait
2901 4808 2913 4842 :
2941 4789 3104 4860 Cujus
3128 4805 3284 4860 onera
3316 4797 3361 4840 et
3391 4800 3628 4840 lacessis
3649 4800 3733 4860 ars

2147 4862 2472 4930 impressoria
2492 4863 2542 4913 in
2568 4877 2627 4913 ea
2654 4864 2776 4913 urbe
2804 4856 3028 4930 (Toletil
3055 4859 3200 4912 valde
3230 4860 3492 4930 illustrata
3532 4865 3629 4909 est.
3661 4856 3731 4930 De

2145 4945 2204 4983 se
2220 4925 2404 4984 autem
2440 4949 2455 4984 :
2484 4931 2648 4996 Quam
2673 4925 2896 4999 profecto
2920 4925 3244 4984 durissimum
3267 4928 3579 5000 prouinciam
3610 4925 3733 4977 mihi

2145 5016 2405 5053 servorum
2437 5012 2637 5054 tuorum
2659 5001 2869 5054 minimo
2894 5004 3137 5054 mandare
3166 4999 3533 5051 non’dnbitasti
3561 5012 3582 5052 :
3610 5012 3729 5064 qua-

2147 5079 2294 5123 tenus
2320 5087 2522 5124 suinma
2551 5088 2666 5123 cum
2698 5071 2964 5140 diligentia
2993 5072 3261 5122 missarum
3303 5071 3354 5121 in
3391 5068 3570 5139 primis
3598 5072 3732 5118 sole-

2149 5142 2288 5192 mnia
2336 5156 2642 5194 reccnserem
2683 5158 2742 5193 ac
2783 5143 2923 5210 vigili
2956 5140 3340 5203 lucubratione,
3379 5154 3494 5207 qua:
3536 5154 3570 5190 a
3621 5149 3732 5210 vero

2147 5214 2499 5264 characterum
2537 5212 2761 5264 rnditate
2804 5203 3015 5264 dimissa
3058 5210 3168 5280 jam
3204 5211 3293 5261 diu
3334 5203 3733 5280 fueranlrrﬂtlli

2148 5296 2247 5333 non
2273 5289 2488 5346 mutato,
2511 5279 2668 5333 ductu
2686 5278 3264 5348 reficerem,seritalaque
3280 5280 3542 5332 uerborum
3565 5278 3729 5345 digni-

2145 5360 2248 5402 tate
2268 5352 2598 5420 antiquorum
2631 5353 2944 5418 ntajcstatem
2965 5351 3288 5402 custodirem.
3321 5349 3458 5402 Nam
3485 5364 3601 5417 quis
3631 5359 3732 5414 pra!

2142 5436 2196 5474 se
2220 5423 2571 5488 antiquitatem
2591 5421 2837 5487 ferebant,
2856 5423 3042 5473 intacta
3065 5435 3170 5472 esse
3182 5421 3433 5490 jttsseras,
3457 5429 3504 5471 et
3527 5423 3729 5490 tantum

2142 5491 2215 5542 sic
2241 5487 2412 5543 actum
2439 5501 2510 5544 est
2522 5533 2532 5542 .
2561 5491 2698 5543 Nam
2728 5491 2969 5558 dispersis
2993 5492 3044 5543 in
3077 5487 3303 5542 ordinem
3330 5508 3368 5541 rt
3386 5491 3569 5547 doctis.
3600 5487 3730 5538 uitiis

2141 5559 2370 5628 abrasis,
2424 5562 2695 5628 dubiisque
2726 5565 2992 5615 enucleata
3023 5577 3107 5612 rer
3130 5570 3231 5611 tute
3274 5561 3501 5612 lustratis
3525 5599 3539 5616 ,
3570 5569 3618 5609 et
3643 5571 3726 5607 ceu

2141 5629 2333 5752 altltolita
2376 5635 2535 5686 multa
2571 5632 2888 5699 rcsarciens,
2923 5641 3010 5685 tuo
3035 5632 3221 5701 jussu,
3268 5639 3322 5683 ut
3357 5629 3493 5681 valui
3516 5671 3530 5694 ,
3563 5628 3727 5682 omna

2143 5716 2159 5750 t
2207 5702 2416 5752 ustrat'i.

2143 5702 2416 5753 illustrari.
