4000 6176
213 271 308 330 615

207 387 552 457 premebatur,
581 385 649 439 ad
687 385 943 458 vulgatam
976 399 1064 436 seu
1100 383 1258 436 aliam
1299 380 1572 435 recurrisse
1598 383 1786 433 versio-
1814 382 1860 439 Λ

205 497 331 545 nem,
358 490 404 534 et
414 483 572 550 juxta
597 495 708 532 eam
732 478 966 547 quaedam
988 477 1136 530 verba
1167 475 1445 529 addidisse.
1478 473 1601 527 llaec
1625 487 1779 542 pror-

203 584 286 622 sus
317 568 597 638 ignorabat
635 567 805 621 abbas
835 566 902 620 de
942 565 999 620 8.
1045 565 1246 635 Leger,
1279 563 1563 630 βτςρΐεοιιιε
1590 563 1779 616 biblio-

202 659 366 714 theca:
401 659 458 714 8.
510 659 796 715 Genovel‘te
838 657 1085 720 Parisiis,
1128 657 1217 726 qui
1268 657 1449 710 folium
1493 654 1615 709 in-4
1663 653 1779 706 sine

201 749 319 803 anni
374 749 555 804 locive
600 749 712 819 84
740 758 894 814 nota,
941 748 1070 815 sed,
1111 758 1168 801 ut
1197 756 1344 816 puto,
1386 745 1605 799 Parisiis
1636 757 1779 798 anno

203 842 337 895 1787
366 841 559 905 edidit,
588 841 658 893 ita
692 841 1002 906 inscriptum
1040 855 1053 892 :
1089 826 1479 893 Particularités
1508 838 1778 890 littérafrrs

199 950 282 986 sur
312 933 365 985 la
395 933 881 1001 liturgiemosarabe
900 973 915 997 ,
947 933 1094 985 tire‘es
1135 932 1222 985 des
1251 932 1420 984 lettres
1447 929 1779 981 manuscrites

200 1027 263 1079 du
298 1024 364 1079 P.
413 1024 635 1086 Burriel,
666 1024 855 1092 jésuite
895 1023 1140 1091 espugnol
1164 1062 1178 1084 ,
1211 1038 1303 1093 par
1334 1020 1407 1073 Μ.
1447 1020 1601 1073 l’abbé
1621 1019 1682 1072 de
1713 1018 1775 1074 S.

200 1115 255 1171 L.
288 1116 470 1169 Abbas
500 1114 567 1169 de
598 1114 657 1169 S.
690 1114 855 1183 Leger
879 1129 942 1168 ex
974 1114 1217 1181 epistolis
1251 1111 1498 1176 Burrieli,
1523 1126 1626 1163 non
1648 1110 1779 1164 satis

199 1209 334 1263 bene
375 1207 693 1269 intellectis,
736 1206 965 1260 afﬁrmat
1005 1205 1240 1259 ol‘tit-ium
1274 1204 1558 1259 Gothicam
1592 1218 1621 1256 a
1652 1217 1777 1256 car-

196 1296 356 1353 dinali
388 1296 636 1351 Ximenio
653 1295 853 1350 editum
874 1296 925 1348 in
955 1297 1139 1364 rcipsa
1164 1304 1217 1349 et
1244 1295 1538 1349 substantia
1563 1293 1779 1348 differre

195 1405 220 1443 a
243 1389 527 1444 codicibus
549 1403 677 1442 mss.
710 1387 1003 1443 Toletanis.
1029 1387 1311 1441 Nesciebat
1339 1386 1476 1441 idem
1511 1385 1648 1456 typis
1667 1385 1777 1453 jam

196 1479 359 1533 fuisse
391 1479 564 1533 editas
606 1480 866 1547 epistolas
898 1476 1028 1531 duas
1059 1477 1284 1531 Burrieli
1325 1492 1457 1546 quas
1486 1476 1695 1539 laudat,
1726 1484 1779 1529 et

193 1572 414 1625 alteram
445 1568 662 1639 quidem
693 1567 757 1621 ad
790 1569 847 1621 P.
881 1567 1227 1622 Franciscum
1255 1567 1525 1636 Ravagnm
1562 1566 1778 1622 Parisiis

192 1659 397 1713 Gallice
420 1658 703 1723 redditam,
733 1659 954 1711 alteram
982 1659 1045 1711 ad
1080 1658 1140 1710 D.
1177 1658 1389 1712 Petrum
1413 1658 1480 1711 de
1503 1657 1691 1711 Castro
1723 1658 1773 1712 in

1576 262 2099 321 PROLEGOMENA.

3361 272 3473 329 856

1969 380 2085 435 106.
2122 380 2214 434 15⁸³
2247 380 2400 434 Anno
2434 380 2593 436 1509.
2624 381 2927 437 Daventria:
2962 380 3366 453 Psychomachia
3392 399 3474 443 est

1882 468 2045 537 edita,
2082 480 2216 525 teSIe
2250 472 2578 541 Ludewigio.

1952 560 2046 614 14°
2087 566 2240 616 Anno
2288 563 2447 617 1512.
2490 564 2683 617 Aurelii
2727 562 3002 619 Prudentii
3041 564 3334 633 Clementis,
3378 567 3475 622 viri

1875 655 2201 723 consularis,
2248 657 2407 712 libelli
2451 674 2567 713 cum
2608 670 2887 712 commento
2924 658 3130 712 Antonii
3172 660 3475 715 Nebrissen-

1872 752 1966 804 sis.
1996 749 2075 803 Ad
2123 750 2281 803 linem
2316 748 2438 802 libri
2487 747 2565 802 sic
2597 747 2791 815 legitur
2822 764 2835 800 :
2867 731 3196 813 impressum
3227 765 3461 815 prwsens

1877 859 2004 917 opus
2051 843 2105 894 in
2135 842 2342 895 civitate
2389 838 2640 893 Lucronii
2672 853 2762 907 per
2790 838 3084 892 Arnaldum
3113 838 3461 893 Guillermum

1877 934 1940 986 de
1972 934 2247 995 Brocario,
2270 941 2318 985 et
2346 932 2535 999 ﬁnitur
2555 931 2637 983 die
2658 931 2888 984 secunda
2912 930 3103 987 mensis
3130 930 3461 998 septembris,

1878 1042 2016 1079 anno
2046 1043 2077 1078 a
2101 1026 2371 1077 nativitate
2397 1024 2506 1093 85
2529 1022 2724 1076 Christi
2751 1021 3027 1076 millesimo
3049 1021 3464 1089 quingentesimo

1880 1118 2187 1172 duodecimo
2223 1116 2318 1186 (ὁ).
2350 1115 2714 1169 Vehementer
2733 1113 3024 1168 dolendum
3050 1111 3464 1166 Nebrissensem

1883 1212 2004 1267 sine
2028 1209 2390 1278 explicatione
2417 1207 2695 1262 dimisisse
2725 1207 2895 1261 libros
2918 1192 3181 1260 adversus
3217 1203 3467 1274 Symma-

1882 1303 2067 1367 chum,
2098 1300 2460 1370 Apotheosin,
2503 1297 2987 1366 llamartigeniam,
3019 1296 3284 1365 quosdam
3338 1294 3465 1349 libri

1884 1392 2325 1463 Peristephanwn
2357 1391 2612 1461 hymnos,
2636 1388 2845 1443 scilicet
2868 1386 3138 1448 Cassiani,
3163 1384 3465 1455 Hippolyti,

1882 1484 2030 1539 Petri
2065 1494 2117 1539 et
2163 1482 2341 1549 Pauli,
2369 1481 2624 1553 Cypriani
2672 1487 2725 1533 et
2766 1480 3012 1548 Agnetis.
3053 1478 3470 1558 Dittochzeowne

1888 1568 2063 1622 locmn
2099 1568 2313 1636 quidem
2351 1568 2490 1624 inter
2526 1568 2762 1621 carmina
2793 1564 2958 1619 dedit.
2993 1564 3253 1619 Weitzius
3300 1563 3468 1617 adno-

1886 1659 2115 1712 tationes
2161 1657 2529 1711 Nebrissensis
2580 1657 2937 1720 exscribens,
2988 1656 3219 1718 asserit,
3272 1654 3464 1709 abesse

192 1749 514 1804 bibliOtheca
549 1749 779 1817 ilispana
823 1749 964 1802 Petri
997 1750 1266 1819 Rodiguez
1295 1749 1362 1802 de
1388 1747 1575 1803 Castro
1605 1750 1655 1802 in
1685 1765 1773 1803 ar-
1809 1740 1853 1799 Β
1883 1750 2139 1817 hymnum
2172 1746 2226 1808 5,
2273 1750 2305 1802 6
2337 1753 2391 1801 et
2438 1748 2649 1800 initium
2680 1748 2711 1799 7
2737 1745 3193 1810 Catltemcrinwn;
3236 1744 3466 1799 fortasse

194 1842 376 1907 tieulo,
414 1839 646 1893 Isidorus
677 1838 1001 1905 Hispalensis
1033 1840 1130 1909 (a).
1178 1876 1211 1914 ,

258 1933 391 1987 105.
424 1928 514 1984 11⁸
541 1930 696 1983 Anno
724 1928 882 1983 1505.
930 1928 1261 1983 Encltiridion
1295 1929 1489 1998 Lipsizn
1518 1945 1772 1985 excusum

192 2020 310 2090 lego
334 2019 475 2088 apud
504 2018 900 2087 Ludewigium.

256 2110 361 2164 12°
416 2110 570 2163 Anno
605 2109 760 2163 1507.
794 2107 1010 2162 Carmen
1054 2108 1108 2162 in
1140 2107 1427 2163 Romanum
1473 2120 1772 2180 martyrem,

189 2217 312 2254 cum
336 2199 559 2254 Joannis
586 2198 869 2253 Murmeilii
896 2200 1300 2264 commentario,
1325 2200 1585 2266 Coloniae,
1612 2200 1771 2255 1507.

192 2293 319 2347 Post
369 2293 646 2347 restitutas
695 2293 900 2347 litteras
947 2292 1088 2346 hunc
1118 2294 1338 2361 primum
1390 2293 1772 2362 appellaverlm

188 2386 539 2454 interpretem
568 2383 861 2437 Prudentii.
888 2382 1161 2439 Fabricius
1183 2392 1237 2438 et
1258 2384 1393 2437 alius
1420 2398 1606 2438 recens
1635 2383 1772 2439 scri-

192 2486 315 2545 ptor
345 2476 403 2529 in
429 2474 751 2532 collectione
772 2475 1291 2531 Commentariorum
1322 2475 1575 2531 editionis
1598 2475 1771 2531 Weit-

189 2568 254 2621 zii
282 2566 513 2622 Joannis
550 2565 828 2622 Matmellii
865 2566 1280 2636 explicationem
1321 2575 1624 2633 recensent,
1657 2583 1773 2635 qua:

190 2672 379 2713 revera
411 2667 631 2728 apparet
656 2659 708 2711 in
740 2658 972 2713 indiculo
996 2659 1369 2727 interpretum,
1400 2660 1495 2714 sed
1526 2660 1677 2714 abest
1705 2660 1772 2715 ab

189 2768 393 2823 opere;
426 2752 652 2806 fortasse
677 2751 799 2821 quia
824 2766 942 2805 eam
982 2750 1048 2805 ad
1073 2767 1266 2806 manus
1292 2751 1489 2807 habere
1517 2754 1770 2821 speravit,

189 2842 280 2899 scd
314 2858 429 2897 non
456 2843 649 2911 potuit.
678 2842 755 2896 En
787 2844 997 2897 titulum
1034 2860 1047 2895 :
1076 2842 1190 2896 Divi
1226 2844 1462 2910 Romani,
1493 2846 1658 2899 herois
1678 2889 1692 2913 ,
1726 2860 1774 2899 et

189 2936 384 2990 Christi
427 2936 667 3004 martyris
695 2935 959 3006 fortissimi
998 2934 1243 3004 inclytum
1282 2935 1523 2989 adversus
1563 2935 1774 3001 qentiles

188 3035 447 3081 certamen
476 3026 539 3077 ab
570 3023 774 3077 Aurelio
802 3023 1085 3077 Prudentia
1124 3022 1401 3091 Clemente,
1436 3027 1543 3078 viro
1585 3042 1772 3078 consu-

1890 1850 2076 1891 nac'us
2108 1838 2205 1889 fuit
2233 1836 2509 1905 exemplar
2534 1836 2799 1901 mutilum,
2830 1851 2949 1889 nam
2978 1836 3029 1887 in
3078 1849 3199 1888 meo
3229 1849 3346 1888 sunt
3380 1835 3461 1887 in-

1878 1928 2010 1996 tegri
2045 1928 2097 1981 hi
2132 1925 2345 1998 hymni,
2379 1926 2823 1980 etadnotationes
2855 1925 2908 1977 in
2939 1939 3053 1978 eos.
3096 1923 3345 1978 Nebrissa
3377 1938 3466 1976 sn-

1879 2021 1984 2073 lutn
2039 2020 2230 2072 Aldum
2277 2018 2485 2072 videtur
2527 2014 2775 2073 habuisse
2828 2032 2937 2085 prie
2978 2016 3252 2085 manibus,
3307 2016 3462 2083 cujus

1875 2133 2089 2173 errores
2114 2116 2382 2172 interdum
2413 2118 2662 2185 castigat,
2691 2116 2887 2185 saepius
2918 2115 3245 2185 transcribit.
3270 2116 3464 2170 Dubito

1874 2232 1939 2271 an
1970 2217 2177 2271 diversa
2206 2218 2276 2271 sit
2305 2217 2471 2271 editio
2500 2232 2657 2286 quam
2692 2217 2799 2270 vidi
2843 2225 2898 2270 et
2922 2231 3063 2271 nunc
3091 2217 3405 2272 memorabo
3432 2233 3448 2271 :

1875 2317 2043 2387 magis
2094 2316 2258 2371 credo
2285 2331 2407 2371 esse
2446 2316 2736 2371 diversam.
2790 2317 2908 2371 Nic.
2943 2317 3243 2383 Antonius,
3277 2317 3369 2388 qui
3397 2333 3464 2374 ex

1875 2419 2033 2475 editis
2062 2420 2284 2488 primum
2311 2428 2786 2473 commentatorem
2814 2419 3093 2474 Prudentii
3139 2420 3461 2476 Nebrissen-

1873 2533 1988 2595 sem
2019 2519 2183 2575 fuisse
2202 2519 2551 2586 existimavit,
2582 2519 2648 2574 ad
2679 2519 2851 2574 [sonis
2873 2520 3084 2590 glossas
3101 2529 3155 2576 et
3176 2517 3460 2576 Murmellii

1873 2621 2317 2675 commentarium
2349 2634 2455 2673 non
2502 2617 2750 2672 advertit.
2782 2617 3047 2700 Cellarius
3076 2630 3316 2673 nostrum
3347 2622 3463 2674 An-

1877 2722 2104 2785 tonium,
2128 2736 2158 2774 a
2191 2720 2309 2775 [eeo
2339 2720 2502 2774 natali
2532 2718 2773 2782 Lebrixa,
2802 2717 3055 2785 Nebrixa,
3113 2718 3376 2786 Nebrissa,
3411 2726 3465 2774 et

1878 2818 2257 2874 Nebrissensem
2296 2818 2518 2887 dictum,
2551 2817 2875 2887 perridicule
2899 2818 3135 2888 appellat
3164 2820 3458 2890 episcopum

1877 2916 2263 2971 Nebrissensem
2291 2933 2309 2980 ;
2350 2917 2549 2971 nollem
2580 2918 2828 2971 eumdem
2854 2931 3095 2972 errorem
3142 2920 3464 2989 exscripsis-

1876 3027 1960 3072 set
1985 3019 2124 3072 alius
2158 3016 2255 3089 (c).

189 3118 284 3170 lari
315 3126 367 3171 et
399 3124 547 3184 poeta
575 3116 855 3186 prteclaro,
887 3116 1043 3169 nobili
1075 3117 1298 3168 carmina
1335 3118 1691 3185 compositum,
1724 3116 1775 3169 in
1804 3100 1851 3164 C
1918 3150 1925 3153 τ
1954 3117 2075 3169 107.
2110 3117 2203 3170 150
2231 3115 2390 3171 Auno
2415 3116 2553 3171 1512
2578 3123 2672 3173 aut
2714 3117 2871 3186 paulo
2904 3124 3045 3185 post.
3089 3118 3285 3171 Aurelii
3327 3117 3462 3174 Pru-

189 3226 284 3275 qua
306 3209 488 3262 omnia
516 3208 727 3262 deorum
745 3223 891 3260 sacra
917 3214 964 3259 et
994 3222 1309 3278 paganorum
1340 3222 1502 3259 mores
1532 3208 1777 3260 acerrime

188 3300 513 3366 infamantur
538 3312 597 3349 ac
626 3298 1024 3366 redarguuntur.
1058 3294 1187 3348 Cum
1232 3294 1448 3348 Joannis
1497 3293 1777 3349 Murmellii

194 3387 635 3444 Ruremundensis
668 3388 1061 3453 commentario,
1108 3388 1261 3440 variis
1293 3388 1441 3442 rebus
1478 3388 1777 3457 vocibusque

188 3479 407 3546 referto.
434 3477 491 3531 ln
513 3477 620 3531 line
643 3492 660 3528 :
688 3474 1001 3547 lmpressum
1021 3487 1090 3529 est
1114 3477 1208 3530 hoc
1229 3478 1527 3546 apusculum
1550 3478 1776 3532 Coloniae

192 3568 241 3621 in
270 3568 674 3638 chalcographia
696 3567 1031 3636 ingenuorum
1053 3568 1326 3621 liberorum
1352 3568 1606 3632 Quentell.
1631 3571 1777 3623 Anno

192 3658 393 3712 Christi
437 3659 545 3711 nati
572 3672 795 3711 serrtuo
820 3672 986 3713 suras
1033 3675 1090 3711 ιι.
1134 3675 1182 3712 ι).
1221 3675 1252 3712 x
1291 3660 1526 3713 calendas
1568 3658 1775 3715 lunias.

192 3751 316 3805 ln-8
336 3765 534 3820 magno
554 3753 726 3818 potius
744 3764 903 3819 quam
928 3750 1066 3812 iit—4,
1080 3749 1389 3805 charactere
1405 3752 1776 3819 semigmhico,

190 3852 248 3896 ut
275 3849 500 3896 vocant.
536 3840 590 3895 In
617 3840 790 3894 indice
818 3841 948 3895 bibl.
974 3837 1167 3893 Casan.
1200 3842 1339 3895 male
1367 3850 1579 3895 notatur
1606 3857 1780 3897 annus

189 3933 455 3988 editionis
472 3930 626 3986 1510.
643 3930 744 3984 Alii
768 3930 887 3983 in-4
911 3944 1031 3984 esse
1052 3929 1252 3984 dicunt.
1271 3929 1404 3984 Vide
1419 3931 1679 3999 judicium
1695 3932 1783 3987 Gi-

188 4022 350 4078 selini
377 4020 447 4076 de
467 4017 784 4085 Murmellio,
802 4034 950 4073 num.
974 4019 1092 4084 117,
1112 4021 1165 4073 in
1187 4027 1308 4074 nota
1326 4018 1459 4090 (Col.
1478 4019 1603 4087 655,
1627 4038 1679 4075 n.
1699 4023 1777 4092 a).

262 4231 346 4298 (a)
384 4227 527 4279 idem
566 4225 728 4279 abbas
758 4224 824 4298 de
855 4224 1210 4298 SLcherait
1237 4237 1295 4298 se
1318 4223 1517 4279 vidisse
1554 4225 1781 4280 Bruxel-

189 4300 258 4354 Iis
301 4295 450 4365 apud
500 4298 746 4350 dominos
793 4296 860 4349 de
900 4295 1201 4349 Santander
1244 4295 1395 4362 plura
1435 4308 1778 4349 monumenta

190 4368 484 4429 litteraria,
521 4376 710 4433 partim
739 4365 903 4433 ipsius
930 4365 1153 4418 Burrieli
1183 4380 1341 4416 manu
1383 4375 1620 4427 exarata,
1657 4382 1779 4429 par-

190 4442 287 4493 tim
322 4454 397 4493 eo
420 4437 640 4504 jubente
666 4447 717 4490 et
748 4434 960 4489 vidente
997 4436 1285 4503 descripta,
1305 4436 1442 4501 quod
1468 4436 1587 4489 ideo
1610 4438 1781 4489 anim-

189 4515 445 4573 adverto,
464 4508 583 4573 quia
609 4505 832 4559 Burrieli
862 4506 1207 4575 cpistolarum
1255 4505 1627 4561 collectionem
1675 4507 1779 4559 Ma-

190 4590 227 4634 tt
243 4580 305 4634 iti
329 4577 598 4632 edendam
629 4575 829 4629 audivi.
1476 4612 1479 4613 ν

261 4652 345 4722 (ὁ)
376 4649 527 4722 lianc
550 4647 842 4722 edi_t_io_nem_
867 4643 1190 4722 possidebat,
1224 4644 1322 4722 qui
1342 4660 1459 4722 eam
1502 4646 1777 4722 describit,

188 4712 597 4781 clfCregorius
628 4712 932 4769 Maiansius.
963 4712 1256 4785 V'ideﬂejus—
1284 4716 1554 4785 Specimen
1583 4712 1780 4768 Biblio-

187 4795 361 4844 thecce
399 4785 1047 4855 Gregorio-Maiansianw,
1091 4784 1396 4855 Hannovite,
1445 4787 1601 4848 1755,
1652 4800 1774 4855 pag.

186 4863 282 4915 26.
322 4853 813 4913 Addit—Maiansius
846 4872 857 4905 :
896 4856 975 4907 Ad
1016 4853 1401 4924 intelligendum
1445 4853 1777 4908 Prudentium

188 4931 611 4984 Christianorum
650 4937 911 4997 poetarum
946 4925 1343 4978 eruditissimum
1386 4941 1574 4979 unus:
1624 4941 1776 4981 riora:

187 5013 499 5054 CLARIORES
549 5012 617 5050 ΕΤ
677 5011 1055 5049 Εκρεῡιτιοιικε
1108 5009 1429 5049 EXCUGITARI
1478 5012 1772 5050 POTERANT.

186 5070 563 5124 Emendarunt
580 5083 744 5119 meum
769 5068 1023 5134 exemplar
1051 5065 1303 5134 aliquibus
1335 5066 1385 5118 in
1411 5066 1532 5119 locis
1558 5066 1777 5120 Vincen-

187 5142 301 5195 tius
340 5137 486 5191 Pons
524 5136 855 5195 Valentinus.
895 5136 971 5188 vir
1007 5135 1270 5205 stupenda:
1298 5139 1623 5200 eruditionis,
1647 5148 1694 5190 et
1712 5139 1777 5189 cl.

182 5209 433 5264 Joannes
453 5209 516 5260 de
527 5208 578 5260 la
598 5206 778 5271 Torre,
797 5218 843 5259 et
857 5205 1107 5262 liuerean.
1128 5206 1203 5257 uir
1222 5206 1411 5273 ingenii
1426 5209 1771 5260 antmnissimi.

186 5276 463 5333 Eamdem
483 5279 769 5332 editionem
794 5285 1052 5331 memorat
1076 5274 1458 5345 Rodriguezius
1485 5278 1551 5331 de
1568 5281 1773 5344 (Iastro,

184 5350 288 5420 qui
327 5350 555 5420 fortnam
584 5352 700 5420 ejus
724 5348 838 5420 inti}
867 5360 987 5420 esse
1013 5346 1160 5420 dicit,
1194 5354 1247 5399 et
1283 5346 1567 5420 Hispanice
1603 5347 1777 5420 reddit

184 5417 384 5475 Vitam
410 5417 700 5480 Prudentii,
733 5433 760 5469 a
786 5417 1115 5471 Nebrissensi
1149 5420 1443 5481 expositam
1471 5418 1522 5471 in
1547 5418 1769 5485 epistola

179 5490 533 5545 detticatoria
559 5490 624 5540 ad
652 5486 900 5541 Didacum
926 5488 1166 5540 liamit-ez
1196 5489 1263 5538 de
1293 5487 1635 5544 Villaescusa.
1663 5489 1777 5555 epi-

177 5574 428 5629 scopum
470 5558 863 5612 Ma‘acitanum.
912 5557 1176 5629 Judiciutn
1218 5558 1286 5609 de
1338 5558 1775 5629 interpretatione

176 5626 573 5686 Nelirissensis
605 5631 719 5697 lege
749 5644 897 5681 ltum.
925 5628 1045 5692 107,
1079 5627 1129 5679 iu
1161 5635 1284 5679 nota
1309 5626 1507 5697 (infra,
1542 5645 1597 5682 n.
1623 5629 1702 5696 ό).

260 5700 347 5770 (c)
382 5698 563 5754 Fatum
606 5701 705 5754 hoc
732 5698 997 5769 quoddam
1028 5697 1295 5765 Hispania:
1323 5709 1519 5753 nostrae
1551 5708 1661 5763 est,
1714 5706 1776 5751 ut

1808 4543 1863 4603 D

1883 3217 2046 3270 dentii
2098 3216 2404 3281 Clementis,
2453 3217 2547 3270 viri
2594 3216 2913 3283 consularis,
2953 3216 3130 3271 libelli.
3169 3216 3299 3271 Cum
3328 3235 3465 3273 coms

1882 3328 2052 3373 mento
2110 3319 2323 3373 Antonii
2370 3317 2738 3373 Nebrissensis.
2805 3319 2933 3374 Cum
2979 3321 3266 3391 priuilegio.
3324 3321 3466 3383 Nihil

1882 3418 2024 3472 aliud
2058 3417 2112 3472 in
2144 3418 2323 3472 lronte
2360 3417 2573 3486 legitur,
2600 3432 2773 3488 neque
2802 3419 2852 3473 in
2884 3419 3008 3485 ﬁne,
3034 3429 3126 3474 aut
3154 3421 3281 3476 alibi
3318 3432 3468 3479 nota~

1883 3527 1969 3573 tur
1991 3532 2183 3585 annus,
2206 3525 2261 3572 et
2284 3518 2430 3572 locus
2448 3517 2721 3584 editionis,
2750 3534 2868 3588 qute
2889 3530 2974 3575 est
3002 3522 3163 3588 in-t',
3192 3523 3468 3580 characte-

1884 3619 2035 3676 ribus
2061 3619 2445 3690 semigothicis.
2477 3619 2662 3675 Solum
2696 3622 2951 3690 praecedit
2990 3623 3106 3677 loco
3139 3624 3468 3693 praelationis

1884 3720 2222 3793 Epigramma
2252 3721 2326 3776 ὦ
2334 3722 2395 3777 lii
2427 3723 2636 3778 Antonii
2656 3722 3007 3779 Nebrissensis
3027 3726 3093 3779 ad
3131 3726 3468 3783 Prudentium

1882 3840 1946 3878 ex
1969 3823 2235 3877 Britannis
2276 3824 2534 3877 reducem.
2575 3822 2727 3889 Quod
2764 3824 2954 3878 alludit
2993 3824 3060 3878 ad
3098 3825 3465 3893 prmlationem

1886 3923 2028 3979 Aldi.
2060 3923 2248 3976 Exstat
2287 3921 2401 3975 haec
2430 3921 2593 3976 editio
2637 3922 2691 3975 in
2733 3922 3055 3976 bibliotheca
3099 3922 3333 3979 Romana
3371 3926 3465 3980 Sa-

1887 4023 2100 4091 pientia:
2121 4022 2228 4091 (Δ).
2254 4022 2366 4091 86
2382 4021 2437 4076 in
2458 4020 2633 4075 fronte
2656 4020 2893 4075 efﬁctam
2914 4032 2994 4076 est
3018 4021 3285 4092 Hispania:
3305 4032 3469 4080 stem-

1887 4225 2179 4292 scriptores
2199 4226 2315 4292 ejus
2336 4224 2672 4279 celeberrimi
2700 4223 2768 4276 ab
2789 4228 3006 4291 exter‘s,
3030 4227 3272 4294 quamvis
3294 4229 3464 4283 doetis-

1892 4296 2221 4368 hominibus,
2256 4295 2411 4365 vulgo
2454 4296 2762 4368 ignorentur
2809 4306 2899 4368 aut
2942 4311 3047 4350 non
3090 4298 3223 4349 bene
3269 4314 3465 4368 cogno-

1893 4377 2132 4419 scantur.
2168 4364 2366 4431 lsipse,
2391 4368 2528 4434 quia
2569 4365 2797 4418 Cellatio
2840 4364 3115 4433 deceptus,
3152 4364 3463 4424 hebrissen-

1890 4449 2002 4489 sem
2045 4435 2287 4503 ,episcotti
2333 4436 2483 4488 titulo
2523 4435 2814 4491 decoravit.
2866 4434 2953 4488 Fr.
3008 4435 3260 4504 lgnatintn
3293 4440 3462 4493 Coum

1892 4506 2292 4573 itnpugnaturus
2324 4520 2427 4558 non
2462 4514 2545 4559 est
2585 4520 2745 4558 ausus
2773 4506 3070 4569 nominare,
3098 4517 3147 4560 et
3182 4509 3369 4562 eodem
3407 4512 3459 4565 in

1888 4575 2005 4648 loco
2034 4576 2093 4629 ν.
2122 4578 2183 4630 C.
2218 4575 2563 4648 Franciscunt
2590 4576 2749 4629 Perez
2769 4576 2961 4648 Bayer,
2990 4577 3124 4629 fama
3152 4579 3271 4631 hinc
3295 4593 3463 4648 ustjne

1895 4646 1960 4698 ad
1992 4648 2165 4699 sidera
2199 4657 2402 4708 notum,
2456 4653 2510 4698 et
2543 4645 2653 4715 jam
2702 4646 2903 4713 pridem
2940 4650 3092 4715 regite
3124 4645 3461 4705 bililio;ltec:e

1882 4715 2172 4769 Matritensi
2209 4716 2536 4784 prmiectum,
2567 4730 2662 4784 pro
2701 4715 2964 4769 monacho
2988 4717 3162 4785 aliquo
3184 4728 3275 4772 aut
3297 4719 3461 4778 fratre

1882 4786 2012 4839 mihi
2048 4788 2254 4841 videtur
2293 4792 2585 4854 accep'sse,
2630 4801 2749 4840 cum
2781 4788 2848 4839 de
2892 4789 3059 4854 patria
3099 4788 3155 4841 S.
3189 4789 3460 4847 Laurentii

1882 4856 2180 4929 disputans,
2212 4857 2281 4910 ita
2309 4872 2429 4910 eum
2454 4857 2763 4925 appellavit,
2802 4855 2868 4911 P.
2896 4857 3073 4924 l’erez,
3119 4876 3289 4929 neque
3312 4865 3458 4916 enim

1881 4928 2042 4980 alium
2073 4930 2139 4980 ab
2165 4942 2228 4980 eo
2255 4929 2638 4994 reprehensum
2660 4930 2868 4995 opinor.
2903 4929 3002 4981 nisi
3029 4943 3302 4985 auctorem
3331 4949 3456 4986 eru-

1880 4997 2004 5051 dita:
2028 4998 2417 5071 dissertationis
2444 5014 2458 5071 ;
2502 4995 2810 5071 Laurentius
2834 5010 2884 5071 et
2919 4998 3171 5071 Damasus
3210 5002 3457 5071 Hispanis

1881 5069 2060 5120 asserti
2116 5078 2162 5120 et
2215 5068 2474 5121 rindicati.
2548 5068 2767 5137 llomw,
2825 5069 2980 5123 i756.
3037 5068 3453 5138 llespmtsn'inont

1884 5138 2086 5207 Bayerii
2147 5138 2211 5191 ad
2253 5147 2658 5207 argumentum.
2700 5155 2766 5193 ex
2821 5142 3034 5193 silentio
3084 5141 3351 5193 Prttdentii
3401 5142 3454 5193 in

1886 5207 2087 5277 hymno
2117 5207 2175 5262 S.
2202 5208 2469 5264 Laurentii
2501 5210 2743 5278 petitum,
2776 5225 2871 5263 suo
2916 5211 3033 5263 loco
3078 5211 3354 5277 explicabo
3400 5222 3457 5263 et

1879 5279 2173 5331 sustinebo.

1953 5350 2032 5419 (ά)
2063 5350 2314 5415 Suspicor
2336 5348 2583 5404 editionis
2606 5350 2778 5402 locum
2819 5363 2938 5402 esse
2963 5348 3445 5419 Czesaraugustam,

1881 5432 1945 5471 ex
1986 5429 2366 5486 epigrammate
2402 5419 2784 5487 Nebt‘isaonsis.
2827 5419 3245 5487 Cmsaraugustm
3290 5418 3453 5470 Cenr-

1880 5489 2000 5557 gius
2023 5492 2386 5555 typograpltus
2415 5502 2555 5557 anno
2609 5486 2744 5539 i5l5
2789 5486 3177 5553 expasitionem
3232 5490 3455 5557 hymno-

1884 5554 1997 5610 rum
2034 5557 2336 5623 (Breviarii)
2371 5572 2400 5608 a
2441 5554 2772 5610 Νθὺιήεηθιιεὶ
2821 5558 3034 5617 factum,
3082 5568 3133 5613 et
3179 5554 3454 5613 Sedulintn

1882 5642 2001 5681 eum
2034 5625 2339 5691 paraphrasi
2364 5623 2601 5697 ejusdem
2629 5625 2990 5684 Nelnissensis
3025 5628 3209 5683 ianuis
3233 5631 3455 5697 impres-

1888 5700 1976 5750 sit.
2012 5696 2345 5764 Epigramma
2374 5696 2525 5761 cujus
2558 5701 2775 5751 memini
2805 5709 2890 5751 est
2917 5714 2930 5750 :
