4016 6182
481 284 584 342 ϐἱῚ

1886 273 2329 333 ΡΒυῦΕΝΤΙυΒι

3653 273 3760 328 618

483 416 570 454 ma
597 410 718 452 cum
749 392 1039 464 epigraphe
1073 410 1084 444 :
1116 389 1282 444 Tanto
1314 398 1503 441 monia.
1536 387 1720 446 Jnrins
1748 390 1798 441 in
1823 405 1987 459 Opere
2010 391 2061 443 in
2092 393 2141 453 Α
2242 388 2336 442 23'
2376 390 2532 442 Anno
2564 384 2724 442 I557.
2768 385 3020 450 Lovanii,
3076 385 3215 451 in-8,
3260 399 3496 441 excusas
3541 387 3767 442 adnota-

484 489 825 559 llispanicum
854 499 1160 541 scrmOnem
1202 482 1272 545 ab
1320 482 1546 539 Alfnnsn
1589 482 1736 536 Ulloa
1785 498 2067 546 converso,

486 578 702 649 Dialogo
728 578 790 630 de
816 577 892 629 las
913 591 1184 644 empresas,
1215 573 1344 626 edit.
1396 570 1530 625 1558
1574 587 1697 641 pag.
1740 572 1831 635 50,
1878 571 2064 636 refert,

486 670 589 723 huc
622 669 811 722 lemma
844 664 1011 718 Tanto
1039 674 1209 716 manta
1240 679 1334 734 pro
1362 676 1486 730 rege
1513 661 1851 715 Feidinando
1883 664 2070 715 catho—

489 764 596 815 lico
652 758 1053 811 Nelirisst'nsem
1123 757 1438 817 invenisse;
1506 754 1646 822 quod
1717 764 1798 806 νει
1868 754 2068 806 dictum

488 850 800 911 Alexzindri,
842 847 1037 900 nodum
1082 845 1410 899 Gordianmn
1445 844 1848 909 disrumpentis.
1889 843 2070 897 Stem-

487 942 613 994 mati
665 938 929 1008 Hispania:
979 949 1161 1005 postea
1214 936 1422 989 inhaesit
1471 936 1885 990 celeberrimum
1923 934 2067 987 aliud

491 1038 706 1094 lemma,
741 1048 771 1085 a
812 1031 1080 1085 Ludovico
1122 1029 1379 1083 Marliano
1419 1027 1825 1090 Mediolanensi,
1866 1026 2071 1080 medzco

484 1124 663 1179 Caroli
718 1124 758 1179 V
805 1136 859 1178 et
905 1123 1162 1193 episcopo
1214 1120 1447 1175 Tudcnsi
1482 1159 1499 1186 ,
1553 1121 1827 1174 inventum
1878 1137 1889 1171 :
1941 1118 2071 1172 Plus

494 1219 656 1270 ultra.

565 1313 684 1365 108.
722 1308 811 1363 16⁸
837 1312 993 1363 Anno
1022 1306 1177 1361 1515.
1208 1306 1506 1359 Editionem
1552 1302 1734 1374 hymni
1773 1301 1839 1356 ad
1874 1315 2072 1356 accen-

490 1408 695 1453 sionem
725 1398 867 1453 cerei
897 1396 1243 1466 Witteberga:
1274 1396 1510 1463 assignat
1537 1392 1899 1462 Ludewigius.

566 1512 659 1565 170
690 1513 847 1563 Anno
894 1508 1073 1563 itidem
1121 1508 1281 1563 1515.
1322 1506 1590 1577 llymnum
1632 1506 1690 1558 S.
1727 1502 1952 1557 Romani
1983 1501 2072 1557 Li-

495 1603 624 1671 psiae
652 1602 853 1655 editum
886 1599 1025 1652 ἱππ-1⁸
1054 1600 1213 1653 ducet
1235 1598 1371 1652 idem
1405 1597 1745 1667 Ludewigius
1777 1611 1792 1650 :
1831 1596 1920 1665 qui
1962 1595 2071 1649 lor-

494 1704 631 1745 tasse
657 1701 738 1747 e.t
770 1691 854 1743 hic
884 1704 1041 1758 quem
1073 1704 1180 1755 prae
1212 1689 1456 1742 manibus
1487 1687 1680 1753 habeo,
1713 1687 1763 1740 in
1791 1688 1944 1754 cujus
1967 1688 2070 1740 line

2176 478 2347 533 tiones
2376 478 2561 532 Jacobi
2591 478 2791 548 Meycri
2834 477 2886 530 in
2929 478 3065 529 duos
3094 476 3321 543 hymnos
3352 477 3657 533 trochaicos
3700 479 3769 535 de

2175 570 2477 640 Miraculis,
2509 578 2564 624 et
2592 570 2693 625 SS.
2720 578 3017 637 martyrum
3046 566 3339 622 Hemeterii
3369 578 3425 621 et
3446 567 3735 622 Celedonii
3754 612 3768 635 ,

2173 674 2202 711 a
2226 658 2455 713 Weitzio
2478 657 2885 725 pratennissas,
2908 666 3171 709 memorat
3187 654 3306 711 Nic.
3326 657 3611 720 Antonius,
3636 672 3773 726 quas

2172 751 2248 802 ait
2269 750 2529 818 prodiisse
2551 762 2668 802 cum
2694 746 2933 801 tersibus
2955 745 3195 815 ejusdem
3215 745 3430 817 Meyeri.
3456 747 3565 800 lloc
3591 749 3769 815 ipsum

2173 842 2264 894 alii
2306 839 2661 910 hibliograpbi
2698 838 3042 894 conﬁrmant.
3091 840 3195 894 Eas
3219 840 3595 896 adnotatimies
3632 857 3771 899 non-

2174 931 2300 985 dum
2333 933 2532 985 inveni.
3088 922 3093 927 ’

2244 1023 2339 1076 24⁵
2377 1022 2723 1079 AnnO'etium
2754 1023 2915 1079 1557.
2967 1021 3316 1078 Enchiridion
3358 1022 3584 1079 Basileas
3630 1025 3772 1097 typis

2175 1116 2500 1186 publicatum
2531 1132 2652 1172 cum
2680 1115 2924 1170 iuvenco
2964 1123 3022 1170 et
3045 1119 3273 1169 Aratore
3301 1128 3483 1170 monet
3510 1117 3777 1174 Ludewi-

2174 1214 2323 1280 gius,
2373 1209 2516 1279 quod
2565 1209 2620 1262 in
2668 1210 2912 1278 catalogo
2954 1208 3297 1264 bibliothecae
3325 1208 3652 1265 Tellerianze
3693 1213 3774 1269 sic

2176 1300 2480 1355 indicatur:
2535 1300 2731 1353 Aurelii
2777 1298 3051 1353 Prudentii
3103 1298 3439 1353 Enchiridion
3478 1300 3687 1357 Veteris
3724 1310 3773 1357 et

2177 1387 2315 1443 Novi
2337 1389 2668 1457 Testamenti,
2691 1387 2906 1443 Basilete
2927 1388 2988 1441 Β.
3012 1390 3365 1455 West/temeri,
3387 1390 3544 1447 1557.
3578 1395 3776 1452 Exstat

2179 1480 2368 1534 Romae
2399 1480 2451 1534 in
2483 1480 2805 1535 bibliotheca
2834 1481 3110 1548 Angelica.
3141 1481 3351 1535 Titulus
3386 1496 3466 1537 est
3493 1501 3506 1535 :
3546 1482 3775 1539 Jurenci

2176 1574 2454 1643 presbyteri
2502 1570 2729 1645 Hispani
2776 1571 2897 1625 libri
2936 1588 2993 1626 nt
3041 1574 3105 1625 de
3153 1572 3385 1627 Historia
3430 1578 3770 1646 erangelica,

2175 1665 2428 1718 emendati
2476 1677 2524 1717 et
2575 1665 2749 1717 multis
2792 1664 3051 1718 erroribus
3094 1665 3322 1734 purgati.
3375 1667 3612 1721 Aratoris
3646 1669 3770 1724 sub-

492 1786 683 1849 |e,:itur
715 1801 728 1835 :
762 1757 1072 1835 Prudentius
1093 1781 1156 1833 de
1186 1780 1415 1832 Romano
1445 1788 1663 1849 martyre
1708 1779 1860 1847 ﬁnem
1900 1779 2074 1842 liabet,

2189 1759 2379 1812 diaconi
2410 1758 2529 1811 libri
2556 1775 2611 1812 ιι.
2644 1757 2771 1811 Acta
2797 1757 3143 1827 apostolorum
3173 1757 3585 1827 coinpleclentes,
3619 1780 3771 1816 antea

489 1889 765 1942 impressus
808 1889 897 1939 per
932 1871 1240 1925 industrium
1289 1868 1691 1939 calcographum
1741 1867 2076 1921 Melchiorem

490 1965 750 2017 Lartium
801 1980 936 2016 anno
984 1960 1193 2015 Domini
1236 1974 1437 2025 manu,
1480 1960 1631 2023 in-l,
1667 1958 1835 2016 editio
1882 1959 2076 2019 nitida.

489 2058 552 2113 Ti
580 2058 697 2112 ulus
725 2059 911 2109 frontis
936 2069 1182 2123 magnam
1208 2062 1412 2122 partem
1438 2060 1523 2107 est
1552 2063 1902 2123 consumptus
1923 2061 2073 2105 vetu-

488 2158 645 2203 state.
679 2148 965 2216 Exemplar
992 2145 1134 2215 quud
1164 2153 1339 2199 exstat
1382 2146 1435 2197 in
1470 2144 1599 2198 bibl.
1630 2141 1905 2213 Angelica,
1938 2143 2078 2197 inter

489 2241 655 2293 lineas
682 2240 885 2308 glossas
911 2238 1068 2291 habet
1110 2250 1267 2290 manu
1299 2235 1618 2304 descriptas.

561 2351 651 2404 18'
679 2354 832 2403 Anno
858 2350 1013 2404 1520.
1048 2347 1393 2403 Enchiridion
1421 2345 1617 2419 Lipsiae
1653 2346 1770 2402 in-l
1812 2345 2075 2416 prodiisse

499 2459 603 2499 auc
629 2459 688 2495 or
720 2452 801 2496 est
831 2441 1188 2511 Ludewigius.

565 2537 660 2588 19°
695 2540 848 2588 Anno
869 2533 1057 2587 eodem
1088 2531 1247 2587 1520.
1296 2529 1365 2584 1η
1412 2528 1611 2583 Aurelii
1656 2527 1926 2583 Prudentii
1963 2526 2078 2583 Cle-

492 2626 672 2679 mentis
694 2623 1144 2692 Cwsaraugustani
1178 2610 1324 2674 VXC.
1351 2621 1415 2674 de
1449 2620 1712 2674 miraculis
1727 2619 1912 2674 Christi
1936 2621 2077 2691 hym-

493 2733 613 2769 num
635 2714 703 2768 ad
738 2731 908 2768 omnes
931 2714 1083 2767 horas
1120 2711 1303 2766 Jacobi
1333 2712 1541 2782 Spiegel
1581 2711 1955 2783 interpretatio.
1993 2711 2080 2766 ln-

492 2807 587 2861 fol.
618 2822 799 2876 parvo,
834 2816 920 2875 pp.
963 2805 1088 2859 142.
1145 2805 1200 2857 in
1244 2802 1351 2859 line
1396 2821 1408 2855 :
1458 2802 1737 2857 Selestadii
1780 2806 1836 2855 in
1880 2802 2077 2856 uadibus

493 2899 678 2953 [λοισῐὶ
717 2898 1001 2961 Sehurerii,
1050 2898 1207 2953 1520.
1264 2897 1341 2951 De
1381 2896 1650 2965 Spiegelio
1698 2896 1834 2950 intra
1880 2895 2080 2950 redibit

492 2996 710 3049 mentio.
740 2993 925 3047 Exstat
948 2993 1062 3047 haec
1084 2992 1248 3046 editio
1271 2992 1321 3045 in
1346 2990 1669 3045 bibliotheca
1690 2990 2074 3059 Alexandrina,

491 3086 605 3141 sive
630 3085 939 3153 Sapientia}.

560 3179 665 3248 87
704 3178 798 3231 2t!”
826 3180 981 3231 Anno
1012 3175 1167 3231 1522.
1196 3175 1413 3232 Librum
1432 3174 1854 3232 Cathemerinon
1878 3175 2076 3244 Lipsia

493 3273 635 3340 typis
660 3268 930 3338 vulgatum
962 3266 1121 3320 tradit
1148 3266 1555 3335 Rodriguezius.

562 3360 654 3414 21⁸
692 3363 848 3414 Anno
877 3359 1033 3414 1527.
1085 3358 1311 3415 Basileaa
1340 3359 1522 3414 omnia
1558 3373 1721 3427 opera
1763 3358 1903 3413 edita
1934 3356 2075 3425 ἰπὶ-8,

492 3467 613 3507 cum
654 3451 1039 3507 commentario
1078 3450 1324 3504 Sichardi
1350 3491 1367 3516 ,
1418 3452 1473 3506 in
1518 3451 1761 3518 catalogo
1802 3450 1930 3505 bibl.
1960 3464 2074 3520 reg.

496 3543 703 3596 Paris:
737 3541 930 3594 Aurelii
962 3538 1229 3592 Prudentii
1258 3538 1531 3592 Clementis
1564 3555 1750 3607 Opera,
1797 3555 1913 3592 cum
1958 3539 2076 3609 qui-

493 3633 710 3687 busdam
758 3632 965 3685 scholiis
1004 3631 1222 3684 Joannis
1268 3631 1511 3686 Sichardi
1557 3628 1799 3695 Basileae,
1846 3631 2078 3684 Andreas

494 3724 802 3787 Cratander,
830 3721 970 3785 ἑτι-8,
998 3721 1153 3776 l5‘2'7.
1192 3719 1471 3791 Exemplar
1500 3731 1730 3774 notatum
1759 3738 1911 3775 manu
1933 3721 2076 3775 Guil-

494 3812 632 3867 lelmi
661 3810 897 3866 Postelli.
941 3812 1066 3865 Ha-c
1095 3819 1177 3865 est
1203 3813 1371 3880 prima
1401 3812 1566 3866 editio
1588 3811 1857 3878 Siebardi,
1888 3827 1990 3881 qua
2025 3813 2078 3865 in

492 3905 731 3960 secundo
756 3914 900 3959 torno
926 3905 1137 3959 edendo
1162 3918 1290 3958 usus
1315 3918 1455 3958 sum.

560 3996 653 4051 2?”
692 3996 847 4051 Anno
878 3995 1036 4052 1556.
1087 3996 1286 4050 Aurelii
1326 3993 1597 4051 Prudentii
1635 3996 1939 4064 Clementis,
1978 3999 2080 4052 viri

495 4090 797 4152 consularis,
830 4105 983 4159 Opera
1010 4086 1169 4141 multo
1197 4104 1349 4157 quam
1376 4098 1528 4141 antea
1556 4091 1916 4159 castigatiora;
1947 4105 2081 4160 prte-

490 4189 632 4231 terea
669 4189 712 4232 et
746 4178 819 4232 ΛΞ
826 4180 883 4233 lii
911 4178 1119 4233 Antonii
1154 4178 1504 4236 Nebrissensis
1532 4182 1909 4235 commentariis
1939 4181 2079 4235 liaud

491 4269 793 4336 peuitendis
824 4270 1105 4334 illustrata,
1148 4269 1330 4337 quibus
1359 4271 1571 4338 insuper
1597 4272 1921 4341 agglutinata
1958 4280 2077 4325 sunt

494 4361 687 4413 scholia
714 4359 935 4416 Joannis
960 4363 1228 4427 Sichardi,
1269 4378 1387 4432 qua:
1410 4365 1580 4416 omnia
1608 4382 1742 4418 nunc
1770 4368 1991 4434 primum
2026 4369 2077 4419 in

494 4450 899 4519 philomusorum
920 4455 1139 4524 gratiam
1166 4469 1351 4507 excusa
1372 4465 1510 4509 sunt.
1544 4453 1838 4513 Excudebat
1861 4461 2079 4511 Antuer-

492 4549 593 4613 pia:
623 4545 878 4601 Martinus
917 4546 1109 4609 (Σίνων,
1143 4563 1281 4599 mino
1310 4547 1492 4601 saliuis
1533 4548 1771 4603 humana
1813 4564 2070 4615 Inxxxvr,

495 4638 635 4702 iii-8,
671 4653 757 4707 pp.
782 4638 906 4692 565.
964 4637 1114 4692 Hanc
1156 4640 1448 4694 editionem
1495 4641 1601 4695 vidi
1651 4642 1703 4696 in
1749 4641 2074 4697 bibliotheca

496 4729 707 4798 collegii
739 4730 985 4783 ltomani.

559 4864 731 4913 Aureli
750 4865 979 4915 Clemens
1005 4867 1258 4928 Prudenti,
1283 4869 1360 4917 die
1378 4870 1511 4924 mihi,
1538 4882 1721 4929 quies",

629 4930 744 4983 uuis
770 4935 820 4974 te
845 4936 939 4975 tam
964 4930 1116 4976 durus
1138 4933 1266 4977 misit
1290 4930 1338 4977 lu
1366 4932 1593 4980 exsilium
1615 4934 1637 4980 Ὺ

560 4988 635 5037 Δη
665 4990 803 5036 libuit
826 4997 931 5036 toto
955 4990 1135 5038 duisos
1158 4992 1279 5039 orbe
1311 4992 1583 5046 Britannos,

630 5054 789 5111 Atque
814 5050 1055 5099 Cale-donli
1081 5064 1243 5099 Visere
1264 5060 1469 5099 monstra
1498 5054 1680 5110 maris?

562 5109 801 5175 Billienus,
830 5125 985 5175 orcas,
1011 5123 1061 5161 et
1086 5113 1371 5175 physeteras
1395 5114 1612 5171 anhelos,

630 5173 685 5222 Et
704 5174 917 5237 grandes
941 5184 1096 5237 cetos,
1116 5173 1469 5237 arboribusque
1495 5188 1655 5237 pares.

563 5232 736 5297 Nonne
756 5235 846 5284 fuit
866 5235 1041 5283 melius
1058 5232 1219 5284 Celtas
1242 5248 1334 5282 non
1360 5232 1589 5297 linquere
1618 5238 1801 5295 Iberos,

628 5296 689 5346 Et
709 5310 951 5358 nunquam
977 5300 1155 5357 patrios
1177 5296 1461 5345 deseruisse
1488 5297 1649 5347 lares?

564 5351 769 5405 Cmsaris
795 5351 1000 5419 Augusti
1024 5362 1175 5407 dictas
1193 5360 1257 5405 de
1277 5360 1473 5408 nomine
1498 5367 1676 5416 terras,

624 5421 717 5467 llic
741 5421 823 5468 ubi
850 5420 1005 5482 fundit
1026 5432 1148 5481 opes
1173 5419 1224 5467 Li
1250 5433 1317 5467 er
1342 5428 1393 5468 et
1416 5421 1537 5467 alma
1562 5420 1739 5482 Cures;

566 5482 660 5542 llic
676 5482 754 5528 ubi
778 5485 860 5529 dat
884 5481 1051 5541 fruges
1072 5494 1265 5529 ln\‘el'SO
1282 5483 1420 5542 copia
1444 5496 1613 5537 cornu.

633 5541 689 5604 Et
716 5544 925 5591 Pomona
948 5556 1079 5604 suas,
1108 5550 1254 5603 atque
1280 5541 1494 5590 Minerva
1518 5557 1646 5591 suas.

561 5603 667 5668 Sed
691 5606 775 5651 tibi
798 5617 925 5668 nurse
950 5612 1105 5668 recta,
1131 5606 1443 5668 nisigdesipis.
1466 5606 1539 5654 ire
1557 5618 1785 5668 necesse,

598 5723 601 5725 ἓ
631 5664 693 5712 Ut
718 5667 993 5725 postliminii
1014 5667 1123 5725 jure
1146 5666 1312 5713 relicta
1335 5675 1487 5725 petas.

573 5722 637 5772 [ι
660 5722 965 5786 possessores
987 5722 1192 5788 injustos
1217 5722 1406 5788 pellere
1429 5728 1598 5788 possis,

2180 1850 2232 1903 in
2254 1850 2533 1904 Germania
2563 1865 2665 1903 non
2701 1848 2890 1902 extrui.
2941 1849 3140 1901 Aurelii
3172 1848 3441 1903 Prudentii
3466 1849 3772 1920 Clementis,

2178 1941 2462 1996 consularis
2506 1942 2635 2009 viri,
2672 1941 3009 1994 Enchiridion
3044 1940 3233 1994 Veteris
3281 1951 3328 1996 et
3378 1941 3510 1996 Novi
3562 1942 3777 1997 In-trn-

2178 2034 2354 2087 menti.
2410 2031 2614 2087 Scitula:
2654 2032 2962 2086 Christiana:
3007 2034 3280 2085 necessarii
3325 2032 3464 2087 libri.
3518 2033 3773 2102 Basilea,

2177 2123 2318 2193 apud
2349 2121 2785 2177 Bartholomaaum
2812 2121 3213 2177 West/temetum
3246 2136 3292 2175 et
3321 2123 3601 2177 Nicolaum
3638 2125 3775 2195 Bry-

2180 2216 2452 2285 lingerum,
2479 2231 2614 2269 anno
2642 2231 2972 2270 sumsum.
3007 2214 3127 2270 ιιι-8
3155 2232 3338 2284 parvo.
3368 2215 3575 2272 Similis
3601 2220 3779 2275 editio

2178 2308 2413 2361 occurrit
2440 2321 2584 2360 anno
2614 2304 2771 2360 1512.

2252 2399 2374 2454 110.
2410 2397 2506 2451 25⁰
2545 2399 2699 2453 Anno
2732 2396 2893 2454 1540.
2940 2396 3115 2466 Opera
3144 2398 3418 2453 Prudentii
3456 2415 3579 2455 cum
3617 2417 3773 2457 com-

2180 2494 2443 2547 mentario
2488 2491 2851 2546 Nebrissensis
2888 2499 2945 2545 et
2984 2491 3204 2546 scholiis
3241 2491 3461 2546 Joannis
3484 2492 3769 2560 Sichardi,

2179 2585 2271 2655 qui
2310 2599 2408 2640 sex
2446 2583 2723 2637 codicibus
2766 2596 2892 2637 usus
2933 2582 3140 2643 fuerat,
3185 2583 3489 2653 Antuerpia:
3526 2587 3655 2641 iii-8
3689 2593 3779 2654 (ex

2180 2674 2469 2743 Fabricio).
2489 2674 2829 2745 Ludewigius
2851 2674 3060 2730 mendis
3082 2675 3291 2744 plenam
3316 2674 3453 2729 hanc
3468 2676 3776 2735 editionem

2180 2781 2302 2822 esse
2332 2776 2580 2820 testatur.

2250 2857 2345 2914 26’
2384 2858 2581 2912 Eodem
2613 2872 2753 2911 anno
2784 2856 2941 2911 1510.
2983 2856 3181 2910 Aurelii
3221 2854 3489 2909 Prudentii
3530 2856 3779 2913 Clemen-

2178 2949 2266 3014 tis,
2316 2949 2409 3001 viri
2454 2954 2515 3001 ob
2557 2947 2773 3000 eximias
2819 2947 3008 3001 indolis
3057 2947 3457 3018 eruditionisque
3506 2949 3663 3002 dotes
3710 2948 3781 3002 ad

2181 3036 2505 3093 consularem
2552 3037 2850 3107 dignitatem
2893 3037 3078 3102 evecti,
3125 3045 3173 3089 et
3219 3052 3387 3089 rerum
3436 3036 3777 3105 divinarum,

2099 3138 2146 3199 ο
2176 3132 2440 3203 religionis
2467 3130 2793 3194 Christianae,
2814 3130 2955 3200 juris
2997 3130 3116 3182 item
3159 3129 3322 3181 civilis
3366 3139 3413 3183 et
3458 3130 3779 3183 militarium

2179 3226 2363 3296 peritia
2414 3223 2708 3277 excellentis
2756 3237 2960 3285 OPBBA,
3002 3236 3115 3277 cum
3163 3219 3407 3275 Sichardi
3451 3230 3501 3274 et
3561 3220 3781 3276 Erasini

2178 3318 2572 3372 commentariis.
2622 3314 2871 3383 Basilew,
2920 3315 3057 3387 typis
3104 3313 3313 3368 llenrici
3363 3313 3536 3378 Petri,
3587 3313 3777 3370 ἰη-ίῖ.

2178 3411 2347 3479 Quam
2375 3409 2665 3465 editionem
2706 3406 2865 3463 habui
2907 3422 2936 3461 a
2979 3406 3050 3461 cl.
3083 3406 3306 3477 physico
3336 3404 3635 3460 Francisco
3672 3405 3776 3460 Pe-

2180 3504 2407 3574 traglia:
2439 3512 2582 3558 recte
2606 3500 2852 3557 Heinsius
2875 3512 2993 3554 eam
3022 3498 3231 3553 mendis
3255 3498 3591 3568 inquinatam
3610 3497 3777 3555 dixit.

2186 3597 2322 3653 Vide
2352 3612 2503 3652 num.
2528 3595 2652 3652 100.

2248 3692 2361 3762 38
2396 3690 2490 3744 27°
2515 3693 2671 3747 Anno
2701 3686 2861 3744 1542.
2905 3685 3253 3743 Enchiridion
3286 3685 3504 3743 Basin
3524 3699 3659 3740 cum
3686 3685 3782 3740 Ju-

2179 3796 2350 3837 venco
2370 3790 2424 3836 et
2440 3782 2686 3836 Aratore.
2713 3782 2732 3850 (
2750 3777 3120 3849 Ludewigius)
3138 3776 3388 3831 Fortasse
3406 3774 3571 3831 simili
3594 3775 3783 3831 turma

2181 3887 2244 3929 ac
2276 3888 2417 3928 anno
2443 3872 2601 3924 4537.
2640 3870 2773 3926 Vide
2796 3886 2944 3925 num.
2963 3868 3066 3924 109
3094 3868 3146 3923 in
3174 3868 3406 3922 editione
3429 3866 3521 3920 21.

2250 3983 2345 4039 28°
2384 3990 2540 4039 Anno
2571 3982 2733 4037 1546.
2774 3981 3079 4036 Editionem
3110 3980 3561 4048 Antuerpiensem
3605 3978 3782 4048 hujus

2181 4076 2330 4139 anni,
2358 4089 2516 4142 quam
2550 4072 2749 4126 Bailius
2779 4072 3057 4137 habuerit,
3090 4080 3337 4125 recenset
3363 4070 3434 4123 cl.
3465 4068 3697 4123 'l‘c-olins
3728 4070 3780 4123 in

2181 4166 2432 4221 editionis
2459 4165 2761 4221 Parmensis
2791 4161 3105 4233 praefatione
3129 4203 3145 4229 ,
3190 4176 3352 4233 quam
3389 4161 3498 4230 jam
3545 4160 3782 4217 laudare

2180 4259 2320 4327 εωρί
2364 4267 2638 4327 acceptam
2689 4258 2868 4312 statim
2899 4271 2963 4311 ac
2989 4256 3259 4325 divulgata
3286 4271 3347 4311 ea
3376 4264 3488 4321 est,
3518 4266 3783 4324 pergrata

2182 4349 2313 4403 mihi
2338 4348 2480 4403 dono
2503 4348 2601 4403 viri
2628 4348 2940 4414 clarissimi;
2973 4363 3131 4418 quem
3162 4346 3382 4402 honoris
3405 4361 3569 4403 causa
3596 4347 3781 4402 libens

2188 4441 2546 4501 nominarem,
2576 4437 2679 4493 nisi
2707 4439 2823 4507 ipse
2847 4438 3015 4493 latere
3041 4436 3335 4493 maluisset.

2252 4549 2346 4604 29‘
2389 4551 2545 4603 Anno
2576 4547 2734 4604 1555.
2783 4548 2958 4617 Opera
3002 4562 3126 4603 cum
3170 4547 3393 4603 scholiis
3427 4547 3682 4601 Sichardi
3726 4559 3780 4601 et

2184 4640 2629 4696 commentariolo
2676 4640 2884 4694 Erasini
2932 4639 2987 4693 in
3035 4639 3173 4693 duos
3214 4641 3445 4708 hymnos
3492 4637 3560 4691 de
3607 4639 3778 4692 natali

2186 4733 2337 4803 pueri
2362 4732 2525 4799 Jesu,
2553 4742 2611 4788 et
2632 4732 2700 4789 de
2728 4731 3059 4801 Epiphania,
3103 4731 3377 4802 Lugduni,
3416 4730 3556 4785 in-8.
3605 4729 3779 4786 Corn-

2316 4869 2406 4927 Qui
2436 4876 2518 4933 tua
2541 4882 2669 4933 nunc
2692 4870 2937 4933 lacerant,
2956 4870 3289 4933 diripiuntque
3314 4870 3459 4933 bona.

2251 4930 2346 4994 Qui
2366 4938 2480 4979 sunt
2503 4931 2551 4979 hi
2569 4931 2593 4981 ‘l
2614 4933 2771 4994 dices,
2792 4930 3185 4990 Sunt’barbaros,
3210 4930 3359 4993 atque
3383 4931 3615 4990 solmcos,

2311 4990 2395 5040 Est
2414 4994 2580 5040 horum
2609 4990 2791 5053 proles,
2817 5000 2871 5043 et
2889 5006 3144 5041 numerosa
3163 4990 3348 5042 manus.

2249 5050 2381 5115 Ergo
2403 5055 2528 5101 citus
2553 5050 2787 5115 propera,
2807 5054 2965 5103 domui
2990 5068 3224 5103 succurre
3251 5054 3447 5105 lahanti.

2355 5128 2430 5177 am
2451 5127 2536 5164 res
2558 5118 2794 5177 absentis,
2810 5116 3038 5177 juxtaque
3061 5129 3202 5165 causa
3227 5118 3376 5177 perit.

2248 5172 2301 5224 Si
2319 5183 2375 5238 te
2401 5175 2523 5224 forte
2550 5180 2619 5224 tui
2646 5172 2901 5238 nequeunt.
2922 5172 3193 5238 agnoscere
3217 5172 3371 5236 cives,

2314 5237 2414 5286 Illis
2434 5250 2599 5287 sermo
2622 5237 2752 5296 tuus,
2774 5239 2813 5287 si
2838 5237 3137 5301 peregrinus
3156 5240 3245 5289 erit
3260 5278 3274 5299 ,

2250 5296 2503 5359 lnterpres
2523 5304 2711 5347 veniam
2736 5313 2748 5348 :
2769 5301 2810 5348 si
2834 5296 3023 5348 tentant
3044 5298 3233 5360 pellere
3260 5296 3426 5360 tectis,

2312 5360 2539 5408 Assertor
2562 5361 2774 5420 veniam,
2794 5361 3143 5422 suppetiasque
3168 5361 3339 5410 feram.

2188 5440 2334 5495 Ordo
2358 5449 2441 5495 est
2470 5459 2481 5494 :
2527 5442 2581 5496 1⁴³
2609 5441 3031 5498 Cathemerinmn
3064 5444 3219 5498 liber.
3266 5442 3324 5497 2’
3359 5442 3655 5497 Romanus.
3704 5441 3775 5497 3°

2191 5512 2824 5593 LiheLPeristephanun.
2853 5512 3385 5593 4-.APP'Y-ClI-Oll-l30llla.
3414 5512 3469 5565 5⁸
3496 5514 3779 5593 Ahpotheo-

2191 5582 2287 5653 sis.
2323 5581 2379 5636 6⁸
2400 5582 2828 5653 γΗεηιιδτιίεθιιιθ.
2874 5582 2935 5635 7°
2973 5581 3121 5638 Libri
3161 5584 3268 5637 duo
3304 5593 3488 5653 contra
3521 5584 3780 5653 Symma-

2189 5651 2371 5708 chum.
2395 5652 2552 5733 Deest
2580 5652 2955 5733 Dittocbaaum.
3001 5653 3181 5710 Editio
3206 5662 3289 5711 cst
3331 5651 3610 5718 mendosa,
3658 5667 3774 5707 non

2192 5731 2490 5776 numeratis
2520 5731 2748 5793 paginis.
