4000 6176
197 347 293 402 619

1552 329 2078 390 PRULEGOMENA.

3362 320 3469 376 650

197 460 548 517 inentariolus
576 457 782 512 Erasini
814 465 988 513 exstat
1019 454 1071 509 in
1104 452 1422 507 collectione
1450 448 1684 514 Weitzii,
1720 456 1775 503 et
1804 450 1855 508 Α
1885 441 2152 504 Ecclesia,
2182 448 2231 493 et
2256 435 2573 507 antiquitatis
2601 434 2873 506 religiosae,
2907 434 2976 487 ad
2996 432 3270 487 utilitatem
3284 436 3391 503 jnu
3410 451 3470 486 n-

196 554 245 607 in
274 552 391 620 ejus
421 550 677 619 operibus
704 562 924 603 recusus
951 554 1051 601 est.
1105 544 1161 598 In
1200 543 1446 611 catalogo
1487 540 1618 596 bibl.
1658 554 1774 609 reg.

194 645 359 698 Paris.
385 643 553 697 editio
578 640 773 695 dicitur
798 639 970 702 ἰηο16,
998 650 1090 704 per
1110 634 1371 689 Joannem
1397 631 1772 694 Tornocsium,

194 735 456 803 Lugduni,
484 734 584 786 hoc
610 746 752 785 anno
780 730 934 785 1555.
970 727 1072 782 Alii
1102 728 1215 781 iii-8
1239 725 1442 778 dicunt.
1482 724 1629 777 llanc
1664 723 1776 776 edi-

193 828 389 881 tionem
419 826 596 880 laudat
624 823 957 880 Gallandius.

256 921 351 977 30°
392 920 548 974 Anno
582 916 732 973 1562.
778 917 904 971 Aur.
962 913 1235 967 Prudentii
1279 909 1579 976 Clementis,
1622 908 1680 962 V.
1714 907 1773 962 C.

189 1028 336 1064 sacra
366 1027 483 1079 quae
511 1018 714 1063 exstant
742 1022 984 1063 poenam
1014 1019 1198 1059 OMNIA.
1232 1002 1427 1067 Quibus
1456 1009 1775 1053 accesserunt

188 1107 236 1157 in
268 1114 433 1157 totum
473 1102 679 1173 quidem
716 1115 846 1168 opus
875 1097 961 1151 Jo.
997 1094 1238 1150 Sic/tardi
1267 1094 1523 1146 succincta
1555 1090 1772 1154 scholia,

188 1197 233 1248 in
265 1195 461 1263 aliquot
491 1209 610 1247 vero
641 1193 856 1262 hymnos
886 1187 1093 1242 Erasini
1130 1187 1304 1240 Roter.
1336 1193 1383 1238 et
1407 1184 1589 1238 Jacobi
1620 1182 1774 1253 Spic-

186 1286 307 1355 gclii
336 1285 724 1338 commentaria.
770 1280 1004 1343 Basilew,
1037 1295 1100 1332 ex
1128 1278 1327 1347 o/ﬁcina
1362 1276 1568 1329 lleurici
1599 1274 1772 1340 Petri,

185 1392 324 1430 anno
350 1375 450 1431 sal.
477 1376 619 1429 hum.
649 1389 899 1438 51.0.1.3",
932 1386 1101 1425 mense
1128 1369 1343 1434 Martio,
1372 1369 1504 1435 in-8,
1530 1384 1619 1437 pp.
1646 1367 1773 1421 7l9.

186 1471 312 1525 llzec
334 1469 502 1525 editio
523 1477 697 1524 exstat
724 1468 774 1521 in
804 1464 1127 1521 bibliotheca
1150 1462 1359 1532 collegii
1384 1461 1633 1526 Romani,
1657 1477 1776 1531 quae

184 1578 372 1632 parum
406 1570 490 1617 est
518 1568 789 1616 correcta.

249 1655 347 1709 51°
390 1654 546 1708 Anno
586 1654 776 1708 eodem
824 1650 979 1705 1562.
1036 1649 1091 1703 1η
1134 1648 1453 1703 collectione
1496 1656 1772 1716 poetarum

184 1748 636 1813 Christianorum,
668 1747 848 1801 studio
878 1762 929 1799 et
963 1745 1104 1799 notis
1135 1743 1351 1811 Georgii
1384 1742 1642 1805 Fabricii,
1678 1741 1775 1793 Ba-

1883 536 2007 591 tutis
2038 534 2397 589 scholasticae:
2437 530 2709 599 collectus,
2748 529 3076 593 emendatus,
3119 527 3378 599 digestus,
3419 538 3473 581 et

1882 626 2243 682 commentario
2291 640 2494 695 quoque
2544 623 2843 691 expositus,
2892 620 3161 691 diligentia
3206 629 3254 673 et
3299 620 3471 675 studio

1882 718 2090 789 Georgii
2120 717 2351 772 Fabricii
2379 715 2774 771 Chemuicensis.
2829 713 2882 766 lu
2917 715 3061 767 line:
3095 712 3350 781 Bastleaa,
3399 731 3465 769 ea:

1879 814 2080 884 olﬁcina
2099 811 2319 866 Joannis
2345 809 2581 882 Oporini,
2606 825 2693 862 an.
2717 809 2814 862 sal.
2841 807 2985 859 hum.
3011 822 3308 860 ιι.ι›.ι.ιιιιι.
3332 806 3468 860 1η-4.

1880 910 1935 964 In
1962 909 2140 964 fronte
2164 908 2348 962 avulsa
2370 914 2483 961 erat
2511 914 2634 958 nota
2665 902 2768 957 loci
2794 912 2847 955 et
2869 901 2993 954 anni
3020 918 3032 953 :
3065 899 3181 970 ipse
3210 900 3465 968 praefatur

1880 1016 2022 1057 anno
2050 1000 2208 1066 1562,
2240 1015 2331 1055 xm
2361 998 2464 1053 cal.
2490 998 2645 1050 Mart.
2679 996 2737 1050 ln
2769 994 3042 1049 nonnullis
3066 993 3469 1064 exemplaribus

1880 1092 2067 1148 Romae
2092 1092 2288 1147 desunt
2310 1089 2712 1152 commentarii,
2751 1088 2949 1157 quippe
2975 1086 3042 1140 ab
3073 1086 3326 1141 haeretica
3371 1088 3468 1140 ho-

1881 1182 2026 1239 mine
2049 1181 2317 1238 interdum
2344 1181 2507 1250 impie
2529 1180 2782 1244 confecti,
2807 1188 2859 1233 et
2882 1186 3164 1247 pr0pterea
3189 1178 3465 1247 discerpti.

1882 1274 1962 1330 Ad
2006 1272 2421 1329 commentarios
2464 1271 2719 1342 praefatur
2748 1286 2813 1325 eo
2845 1271 2961 1339 ipso
2991 1284 3132 1323 anno
3164 1272 3331 1339 1562,
3378 1288 3466 1326 λιιι

1881 1368 1986 1421 cal.
2013 1367 2121 1421 Jul.

1951 1460 2042 1517 56°
2084 1464 2241 1515 Anno
2273 1460 2461 1515 eodem
2494 1459 2651 1517 1561.
2684 1458 2859 1513 Editio
2891 1458 3167 1513 Prudentii
3201 1474 3319 1513 eum
3349 1458 3469 1511 aliis

1883 1553 2056 1622 poetis
2081 1552 2397 1607 Christianis
2427 1552 2648 1605 Basilese
2687 1565 2779 1619 per
2810 1550 2967 1605 Joan.
2992 1550 3309 1618 Oporinum,
3336 1551 3466 1615 iii-8,

1883 1644 2128 1697 laudatur
2154 1659 2185 1697 a
2215 1644 2284 1698 cl.
2315 1643 2530 1707 Teolio,
2575 1660 2604 1695 a
2648 1644 2891 1707 nemine,
2929 1644 3071 1710 quod
3104 1642 3221 1710 ipse
3252 1642 3467 1709 scierit,

1880 1737 2275 1791 animadversa.
2331 1736 2433 1790 Sed
2477 1752 2600 1788 eum
2650 1735 2765 1801 ipse
2811 1751 2916 1787 non
2960 1737 3469 1790 comnnnnoraverlt

182 1838 355 1902 sileat,
382 1838 518 1891 iii-4.
556 1837 631 1890 lta
662 1837 818 1892 Joan.
845 1836 1094 1891 Albertus
1127 1834 1403 1888 Fabricius
1434 1833 1486 1885 in
1516 1831 1767 1885 Bibliotli.
1809 1829 1854 1888 B
1882 1828 2169 1882 editionem
2204 1827 2563 1881 Basileensem
2600 1828 2713 1879 iii—4
2757 1842 2852 1893 per
2881 1827 3040 1879 Joan.
3064 1824 3393 1895 Oporinum,
3439 1841 3469 1880 a

182 1938 292 1985 vet.
324 1929 442 1983 Lat.
472 1929 573 1983 Alii
598 1943 796 1982 annum
823 1926 1077 1982 editionis
1102 1926 1241 1980 1565
1265 1932 1468 1987 notant,
1496 1924 1583 1975 alii
1612 1922 1771 1977 1561.

180 2020 526 2088 Ludewigius
559 2018 695 2072 hanc
722 2026 878 2071 vocat
904 2016 1157 2071 eruditam
1182 2025 1225 2068 et
1251 2030 1443 2067 rarum.
1479 2012 1608 2068 Vide
1639 2013 1773 2067 infra

180 2124 333 2165 num.
360 2110 481 2173 111,
514 2107 602 2163 ubi
635 2122 754 2162 eam
787 2106 1166 2162 describimus.

248 2200 351 2254 52'
391 2203 547 2255 Anno
576 2198 735 2254 1562.
781 2200 955 2269 Opera
984 2199 1261 2254 Prudentii
1285 2240 1298 2264 ,
1332 2199 1478 2262 ius,
1520 2196 1771 2261 Basileaa,

179 2308 308 2347 cum
336 2293 542 2347 Erasmi
571 2302 628 2348 et
655 2292 901 2348 Sicliardi
933 2292 1076 2346 notis
1104 2293 1190 2362 (ex
1220 2290 1448 2360 quodam
1478 2288 1684 2357 catal.).

242 2385 345 2440 53°
386 2384 543 2439 Auno
567 2383 726 2439 1562.
763 2383 938 2437 Editio
968 2382 1137 2451 prima
1164 2379 1385 2435 Giselini
1418 2382 1691 2442 mendosa,
1720 2387 1776 2431 ut

176 2474 291 2543 ipse
337 2476 621 2544 protizetur
670 2476 722 2528 in
769 2474 1004 2529 editione
1035 2472 1290 2528 secunda.
1344 2471 1593 2525 Titulus:
1642 2472 1770 2523 Aur.

176 2568 348 2622 Prud.
377 2566 543 2622 Clem.
570 2569 668 2620 uiri
696 2583 837 2620 cons.
867 2580 1062 2633 oram,
1095 2581 1126 2617 a
1158 2562 1358 2617 Victore
1390 2561 1619 2617 Giseliuo
1661 2577 1774 2614 cor-

176 2670 349 2725 recta,
405 2668 453 2714 et
497 2657 914 2713 adnotationibus
962 2656 1247 2711 illustrata.
1303 2654 1383 2708 Ad
1431 2653 1771 2723 Hippolytum

175 2752 467 2807 Eeteiisem
499 2749 863 2814 cardinalem,
908 2748 1158 2811 Parisiis,
1205 2746 1345 2816 apud
1388 2746 1773 2816 Hieronymum

173 2842 239 2897 de
267 2842 513 2905 Μαι-ηδτ,
545 2841 729 2905 iii-l2,
776 2856 865 2909 pp.
904 2840 1031 2894 194.
1084 2838 1254 2907 llujns
1284 2837 1532 2892 editionis
1561 2852 1777 2893 errores

173 2935 225 2987 iu
248 2933 441 2987 multis
463 2933 580 2987 aliis
603 2933 814 3003 repetiti
838 2940 983 2986 sunt.
1008 2930 1327 2997 Giselinum,
1351 2931 1535 2986 decem
1562 2940 1773 2985 nactum

174 3025 461 3082 Prudentii
509 3026 761 3093 codices,
813 3025 951 3079 hanc
990 3024 1282 3079 editionem
1324 3025 1578 3079 adorsum
1609 3024 1775 3080 fuisse

171 3121 399 3189 quidam
447 3136 727 3189 perperam
767 3118 1084 3182 afﬁrmavit,
1134 3118 1393 3187 deceptus
1427 3118 1774 3185 inscriptione

1881 1934 1967 1972 me
2010 1919 2210 1980 visain,
2259 1926 2312 1970 et
2360 1932 2388 1969 a
2441 1918 2681 1985 pluribus
2733 1918 3087 1983 recensitam,
3140 1916 3466 1985 videndum,

1877 2026 1945 2064 an
1976 2011 2131 2064 unica
2160 2012 2230 2064 sit
2255 2010 2368 2062 tunc
2395 2008 2580 2074 editio,
2607 2023 2767 2078 quam
2794 2005 2988 2076 aliquis
3016 2012 3156 2063 male
3185 2008 3300 2063 iii-8
3332 2010 3468 2063 indi-

1877 2102 2101 2155 caverit.

1948 2192 2041 2247 57°
2081 2193 2237 2246 Anno
2267 2192 2423 2247 1566.
2462 2191 2735 2247 Prudentii
2765 2210 2920 2259 opera
2952 2211 2981 2246 a
3014 2193 3217 2249 Victore
3240 2193 3466 2249 Giselina

1877 2294 2126 2351 correcta,
2152 2300 2198 2339 et
2221 2287 2637 2340 adnotationibus
2666 2289 2946 2343 illustrata.
2973 2288 3213 2356 Parisiis,
3241 2289 3463 2359 Maruel’,

1879 2379 2037 2445 1566,
2072 2380 2251 2445 ἰιιο16,
2284 2396 2373 2450 pp.
2404 2381 2524 2436 Mt).
2564 2382 2673 2451 90
2700 2381 2983 2436 Fabririus
3014 2383 3089 2437 ait
3117 2400 3128 2435 :
3175 2382 3258 2437 Ea:
3292 2401 3467 2439 recen-

1877 2473 2018 2526 sione
2068 2473 2304 2527 Giselini.
2376 2475 2501 2529 llaec
2554 2476 2718 2530 editio
2774 2479 3065 2532 conformis
3114 2481 3335 2534 omnino
3384 2490 3468 2534 est

1880 2564 2064 2633 prima:
2108 2566 2586 2621 edition'PGiselini
2613 2567 2740 2621 anni
2776 2568 2933 2623 1562.
2982 2570 3113 2625 Vide
3156 2587 3302 2625 num.
3339 2573 3461 2627 11υ.

1879 2658 2087 2711 Adsunt
2115 2658 2275 2712 etiam
2309 2659 2515 2712 Erasmi
2560 2662 3010 2716 commentarioli.
3063 2663 3117 2717 Si
3150 2664 3343 2719 alicubi
3385 2668 3465 2719 ie-

1879 2763 2011 2817 gas,
2067 2749 2198 2802 hunc
2244 2749 2518 2804 editionem
2562 2766 2594 2806 a
2640 2751 2880 2807 Giselino
2925 2763 3307 2822 procuratam,
3358 2772 3466 2813 non

1880 2840 2217 2895 asscntiaris.

1950 2933 2043 2987 58°
2083 2934 2241 2988 Anno
2271 2932 2428 2989 1568.
2476 2933 2692 3005 Georgii
2735 2935 2965 2991 Fabricii
2994 2940 3367 2994 coumientarii
3412 2941 3465 2997 iu

1880 3025 2139 3093 quosdam
2171 3026 2398 3096 hymnos
2427 3024 2699 3081 Prudentii
2722 3067 2737 3094 ,
2788 3028 2985 3096 Lipsire
3018 3030 3186 3096 1568,
3228 3033 3340 3087 iii-8
3374 3033 3465 3103 (ex

1879 3118 2033 3171 Jozm.
2066 3118 2189 3171 All).
2223 3117 2510 3187 Fabricio).
2569 3119 2794 3174 Exstant
2845 3123 2895 3174 in
2927 3122 3250 3179 CUHL'CiiUlle
3298 3124 3465 3182 Weit-

173 3212 435 3265 editionis
472 3210 726 3265 secundae
770 3209 897 3263 anni
930 3208 1089 3264 1561.
1142 3208 1322 3262 Prima
1348 3208 1573 3262 Giselini
1603 3208 1769 3263 editio
1797 3204 1841 3265 C
1877 3210 2027 3263 ziana
2056 3222 2108 3263 et
2137 3210 2191 3264 in
2219 3212 2471 3280 Operibus
2498 3211 2751 3267 Fabricii.

170 3312 352 3357 exstat
386 3303 443 3355 in
472 3301 796 3356 bibliotheca
826 3301 1105 3370 Angelica,
1136 3299 1226 3353 ubi
1253 3314 1371 3353 eam
1400 3299 1531 3352 vidi.

241 3395 340 3447 34°
375 3397 535 3447 Anno
559 3392 717 3447 1564.
744 3390 981 3446 Aurelius
1006 3390 1314 3445 Prudentius
1333 3390 1583 3457 Clemens,
1612 3390 1776 3444 Theo-

160 3488 284 3547 dori
315 3486 609 3541 Pulmanni
639 3484 1019 3555 Cranenburgii
1046 3494 1095 3539 et
1121 3484 1340 3538 Victoris
1367 3483 1583 3537 Giselini
1620 3501 1775 3555 Opera

170 3594 233 3631 ea:
259 3579 371 3646 [ide
400 3578 576 3631 decem
604 3576 852 3630 librorum
884 3578 1353 3646 mauuscriptorum
1385 3576 1702 3641 emendatus,
1729 3586 1778 3631 et

170 3669 223 3721 in
252 3686 384 3722 cum
426 3668 655 3739 ejusdem
684 3667 905 3721 Victoris
934 3666 1152 3721 Giselini
1199 3669 1613 3721 commentarius.
1664 3672 1773 3720 Au-

171 3762 419 3830 tuerpice,
450 3776 512 3813 ea:
541 3760 742 3828 officina
765 3758 1118 3830 ChristOphori
1144 3758 1397 3827 Plautini,
1422 3775 1527 3815 cra.
1544 3776 1610 3813 In.
1630 3777 1771 3814 LXIV.

168 3851 320 3907 lii-8.
346 3853 462 3922 89
481 3852 608 3905 Post
627 3853 1077 3906 commentarium
1102 3848 1325 3904 Giselini
1353 3853 1600 3920 leguntur
1621 3854 1778 3922 Sym-

168 3942 357 3995 machi
389 3954 445 3995 et
469 3942 740 3996 Ambrosii
764 3942 831 3996 de
850 3942 1131 4012 Rel'gione
1156 3943 1399 4010 epistolze
1429 3943 1773 4013 adversariae,

166 4031 326 4086 Petri
372 4031 567 4086 Nannii
603 4031 898 4087 Alcmarini
938 4040 994 4086 et
1024 4033 1252 4087 Victoris
1289 4033 1514 4088 Giselini
1559 4036 1777 4090 sclioliis

168 4125 489 4179 illustratte.
544 4125 821 4180 Accedunt
866 4126 1072 4179 Erasini
1123 4125 1494 4179 commentarii
1548 4128 1599 4179 in
1643 4128 1777 4181 duos

170 4217 424 4286 hymnos
448 4215 746 4282 Prudentii,
779 4218 847 4272 de
873 4218 1062 4286 quibus
1090 4232 1237 4271 num.
1266 4217 1368 4271 109
1394 4217 1494 4288 (α).

248 4312 381 4363 111.
428 4308 519 4363 55⁸
559 4312 717 4364 Anno
760 4310 943 4364 itidem
985 4310 1145 4365 1564.
1194 4309 1457 4378 Georgius
1500 4309 1777 4365 Fabricius

167 4416 297 4456 cum
354 4404 477 4456 aliis
524 4406 697 4471 poetis
726 4404 1043 4459 Christianis
1076 4404 1424 4458 Prudentimn
1474 4405 1676 4470 edidit,
1723 4415 1776 4460 et

164 4494 404 4561 quidem
452 4495 627 4562 primo
672 4496 809 4551 loco.
862 4496 1183 4565 Inscriptio:
1222 4496 1504 4550 Poetarum
1555 4509 1775 4551 veterum

1951 3300 2072 3353 112.
2115 3301 2207 3357 59°
2247 3305 2403 3356 Anno
2438 3304 2593 3357 1574.
2642 3305 2839 3358 Aurelii
2867 3303 3141 3360 Prudentii
3171 3308 3464 3378 Clementis,

1876 3397 1970 3449 viri
1998 3396 2301 3464 consularis,
2328 3396 2608 3451 Christiani
2633 3398 2979 3466 antiquissimi
3005 3410 3185 3467 poeta),
3212 3404 3466 3458 carmina.

1879 3486 2126 3556 I’rosperi
2150 3488 2439 3557 Aquitanici
2465 3489 2860 3558 epigrammata,
2888 3489 3106 3543 Joannis
3138 3489 3467 3561 Damasceni,

1879 3575 2050 3632 Cosmi
2103 3577 2568 3648 Ilierosolymitani
2594 3618 2609 3643 ,
2663 3577 2831 3632 Marci
2880 3581 3105 3650 episcopi
3154 3581 3466 3651 'l'aluoutis,

1877 3671 2204 3742 Theophanis
2226 3671 2491 3742 apuscula.
2516 3670 2691 3727 Calari
2714 3688 2989 3727 MDLXXIHI.
3015 3672 3316 3730 Excudebat
3345 3676 3468 3730 Viu-

1877 3765 2071 3817 ceutius
2099 3763 2397 3818 Sembrnius
2422 3762 2740 3818 Salodiensis
2764 3764 3039 3832 impressor
3063 3766 3130 3820 li.
3161 3764 3224 3819 D.
3256 3767 3469 3821 Nicolai

1879 3855 2142 3925 Canyelles
2184 3856 2340 3909 ricar.
2372 3871 2541 3924 gener.
2575 3857 2692 3909 sede
2733 3866 2963 3909 vacante.
3015 3858 3167 3923 lii—3,
3218 3875 3305 3929 pp.
3340 3862 3463 3914 552.

1879 3946 2059 4000 Editio
2090 3946 2203 4001 haec
2233 3945 2565 4000 conformata
2606 3955 2689 4001 est
2726 3947 2793 4001 ad
2835 3947 3126 4004 editionem
3158 3952 3311 4018 Aldi,
3360 3968 3465 4009 non

1880 4037 2170 4092 admodum
2211 4046 2478 4092 correcta.
2532 4038 2885 4093 Pramiittitur
2930 4041 3173 4110 praefatio
3214 4046 3369 4112 Aldi,
3415 4059 3469 4104 et

1881 4129 2049 4184 altera
2078 4130 2144 4184 de
2185 4130 2371 4184 metris
2410 4144 2531 4183 cum
2561 4131 2677 4184 Vita
2710 4132 2982 4187 Prudentii
3014 4136 3081 4189 ab
3106 4136 3302 4193 eodem
3333 4155 3467 4194 cou-

1878 4220 2099 4289 scripta,
2132 4235 2240 4274 non
2268 4228 2446 4274 autem
2480 4220 2737 4276 lectiones
2762 4223 2946 4289 varizn,
2994 4224 3063 4280 de
3092 4228 3284 4295 quibus
3315 4245 3463 4284 num.

1882 4308 1984 4363 104
2012 4309 2145 4364 dixi.
2193 4310 2342 4365 Hanc
2372 4310 2663 4365 editionem
2690 4312 2758 4366 cl.
2788 4311 3005 4367 Teolius
3031 4315 3161 4370 vidit
3191 4317 3243 4371 in
3276 4320 3469 4375 biblio-

1883 4401 2034 4456 theca
2064 4401 2167 4455 PP.
2199 4401 2541 4455 lllinimorum
2589 4402 2643 4455 in
2684 4402 2860 4458 Monte
2892 4404 3096 4475 Pincio,
3148 4423 3246 4478 ego
3292 4412 3341 4465 in
3387 4414 3462 4466 bi-

1881 4493 2163 4548 bliothecis
2189 4492 2554 4547 Alexandrina
2586 4502 2641 4546 ct
2672 4494 2924 4562 Angelica
2945 4536 2960 4561 ,
3008 4508 3063 4553 et
3104 4510 3320 4556 exstare
3350 4505 3466 4559 scio

165 4584 652 4638 ecclesiasticarum
682 4603 835 4656 opera
862 4588 1186 4654 Christiana,
1220 4597 1267 4641 et
1298 4605 1507 4659 operum
1548 4590 1778 4659 reliquiw
1805 4572 1857 4631 Β
1884 4588 1935 4640 in
1981 4586 2299 4641 bibliotheca
2344 4584 2768 4653 locupletissima
2814 4590 3161 4645 sacratissimi
3205 4594 3467 4665 principis

162 4685 331 4745 atque
377 4676 691 4745 fragmenta.
741 4678 1037 4732 Thesaurus
1074 4678 1339 4734 catholica:
1388 4691 1434 4735 et
1475 4683 1781 4736 orthodoxa

237 4816 325 4885 (α)
363 4817 711 4888 Ludewigius
751 4829 895 4875 recte
938 4822 1243 4887 pronuntiat
1292 4821 1429 4875 hanc
1475 4821 1764 4878 editionem

160 4890 655 4956 castigatissimum
706 4901 761 4944 et
806 4890 1175 4944 nitidissimam
1226 4907 1387 4954 esse;
1434 4902 1488 4946 et
1529 4895 1770 4960 quamvis

162 4960 317 5012 idem
359 4998 365 5006 .
395 4973 569 5013 sserat
594 4960 943 5014 Weitzianam
970 4963 1223 5029 optinnm
1256 4966 1485 5025 censeri,
1520 4963 1770 5017 Heinsius

160 5042 365 5083 tamen
405 5029 715 5084 Weitziante
755 5032 1045 5085 editionem
1089 5032 1314 5086 Giselini
1360 5034 1612 5101 pra-tulit.
1663 5036 1768 5088 Sed

157 5115 309 5169 opus
336 5108 431 5154 est
449 5103 750 5170 advertere,
766 5104 819 5155 in
838 5103 1153 5172 quibusdam
1172 5104 1566 5172 exemplaribus
1584 5104 1769 5159 deesse

158 5172 608 5227 commentarios
639 5175 865 5239 Erusmi,
898 5174 1167 5241 religionis
1196 5188 1354 5225 causa
1387 5175 1621 5243 avolsos,
1665 5190 1770 5243 quo

155 5243 388 5295 factum
420 5254 530 5307 est,
581 5255 636 5297 ut
681 5245 838 5297 simul
869 5244 1154 5311 discerpta:
1193 5246 1392 5296 iuerint
1436 5260 1585 5298 novae
1628 5260 1772 5299 cura:

156 5311 441 5377 Giselini,
464 5317 559 5382 qui
592 5316 739 5383 plura
773 5315 961 5367 menda
992 5315 1225 5379 sustulit,
1260 5327 1310 5365 et
1341 5316 1625 5368 nonnullas
1658 5316 1773 5368 ani-

149 5384 594 5437 ntadversiones
623 5384 841 5451 adjecit.
895 5386 937 5436 A
972 5384 1187 5437 Barthio
1221 5385 1357 5437 inale
1396 5387 1655 5452 accipitur
1681 5385 1772 5439 Gi-

148 5457 429 5517 selinus,
473 5455 562 5522 qui
604 5467 822 5508 vocatur
853 5455 1078 5509 Advers.
1102 5455 1200 5508 lib.
1228 5470 1302 5518 ix,
1332 5469 1449 5523 cap.
1481 5457 1577 5518 Ἦ),
1625 5458 1773 5509 Ιιοηιο

148 5536 337 5577 tanta
399 5526 840 5593 presumptionis,
892 5534 946 5577 ut
995 5538 1410 5578 count-muniti.“
1462 5537 1608 5578 notas
1655 5544 1776 5580 suus

143 5598 461 5650 inscribere
486 5598 718 5651 voluerit.
751 5595 1029 5649 Rationem
1058 5596 1231 5649 reddit
1260 5595 1504 5650 Barthius
1535 5598 1626 5649 lib.
1654 5613 1761 5659 xxi,

142 5683 287 5737 cap.
335 5666 379 5719 4
420 5684 431 5719 :
468 5670 529 5719 At
573 5669 625 5721 in
666 5682 908 5729 musque
948 5681 1049 5719 non
1087 5665 1311 5737 debebat,
1335 5676 1533 5718 tantum
1583 5670 1768 5733 negotii

144 5736 289 5793 dare
324 5737 588 5800 Gisel.'no,
620 5741 725 5792 riro
759 5739 914 5808 probo
952 5746 997 5791 et
1025 5738 1247 5808 erudito,
1280 5736 1339 5789 de
1368 5753 1583 5805 quorum
1607 5742 1766 5808 altera

143 5815 253 5863 καί)
286 5829 314 5864 s
372 5824 441 5860 ar
483 5813 723 5863 rcta’tioiie
762 5805 1045 5873 doctorum,
1092 5807 1250 5863 altera
1293 5808 1491 5875 publice
1536 5805 1763 5861 omnibus

476 5914 741 5971 ιἰιίεοι..
802 5910 954 5970 LIX.

1886 4683 1963 4737 Pii
1996 4679 2082 4734 Vl.

1873 4832 2093 4887 constat,
2126 4823 2272 4876 malo
2303 4838 2403 4873 non
2431 4820 2619 4873 nimius
2644 4836 2851 4873 suarum
2882 4838 3155 4886 operarum
3183 4826 3467 4878 wstimator

1872 4895 2072 4963 fuisset,
2099 4903 2150 4945 ut
2180 4909 2293 4945 cum
2319 4906 2731 4945 εοιιιιι-ιδηιιιωι
2754 4892 2811 4963 in
2834 4889 3174 4946 Prndiutinm
3198 4898 3467 4963 scripsisse

1874 4962 1967 5031 ait,
2011 4980 2202 5033 paucas
2233 4964 2351 5015 illas
2382 4963 2594 5031 paginas
2636 4962 2762 5014 tanti
2792 4964 3010 5031 faciens.
3057 4962 3464 5020 Commentarios

1873 5046 2040 5087 autem
2082 5036 2135 5087 in
2172 5032 2509 5087 Prudentium
2553 5048 2751 5085 necesse
2790 5034 2853 5086 sit
2896 5035 3171 5087 multorum
3208 5052 3458 5089 (umorum

1874 5122 2020 5175 Opus,
2051 5106 2103 5157 in
2133 5122 2232 5175 quo
2264 5104 2413 5159 etiam
2442 5104 2896 5175 ingeniosissimus,
2933 5113 2976 5155 et
3010 5106 3385 5157 eruditissimus
3413 5116 3458 5156 et

1874 5176 2303 5229 laboriosissimus
2331 5176 2441 5245 quis
2472 5188 2667 5245 onmem
2692 5175 2993 5245 industrium
3026 5175 3182 5245 possit
3204 5175 3460 5245 insumere

1877 5249 2068 5314 optimo
2102 5243 2448 5299 mortalitatis.
2495 5244 2609 5298 Nic.
2638 5244 2903 5314 Antonius
2936 5254 3087 5296 notas
3118 5243 3339 5297 Giselini
3376 5244 3461 5295 in-

1878 5312 1977 5381 ter,
2000 5318 2349 5371 relationibus
2366 5316 2625 5379 omnium,
2642 5312 2731 5380 qui
2751 5323 3155 5378 praecesserant,
3172 5314 3457 5381 praeponit.

1880 5388 2085 5443 llevera
2127 5388 2195 5441 de
2239 5387 2524 5441 Prudentia
2562 5392 2763 5450 optime
2802 5382 3026 5437 meritus
3056 5394 3136 5436 est
3164 5382 3454 5445 Giselinus,

1877 5462 1967 5529 qui
1998 5457 2392 5529 controversias
2413 5451 3167 5529 etiam_tlieolo_gicas,_paucis
3193 5456 3453 5529 exceptis,

1880 5522 1985 5582 non
2018 5528 2304 5581 infeliciter
2335 5538 2429 5591 pro
2467 5522 2673 5575 medico
2702 5523 2894 5590 attigit.
2943 5522 3103 5582 Vide,
3145 5538 3292 5576 num.
3334 5522 3454 5584 117,

1881 5595 2228 5652 Cliamillardi
2256 5593 2514 5661 judicium
2557 5592 2618 5661 in
2650 5591 2764 5661 ejus
2806 5595 3009 5660 praefat.
3054 5592 3320 5647 Editionis
3350 5591 3451 5645 hu-

1873 5669 1960 5735 jus
1990 5667 2209 5720 Giselini
2250 5660 2526 5731 exemplar
2554 5660 2607 5714 in
2651 5660 2897 5735 bibliotti.
2934 5664 3102 5735 Paris.
3134 5676 3245 5730 reg.
3278 5670 3457 5715 exstat

1877 5733 2032 5792 manu
2062 5737 2314 5790 collatum
2340 5748 2460 5788 cum
2491 5733 2803 5801 perantiquo
2836 5749 2934 5787 ins.
2965 5734 3094 5785 bibl.
3124 5747 3237 5800 reg.

3142 5895 3213 5957 '21

3024 5999 3053 6019 ο
