4000 6176
578 297 689 355 €55

1996 292 2453 349 PRL’DENHUS.

3687 311 3767 369 656

653 412 762 483 95
798 406 889 463 68‘
914 421 1054 459 anno
1088 404 1242 460 l70l.
1275 400 1403 456 Aur.
1431 400 1705 456 Prudentii
1727 401 2000 457 Clementis
2020 401 2085 455 V.
2109 402 2167 455 C.
2201 406 2246 463 Α
2280 402 2733 472 Peristephanwn,
2788 402 3130 472 Apotheosis,
3174 404 3549 479 llatnartigenia,
3586 414 3767 486 Psycho.

587 505 756 573 Opera
787 517 901 554 cum
920 500 1051 553 notis
1073 497 1123 550 Ν
1131 495 1280 550 icolai
1308 494 1507 549 Heinsii
1531 494 1669 550 Dan.
1698 495 1816 564 ﬁlii,
1840 505 1887 549 et
1910 495 2170 547 variorum

584 599 850 653 doctorum
880 595 1100 647 virorum
1130 589 1349 643 maxime
1372 590 1693 642 necessariis.
1723 587 1997 659 Subjectus
2024 594 2097 639 est
2126 586 2180 638 in

586 689 689 755 fine
716 688 871 739 index
896 699 1065 737 rerum
1093 690 1137 735 et
1169 680 1430 734 verborum
1453 678 1905 746 locupletissintus.
1931 676 2173 735 Colonia’,

582 782 725 848 apud
762 779 1017 833 Joannem
1064 773 1485 843 Cltrist0pltorum
1527 771 1765 826 Stoissel.
1813 770 1962 822 Anno
1997 782 2175 821 uocet.

588 873 728 937 Ill-8,
762 885 849 938 pp.
876 869 1001 923 978.
1034 867 1212 920 Editio
1238 863 1514 918 mendOsa.
1541 862 1744 915 Praater
1772 858 1973 914 lleinsii
1998 866 2174 922 notas,

584 972 707 1017 sunt
733 959 1101 1014 commentarii
1134 955 1502 1010 Nebrissensis
1535 961 1589 1006 et
1617 954 1807 1021 glossae
1838 950 2029 1005 lsonis.

656 1053 750 1108 69°
782 1053 937 1107 Auno
972 1048 1125 1103 1705.
1169 1046 1295 1100 Aur.
1326 1044 1488 1098 Prud.
1515 1043 1789 1097 Clementis
1816 1057 1931 1110 qua:
1954 1046 2172 1103 exstant,

587 1146 832 1199 recensuit
882 1153 926 1197 et
973 1140 1387 1194 adnotationibus
1451 1137 1725 1190 illustravit
1780 1131 2178 1197 Christopltorus

586 1238 861 1299 Cellarius,
893 1236 982 1306 qui
1022 1246 1067 1288 et
1116 1233 1312 1286 indices
1355 1232 1586 1296 copiosos
1622 1243 1791 1280 rerum
1833 1234 1882 1276 et
1910 1226 2178 1277 verborum

594 1329 817 1382 addidit.
866 1326 1019 1379 llatae
1076 1322 1488 1393 Magdeburgicw
1515 1319 1798 1389 sumptibus
1843 1318 2182 1386 orphanotro-

587 1422 719 1491 phii,
754 1420 905 1473 1705.
935 1417 1178 1484 ln-8,pp.
1200 1413 1323 1469 559.
1343 1413 1398 1466 lu
1422 1411 1528 1465 line
1558 1420 1641 1464 est
1662 1409 1820 1463 index
1852 1422 2037 1461 eorum
2061 1420 2179 1472 qua:

589 1514 839 1567 licentius
866 1510 1022 1563 solito
1053 1507 1371 1561 Prudentius
1403 1505 1598 1575 posuit,
1650 1503 1702 1557 in
1737 1517 1840 1571 quo
1881 1516 2029 1569 smpe
2066 1501 2180 1569 ipse

589 1603 848 1658 Cellarius
897 1599 1141 1655 lieentius
1184 1605 1390 1667 peccat,
1440 1604 1496 1649 ut
1543 1606 1731 1665 postea
1776 1592 2177 1648 demonStraho.

589 1693 724 1748 Illud
774 1701 951 1746 autem
1002 1690 1184 1759 pejus,
1232 1687 1374 1757 quod
1424 1686 1690 1741 interdum
1740 1684 1971 1739 haeresin
2026 1696 2176 1735 suam

616 1797 789 1837 oetur.

616 1804 625 1837 Ι
688 1797 737 1837 ιιι
776 1823 789 1836 .

590 1797 608 1839 ι
632 1801 928 1931 ,ξοθΐΑηηο
956 1873 1108 1929 1759.
1136 1872 1310 1927 Editio
1336 1869 1568 1925 secunda
1596 1884 1715 1923 cum
1744 1865 2175 1923 adnotationibus

580 1968 795 2023 'Ceilarii
824 1970 1011 2024 eodem
1041 1967 1092 2021 in
1121 1967 1262 2030 loco,
1295 1979 1357 2019 ac
1389 1966 1580 2034 prima.
1612 1963 1667 2017 lu
1700 1964 1751 2027 8,
1787 1977 1875 2031 pp.
1906 1961 2033 2016 501.

658 2060 749 2112 71⁸
784 2063 939 2112 Anno
975 2057 1128 2112 1750.
1164 2056 1363 2109 Aurelii
1414 2055 1685 2109 Prudentii
1717 2054 1988 2107 Clementis
2024 2051 2089 2105 ν.
2116 2049 2174 2105 C.

589 2166 741 2218 opera
764 2165 826 2203 ea:
853 2157 1106 2217 postrema
1141 2146 1263 2202 Nic.
1300 2146 1520 2211 Ileinsii,
1548 2146 1775 2199 Danielis
1802 2146 1918 2208 ﬁlii,
1944 2152 1988 2197 et
2009 2143 2177 2195 vario-

586 2258 702 2296 rum
749 2242 1015 2293 doctorum
1056 2240 1369 2293 recensione.
1422 2237 1669 2304 Colonia’,
1714 2236 1869 2291 1750.
1920 2237 2043 2290 lii-8
2091 2235 2175 2305 (ex

589 2332 941 2403 Rodriguezio
969 2332 1035 2386 de
1058 2330 1292 2402 Castro).
1321 2329 1618 2384 Videndum
1649 2338 1731 2383 est
1773 2344 1838 2381 an
1876 2327 1989 2380 haec
2016 2325 2179 2380 editio

588 2424 658 2478 sit
692 2437 909 2490 prorsus
933 2421 1120 2476 eadem
1155 2430 1311 2488 atque
1347 2421 1513 2473 editio
1544 2421 1668 2472 anni
1698 2419 1857 2479 l7Ul,
1887 2425 1939 2471 et
1983 2434 2048 2471 an
2082 2416 2178 2472 ali-

588 2513 706 2582 quis
737 2527 933 2566 annum
966 2511 1097 2565 1701
1124 2510 1507 2576 aliquantulum
1534 2510 1760 2562 obscure
1791 2507 1929 2576 typis
1955 2508 2176 2575 impres-

586 2619 703 2659 sum
730 2602 1000 2671 acceperit
1032 2617 1126 2670 pro
1154 2617 1292 2653 anno
1322 2601 1480 2664 1750,
1511 2615 1629 2653 nam
1663 2598 1712 2651 id
1746 2600 2062 2652 subvereor.

657 2697 750 2749 72°
780 2695 934 2750 Anno
959 2694 1189 2761 denique
1216 2693 1372 2747 1788.
1402 2693 1593 2745 Aurelii
1624 2690 1888 2743 l’rudentii
1910 2690 2179 2745 Clementis

594 2787 658 2841 V.
691 2785 749 2841 C.
778 2802 932 2856 Opera
961 2786 1149 2850 omnia,
1182 2800 1320 2836 nunc
1348 2784 1566 2852 primum
1594 2800 1708 2836 cum
1734 2783 1993 2836 codicibus
2026 2783 2174 2835 Vati-

582 2877 721 2930 canis
744 2875 952 2939 collata,
970 2874 1618 2945 pra’fatione,variantibus
1639 2874 1955 2939 lectionibus,
1972 2875 2101 2927 notis
2118 2890 2177 2926 ac

583 2984 748 3022 rerum
773 2968 1135 3037 verborumque
1163 2968 1332 3021 indice
1361 2967 1763 3036 locupletissimo
1792 2968 1901 3037 96
1938 2980 2092 3020 aucta
2130 2977 2178 3021 et

584 3060 865 3114 illustrata.
904 3058 1128 3125 Parmaz,
1153 3074 1215 3112 ea:
1241 3060 1377 3129 regio
1396 3060 1744 3128 typograp/zeo
1768 3073 2169 3111 MD.CLXXXVIII.

2282 494 2509 557 macbia,
2540 494 2662 547 libri
2688 504 2874 548 contra
2906 494 3299 564 Symmachum,
3320 498 3770 575 Dittocha-um,quod

2280 585 2480 639 mavult
2508 585 2779 654 appellare
2822 584 3136 655 Diptgchon.
3191 589 3242 641 In
3272 605 3333 643 eo
3374 598 3533 647 tamen
3572 595 3770 665 deceptus

2282 686 2385 745 est,
2416 678 2558 746 quod
2592 678 2730 732 oden
2761 677 3001 731 lmmolat
3032 678 3137 732 Deo
3163 679 3301 733 Patri
3327 692 3457 736 recte
3486 685 3653 754 praeligi
3671 687 3771 741 libro

2280 769 2710 837 Petistepliancan
2742 768 2893 835 quasi
2922 785 2986 823 ex
3032 770 3227 824 lleinsii
3255 776 3500 826 sententia
3541 780 3769 830 censuerit.

2280 860 2529 913 lleinsius
2559 861 2610 912 in
2659 861 2912 915 addendis
2959 863 3230 925 conceptis
3271 865 3435 917 verbis
3475 865 3541 918 ait
3579 882 3591 918 :
3624 868 3771 921 Vetusi

2282 950 2480 1003 codices
2508 949 2738 1019 plerique
2768 953 3029 1021 epilogum
3059 953 3323 1006 voluminis
3368 956 3541 1024 faciunt
3569 961 3773 1026 pra-[atto-

2280 1059 2396 1096 nem
2426 1043 2592 1104 illaut,
2623 1059 2738 1113 qum
2766 1060 2901 1096 nunc
2938 1054 3055 1096 ante
3085 1044 3266 1096 librum
3294 1050 3405 1118 περὶ
3433 1051 3649 1119 Στεφάνων
3687 1052 3777 1120 legi-

2282 1144 2435 1188 tur...
2466 1136 2601 1187 unde
2630 1136 2773 1188 illam
2801 1151 3002 1205 quoque
3020 1136 3088 1188 ad
3106 1136 3387 1189 universum
3408 1137 3645 1194 Clementis
3660 1138 3778 1194 nostri

2281 1228 2530 1296 poeticum
2560 1243 2687 1297 opus
2717 1227 2905 1295 epilogi
2932 1227 3042 1279 loco
3066 1228 3249 1296 referri
3274 1239 3489 1295 Oportere
3510 1247 3598 1284 non
3618 1232 3779 1301 digitul-

2283 1329 2378 1383 ter,
2427 1327 2571 1389 puto,
2620 1336 2936 1391 agnoscas...
2975 1320 3299 1390 Quapropter
3344 1324 3506 1376 redeat
3549 1326 3779 1391 postliminii

2273 1411 2395 1478 jure
2426 1410 2479 1461 in
2505 1411 2777 1477 pristinum
2818 1412 3008 1475 locum,
3038 1413 3175 1464 unde
3211 1413 3461 1466 exsulabat
3496 1413 3718 1479 immerito,
3737 1432 3779 1468 ert

2286 1502 2396 1553 ode.
2430 1500 2583 1567 Quod
2618 1511 2792 1555 autem
2826 1503 3001 1557 ordini
3044 1505 3132 1572 qui
3166 1514 3404 1559 servatus
3437 1514 3510 1559 est
3536 1506 3579 1559 in
3606 1506 3780 1561 editione

2285 1592 2585 1657 Parmensi,
2618 1601 2709 1646 aut
2733 1608 2892 1662 quem
2936 1593 3139 1647 servari
3185 1594 3346 1648 voluit
3378 1594 3614 1660 lleinsiu=,
3640 1595 3779 1648 suffra-

2285 1670 2477 1750 genlur
2520 1682 2761 1737 Vaticani
2795 1685 3033 1738 melioris
3084 1693 3228 1737 notae
3274 1684 3506 1749 codices,
3547 1700 3632 1738 non
3673 1687 3782 1737 video

2209 1745 2258 1805 Β
2284 1790 2388 1843 quo
2430 1774 2551 1842 jure
2598 1776 2851 1828 allirmari
2902 1776 3088 1843 possit.
3139 1777 3411 1844 Superiori
3436 1778 3591 1845 capite
3619 1780 3780 1845 exposn

2280 1881 2439 1936 quem
2472 1867 2697 1935 quisque
2725 1866 2890 1921 codex
2926 1866 3216 1922 Vaticanus
3245 1868 3473 1922 ordinem
3512 1869 3557 1922 in
3582 1869 3781 1922 collocan-

2281 1956 2363 2009 dis
2399 1960 2655 2023 poematis
2686 1959 2947 2024 tenuerit;
2976 1959 3064 2012 alii
3099 1959 3165 2013 de
3188 1974 3251 2014 re
3284 1969 3388 2013 tota
3417 1959 3639 2028 judicent.
3672 1958 3781 2013 Certe

2281 2050 2449 2105 codex
2479 2049 2601 2104 Vat.
2632 2050 2788 2104 Alex.
2836 2050 2964 2117 521,
3010 2050 3079 2106 de
3118 2066 3229 2120 quo
3272 2066 3416 2104 num.
3440 2050 3502 2106 78
3542 2059 3587 2106 et
3618 2051 3659 2104 in
3685 2051 3783 2103 notis

2281 2143 2383 2213 egi,
2420 2143 2506 2213 qui
2550 2144 2698 2197 solus
2732 2158 2762 2197 e
2784 2142 2851 2196 27
2885 2143 3007 2198 Vat.
3036 2144 3192 2198 codd.
3230 2145 3405 2198 omnia
3438 2142 3669 2197 Prudentii
3695 2158 3783 2211 puc-

2282 2244 2423 2289 mata
2470 2235 2862 2302 complectitur,
2897 2235 3065 2288 multo
3107 2237 3279 2304 magis
3320 2235 3383 2289 ad
3433 2244 3638 2289 nostram
3672 2249 3783 2303 quam

2282 2323 2347 2379 ad
2382 2323 2719 2378 lleinsianam
2762 2324 3072 2379 methodum
3103 2326 3335 2379 accedit.
3372 2324 3609 2379 Cteterum
3634 2325 3784 2393 gaudeo

2282 2415 2700 2485 pulcherrimam
2734 2415 2872 2470 hanc
2900 2416 3191 2471 editionem
3225 2429 3512 2487 opportune
3530 2416 3586 2471 ad
3621 2430 3787 2471 incesse

2283 2509 2565 2577 perlatam,
2594 2518 2649 2561 ut
2691 2509 2833 2563 docti
2864 2510 3307 2565 commentatoris
3351 2510 3601 2581 diligentia
3636 2509 3786 2577 possim

2276 2600 2474 2670 juvari.
2511 2602 2599 2655 llle
2626 2602 2838 2670 quidem
2870 2602 3114 2681 brevitati
3146 2604 3374 2671 studuit,
3400 2613 3450 2658 et
3486 2600 3787 2658 secutusvidc-

2288 2702 2373 2746 tur
2400 2693 2685 2747 consilium
2720 2694 2777 2746 P.
2815 2694 3081 2749 Francisci
3114 2696 3313 2761 Pozzo,
3346 2696 3454 2750 sive
3493 2710 3519 2749 a
3549 2695 3703 2757 Puteo,
3726 2691 3786 2757 qui

2282 2782 2334 2836 in
2366 2799 2526 2852 opere
2570 2783 2815 2838 Memorie
2857 2784 2993 2838 della
3036 2787 3137 2839 rita
3165 2787 3223 2840 di
3270 2788 3331 2842 S.
3360 2787 3785 2842 Lorenzomoaitnm

2284 2874 2384 2927 hoc
2414 2875 2606 2938 posuit,
2638 2884 2692 2928 ut
2724 2877 2775 2928 in
2802 2890 2937 2930 nova
2961 2876 3235 2931 Prudentii
3283 2878 3509 2933 editione
3533 2875 3785 2935 adornanda,

2281 2965 2490 3034 qualem
2521 2966 2634 3034 ipse
2675 2967 2979 3032 expetebat,
3022 2968 3395 3023 consuleretur
3425 2978 3522 3021 tum
3545 2967 3786 3020 animam-er-

2280 3056 2480 3108 sionum
2527 3056 2780 3123 brevitati,
2810 3065 2919 3108 tum
2960 3057 3233 3111 voluminis
3283 3061 3458 3129 fortine
3499 3056 3786 3111 commoditati.

584 3150 703 3205 ln-d
736 3166 947 3221 magno,
983 3149 1089 3205 vol.
1118 3116 1143 3202 '1
1175 3160 1227 3203 et
1258 3116 1318 3202 ιιῖ
1356 3116 1542 3204 Editid
1577 3116 1765 3215 nitida,
1809 3149 2086 3218 Splendida
2120 3160 2173 3204 ct
2202 3116 2246 3179 Ο
2282 3148 2668 3216 Magniﬁcentia
2719 3116 2845 3202 vero
2909 3150 3224 3218 typographi
3283 3116 3455 3204 ellecit
3499 3166 3559 3203 ne
3601 3147 3787 3201 volumen

586 3250 915 3310 sumptuosa.
943 3250 1096 3311 poeta
1122 3250 1305 3295 nostro
1328 3249 1378 3295 et
1400 3240 1687 3295 Maecenate
1714 3256 1809 3294 sua
1832 3239 2168 3309 dignissima.

586 3334 875 3388 Dicataest
905 3333 1069 3402 equiti
1110 3332 1440 3402 amplissimo
1470 3331 1704 3401 JO:CPIIO
1733 3332 1949 3385 Nicolao
1977 3334 2169 3398 Azaza,

586 3424 956 3492 Hispaniarum
984 3424 1123 3493 regis
1156 3423 1293 3492 apud
1318 3434 1557 3477 sanctam
1585 3423 1768 3478 sedem
1814 3437 1934 3476 cum
1964 3439 2172 3477 summa

586 3524 854 3584 potestate
902 3517 1093 3582 legato.
1149 3516 1459 3583 Interpretis
1508 3530 1703 3569 nomen
1752 3514 1935 3583 p.imis
1980 3515 2172 3569 litteris

586 3608 847 3662 indicatur
870 3604 922 3661 Ι.
960 3604 1046 3671 Τ.,
1080 3604 1182 3659 hoc
1209 3612 1294 3659 est
1319 3604 1584 3673 Josephus
1632 3605 1870 3660 Teolius.
1907 3605 1959 3658 ln
2008 3605 2173 3674 ephe-

586 3698 880 3754 meridibus
903 3697 1159 3751 Romanis
1190 3696 1348 3765 hujus
1375 3695 1602 3750 annidie
1632 3697 1694 3749 19
1712 3694 1910 3763 Aprilis
1938 3696 2168 3765 elogium

586 3810 693 3850 non
726 3795 939 3863 vulgare
971 3791 1086 3861 ejus
1120 3792 1368 3847 editionis
1419 3792 1630 3861 legitur.
1680 3791 1867 3846 Editur
1894 3807 2013 3846 cum
2041 3794 2173 3847 duo-

585 3886 755 3942 decim
788 3894 842 3940 et
870 3884 1100 3954 amplius
1151 3898 1280 3937 mss.
1315 3883 1580 3938 Vaticanis
1613 3892 1856 3953 poemata
1898 3884 2171 3940 Prudentii

585 3977 828 4039 contulit.
857 3976 947 4045 qui
977 3984 1182 4044 gratum
1216 3975 1398 4029 multis
1426 3973 1657 4041 fecisset,
1681 3977 1726 4030 si
1750 3975 2057 4044 exprimere
2078 3992 2167 4031 cu-

585 4077 756 4122 rasset
811 4081 877 4121 ex
925 4081 1030 4135 quo
1084 4066 1269 4119 codice
1326 4065 1559 4134 singulas
1608 4066 1875 4119 variantes
1916 4065 2172 4121 lectiones

585 4159 919 4229 sumpsisset.
972 4156 1144 4224 Opera
1207 4154 1480 4208 distribuit
1528 4169 1593 4207 eo
1651 4155 1838 4208 ordine
1892 4171 2050 4223 quem
2105 4156 2172 4210 ab

585 4248 803 4305 Heinsio
849 4250 1130 4315 probatum
1183 4246 1423 4315 putabat,
1469 4246 1674 4300 scilicet
1722 4245 2171 4314 Cathemerinon,

2277 3246 2382 3291 tam
2412 3246 2556 3291 esset
2584 3240 2948 3303 commodum,
2980 3255 3136 3309 quam
3174 3240 3491 3296 Franciscus
3517 3256 3543 3293 a
3566 3240 3700 3293 Puteo
3725 3251 3787 3286 νου

2280 3329 2443 3383 lebat.
2478 3328 2702 3397 Scriptis
2738 3329 2895 3398 hujus
2924 3331 2981 3384 P.
3010 3331 3283 3386 Francisci
3306 3348 3344 3385 λι
3373 3332 3552 3394 Puteo,
3591 3340 3635 3382 cl
3658 3329 3703 3383 P.
3728 3325 3786 3380 ltt~

2278 3421 2429 3490 sephi
2459 3422 2774 3485 Btanchinii,
2810 3424 3121 3494 presbytero
3158 3441 3247 3478 um
3291 3422 3682 3494 congregationis
3700 3420 3789 3473 Ora-

2281 3515 2421 3577 torii,
2456 3529 2513 3568 se
2544 3514 2831 3582 plurimutn
2866 3514 3104 3583 adjutum
3138 3517 3374 3586 ingenue
3405 3517 3626 3584 bonoque
3658 3524 3789 3566 exem-

2278 3607 2364 3674 plo
2392 3605 2609 3659 Teolius
2640 3604 2851 3668 fatetur,
2887 3606 3026 3675 quod
3058 3622 3087 3658 a
3142 3608 3299 3662 nobis
3343 3603 3789 3662 commemorandum

2277 3699 2392 3765 run,
2423 3713 2488 3752 ne
2515 3696 2649 3751 duos
2681 3697 2800 3751 illos
2826 3680 3157 3753 clarissimos
3184 3699 3473 3770 viros,97
3496 3699 3615 3751 bene
3633 3695 3684 3746 de
3702 3692 3791 3745 Pru~

2277 3788 2459 3844 dentio
2484 3788 2727 3856 meritos,
2747 3787 2962 3842 silentio
2995 3791 3417 3856 praeteriremus.
3446 3790 3553 3842 lam
3579 3788 3616 3841 si
3637 3782 3793 3838 Teoliut

2278 3884 2330 3937 in
2363 3898 2459 3937 suo
2490 3881 2881 3949 interpretandi
2914 3896 3110 3949 genere
3149 3897 3417 3935 summam
3468 3879 3651 3933 laudem
3689 3886 3792 3927 asse-

2279 3985 2437 4030 cutus
2465 3982 2566 4037 est,
2594 3987 2692 4042 ego
2714 3972 2766 4025 in
2794 3973 2928 4038 alio,
2950 3973 3157 4026 scilicet
3180 3972 3441 4036 uberiOri,
3467 3967 3663 4040 pleniori
3688 3960 3793 4025 δοδὶ

2279 4069 2380 4132 vis,
2413 4066 2646 4120 liberiori
2675 4067 2955 4135 acquirere
2989 4080 3151 4135 pauca
3179 4067 3224 4119 si
3254 4082 3494 4135 possum,
3517 4078 3610 4118 non
3634 4068 3792 4131 printer-

2281 4154 2485 4208 mittam
2515 4153 2614 4223 (ιι).
2651 4152 2833 4207 Vertat
2864 4152 3056 4223 aliquis
3098 4154 3226 4207 olim
3277 4165 3453 4223 poeta:
3479 4161 3643 4207 nOstro
3678 4144 3793 4205 laudi.

2281 4248 2421 4317 quol
2452 4246 2688 4302 editione
2720 4246 2998 4301 Parmensi
3028 4247 3114 4301 vix
3164 4247 3414 4303 absoluta
3443 4248 3571 4301 alius
3594 4241 3719 4296 aliain
3740 4238 3792 4290 in-

585 4399 813 4481 quamvis
840 4396 1115 4481 admodum
1138 4396 1305 4481 breuia
1325 4396 1446 4481 sint,
1471 4397 1719 4481 quidquid
1750 4406 2033 4481 esttamen
2051 4416 2165 4481 ρέα·
2199 4403 2246 4461 D
2274 4415 2419 4468 smpe
2454 4399 2586 4480 [also
2617 4414 2646 4454 a
2676 4398 2908 4454 Weitzio
2934 4410 3005 4481 [et
3036 4413 3307 4467 auctores,
3339 4412 3393 4455 et
3421 4392 3791 4481 lot-os.indiclari.

585 4466 737 4522 itioris
765 4469 904 4529 nodi,
938 4468 1155 4539 solvunt.
1199 4466 1480 4539 Habendus
1500 4468 1613 4519 item
1644 4468 1803 4520 ltOttJS
1826 4467 2033 4539 Georgii
2052 4466 2168 4524 Ἑα-

584 4539 729 4592 bricii
757 4541 890 4590 notis
929 4538 978 4589 in
1006 4548 1177 4605 poetas
1205 4537 1570 4607 ecclesiasticos
1588 4578 1602 4600 ,
1626 4547 1672 4589 et
1705 4541 1917 4606 hymnos
1949 4537 2173 4607 quinque

585 4607 878 4679 Prudentii,
912 4623 1035 4673 quos
1062 4606 1604 4679 iflustravit._Claudet
1634 4624 1815 4675 agmen
1841 4606 2171 4679 interpretum

584 4678 855 4741 Erasmus,
890 4680 977 4747 qui
1005 4680 1233 4746 quamvis
1264 4680 1314 4728 in
1342 4677 1536 4730 duobus
1561 4688 1757 4730 tantum
1782 4677 2049 4743 postremis
2076 4680 2172 4733 Ca-

587 4749 842 4801 tbimetini
873 4747 1076 4815 hymnis
1112 4746 1473 4811 elaborauerit,
1507 4750 1628 4815 quia
1667 4760 1831 4801 tamen
1864 4752 1936 4801 vir
1960 4752 2080 4816 fuit.
2112 4751 2172 4803 Si

585 4819 701 4886 quis
727 4818 857 4869 alius
875 4834 967 4868 sua
989 4825 1302 4888 tempestate,
1331 4817 1489 4888 acuti,
1519 4827 1563 4869 et
1592 4818 1755 4888 limati
1764 4821 1976 4888 judicii,
2002 4837 2172 4888 opera:

586 4888 799 4957 pretium
833 4902 933 4938 non
964 4887 1304 4957 paenitendum
1338 4887 1486 4953 fecit,
1521 4902 1581 4939 ac
1610 4886 1911 4941 documento
1939 4886 2046 4943 esse
2074 4908 2170 4957 po.

589 4956 711 5018 test,
738 4972 895 5025 quam
938 4971 1038 5007 non
1070 4956 1381 5009 Prudentius
1416 4957 1478 5009 ab
1507 4959 1722 5010 eruditis
1772 4956 2172 5013 contemnendus

586 5028 671 5081 sit.
701 5024 866 5080 Vides
890 5025 1305 5079 Chamillardum
1330 5025 1395 5078 de
1428 5027 1607 5079 multis
1632 5028 2011 5093 interpretibus
2033 5028 2138 5083 Pru
2163 5062 2172 5070 -

586 5096 752 5151 dentii
782 5097 913 5150 nihil
945 5093 1244 5159 audivisse,
1274 5095 1341 5149 de
1382 5095 1715 5157 Murmellio,
1751 5097 1819 5151 de
1855 5099 2073 5164 Jureto,
2107 5101 2173 5155 de

586 5168 869 5234 Grangteo,
901 5166 967 5220 de
997 5164 1295 5236 Buchuero,
1327 5164 1393 5219 de
1425 5165 1667 5233 Mollero,
1703 5177 1760 5220 ut
1787 5168 1918 5220 alios
1951 5178 2174 5236 praeter-

586 5253 726 5293 eam.
793 5236 1058 5292 Judicium
1124 5235 1363 5302 ejusdem
1409 5237 1670 5290 adversus
1717 5235 2012 5292 Giselinum
2060 5256 2167 5294 non

586 5308 839 5361 omnibus
891 5310 1080 5373 placet.
1133 5303 1251 5372 Ipse
1300 5305 1571 5359 Giselinus
1613 5308 1679 5359 de
1729 5307 1976 5362 Nebrissa
2012 5310 2172 5364 aliter

585 5380 752 5432 sentit
800 5396 812 5429 :
859 5391 980 5430 nam
1015 5376 1136 5430 huic
1164 5388 1216 5429 et
1246 5376 1546 5429 Mnrmellio
1575 5394 1836 5431 summam
1879 5380 2172 5447 diligentias

585 5450 818 5513 laudem,
869 5447 1159 5516 przrsertim
1203 5447 1253 5499 in
1285 5447 1521 5499 historiis
1551 5449 1912 5515 explicandis,
1954 5450 2168 5515 ttibuit,

583 5519 826 5588 quamvis
844 5519 894 5570 in
917 5516 1167 5588 Nebrissa
1191 5519 1322 5569 artis
1346 5522 1566 5584 poetica:
1581 5519 1860 5573 scientiam
1884 5521 2167 5587 majorem,

587 5587 636 5657 in
668 5587 965 5641 Murmellio
987 5588 1104 5655 plus
1132 5588 1563 5642 observationutu
1596 5591 1886 5646 desideret.
1914 5590 2066 5657 Quod
2097 5596 2171 5646 ait

585 5656 997 5719 Chamil'ardns,
1030 5656 1314 5711 Weitzium
1343 5670 1581 5713 veterum
1605 5671 1883 5715 auctorum
1912 5656 2056 5714 locos
2083 5663 2135 5714 in

588 5724 825 5790 dicasse,
877 5744 1059 5781 verum
1100 5728 1309 5797 quidem
1356 5727 1406 5781 id
1454 5736 1564 5796 est,
1596 5730 1689 5783 sed
1718 5730 1914 5785 addere
1954 5731 2167 5795 dcbut,

2275 4488 2435 4536 quem
2464 4471 2674 4523 incaute
2692 4481 2906 4543 secutus
2929 4470 3327 4525 Chamillardns
3354 4473 3545 4525 labitur
3572 4469 3790 4543 interduim

2277 4543 2507 4595 Minutas
2539 4540 2832 4611 quasdam,
2866 4548 2921 4594 et
2972 4557 3106 4605 pene
3139 4545 3377 4611 pueriles
3419 4557 3576 4611 nugas
3619 4540 3661 4592 in
3691 4537 3794 4599 Spie~

2273 4614 2414 4679 gelio
2450 4610 2823 4678 reprehendit;
2854 4612 2945 4663 sed
2981 4611 3211 4665 fortaSsc
3259 4630 3367 4665 non
3402 4615 3568 4665 minus
3599 4610 3793 4679 minutunt

2275 4678 2338 4734 ac
2367 4683 2571 4749 puerile
2602 4692 2714 4747 est,
2747 4685 2887 4748 quod
2920 4682 3033 4749 ipse
3069 4685 3118 4734 in
3149 4684 3413 4750 prommio
3453 4678 3696 4736 l’rndentii
3718 4686 3794 4726 vett

2277 4752 2444 4805 Roma
2474 4758 2651 4804 nottm
2680 4752 2913 4817 Subjecit
2946 4770 2959 4805 :
3012 4750 3142 4807 Urbs
3172 4755 3297 4805 satis
3323 4764 3470 4812 nota,
3502 4752 3553 4806 ln
3588 4751 3685 4817 ejus
3707 4755 3793 4797 Ver“

2274 4823 2511 4875 editione
2551 4837 2693 4887 Saepe
2734 4821 2958 4888 accidit,
2996 4823 3178 4877 nescio
3219 4825 3377 4892 cujus
3422 4819 3727 4892 negligentia,
3758 4821 3795 4890 ut

2273 4892 2378 4945 alia
2427 4893 2496 4945 sit
2524 4892 2787 4959 scriptura
2820 4892 2870 4944 in
2903 4893 3231 4947 carminibus
3257 4889 3603 4959 excusa—alia
3632 4889 3677 4941 in
3700 4889 3798 4937 utilis

2274 4961 2514 5015 defensa.
2548 4960 2818 5015 Praetereo
2844 4965 3131 5017 nonnullos
3161 4979 3379 5017 errores
3420 4961 3798 5033 typographum,

2275 5040 2329 5086 et
2378 5046 2762 5097 nonnunquam
2795 5041 2977 5084 contra
3011 5045 3261 5094 metrum,
3300 5034 3391 5102 qui
3424 5027 3602 5087 saltem
3634 5027 3799 5102 indicati

2278 5111 2332 5155 et
2357 5103 2549 5170 corrigi
2592 5102 2914 5156 debuerunt.
2959 5103 3250 5157 Fatendum
3300 5097 3387 5158 est
3428 5116 3595 5156 tamen
3622 5097 3802 5170 (litanti!-

2276 5171 2482 5226 lardnm
2511 5169 2563 5226 in
2592 5173 2983 5240 quatstionihus
3010 5174 3324 5241 theologicis
3349 5171 3667 5243 explicandis
3688 5169 3801 5227 leniie

2275 5245 2486 5296 caeteris
2521 5245 3038 5297 commentatoribus
3091 5240 3310 5311 praesuti
3346 5240 3447 5311 se,
3500 5244 3582 5310 qui
3632 5240 3805 5311 [οζιῖίεῇε

2278 5313 2469 5367 melior
2512 5314 2699 5367 luisset
2746 5315 3031 5381 interpres,
3066 5304 3167 5367 nisi
3202 5315 3266 5365 ad
3300 5304 3449 5368 usuin
3482 5304 3805 5381 Delp/tiniedi-

2278 5384 2312 5435 ti
2342 5400 2479 5436 nem
2539 5384 2854 5437 adornasset
2888 5377 3076 5438 suam.
3131 5384 3313 5452 Neque
3358 5386 3670 5452 dttbtloquitt
3717 5377 3801 5452 lucc

2275 5454 2443 5507 editio
2461 5454 2580 5506 aliis
2604 5454 2988 5523 omnibusquae
3008 5445 3395 5522 praeces-erant
3423 5458 3485 5510 sit
3513 5445 3803 5524 praeferentia.

2274 5535 2331 5577 ut
2365 5524 2647 5595 praefertur
2678 5540 2705 5576 a
2759 5520 2912 5578 Joan.
2947 5520 3069 5578 Alb.
3097 5525 3385 5587 Fabricio,
3431 5520 3655 5594 quamvis
3684 5520 3803 5595 “ein:

2272 5596 2386 5647 sius
2434 5595 2484 5647 in
2518 5594 2681 5648 variis
2722 5594 2786 5649 let
2809 5596 3043 5649 tionibus
3085 5598 3420 5665 exponendis
3466 5604 3631 5665 partes
3669 5594 3802 5643 crtttct

2274 5665 2596 5718 Cumulatius
2626 5665 2940 5732 «ratplcveril.
3078 5675 3081 5678 ’

2347 5738 2420 5800 (al
2475 5728 2745 5789 llodesxilc
2800 5736 2869 5791 cl.
2928 5736 3099 5791 Teolii
3161 5752 3259 5791 non
3314 5736 3513 5792 invitus
3572 5728 3802 5785 attribuat"
