4000 6176
188 314 265 371 btil
1518 300 1884 358 PROLEGOM
1894 301 2044 357 ENA.

3324 308 3431 367 662

188 425 462 482 doctrinam
520 437 673 478 suam
731 423 943 491 vimque
1003 418 1200 491 ingenii
1256 434 1361 474 non
1418 417 1741 473 mediocrem
1771 413 1819 474 Δ
1850 432 2010 485 quare
2036 414 2172 470 Deo.
2206 416 2426 473 Videtur
2475 424 2529 472 et
2568 424 2901 486 postremum
2944 418 3061 487 ejus
3101 421 3278 490 operis
3308 438 3427 477 car-

188 516 474 574 oateodere.
510 516 583 570 De
608 515 725 580 ejus
755 529 882 569 vero
922 514 1162 567 doctrina
1204 513 1317 566 haec
1345 510 1455 565 fere
1486 511 1650 573 aiunt,
1678 510 1746 563 de

188 624 275 664 una
302 606 479 660 divina
510 616 563 660 et
590 615 791 660 a'terna
814 605 1067 667 essentia,
1089 604 1335 658 distincta
1367 603 1535 657 tribus
1568 615 1747 670 perso-

189 702 278 762 nis,
311 707 461 753 recte
505 699 761 763 sensisse,
803 698 940 753 sicut
981 699 1030 750 in
1074 698 1226 752 initio
1272 694 1744 768 Psycltxmachize:

189 790 341 845 Unum
394 804 614 855 uanique
667 788 826 841 Deum
880 786 1093 840 colimus
1143 789 1204 840 de
1257 787 1459 840 nomine
1505 785 1663 849 trino,
1696 790 1751 836 et

188 883 369 952 hymno
409 885 549 934 Ante
595 893 843 933 somnum
874 893 1015 932 vers.
1056 877 1105 942 1,
1139 877 1270 930 Ades
1300 876 1456 929 Pater
1492 887 1746 945 supreme.

187 975 255 1029 Dc
288 971 500 1027 Christo
541 973 666 1026 item
702 970 995 1038 Hzimartig.
1049 983 1189 1023 vers.
1223 969 1313 1033 5|,
1346 965 1541 1020 Forma
1576 964 1752 1017 Patris

187 1066 277 1120 veri
296 1081 442 1118 verus
469 1074 570 1118 stat
599 1062 790 1117 Filius.
827 1063 899 1117 De
931 1061 1296 1116 incarnatione
1335 1059 1533 1113 Christi
1562 1057 1748 1127 hymn.

185 1158 309 1211 Ante
341 1154 520 1209 cibum
551 1169 692 1207 vers.
725 1152 848 1217 156,
884 1151 1016 1205 Ecce
1044 1152 1177 1204 venit
1210 1165 1342 1203 nova
1365 1148 1657 1217 progenies;
1697 1153 1753 1201 et.

185 1264 355 1304 l'tlt’SUs
383 1247 436 1301 in
465 1249 649 1317 hymn.
676 1246 834 1299 Omni
864 1245 1015 1309 hora,
1040 1242 1205 1297 Corde
1230 1252 1378 1296 natus
1397 1258 1459 1296 ea:
1481 1240 1751 1303 Parentis;

184 1347 232 1392 et
258 1337 443 1406 hymn.
470 1352 559 1391 vttt
587 1338 689 1391 cal.
723 1336 841 1391 Jan.
878 1351 893 1393 ξ
921 1335 1157 1404 Stragem
1182 1334 1271 1388 sed
1296 1334 1448 1386 istam
1477 1348 1581 1384 non
1609 1330 1748 1383 tulit.

244 1428 364 1483 125.
403 1428 477 1482 De
494 1428 766 1482 creatione
794 1428 849 1480 in
871 1426 997 1481 eod.
1022 1426 1206 1495 hymn.
1230 1440 1375 1479 vers.
1404 1423 1498 1487 22,
1529 1422 1747 1486 Caelum,

184 1521 420 1591 diemque,
452 1533 500 1575 et
550 1532 748 1574 ca’tcra.
780 1521 945 1575 Deum
986 1535 1088 1574 non
1140 1532 1261 1573 esse
1306 1524 1577 1571 auctorem
1624 1514 1749 1568 mali

182 1613 461 1682 llantartig.
487 1627 626 1667 vers.
663 1613 784 1676 159,
822 1611 1063 1665 Inventor
1098 1611 1209 1664 vitii
1238 1626 1339 1662 non
1372 1621 1445 1662 est
1478 1608 1635 1661 Deus.
1675 1607 1751 1661 De

181 1718 340 1758 rerum
371 1714 678 1758 creatarum
702 1703 1076 1771 corruptione,
1109 1711 1165 1756 et
1195 1700 1413 1755 interitu
1445 1698 1574 1757 ibid.
1602 1713 1744 1752 vera.

1854 523 1976 560 men
2024 506 2317 561 instituisse
2360 516 2576 575 propter
2622 522 2718 561 eos
2771 509 2984 577 proprie
3034 509 3121 577 qui
3173 521 3432 579 negarunt

1851 599 2093 665 corporis
2128 599 2599 661 resurrectionem,
2632 598 2684 651 in
2726 613 2832 665 quo
2858 598 3081 667 pulchre
3108 599 3183 653 ait
3214 618 3227 652 :
3262 601 3433 653 Nosco

1850 706 2016 743 meum
2048 690 2101 743 in
2133 688 2334 743 Christo
2364 704 2547 759 corpus
2576 704 2903 758 consurgere.
2942 688 3191 743 Confutat
3220 691 3431 757 prolixo

1854 782 1941 835 libi
1964 782 2057 846 llo,
2108 780 2532 847 llamartigeuia,
2564 779 2846 833 Marcionis
2875 782 3123 834 bmresin.
3153 782 3431 837 Postremo

1854 889 1974 928 cum
2032 872 2353 944 Symmacho
2392 873 2764 940 congreditur,
2815 874 3064 929 refellens
3093 890 3283 933 omnes
3313 876 3432 944 ejus

1855 967 2087 1021 rationes
2117 966 2309 1035 quibus
2344 967 2669 1035 persuadere
2714 966 3010 1034 priscorum
3044 966 3242 1021 rituum
3273 968 3431 1022 resti—

1855 1059 2109 1113 tutionem
2140 1069 2364 1113 conatus
2393 1068 2527 1113 erat.

1926 1151 2046 1206 126.
2084 1151 2291 1206 Passim
2338 1152 2496 1207 etiam
2528 1152 2921 1208 centuriatores
2962 1152 3261 1207 doctrinam
3299 1152 3431 1207 Pru-

1854 1243 2023 1296 dentii
2065 1243 2303 1309 laudant,
2338 1258 2459 1297 eum
2494 1251 2841 1299 recensentes
2879 1244 3017 1298 inter
3058 1252 3354 1314 prtestanfes
3383 1252 3431 1296 et

1852 1336 2073 1388 illustre;
2102 1336 2355 1402 doctores,
2401 1351 2466 1388 ex
2495 1335 2674 1405 quibus
2701 1335 3044 1405 potissimum,
3090 1349 3201 1403 qua:
3239 1334 3435 1385 doctri-

1854 1443 1931 1479 nr
1956 1428 2119 1495 furma
2148 1428 2335 1481 saeculo
2363 1442 2413 1479 tv
2445 1427 2636 1478 usitata
2663 1426 2833 1493 fuerit,
2858 1425 3143 1493 colligitur.
3170 1425 3278 1490 Sic,
3307 1438 3439 1490 car-

1852 1519 1909 1583 4,
1939 1518 2100 1572 Deum
2126 1533 2245 1572 esse
2276 1518 2472 1587 ubique
2495 1517 2813 1571 Prudentius
2845 1515 3080 1583 tradidit,
3116 1516 3337 1583 Apotlt.,
3368 1516 3430 1566 At

1858 1610 1989 1664 Deus
2030 1611 2227 1680 ingens,
2275 1620 2425 1680 atque
2471 1611 2793 1679 superfusus.
2830 1608 2885 1661 In
2928 1622 3033 1661 una
3080 1608 3309 1661 essentia
3351 1607 3432 1659 di-

1854 1703 1974 1754 vina
2024 1709 2136 1755 tres
2199 1703 2430 1753 existere
2483 1713 2778 1768 personas,
2835 1697 3129 1766 Apotlieos.
3189 1696 3429 1765 prtel‘at.,

181 1794 293 1861 504,
326 1792 473 1846 Nam
509 1810 722 1858 vanum,
756 1794 1006 1862 quidquid
1038 1793 1115 1847 sol
1141 1793 1345 1861 aspicit,
1384 1799 1491 1845 etc.
1534 1790 1609 1844 De
1646 1802 1743 1842 an-
1779 1770 1828 1830 Β
1857 1792 1945 1846 Est
1976 1795 2076 1845 tria
2102 1808 2299 1845 summa
2333 1791 2489 1845 Deus.
2524 1791 2590 1844 Et
2634 1791 2686 1843 in
2720 1790 2833 1858 ipsa
2880 1788 3083 1857 Apoth.
3129 1803 3270 1843 vers.
3302 1788 3432 1854 258,

179 1886 294 1955 gelis
334 1885 479 1939 bene
509 1884 679 1953 inquit
707 1883 955 1939 conditos
982 1898 1077 1939 eos
1104 1898 1225 1938 esse
1256 1896 1451 1950 magno
1498 1894 1744 1945 numero,

178 1985 274 2030 eta
303 1978 415 2031 Deo
441 1977 495 2030 in
520 1991 648 2030 suos
678 1991 806 2030 usus
834 1975 1037 2030 servari
1068 1976 1157 2028 lib.
1192 1989 1227 2027 n
1260 1975 1382 2030 adv.
1424 1975 1571 2043 Sym.
1601 1986 1744 2025 vers.

177 2067 287 2123 255.
318 2067 493 2122 Vocat
532 2070 699 2121 aerias
739 2068 1000 2121 ministros
1028 2067 1320 2135 llamartig.
1353 2081 1495 2119 vers.
1530 2064 1655 2127 166,
1694 2070 1748 2117 et

176 2175 233 2215 ex
261 2175 451 2214 eorum
485 2173 711 2214 numero
741 2168 796 2213 et
824 2159 1012 2212 ordine
1054 2157 1323 2211 diabolum
1362 2156 1573 2225 pr0pria
1603 2154 1747 2209 exci-

180 2251 312 2305 disse
331 2250 624 2320 petulantia
668 2250 872 2318 prolixe
899 2248 1077 2305 docct.
1113 2249 1185 2302 De
1218 2248 1433 2301 homine
1469 2247 1744 2315 perlectis-

174 2342 296 2397 sime
332 2340 580 2405 condito,
625 2348 680 2395 et
722 2341 789 2394 de
835 2341 988 2409 lapsu
1017 2339 1133 2407 ejus
1170 2354 1234 2393 ac
1276 2338 1614 2392 restitutione
1654 2351 1750 2404 per

175 2430 438 2485 Christum
471 2440 618 2484 recte
661 2429 830 2483 sensit
873 2439 981 2482 tum
1022 2429 1167 2493 alibi,
1212 2437 1320 2481 tum
1355 2427 1449 2481 lib.
1484 2442 1520 2481 tt
1560 2436 1746 2480 eontra

179 2525 321 2595 102
349 2524 509 2594 Sym.
560 2537 698 2576 vers.
745 2520 868 2576 260.
900 2529 955 2575 et
988 2537 1139 2590 seqq.
1190 2530 1242 2574 et
1274 2519 1565 2588 llamartig.
1600 2531 1743 2570 vers.

177 2614 288 2680 665,
316 2614 454 2666 Labi
497 2613 738 2677 hominis,
768 2628 968 2667 servare
1000 2611 1095 2664 Dei
1125 2622 1220 2665 est.
1264 2611 1449 2664 Eidem
1483 2610 1744 2676 integram

177 2704 349 2770 luisse,
402 2714 458 2759 et
490 2714 691 2759 rectam
726 2711 1046 2770 potestatem
1069 2702 1361 2756 voluntatis
1391 2711 1515 2753 ante
1543 2700 1744 2766 lapsum

172 2796 531 2865 prolixissime
557 2803 738 2848 narrat
759 2793 996 2848 Hamart.
1020 2809 1162 2848 vers.
1191 2793 1315 2857 675,
1343 2790 1549 2855 Nescis,
1573 2789 1744 2854 stulte,

170 2897 261 2941 tum
286 2888 393 2940 vim
415 2885 658 2939 libertatis
686 2884 748 2939 ab
777 2886 886 2956 ipso
910 2881 1217 2938 Formatore
1232 2885 1423 2937 datam.
1448 2883 1598 2949 Quod
1620 2895 1746 2936 vero

172 2978 265 3035 hoc
311 2981 443 3034 loco
490 2978 786 3034 obtrndunt
833 2977 1333 3048 Magdeliurgenses,
1368 2976 1563 3030 docere
1607 2974 1742 3029 Pru-

169 3071 426 3134 dentium,
460 3078 683 3139 peccato
708 3070 954 3140 originali
982 3069 1313 3125 destructam
1348 3068 1399 3122 in
1434 3069 1741 3122 universum

171 3170 488 3230 potestatem
521 3139 831 3229 voluntatis,
864 3170 920 3215 et
960 3161 1012 3215 in
1046 3161 1281 3230 pessima
1315 3175 1543 3230 quaeque
1572 3171 1745 3212 muta-
1776 3139 1819 3201 C

174 3261 291 3319 tam,
322 3252 490 3321 quale
520 3252 622 3307 hoc
652 3252 721 3306 sit
750 3266 871 3306 mox
889 3251 1207 3306 videbimus.
1231 3251 1467 3321 Pergunt
1497 3252 1639 3305 enim
1664 3250 1744 3303 di-

170 3358 283 3400 cere
313 3356 468 3401 recte
499 3360 621 3400 eum
656 3346 890 3401 sensisse
920 3346 987 3401 de
1014 3354 1239 3418 peccato
1264 3346 1486 3416 originis
1512 3348 1561 3399 in
1604 3350 1640 3399 Α
1654 3360 1746 3414 p0-

172 3438 330 3494 thcosi
362 3454 511 3495 vers.
558 3438 682 3504 908,
714 3437 844 3492 Hac
885 3441 1049 3507 prima
1090 3448 1160 3493 est
1199 3446 1383 3493 natura
1419 3440 1622 3493 animae.
1675 3438 1746 3491 De

170 3530 477 3585 discrimine
510 3530 641 3599 legis
669 3538 725 3584 et
753 3529 1025 3599 Evangelii
1073 3529 1228 3597 ibid.,
1275 3529 1381 3585 Sed
1415 3530 1551 3582 radit
1586 3529 1639 3581 in
1668 3529 1745 3598 fa-

170 3621 286 3675 ciem
320 3620 490 3688 plebs,
522 3637 623 3674 non
662 3621 832 3674 visura
874 3620 1166 3690 profundae,
1195 3635 1336 3674 vers.
1369 3620 1473 3675 550
1500 3631 1550 3673 et
1581 3634 1734 3687 seqq.

236 3712 356 3765 121.
391 3712 612 3767 Addunt
649 3712 993 3766 Prudentium
1038 3711 1272 3767 haereses
1301 3711 1588 3766 nonnullas
1616 3726 1748 3765 con-

170 3801 379 3868 lutasse,
435 3803 556 3857 illas
597 3803 828 3857 maxime
853 3818 971 3871 quae
1012 3803 1063 3855 in
1105 3816 1388 3871 personam
1420 3813 1472 3857 et
1508 3802 1744 3856 ol'licium

167 3895 355 3951 Christi
406 3896 631 3951 fuerunt
679 3895 1025 3961 blasphemas,
1074 3895 1132 3950 in
1182 3894 1382 3964 Apoth.
1424 3894 1600 3964 priet,
1656 3894 1745 3949 ubi

168 3996 344 4040 contra
370 3986 657 4056 gentilium
686 3986 876 4040 stultas
920 3986 1296 4041 contentiones
1336 3995 1390 4040 et
1418 3988 1745 4056 qtttestioues

168 4077 230 4132 de
251 4078 359 4133 Deo
390 4086 449 4133 et
470 4078 728 4147 religione
751 4088 895 4132 recte
917 4078 991 4132 ait
1013 4094 1027 4127 :
1054 4078 1258 4131 Idcirco
1280 4078 1457 4131 mundi
1478 4079 1633 4134 stulta
1654 4081 1743 4133 de-

172 4170 281 4242 legit
308 4170 475 4225 Deus.
508 4171 735 4226 Dimicat
768 4172 821 4226 in
853 4174 1098 4247 sequenti
1124 4173 1361 4227 carmine
1400 4174 1596 4228 acriter
1618 4186 1748 4226 con-

170 4267 243 4312 tra
272 4260 702 4329 Patripassianos
734 4272 957 4317 :contra
989 4278 1123 4333 quos
1151 4264 1344 4317 asserit
1386 4262 1609 4327 Filium,
1640 4278 1744 4318 non

171 4346 691 4412 Patrem,bominem
724 4351 945 4418 factum,
978 4367 1192 4421 passum
1232 4362 1288 4407 et
1322 4364 1630 4408 mortuum:
1667 4354 1749 4407 Fi-

170 4437 290 4492 lium
314 4441 475 4506 item,
496 4456 606 4495 non
630 4441 863 4507 Patrem,
908 4458 935 4496 a
966 4445 1284 4512 patriarchis
1313 4459 1433 4500 esse
1463 4446 1653 4499 visum.
1683 4446 1745 4499 Et

172 4530 365 4587 diserte
394 4532 571 4601 inquit
595 4547 740 4587 vers.
774 4534 900 4602 111,
938 4535 1092 4588 Pater
1119 4544 1193 4589 est
1217 4552 1364 4605 quem
1392 4552 1597 4591 cernere
1621 4537 1749 4589 nulli

172 4634 237 4676 est
259 4623 490 4679 licitum.
526 4624 729 4678 Deinde
754 4634 940 4679 contra
970 4626 1305 4681 Sabellianos
1336 4626 1650 4696 gravissime
1672 4626 1754 4680 di-

172 4724 342 4781 sputat
369 4724 429 4770 et
458 4716 751 4780 concludit,
781 4716 910 4770 Haec
932 4727 1004 4770 est
1041 4728 1216 4771 nostra
1235 4716 1401 4782 salus,
1427 4726 1532 4772 etc.
1564 4717 1752 4772 Postea

170 4804 217 4857 in
244 4805 467 4860 Judaens
500 4806 768 4861 invehitur
807 4810 1089 4877 acerrime,
1124 4807 1204 4863 En
1240 4810 1330 4862 tibi
1363 4808 1644 4875 Christum,
1675 4812 1755 4863 in-

171 4892 291 4959 felix
314 4896 533 4979 Judwa,
570 4895 756 4953 Deum.

236 4986 361 5040 125.
424 4987 628 5043 Contra
688 4990 952 5057 Ebionis,
996 4991 1325 5056 Artemonis,
1384 4992 1749 5061 Samosateni,

168 5073 379 5131 l’ltotiui
410 5086 470 5131 et
511 5079 747 5133 Marcelli
788 5088 1103 5149 sectatores,
1142 5096 1278 5151 quos
1312 5082 1751 5137 Homuncionilas

165 5164 312 5232 dicit,
361 5178 569 5237 pugnat
612 5171 820 5239 prolixo
862 5174 1123 5238 carmine,
1175 5189 1237 5228 ac
1284 5175 1613 5229 memorabili
1657 5174 1754 5229 do-

168 5261 339 5313 ctrina
379 5277 505 5316 eam
536 5263 955 5333 disputationem
993 5266 1287 5332 concludit,
1323 5266 1592 5335 inquiens,
1633 5266 1752 5335 Ipse

162 5352 311 5421 gerit,
339 5354 484 5421 quod
511 5356 697 5407 struxit
738 5371 888 5426 apus,
930 5366 1034 5410 etc.
1065 5356 1268 5413 Rursus
1299 5366 1483 5412 contra
1525 5356 1751 5413 haeresin

163 5441 464 5509 Cerdonis,
486 5444 686 5514 Apellis
708 5446 1046 5515 aliorumque
1079 5448 1531 5517 phantasticorum
1561 5450 1666 5520 agit
1698 5450 1750 5504 in

160 5533 417 5602 ejusdem
438 5538 616 5605 operis
632 5540 893 5606 carmine,
920 5540 1006 5595 ubi
1031 5548 1085 5595 et
1110 5540 1409 5606 Manichtei,
1437 5543 1523 5611 qui
1545 5542 1748 5596 aerium

160 5624 387 5684 Christo
444 5643 635 5699 corpus
679 5633 946 5701 attribuit,
999 5634 1313 5688 nominatim
1366 5635 1630 5699 meminit,
1677 5636 1750 5687 Ac

154 5720 396 5786 primum
434 5736 622 5793 specta,
667 5741 736 5779 an
762 5728 936 5783 deceat
976 5729 1254 5797 quidquam
1296 5729 1590 5783 simulatum
1622 5731 1750 5784 assi-

1856 1886 2011 1956 103
2057 1884 2179 1938 Πανί
2201 1892 2273 1938 est
2302 1893 2477 1938 nostra
2507 1884 2667 1937 salus.
2700 1881 2912 1936 Patrem
2940 1896 3060 1935 esse
3085 1890 3342 1935 internum
3378 1890 3433 1933 et

1852 1980 2195 2041 immensum,
2217 1976 2414 2046 Apoth.
2439 1990 2582 2029 vers.
2612 1975 2734 2041 111,
2765 1972 2921 2026 Pater
2947 1984 3039 2039 est,
3069 1989 3213 2040 quem
3235 1989 3435 2026 cernere

1851 2070 1981 2123 nulli
2006 2078 2075 2121 est
2101 2068 2313 2121 licitum.
2368 2066 2551 2134 Qualis
2595 2067 2664 2119 sit
2708 2066 2892 2129 Filius,
2948 2065 3085 2133 quod
3132 2065 3319 2119 attinet
3366 2064 3433 2117 ad

1851 2160 2353 2231 ejnssubstantiam,
2384 2158 2755 2228 pr0prietates,
2798 2158 2991 2217 oftieia.
3024 2156 3301 2225 diligenter
3340 2170 3433 2209 ex-

1850 2252 2326 2323 plicat'ﬂamartig.
2353 2266 2495 2304 vers.
2524 2249 2646 2311 566,
2683 2247 2928 2301 Conditor
2947 2264 3064 2318 ergo
3112 2248 3229 2300 boni
3278 2246 3432 2299 Pater

1849 2355 1942 2410 est,
1969 2356 2015 2399 et
2042 2360 2156 2398 cum
2186 2343 2345 2397 Patre
2373 2342 2625 2397 Christus.
2660 2339 3047 2395 Doctrinautde
3073 2339 3277 2393 duabus
3304 2338 3430 2393 Jesn

1851 2436 2045 2490 Christi
2075 2437 2300 2501 naturis,
2332 2434 2720 2504 Psycltomach.
2747 2447 2891 2488 vers.
2917 2433 3003 2498 7b,
3037 2433 3197 2503 Atque
3219 2432 3433 2501 innupta

1852 2525 2017 2580 Deum
2044 2529 2274 2597 concepit
2301 2527 2490 2594 femina
2518 2524 2778 2578 Christum
2805 2524 3010 2577 mortali
3060 2522 3123 2575 de
3151 2532 3311 2576 matre
3339 2523 3433 2575 ho-

1852 2621 2059 2673 minem.
2088 2619 2231 2673 Bona
2264 2620 2438 2672 omnia
2466 2632 2493 2670 a
2524 2617 2633 2671 Deo
2683 2616 2894 2671 condita
2948 2630 3086 2682 esse,
3141 2615 3428 2685 llamartig.

1851 2728 1992 2765 vers.
2019 2712 2146 2775 538,
2172 2710 2438 2779 Principio
2462 2726 2652 2763 rerum.
2676 2709 2755 2763 De
2779 2724 2936 2763 causa
2968 2710 3163 2777 lapsus,
3215 2710 3432 2763 llamar—

1852 2803 1944 2871 tig.
1974 2815 2115 2856 vers.
2154 2800 2274 2866 184,
2311 2800 2415 2856 Sed
2426 2802 2592 2871 factus
2621 2800 2683 2853 de
2702 2801 2859 2867 stirpe
2879 2802 3057 2854 bonus.
3093 2800 3169 2855 De
3204 2800 3432 2853 hominis

1852 2894 1998 2962 lapsu
2029 2902 2082 2947 et
2105 2901 2243 2945 statu
2272 2891 2390 2957 ejus
2432 2901 2548 2959 post
2596 2891 2823 2959 lapsum,
2859 2891 2951 2946 lib.
2992 2906 3025 2945 tt
3065 2891 3186 2945 adv.
3236 2891 3383 2960 Sytn.
3416 2931 3431 2955 ,

1850 3002 1990 3040 vers.
2021 2983 2147 3049 260,
2174 2982 2510 3037 Condideram
2536 2983 2813 3053 perfectum
2832 2982 3105 3036 hominem.
3134 2983 3195 3035 Et
3221 2983 3431 3036 llamar~

1853 3078 1944 3147 tig.
1963 3089 2105 3131 vers.
2124 3075 2248 3142 697,
2289 3074 2452 3139 Vade,
2468 3074 2539 3127 ait
2554 3075 2660 3143 ipse
2686 3090 2887 3141 parens.
2926 3074 2998 3127 De
3023 3073 3188 3127 libero
3208 3073 3433 3127 arbitrio

1852 3178 1973 3221 ante
1997 3167 2227 3235 lapsum,
2260 3164 2555 3234 llaniartig.
2583 3179 2721 3219 vers.
2748 3164 2871 3230 675,
2908 3163 3105 3228 Nescis,
3128 3166 3301 3231 stulte,
3336 3176 3433 3219 tua:

1850 3258 1946 3311 vim
1974 3258 2221 3311 libertatis
2243 3256 2306 3308 ab
2326 3256 2462 3325 ipso.
2497 3255 2550 3308 ln
2599 3253 2791 3323 quibus
2832 3253 2993 3308 rebus
3044 3255 3283 3307 toluutas
3336 3254 3431 3306 ltu-

1850 3367 2004 3405 mana
2035 3350 2197 3405 libera
2229 3350 2298 3403 sit
2321 3348 2400 3402 vel
2422 3347 2645 3412 serviat,
2674 3346 2964 3417 Hamaitig.
3001 3361 3141 3401 vers.
3192 3346 3318 3411 269,
3351 3346 3433 3399 En

1850 3442 1941 3495 tibi
1969 3442 2223 3509 signatum
2274 3440 2518 3494 libertatis
2566 3441 2942 3492 documentum.
2998 3438 3074 3492 De
3126 3437 3435 3493 discrimine

1850 3531 2055 3585 VeterL
2084 3541 2135 3585 et
2174 3531 2307 3584 Novi
2358 3531 2707 3593 Testamenti,
2755 3530 2948 3599 Apotlt.
2983 3545 3123 3583 vers.
3151 3530 3273 3594 550,
3329 3530 3435 3585 Sed

1850 3623 1981 3675 cadit
2004 3622 2057 3675 in
2083 3623 2265 3689 [aciem
2317 3621 2491 3693 plebs,
2546 3639 2648 3675 non
2691 3623 2861 3674 visura
2907 3621 3175 3691 profundis
3230 3621 3357 3691 legis
3381 3623 3436 3675 in

1849 3717 2019 3786 effgie
2047 3716 2290 3783 scriptum
2320 3730 2408 3781 per
2429 3714 2681 3784 enigmata
2710 3712 2986 3767 Christum.

1925 3805 2045 3861 127.
2081 3806 2346 3861 Praeterea
2375 3805 2443 3859 de
2461 3807 2714 3874 operibus
2739 3804 3162 3858 Christianorum
3204 3804 3435 3874 propriis

1849 3901 2107 3954 etanimo
2140 3907 2385 3966 prompto
2438 3907 2601 3965 atque
2653 3897 2810 3950 alacri
2854 3896 3186 3965 prmstandis,
3247 3898 3423 3965 hymn.

1849 3992 2027 4059 chnn.
2056 3990 2316 4043 teis.‘ll1
2356 3986 2451 4041 Est
2492 3988 2676 4057 quippe
2724 3996 2771 4040 et
2813 3987 2944 4040 illud
2996 3989 3186 4057 grande
3236 3988 3433 4040 virtutis

1849 4097 2025 4152 genus.
2063 4080 2264 4134 Deloco
2294 4080 2609 4141 animarum,
2654 4078 2839 4148 hymn.
2876 4078 3258 4146 Essequiarum
3288 4092 3430 4133 vers.

1851 4174 1988 4239 149,
2023 4173 2129 4227 Sed
2140 4169 2407 4225 resolubile
2433 4186 2636 4239 corpus.
2670 4168 2744 4223 De
2766 4169 3162 4224 resurrectione
3196 4179 3434 4222 nrortno-

1850 4280 1990 4331 runt,
2025 4264 2180 4328 ibid.,
2210 4276 2350 4315 vers.
2382 4260 2648 4325 35,'Nam
2692 4259 2829 4329 quod
2874 4259 3180 4329 requiescere
3226 4276 3430 4328 corpus.

1854 4357 1915 4408 Et
1942 4354 2135 4423 Apotli.
2160 4368 2299 4408 vers.
2330 4351 2483 4417 1062,
2538 4350 2710 4405 Nosco
2754 4366 2923 4403 meum
2987 4351 3039 4402 in
3080 4348 3301 4417 Christo,
3359 4349 3434 4404 De

1853 4450 1958 4501 vita
1980 4455 2200 4513 aeterna,
2234 4445 2418 4516 hymn.
2437 4444 2832 4497 Detuncuvers.
2859 4442 2948 4507 97,
2968 4442 3119 4503 Hac,
3148 4457 3259 4511 qtae
3282 4444 3433 4495 modo

1860 4539 2057 4609 pallida
2075 4540 2206 4591 tabe.
2235 4538 2309 4590 De
2336 4535 2538 4604 inferis,
2566 4534 2659 4588 liti.
2691 4540 2885 4587 ttcont.
2912 4532 3058 4602 Sym.
3122 4546 3261 4586 vers.
3306 4532 3431 4589 185.

1862 4631 2103 4692 Interior,
2134 4629 2219 4698 qui
2237 4629 2395 4698 spirat
2422 4628 2590 4695 homo,
2623 4626 2726 4679 luet
2750 4626 2836 4678 ille
2862 4639 3095 4695 perenne.
3121 4624 3313 4677 Contra
3346 4637 3435 4674 va-

1863 4736 1981 4774 nam
2017 4719 2445 4788 philosophiam,
2490 4715 2830 4785 astrologiam
2879 4723 2934 4768 et
2972 4714 3219 4782 magiam,
3272 4712 3364 4766 lib.
3400 4728 3435 4768 tt

1861 4813 1980 4866 adv.
2010 4814 2183 4882 Sym.,
2214 4825 2355 4864 vers.
2385 4808 2508 4871 470,
2540 4808 2764 4877 Quisque
2793 4815 2936 4878 putat
2966 4807 3071 4877 fato
3099 4823 3204 4859 esse
3242 4806 3433 4860 locum.

1888 4892 1891 4895 ’
1936 4902 2056 4956 128.
2088 4900 2375 4954 Videamus
2408 4914 2546 4953 nunc
2574 4896 2699 4967 quid
2728 4912 2756 4950 a
2790 4895 3079 4950 Prudentio
3106 4895 3278 4949 minus
3304 4908 3436 4950 con-

1855 5003 2105 5064 gruenter
2125 4992 2321 5046 dictum
2351 4991 2831 5061 Magdeburgenses
2848 4988 3042 5057 aliique
3065 4986 3302 5041 haeretici
3332 4986 3437 5040 cri-

1857 5087 2144 5141 minentur.
2174 5084 2303 5153 Cap.
2335 5083 2367 5136 4
2390 5084 2775 5138 invocationem
2800 5089 3103 5133 sanctorum
3125 5079 3176 5132 in
3202 5078 3437 5131 Pruden-

1859 5178 1932 5233 tio
1962 5177 2363 5247 reprehendunt
2389 5174 2574 5245 hvmo.
2599 5173 2659 5227 S.
2691 5170 2963 5225 Laurentii
2992 5210 3005 5234 ,
3057 5170 3112 5225 S.
3176 5167 3436 5222 Vincentii

1858 5278 1912 5325 et
1940 5267 2201 5324 Cassiani.
2232 5268 2285 5321 ln
2310 5282 2410 5336 qua
2438 5276 2612 5319 tamen
2635 5262 2877 5317 doctrina
2925 5261 3098 5315 socios
3144 5258 3434 5312 Prudentia

1858 5361 2351 5416 dantAtlianasium
2385 5398 2401 5424 ,
2444 5358 2728 5421 Basilium,
2793 5352 3106 5421 Gregorium
3144 5350 3434 5405 Nazianze-

1860 5468 2009 5516 num,
2033 5449 2391 5517 Ambrosium,
2432 5445 2767 5513 impudenter
2788 5441 3118 5496 afﬁrmantes
3154 5441 3445 5510 malignum

1856 5548 2091 5614 spiritum
2122 5550 2373 5594 tantorum
2401 5540 2625 5591 virorum
2651 5536 2855 5605 scriptis
2878 5535 3100 5603 plurima
3142 5533 3432 5596 inseruisse.

1857 5636 2030 5707 qualia
2058 5642 2172 5687 sunt
2200 5632 2291 5685 illa
2312 5632 2373 5685 de
2401 5636 2689 5684 sanctorum
2718 5626 3069 5695 defunctorum
3110 5625 3435 5679 invocationi-

1861 5728 1972 5782 bus.
1998 5724 2210 5781 Addunt
2257 5722 2635 5787 Ambros‘um,
2674 5720 2785 5775 sive
2830 5718 2964 5771 alius
3015 5716 3292 5771 sitanctor
3318 5731 3435 5772 ora-
