4000 6176
594 305 777 361 αιδ-

1980 292 2428 351 PRL'DENTIUS.
3686 308 3767 364 661

594 414 750 469 tionis
773 407 1011 466 funebris
1040 406 1106 462 de
1130 406 1277 462 obitu
1305 404 1618 471 Theodosii,
1645 401 1809 457 multa
1839 415 2171 457 commemo-
2201 407 2250 465 Α
2277 421 2614 479 oppugnasse
2648 416 2703 462 et
2724 406 3028 474 damnasse,
3061 405 3423 479 Symmachum
3463 415 3643 485 egregie
3668 434 3769 474 con-

595 519 716 560 rare
735 500 1102 570 superstitiosa
1130 498 1197 554 de
1226 512 1383 552 cruce
1413 496 1626 551 inventa
1681 486 1749 549 ab
1803 494 2021 556 llelena,
2058 510 2176 562 qute

592 594 980 652 contumeliosa
1007 600 1132 647 sunt
1154 592 1205 645 in
1240 591 1490 645 meritum
1512 588 1735 655 Christi,
1760 590 1833 643 uti
1864 588 2002 658 quod
2020 588 2179 641 habet

595 690 918 746 Prudentius
967 687 1151 757 bymn.
1195 684 1333 739 Ante
1374 698 1639 746 somnum,
1688 696 1828 735 vers.
1860 680 1984 746 155,
2039 679 2179 733 Crux

594 782 735 852 pellit
765 796 913 833 omne
939 780 1150 842 crimen,
1188 785 1293 831 etc.
1350 773 1526 827 Videri
1575 772 1733 825 etiam
1783 771 1956 825 crucis
2002 769 2179 838 signa-

596 872 725 927 tioni
760 870 979 924 nimium
1008 866 1257 922 tribuisse
1280 864 1627 934 Epltremum,
1658 872 1712 915 ct
1736 861 1919 916 multis
1949 876 2051 916 non
2079 876 2177 915 ne-

597 961 846 1018 cessariis
866 970 921 1016 et
942 958 1218 1014 inutilibus
1246 968 1519 1011 oneratam
1570 955 1735 1009 fuisse
1791 952 2105 1015 Ecclesium,
2133 955 2175 1006 si

598 1068 665 1108 eo
693 1051 1005 1121 temporein
1058 1062 1124 1104 ea
1166 1046 1344 1102 usitati
1378 1055 1529 1100 erant
1568 1058 1802 1099 canones
1852 1043 2179 1113 poenitentia:

598 1147 741 1201 Petri
789 1141 1153 1198 Alexandrini.
1194 1140 1270 1194 De
1312 1138 1615 1208 purgatorit
1667 1144 1852 1190 notant
1877 1136 2180 1189 consentire

598 1239 895 1296 doctrinam
933 1235 1089 1307 10h
1118 1234 1389 1288 Prudentii
1425 1232 1715 1299 llamartig.
1741 1271 1755 1295 ,
1787 1230 1841 1283 in
1871 1229 1997 1293 line,
2059 1228 2180 1282 Esto

598 1348 891 1396 cavernoso,
911 1345 1029 1385 cum
1059 1325 1353 1395 Laetantin,
1380 1324 1469 1379 lib.
1503 1340 1599 1389 vu,
1631 1338 1749 1392 cap.
1772 1323 1861 1389 2t,
1911 1332 1965 1376 et
1996 1321 2181 1374 lliero-

599 1440 782 1496 nymo,
807 1422 899 1477 lib.
941 1437 991 1475 tv
1030 1428 1319 1475 comment.
1363 1416 1416 1471 itt
1476 1416 1686 1482 lsaiam,
1730 1428 1846 1483 cap.
1872 1412 1926 1476 4,
1974 1422 2027 1466 et
2086 1413 2175 1465 lib.

599 1531 723 1569 svnt
746 1528 887 1569 com.
904 1513 955 1565 in
986 1510 1196 1564 Isaiam.

673 1606 796 1660 129.
823 1604 937 1657 Jam
960 1604 1100 1657 circa
1136 1600 1269 1655 ritus
1314 1598 1703 1653 ecclesiasticos
1728 1596 2175 1658 animadvertunt,

599 1705 848 1749 crescente
869 1691 1419 1763 superstitionesrculo
1448 1705 1521 1756 tv,
1540 1689 1889 1744 caeremonias
1906 1688 2171 1749 funebres,

2280 503 2499 557 futasse.
2525 501 2589 556 In
2618 502 2715 556 hoc
2739 511 2910 555 autem
2927 512 3093 570 poeta,
3117 502 3275 566 addit,
3298 504 3387 557 hoc
3424 505 3643 575 imprimis
3666 528 3772 567 cont-

2280 596 2642 659 mendandum,
2664 604 2709 648 et
2727 594 3026 647 Christianis
3057 594 3213 662 poetis
3239 596 3390 649 nostri
3434 598 3589 651 seaculi
3620 601 3775 658 imitan-

2280 688 2399 740 dum
2415 696 2507 753 est,
2534 687 2670 756 quod
2697 703 2796 740 non
2818 688 3039 751 invocat,
3070 694 3161 740 aut
3206 689 3308 741 suis
3344 691 3622 757 poematibus
3645 696 3773 748 admi-

2279 788 2383 832 scet
2413 780 2531 831 deos
2558 778 2807 842 ethnicos,
2832 794 2991 847 neque
3021 777 3322 849 theoloyiam
3350 782 3547 846 impuris
3564 788 3777 854 gentilibus

2279 868 2468 937 fabulis
2494 878 2798 936 conspurcat
2830 884 2849 921 :
2875 872 2963 921 sed
2984 877 3161 922 sancta
3181 869 3351 938 phrasi
3373 888 3447 925 res
3490 874 3659 929 divinas
3678 880 3776 932 serio

2281 969 2326 1013 et
2362 970 2532 1013 tamen
2577 961 2701 1013 satis
2745 962 3001 1029 eleganter
3048 968 3251 1013 tractat.
3304 961 3376 1016 lla
3410 962 3618 1019 haeretici
3647 982 3779 1023 causa:

2280 1050 2556 1119 religionis
2578 1050 2857 1103 catholica:
2887 1064 3133 1119 magnum
3162 1050 3364 1119 pondus
3404 1053 3648 1121 adjiciunt.
3685 1058 3777 1111 dum

2283 1141 2629 1196 Prudentium
2650 1143 3015 1210 maximopere
3042 1142 3281 1207 laudant,
3320 1151 3410 1199 eta
3448 1147 3549 1200 suis
3572 1150 3780 1215 opinioni-

2282 1232 2384 1289 bus
2411 1234 2638 1287 alienum
2670 1233 2833 1287 fuisse
2855 1233 2997 1287 ultro
3030 1233 3281 1289 fatentur.
3324 1236 3412 1291 llis
3452 1236 3674 1293 Joannem
3698 1242 3781 1296 Clcv

2282 1323 2717 1388 ricum,l‘ortasse
2751 1339 2853 1376 non
2908 1323 3062 1377 valde
3110 1335 3500 1393 repugnantem,
3540 1328 3783 1397 adjuugam,

2280 1418 2367 1485 qui
2398 1425 2525 1471 tom.
2560 1417 2650 1471 Xll
2676 1419 2930 1472 Biblioth.
2957 1419 3198 1474 univers.
3230 1420 3622 1491 Pythagoreismi
3650 1426 3783 1491 suspi-

2280 1512 2487 1565 cionem
2528 1510 2818 1565 Prudentia
2850 1513 3076 1567 intentat
3102 1528 3166 1567 ex
3215 1514 3394 1583 Ityntn.
3420 1513 3469 1581 5,
3504 1516 3635 1586 105
3669 1516 3785 1578 Cath,

2280 1619 2422 1658 vers.
2453 1604 2549 1669 58,
2581 1602 2723 1655 Absit
2788 1604 2923 1656 enim
2955 1603 3133 1672 procul
3160 1604 3254 1657 illa
3308 1604 3479 1673 fames,
3544 1606 3723 1659 aedibus
3749 1624 3786 1667 tn

2280 1694 2530 1763 pecudum
2552 1695 2703 1747 libeat
2726 1698 3033 1766 sanguineas
3060 1696 3287 1749 lacerare
3313 1696 3479 1766 dapes.
3509 1696 3650 1752 Multa
3672 1699 3787 1753 etiam

601 1796 711 1839 tum
769 1800 833 1841 ex
909 1784 1229 1838 ctbnicismo
1292 1791 1401 1835 tum
1451 1795 1518 1853 ex
1570 1780 1843 1834 Judaismo
1889 1780 2184 1834 cumulatas
2216 1775 2259 1834 Β
2290 1783 2519 1839 blaterat
2534 1786 2677 1839 circa
2699 1784 2995 1839 orationem
3024 1787 3073 1840 in
3106 1786 3393 1855 llamartig.
3420 1802 3433 1841 :
3463 1787 3502 1839 Ο
3540 1787 3619 1841 dce
3642 1790 3787 1841 cuncti-

603 1878 788 1944 fuisse,
816 1888 867 1932 et
896 1877 1174 1947 proferunt
1219 1890 1337 1942 cap.
1392 1874 1425 1928 6
1479 1873 1748 1928 Prudentii
1804 1888 1944 1928 vers.
2001 1873 2183 1943 hymn.

605 1971 824 2039 Exseq.,
856 1968 1090 2023 Candore
1115 1968 1327 2021 nitentia
1354 1968 1514 2030 claro,
1544 1975 1599 2021 et
1630 1966 1740 2021 Nos
1762 1975 1891 2020 tecta
1912 1965 2188 2037 fovebimus

603 2080 737 2118 ossa.
762 2064 895 2117 Aras
924 2062 975 2116 in
1014 2061 1225 2131 templis
1257 2060 1419 2115 fuisse
1465 2075 1531 2113 ex
1571 2059 1807 2113 historiis
1837 2058 1950 2126 ejus
1979 2058 2182 2122 smculi,

602 2155 868 2219 Szcratis,
915 2152 1223 2218 Sozomeni,
1267 2149 1590 2205 Theodoreti
1644 2148 1866 2215 aliisque
1917 2148 2183 2214 fatentur,

603 2246 694 2301 sed
713 2248 865 2301 aiunt
894 2244 1144 2300 aJudaeis
1174 2247 1310 2298 hanc
1341 2242 1779 2297 consuetudinem
1822 2255 2186 2310 permanasse.

606 2339 883 2405 Referunt,
909 2337 1256 2392 Prudentium
1282 2335 1539 2401 iudicare,
1593 2334 1851 2402 imagines
1894 2348 2191 2401 repraesen-

606 2436 780 2483 tantes
797 2427 1069 2496 passiones
1087 2435 1381 2495 martyrqu
1405 2423 1456 2477 in
1476 2424 1688 2491 templis
1709 2422 1960 2477 collocari
1979 2422 2185 2486 solitas,

605 2520 699 2573 sed
728 2520 959 2585 picturas
985 2518 1035 2571 in
1060 2514 1572 2585 templisimprobari
1595 2514 1662 2566 ab
1678 2514 2004 2581 llieronynto
2025 2515 2182 2582 epist.

605 2612 670 2665 ad
702 2610 862 2666 Joan.
891 2607 1244 2677 llierosolym.
1280 2604 1593 2661 Concedunt
1623 2602 1966 2659 Prudentium
1997 2603 2186 2657 utemi-

605 2704 752 2758 uisse
772 2716 1051 2758 cerearum
1098 2699 1440 2755 caudelarum
1485 2698 1675 2768 hymn.
1711 2698 1768 2754 S.
1805 2697 1990 2763 Laur.,
2030 2706 2083 2750 et
2126 2698 2185 2752 S.

605 2794 986 2864 Hieronymum
1011 2801 1194 2848 contra
1226 2790 1569 2858 Vigilantium
1616 2804 1881 2859 asserere,
1930 2804 2024 2858 per
2053 2797 2191 2845 totas

605 2887 838 2944 Orientis
859 2885 1150 2949 Ecclesias,
1172 2883 1678 2953 quandolegendum
1697 2890 1780 2937 est
1810 2882 2156 2951 Evangelium
2172 2921 2188 2947 ,

606 2978 819 3037 accendi
838 2978 1139 3045 luminaria,
1154 2978 1270 3049 jam
1307 2976 1415 3029 sole
1467 2976 1733 3043 rutilante,
1782 2990 1882 3029 non
1928 2974 2100 3043 utique
2124 2973 2191 3026 ad

605 3073 861 3145 fugandas
909 3072 1158 3137 tenebras,
1182 3071 1271 3124 sed
1300 3069 1368 3122 ad
1397 3069 1599 3139 signum
1627 3068 1816 3123 Iustitia:
1836 3066 2191 3121 demonstran-

606 3144 749 3223 dum.
786 3167 891 3225 Sed
925 3177 1190 3235 reponunt
1227 3165 1342 3221 haec
1377 3180 1589 3236 quoque
1632 3180 1696 3219 ex
1728 3164 2003 3217 .ludaismo
2050 3171 2188 3216 orta.
2218 3144 2264 3207 (ἶ

611 3260 866 3330 Denique,
890 3275 1007 3329 cap.
1035 3259 1125 3327 10,
1157 3259 1297 3314 inter
1337 3273 1522 3313 naevos
1562 3256 1839 3313 Prudentii
1887 3263 2191 3320 numerant,

606 3353 748 3422 quod
775 3368 883 3407 non
908 3361 990 3406 sat
1017 3351 1301 3407 commode
1334 3353 1583 3421 loquatur
1610 3350 1677 3404 de
1708 3349 1959 3403 libertate
2007 3347 2195 3401 huma-

608 3458 690 3499 nm
710 3442 1000 3497 voluntatis
1027 3442 1318 3510 Hamartig.
1363 3457 1505 3497 vers.
1552 3440 1677 3506 769,
1703 3439 1782 3492 En
1809 3440 1899 3493 tibi
1916 3441 2192 3508 signatum.

608 3534 825 3603 thttod
844 3576 858 3601 ,
890 3534 1087 3590 ibidem
1118 3549 1242 3588 vers
1264 3535 1391 3598 509,
1417 3529 1484 3587 de
1514 3533 1694 3588 carnis
1735 3532 2037 3586 innocentia
2076 3530 2193 3584 vio-

609 3626 828 3690 lentam,
854 3633 912 3679 ut
933 3624 1060 3694 ipsis
1092 3624 1322 3687 videtur,
1350 3623 1844 3692 interpretationem
1874 3620 2001 3676 dicti
2044 3619 2195 3674 Pauli

610 3714 675 3770 ad
700 3713 963 3784 Ephesios
989 3730 1038 3769 vt
1064 3713 1341 3782 amplexus
1358 3713 1512 3767 fuerit
1539 3731 1550 3766 :
1589 3712 1765 3777 Errat,
1795 3714 1886 3778 ait,
1912 3713 1998 3783 qui
2034 3712 2199 3765 lucta-

610 3822 723 3860 nten
752 3821 865 3859 cum
886 3807 1136 3877 sanguine
1161 3803 1323 3858 nobis.
1352 3805 1482 3859 item
1517 3806 1657 3875 quod
1682 3813 1976 3875 martyrum
2007 3804 2192 3859 merita

610 3896 915 3954 civitatibus
944 3896 1047 3951 illis
1068 3894 1345 3965 profutura
1358 3898 1653 3967 scripserit,
1689 3897 1740 3952 in
1780 3898 1971 3967 quibus
2001 3897 2196 3951 obdor-

611 3988 847 4055 mierint,
876 3986 1062 4059 hytttn.
1085 3988 1382 4043 octodecim
1440 3998 1662 4060 martyr.
1713 3987 1941 4053 Cmsar.,
1988 3987 2113 4043 Sola
2142 3989 2196 4040 in

612 4095 877 4133 occursum
899 4080 1290 4134 numerosiores.
1330 4080 1437 4135 Nec
1480 4081 1610 4135 satis
1653 4091 1808 4135 caute
1835 4080 2035 4134 dixisse
2086 4079 2191 4133 illis

612 4171 821 4225 videtur
838 4169 1141 4226 Cathemer.
1175 4172 1357 4243 hymn.
1393 4172 1529 4228 Ante
1551 4172 1748 4239 cibum,
1775 4187 1915 4226 vers.
1944 4173 2064 4236 146,
2086 4172 2198 4225 lloc

613 4264 787 4316 odium
832 4274 972 4318 vetus
1020 4263 1151 4316 illud
1194 4273 1323 4316 erat.
1367 4264 1616 4331 Quaedam
1674 4279 1737 4318 ex
1792 4263 1873 4316 his
1908 4262 2196 4317 Prudentia

613 4368 824 4423 quoque
853 4353 1038 4421 objicit
1062 4353 1235 4408 Lucas
1257 4353 1519 4408 Osiander
1550 4354 1602 4407 in
1628 4353 1796 4421 Epist.
1830 4352 2018 4406 cccles.
2047 4352 2196 4416 hist.,

614 4454 754 4499 cent.
788 4444 844 4510 4,
872 4444 1017 4512 lib.t,
1036 4458 1155 4514 cap.
1180 4445 1270 4513 26,
1297 4446 1435 4512 Quos
1465 4461 1684 4508 errores,
1706 4445 1897 4513 inquit,
1925 4443 2197 4497 Dominum

2290 1890 2493 1942 parens,
2518 1882 2571 1928 et
2595 1874 2735 1942 quod
2774 1875 3097 1931 Prudentius
3130 1877 3362 1931 animam
3407 1886 3550 1932 vocet
3585 1879 3787 1947 liquorrnt.

2291 1966 2441 2032 Quod
2458 1975 2636 2021 autem
2668 1966 2903 2032 mireris,
2949 1965 3188 2023 Clericus
3235 1969 3289 2022 in
3320 1968 3473 2023 rebus
3514 1969 3700 2037 poeticis
3716 1985 3789 2023 non

2292 2060 2480 2112 melior
2493 2059 2709 2112 criticus
2733 2073 2892 2128 quam
2920 2059 2972 2113 in
3004 2060 3169 2115 sacris
3192 2101 3209 2127 ,
3253 2060 3578 2116 Prudentium
3619 2062 3792 2116 afﬁrmat

2290 2150 2553 2204 interdum
2570 2166 2763 2220 repere
2789 2150 2961 2219 humi,
2995 2167 3114 2206 cum
3153 2147 3387 2207 maxime
3427 2154 3475 2207 in
3517 2154 3705 2207 sublime
3724 2168 3791 2206 vo-

2294 2241 2404 2295 lare
2432 2250 2693 2306 conatur;
2718 2241 2835 2312 ejus
2864 2252 3040 2297 tamen
3074 2243 3359 2298 lectionem
3385 2243 3447 2298 ad
3485 2244 3795 2299 ecclesiasticas

2293 2332 2636 2401 antiquitates
2656 2334 3055 2403 cognoscendas
3098 2343 3451 2404 opportunam
3478 2350 3584 2390 esse
3615 2349 3700 2387 non
3726 2334 3795 2385 dil-

2294 2424 2492 2477 litetur.
2533 2423 2951 2478 BailiusinDict.
2975 2425 3119 2489 crit.,
3150 2425 3321 2480 verbo
3352 2424 3613 2491 Prudence,
3656 2425 3795 2493 partim

2293 2516 2501 2571 Clerico
2540 2516 2800 2582 adhaeret,
2834 2517 3028 2585 partim
3060 2518 3128 2571 ab
3176 2532 3244 2572 eo
3315 2518 3580 2573 dissentit:
3628 2532 3721 2570 nam
3762 2526 3797 2568 et

2294 2610 2594 2664 orationem
2644 2610 3055 2678 llamartigeniae
3094 2609 3313 2665 delendi
3372 2619 3425 2665 et
3472 2609 3647 2663 laudari
3683 2622 3798 2678 posse

2294 2709 2490 2764 tuetur,
2521 2709 2575 2756 et
2602 2701 2795 2756 anima:
2845 2702 3300 2756 immortalitatem
3324 2717 3352 2756 a
3376 2700 3797 2756 Prudentiodiserte

2293 2791 2552 2845 aflirmari
2585 2799 2828 2846 testatur.
2876 2792 2950 2847 De
2997 2792 3411 2847 Manichaeorum
3456 2791 3627 2845 lueresi
3664 2788 3794 2857 potius

2293 2884 2491 2938 Bailius
2541 2883 2771 2952 laborat,
2809 2899 3037 2955 quorum
3084 2885 3418 2953 objectioues
3472 2884 3589 2938 satis
3634 2881 3800 2936 diluisse

2293 2974 2636 3031 Prudentium
2672 2984 2852 3043 negat,
2888 2991 3008 3031 cum
3054 2990 3315 3045 nusquam
3367 2974 3593 3029 idoneam
3634 2985 3799 3040 respon-

2294 3067 2501 3121 sionem
2525 3066 2863 3122 seinvenisse
2880 3068 3222 3137 pertinaciter
3248 3079 3534 3124 assereret.

2896 3202 3126 3259 CAPUT
3156 3202 3272 3258 VII.

2298 3318 2375 3372 De
2412 3326 2704 3371 sanctorum
2735 3318 2875 3387 cultu
2895 3326 2941 3371 et
2965 3319 3308 3379 veneratione,
3330 3331 3591 3387 eorumque
3608 3312 3800 3382 reliquiis,

2718 3403 2779 3441 ex
2815 3386 3088 3441 Prudentii
3119 3388 3453 3442 carminibus.

2368 3525 2490 3579 150.
2517 3523 2586 3578 Ut
2615 3531 2791 3578 autem
2848 3524 2933 3589 via
2989 3532 3044 3578 et
3087 3524 3300 3579 ratione
3334 3518 3799 3578 Prudentiidoctrins

2297 3613 2618 3677 vindicetur,
2646 3615 2876 3683 primum
2908 3614 3081 3668 dicam
3114 3615 3181 3670 de
3210 3615 3277 3670 iis
3308 3616 3362 3669 in
3415 3615 3596 3685 quibus
3621 3610 3803 3666 Pruden-

2299 3704 2405 3759 tius
2428 3721 2551 3760 cum
2575 3705 2856 3760 catholicis
2872 3706 3168 3770 consentit,
3191 3706 3259 3761 ab
3286 3706 3545 3761 htereticis
3572 3704 3801 3768 discrepat;

2300 3803 2409 3849 tum
2438 3810 2497 3850 ea
2529 3794 2810 3864 explicabo
2840 3811 2961 3865 qua:
2990 3796 3261 3865 aliquibus
3291 3798 3406 3851 visa
3430 3804 3549 3850 sunt
3587 3810 3613 3848 a
3633 3792 3803 3847 veritate

2299 3887 2417 3941 lidei
2448 3886 2764 3942 Christiana:
2811 3888 3083 3941 aberrare.
3143 3886 3538 3943 lnvocationem
3565 3892 3803 3941 sanctorum

2298 3982 2607 4047 cultumque
2636 3980 2980 4048 reliquiarum
3012 3978 3246 4033 afﬁrmat
3274 3978 3607 4034 Prudentius.
3642 3973 3725 4029 Sed
3748 3984 3807 4025 se

2300 4072 2453 4127 lusne
2474 4072 2523 4124 id
2552 4070 2873 4125 Prudentius
2905 4070 3174 4125 altirmat?
3204 4070 3319 4127 lmo
3341 4072 3431 4127 alii
3457 4070 3634 4135 etiam,
3668 4067 3799 4120 aiunt:

2298 4163 2419 4233 quia
2446 4162 2554 4232 jam
2607 4170 2824 4231 mperat
2881 4162 2989 4215 lucc
3036 4162 3330 4231 superstitio
3377 4161 3475 4233 (tt).
3508 4156 3632 4227 Quid
3671 4155 3706 4210 si
3732 4161 3807 4207 ιυιο

2301 4257 2427 4311 urbe
2461 4255 2766 4310 Christiano
2810 4252 3007 4309 factum
3054 4253 3105 4307 id
3158 4253 3322 4309 fuisse
3352 4252 3635 4314 ostendam,
3670 4257 3805 4314 appro-

2300 4348 2548 4403 bantibus
2578 4357 2631 4402 et
2663 4347 3044 4416 plaudentibus
3065 4346 3370 4416 episcopis?
3394 4345 3686 4399 Dicemusne
3707 4346 3807 4391 sele.

2301 4456 2388 4495 res
2417 4441 2537 4494 illos
2560 4454 2795 4504 errasse,
2848 4449 3135 4495 novatores
3174 4454 3301 4493 vera
3345 4437 3578 4493 sentire?
3606 4434 3802 4500 Belegan-

615 4536 711 4604 ipsi
752 4536 1065 4589 condonasse
1097 4552 1200 4590 non
1256 4536 1565 4590 dubitamus.
1611 4537 1710 4604 Qui
1761 4546 1934 4590 tamen
1984 4535 2195 4600 fatetur,
2226 4503 2277 4564 υ
2304 4544 2387 4586 tttr
2416 4532 2685 4586 Prudentii
2733 4533 2995 4596 carmina,
3045 4540 3097 4584 et
3142 4530 3345 4600 liquido
3390 4528 3653 4599 apparebit
3690 4530 3803 4577 non!

615 4633 758 4680 recte
774 4641 895 4680 eum
914 4628 979 4680 de
1003 4626 1269 4696 plerisque
1300 4628 1538 4694 partibus
1577 4628 1851 4697 religionis
1878 4627 2197 4681 Christianae

615 4719 871 4782 sens'sse,
897 4719 984 4787 pio
1001 4718 1118 4773 zelo
1153 4728 1207 4773 et
1231 4729 1380 4774 recto
1422 4720 1625 4789 judicio
1665 4721 1897 4775 haereses
1939 4720 2195 4789 quasdam

691 4880 764 4948 (τι)
794 4879 1067 4934 Fabricius
1106 4880 1157 4935 in
1197 4893 1486 4937 comment.
1528 4885 1915 4938 invocationem
1966 4900 2180 4938 sancto-

617 4964 735 5022 rum
785 4951 1115 5022 temporibus
1154 4950 1427 5007 Prudentii
1474 4954 1525 5006 in
1568 4954 1863 5009 Ecclesiam
1902 4956 2008 5022 jam
2048 4957 2181 5010 irre-

620 5020 790 5087 psisse
831 5020 925 5082 ait,
953 5030 1007 5073 et
1049 5036 1285 5074 errorem
1312 5037 1465 5076 suum
1496 5033 1677 5077 contra
1716 5020 2060 5078 Prudentium
2093 5043 2185 5077 au-

617 5089 864 5161 ctoritate
899 5090 1157 5161 Joacltimi
1188 5093 1474 5146 Camerarii
1508 5094 1641 5147 tueri
1672 5094 1815 5157 vult,
1859 5096 1947 5161 qui
1994 5098 2187 5150 asserit

620 5159 966 5233 Prudentium
996 5159 1153 5233 nimis
1175 5162 1224 5215 in
1256 5162 1337 5216 ltis
1364 5163 1525 5217 lttisse
1546 5173 1775 5231 poetam,
1800 5173 1854 5217 et
1879 5159 1912 5219 a
1942 5165 2185 5233 simplice

618 5231 842 5285 veritate
863 5231 1172 5295 recessisse,
1215 5233 1575 5287 amoenitatem
1619 5235 1876 5288 musicam
1920 5231 2181 5290 secutum.

620 5297 818 5354 Verum
842 5302 895 5354 in
925 5302 1007 5356 his
1045 5303 1339 5356 audiendus
1376 5319 1478 5356 non
1520 5314 1603 5358 est
1638 5305 1992 5369 Camerarius,
2038 5324 2187 5361 scum:

618 5370 707 5425 ille
730 5371 889 5446 multo
920 5373 1097 5446 melius
1124 5374 1186 5446 dc
1209 5372 1395 5446 Plauto
1418 5391 1568 5442 quant
1593 5375 1654 5428 de
1684 5376 1926 5446 religione
1955 5380 2190 5439 meritus,

619 5440 762 5509 quod
779 5449 935 5514 recte
963 5442 1014 5496 itt
1047 5444 1276 5510 quodam
1310 5440 1534 5498 Fabricii
1590 5440 1882 5514 exemplari
1922 5462 2078 5500 manu
2128 5450 2191 5501 ad

620 5512 915 5582 marginem
943 5514 1236 5581 ascriptum
1258 5517 1456 5580 reperi.
1488 5512 1809 5570 Prudentius
1838 5532 1983 5582 smpe
2030 5518 2192 5571 histo-

621 5581 730 5635 rice
754 5581 1002 5650 loquitur,
1035 5598 1205 5650 neque
1235 5584 1338 5638 alio
1369 5585 1549 5650 modo,
1571 5602 1631 5641 ac
1651 5589 1829 5641 cancri
1861 5588 1958 5644 SS.
1986 5587 2191 5643 Patres.

697 5650 772 5717 (b)
800 5652 988 5705 Perist.
1021 5652 1207 5721 ltymn.
1236 5654 1285 5720 l,
1319 5670 1461 5708 vers.
1492 5657 1546 5707 7.

753 5740 841 5789 llic
864 5742 1080 5795 calentes
1104 5745 1260 5794 hausit
1286 5747 1435 5797 undas
1458 5748 1590 5797 caede
1619 5751 1795 5799 tinctus
1818 5750 2011 5810 duplicl,

2302 4623 2595 4677 Prudentia
2634 4623 2941 4691 opinionem
2998 4622 3230 4691 aliquam
3284 4636 3435 4676 suam
3486 4617 3704 4689 proponi,
3744 4607 3806 4663 sed

2304 4715 2556 4771 Ecclesiae
2577 4714 2840 4769 universae
2862 4714 3306 4769 consuetudinem
3344 4713 3500 4784 106
3518 4704 3723 4766 enarrari
3740 4700 3805 4772 (θ).

2354 4878 2503 4927 lllitas
2524 4890 2698 4926 cruore
2719 4883 2883 4925 sancto
2908 4890 3035 4925 nunc
3057 4888 3231 4923 arenas
3255 4873 3424 4922 iucole

2354 4939 2769 4998 Confrequentant
2792 4939 3109 4985 obsecrantes
3133 4950 3273 4998 voce,
3293 4937 3440 4991 votis,
3465 4938 3671 4998 munere.

2417 4997 2588 5049 Exteri
2616 5011 2803 5047 necnon
2829 5005 2880 5046 et
2900 4999 3034 5047 orbis
3059 4998 3151 5045 huc
3170 4997 3368 5046 colonus
3385 4997 3592 5043 advenit.

2357 5061 2503 5125 [ama
2530 5073 2636 5108 nam
2656 5073 2838 5110 remus
2860 5075 2907 5108 IN
2933 5072 3090 5125 ouans
3115 5059 3419 5121 percucurrit
3440 5054 3674 5125 proditrix.

2358 5123 2448 5172 Hic
2474 5128 2702 5185 patronos
2725 5134 2839 5170 esse
2860 5122 3044 5179 mundi,
3066 5119 3189 5182 quos
3212 5125 3473 5183 precantes
3493 5119 3701 5165 ambiant.

2293 5245 2570 5371 Prmcla5r|i_
2602 5254 2727 5298 sunt
2776 5259 2963 5299 versus
3010 5244 3086 5298 illi
3144 5244 3196 5298 itt
3256 5243 3511 5297 Passione
3562 5229 3804 5293 Laurentii,

2294 5332 2437 5370 vers.
2541 5333 2601 5370 οε

2294 5332 2437 5370 νΟΓΒ.
2469 5332 2601 5370 DIO:

2545 5449 2788 5512 Quidquid
2815 5451 3054 5504 Quiritum
3078 5456 3309 5512 sueverat

2609 5510 2763 5559 Orare
2785 5512 3071 5571 simpuvium
3101 5510 3287 5566 Numin,

2608 5573 2782 5621 Christi
2811 5572 3130 5632 frequentans
3153 5572 3290 5624 atria.

2610 5634 2805 5694 Hymnis
2830 5632 3034 5681 resultat
3056 5640 3333 5693 martyrem.

2550 5696 2655 5757 ipsa
2682 5694 3167 5758 etsenatuslum'tna,
3226 5754 3244 5758 A
3330 5755 3334 5758 ~

2614 5757 2860 5814 Quondam
2887 5755 3091 5817 luperci,
3119 5760 3199 5803 aut
3220 5754 3458 5811 ﬂamines,
