4000 6176
218 340 313 398 θῦε

1552 323 2080 380 PROLEGOMENA.

3352 324 3455 381 066

214 456 411 525 llymtto
442 464 491 504 ιν
520 446 870 518 patrocinium
900 454 1193 513 martyrum
1222 456 1348 511 erga
1376 440 1620 495 civitates
1650 454 1768 509 quae
1798 443 1843 500 Α
1875 437 2165 493 invaluisse
2191 436 2634 493 consuetudinem
2665 435 2953 491 venerandi
2992 444 3297 491 sanctorum
3327 441 3451 493 reli-

212 560 384 601 rorum
412 557 530 598 ossa
558 547 882 595 venerantur
903 536 1266 604 concelebrat,
1318 548 1460 589 vers.
1492 533 1571 589 15.

442 674 570 724 Orbe
594 674 657 721 de
680 684 858 733 magno
878 675 1024 733 caput
1047 670 1259 733 excitata

441 737 638 785 Obviam
663 730 850 784 Christo
873 730 1195 794 properanter
1219 730 1310 778 ibit

442 798 616 847 Civitas
636 807 866 857 quaeque,
890 796 1099 854 pretiosa
1120 800 1316 854 portans

593 857 731 905 Dona
756 856 995 903 canistris.

209 967 331 1023 Tum
362 961 667 1033 singillatim
710 968 954 1015 recenset
994 957 1396 1025 Carthaginem,
1438 954 1765 1019 Cordubam,

212 1059 577 1117 Tarraconem,
630 1050 959 1115 Gerundam,
1004 1048 1356 1118 Calagurrim,
1389 1048 1764 1112 Barcinonem,

208 1148 513 1210 Narbonem,
548 1142 845 1209 Arelatem,
878 1139 1192 1203 Emeritam,
1221 1137 1586 1206 Complutum,
1640 1136 1770 1190 Tin-

207 1242 322 1310 gim,
351 1236 620 1306 prascipue
649 1248 779 1287 vero
806 1232 1036 1285 Romam
1084 1239 1138 1284 et
1181 1229 1664 1298 Caesaraugustam.
1709 1226 1766 1280 In

208 1329 437 1400 passione
460 1326 723 1381 Vincentii
748 1325 1037 1380 observare
1054 1323 1178 1379 licet
1196 1320 1524 1389 diligentiam
1548 1334 1648 1388 qua
1676 1333 1769 1373 vc-

208 1430 335 1475 tcres
356 1418 429 1473 illi
451 1416 740 1472 Christiani
765 1415 1017 1485 reliquias
1042 1423 1337 1484 martyrum
1358 1412 1763 1482 comparabant,

208 1520 259 1568 ut
282 1521 455 1567 essent
479 1508 584 1564 sibi
608 1507 826 1577 suisque
855 1504 1085 1576 posteris
1113 1512 1371 1567 tutamen,
1396 1517 1540 1557 vers.
1587 1503 1692 1557 535
1714 1510 1767 1556 ct

208 1599 577 1765 εεῗιὸξξῖῆ.
626 1691 833 1746 Ειιιθο
881 1698 1022 1744 tanta
1068 1688 1495 1745 Christianorum
1552 1701 1677 1742 cura
1705 1685 1759 1739 in

204 1797 478 1857 martyrum
499 1784 715 1839 ossibus
746 1783 1081 1853 colligendis,
1111 1796 1230 1852 quae
1251 1798 1356 1836 non
1374 1783 1547 1837 solum
1578 1796 1607 1834 a
1631 1782 1763 1834 Pru-

203 1878 368 1935 denlio
390 1878 709 1944 affirmatur,
750 1878 843 1933 sed
876 1878 1036 1933 etiam
1084 1893 1149 1931 ex
1185 1877 1509 1932 authenticis
1558 1886 1761 1946 marty-

203 1987 310 2026 rum
359 1970 491 2027 actis
540 1971 810 2026 uberrime
858 1970 1227 2036 confirmatur,
1270 1978 1416 2025 recte
1458 1969 1760 2037 colligimus

202 2077 297 2117 non
326 2072 525 2118 tantum
553 2061 750 2117 saeculo
784 2077 856 2129 IV,
909 2062 1003 2117 sed
1049 2062 1317 2131 prioribus
1354 2062 1516 2118 etiam
1559 2062 1757 2133 ubique

485 2302 831 2367 Apostolorum
857 2305 909 2367 et
932 2306 1192 2364 martyrum

490 2365 846 2414 Eiosculantur
871 2365 1075 2413 limina...

423 2425 464 2476 Ο
484 2434 908 2497 gemma-terque,
927 2433 990 2497 et_
1000 2426 1186 2487 septies

483 2486 676 2535 Beatus
701 2486 844 2534 Urbis
866 2486 1042 2546 incola,

484 2548 584 2605 Qui
606 2554 675 2605 te,
697 2561 753 2596 ac
774 2553 966 2595 tuorum
991 2548 1210 2596 cominus

483 2609 669 2659 Sedem
692 2607 907 2659 celebrat
929 2622 1140 2661 ossuum.

431 2671 522 2721 Cui
550 2677 747 2731 propter
774 2672 954 2720 advolvi
982 2671 1118 2729 licet,

484 2732 584 2790 Qui
610 2732 805 2779 fletibus
828 2733 1014 2793 Spargit
1032 2732 1204 2791 locum,

487 2795 584 2855 Qui
612 2798 782 2855 pectus
807 2794 854 2840 in
881 2802 1058 2842 terram
1082 2796 1284 2855 premit,

487 2854 589 2913 Qui
616 2858 721 2903 vota
745 2854 897 2903 fundit
922 2854 1189 2903 murmure.

199 2979 257 3034 Et
280 2979 470 3048 hymno
489 2979 549 3045 5,
578 2978 646 3033 de
674 2977 903 3043 Eulalia,
926 2993 1069 3033 vers.
1106 2978 1199 3033 191
1230 2985 1282 3033 et
1304 2992 1455 3047 seqq.

419 3109 517 3161 Hic
541 3111 626 3159 ubi
649 3123 891 3172 marmore
914 3112 1171 3172 ρει-ερίρυο

480 3173 623 3220 Atria
644 3171 841 3220 luminat
864 3172 985 3219 alma
1012 3171 1138 3220 nitor

481 3233 547 3283 Et
569 3236 886 3295 peregrinus,
913 3239 964 3281 et
989 3235 1239 3293 indigena,

483 3294 782 3355 Relliquias,
808 3296 1098 3355 cineresque
1122 3307 1285 3342 sacros

478 3357 661 3404 Servat
685 3356 859 3403 humus
880 3355 1155 3403 veneranda
1182 3357 1305 3404 sinu.

421 3416 504 3465 Sic
530 3419 818 3466 venerarier
839 3427 945 3465 ossa
972 3416 1109 3476 libet,

484 3478 697 3538 Ossibus
721 3478 840 3526 altar
865 3484 915 3525 et
938 3479 1232 3538 impositum,

485 3537 581 3588 Illa
608 3539 700 3587 Dei
721 3542 810 3586 sita
835 3539 923 3586 sub
942 3537 1146 3600 pedibus

480 3600 734 3660 Prospicit
752 3600 875 3659 haec,
904 3601 1203 3660 p0pulosque
1226 3613 1340 3648 suos

481 3659 715 3713 Carmine
736 3659 986 3722 proriitiata
1011 3659 1159 3709 fovet.

363 3746 433 3808 (a)
456 3742 606 3808 Coire
629 3744 1008 3808 totoexoppido

480 3806 700 3854 Turbam
723 3806 912 3853 fidelem
941 3816 1191 3863 cerneres,

478 3866 678 3917 Mollire
705 3866 978 3929 praefultum
1003 3871 1181 3924 torum,

479 3931 686 3978 Siccare
708 3928 852 3976 cruda
874 3928 1092 3975 vulnera.

420 3990 510 4041 llle
541 3989 831 4050 ungularum
855 3988 1077 4049 duplices

481 4052 661 4101 Sulcos
680 4059 906 4111 pererrat
928 4050 1125 4107 osculis,

480 4113 579 4161 Hic
602 4119 960 4172 purpurantem,
973 4113 1188 4171 corporis

484 4171 681 4224 Gaudet
698 4171 927 4222 cruorem
952 4171 1189 4221 lambere.

424 4235 665 4285 l‘leriaue
688 4244 873 4283 vestem
901 4233 1098 4282 linteam

486 4250 665 4343 anque
688 4250 873 4283 γρειεηι
902 4250 1098 4282 linteam

484 4298 581 4346 Stil
602 4306 717 4344 ante
739 4299 932 4356 tingunt
954 4296 1216 4358 sanguine,

489 4358 731 4407 Tutamen
756 4363 808 4407 ut
830 4369 1018 4405 sacrum
1043 4359 1145 4405 suis

480 4419 627 4468 Domi
651 4426 913 4469 reservent
936 4420 1161 4479 posteris.

199 4520 259 4580 Et
276 4539 407 4580 vers.
439 4525 547 4581 809
570 4523 624 4579 in
644 4523 832 4579 eodem
866 4522 1064 4594 hymno
1094 4521 1155 4578 8.
1185 4522 1451 4578 Vincentii
1482 4540 1493 4574 :

428 4639 554 4686 Dum
580 4650 697 4686 cura
718 4642 993 4685 sanctorum
1021 4638 1096 4697 pia

484 4700 689 4747 Deflens
708 4698 910 4746 adornat
925 4709 1182 4759 aggerem,

487 4760 795 4820 Tumuloque
819 4771 995 4819 corpus
1016 4759 1255 4807 creditum

487 4822 616 4871 Vitae
640 4828 866 4870 reservat
883 4827 1109 4882 posterae.

202 4924 249 4981 In
274 4928 517 4995 passione
539 4926 812 4998 Hippolyti
834 4941 973 4981 vers.
1011 4924 1113 4981 155
1133 4934 1186 4980 et
1214 4940 1344 4994 seqq
1371 4943 1382 4976 :

256 5037 457 5087 lio-rore
482 5039 690 5094 attoniti,
717 5043 865 5097 atque
889 5035 1042 5085 oculis
1061 5036 1346 5084 rimantibus
1370 5036 1524 5092 ibant,
1554 5060 1559 5079 ι

316 5100 685 5161 lmplebantque
707 5102 843 5147 sinus
866 5098 1135 5161 visceribus
1156 5097 1347 5145 laceris.

256 5161 337 5209 llle
361 5157 508 5219 caput
530 5157 724 5209 niveum
747 5157 1106 5219 complectitur,
1132 5170 1187 5207 ac
1210 5158 1536 5208 reverendam

310 5222 557 5271 Canitiem
581 5221 712 5270 molli
744 5220 966 5269 confovet
995 5221 1041 5267 in
1067 5220 1275 5279 gremio.
1570 5278 1575 5281 1

255 5282 338 5331 Hic
362 5283 611 5341 humeros,
639 5291 931 5343 truncasque
955 5293 1144 5340 manus,
1170 5281 1451 5343 etbrachia,
1478 5288 1530 5331 et
1556 5282 1705 5331 ulnas.

312 5344 371 5393 Et
391 5356 575 5403 genua,
598 5351 649 5392 et
671 5342 863 5392 crurum
888 5342 1119 5403 fragmina
1146 5342 1273 5390 nuda
1300 5342 1438 5402 legit.

314 5356 371 5393 Et
430 5356 575 5398 enua,
598 5356 649 5392 et
671 5357 863 5392 crurum
888 5356 1119 5403 tragmina
1146 5356 1273 5390 nuua

258 5356 467 5454 Pallioiiis
491 5409 633 5453 etiam
652 5404 831 5453 bibulae
851 5406 1090 5453 siccantur
1115 5416 1299 5461 arenae,

314 5467 383 5516 Ne
408 5469 520 5529 quis
543 5468 589 5529 in
609 5466 787 5516 infecto
811 5465 1013 5529 pulvere
1037 5477 1117 5514 ros
1141 5470 1350 5529 maneat.

257 5527 303 5575 Si
328 5526 439 5590 quis
462 5536 517 5576 et
541 5528 585 5590 in
608 5530 807 5576 sudibus
828 5526 1354 5590 recalentiaspergine
1378 5529 1573 5587 sanguis

322 5588 525 5642 Insidet,
549 5588 674 5638 hunc
697 5601 887 5637 omnem
909 5589 1110 5649 spongia
1136 5600 1302 5649 pressa
1329 5591 1470 5648 rapit.

258 5649 358 5697 Nec
378 5651 474 5710 iam
499 5650 644 5699 densa
666 5662 803 5699 sacro
824 5650 1083 5711 quidquam
1107 5650 1169 5697 de
1194 5660 1398 5707 corpore
1423 5649 1539 5699 silva

317 5710 544 5770 Obtinet,
568 5720 648 5760 aut
673 5711 831 5773 plenis
854 5710 1040 5759 fraudat
1067 5711 1128 5758 ab
1152 5713 1420 5773 exsequiis.

259 5773 472 5833 Cumque
500 5771 752 5823 recensitis
775 5777 1013 5822 constaret
1038 5772 1254 5834 partibus
1276 5771 1359 5820 ille

1876 532 2048 601 quias.
2098 530 2362 584 Prreterea
2408 531 2546 584 ratio
2593 529 2835 584 redditur
2874 543 2970 584 cur
3006 528 3239 598 pretiosa
3271 529 3453 585 isthmc

1875 629 2226 677 monumenta
2258 621 2323 674 ad
2352 630 2586 675 nostram
2611 636 2777 689 usque
2803 627 3014 673 aetatem
3047 630 3452 674 conserventur.

1874 715 1949 767 Ac
1983 727 2171 767 revera
2220 711 2545 765 Prudentius
2588 710 2840 765 lectulum
2876 722 2982 778 quo
3019 709 3185 777 jacuit
3218 708 3276 764 S.
3328 709 3451 763 Viu-

1872 804 2083 857 centius
2143 818 2243 857 suo
2294 802 2471 857 adhuc
2525 811 2764 871 tempore
2816 801 3085 857 exstitisse
3139 811 3450 869 asseverat,

1869 910 2010 949 vers.
2040 894 2164 950 555.

2122 985 2219 1034 Per
2244 984 2462 1046 fragmen
2486 983 2599 1031 illud
2628 991 2858 1042 testeum,

2182 1049 2288 1103 Quo
2313 1054 2443 1106 parta
2470 1047 2627 1093 crevit
2652 1046 2827 1105 gloria,

2184 1108 2295 1162 t‘er,
2322 1121 2467 1167 quem
2494 1112 2768 1154 trementes
2794 1107 2972 1165 tosteri

2180 1168 2546 1223 Exosculamur,
2572 1167 2825 1222 lectulum,

2122 1228 2361 1277 Miserere
2388 1238 2658 1277 nostrarum
2681 1240 2903 1289 precum,

2181 1290 2407 1337 Placatus
2436 1298 2480 1335 ut
2507 1290 2725 1336 Christus
2747 1292 2849 1336 suis

2184 1352 2385 1399 inclinet
2408 1364 2572 1397 aurem
2599 1362 2894 1409 prosperam,

2181 1413 2341 1462 Noxas
2368 1425 2459 1460 nec
2481 1424 2653 1459 omnes
2677 1413 2886 1471 imputet
2907 1411 2997 1474 (b).

1949 1513 2104 1583 108
2132 1512 2252 1567 152.
2279 1512 2395 1567 Νοη
2427 1513 2601 1567 solum
2623 1522 2799 1568 autem
2817 1512 3089 1568 Prudentii
3122 1515 3448 1579 testimonio,

1867 1608 1962 1662 sed
1988 1609 2223 1677 plurium
2252 1609 2479 1663 aliorum
2509 1608 2668 1663 dictis
2705 1608 3088 1677 comprobatur
3127 1608 3267 1662 hunc
3296 1623 3448 1662 usum

1871 1700 1921 1753 in
1954 1701 2201 1754 universa
2232 1700 2474 1755 Ecclesia
2504 1700 2669 1755 fuisse
2694 1714 3055 1754 communem.
3091 1700 3186 1766 Et,
3231 1709 3287 1752 ut
3316 1700 3451 1753 alios

1865 1792 2131 1857 omittam,
2165 1792 2223 1847 S.
2253 1792 2532 1846 Paulinum
2577 1792 2837 1847 Nolanum
2864 1793 3151 1861 proferam,
3183 1792 3303 1861 quia
3329 1807 3449 1846 sen-

1872 1881 2070 1937 tentias
2099 1882 2476 1938 Prudentianis
2505 1883 2805 1938 simillimas
2831 1883 2877 1938 is
2901 1884 3037 1939 solet
3062 1882 3367 1951 complecti,
3399 1891 3451 1937 et

1866 1975 2079 2044 egregie
2111 1977 2366 2032 miracula
2416 1976 2482 2031 ad
2542 1976 2603 2032 8.
2666 1976 2864 2031 Felicis
2904 1978 3207 2045 sepulcrum
3242 1985 3449 2046 patrata

1866 2076 2255 2124 commemorat
2286 2067 2384 2141 (c).
2426 2068 2583 2138 109
2619 2067 2859 2134 Quantus
2888 2068 3047 2123 fuerit
3074 2068 3140 2123 ad
3184 2083 3448 2123 veneran—

1993 2302 2225 2366 Corporis
2248 2308 2429 2367 integri
2455 2307 2538 2367 qui
2564 2304 2722 2353 fuerat
2746 2317 2994 2352 numerus.

1933 2365 2036 2428 Nec
2063 2365 2264 2428 purgata
2292 2365 2735 2425 aliquid'deberent
2762 2368 2864 2414 avia
2894 2373 2996 2414 toto

1995 2425 2072 2474 Ε(
2090 2425 2302 2485 homine,
2330 2432 2541 2477 extersis
2566 2429 2815 2477 frondibus
2839 2434 2888 2475 et
2912 2425 3141 2487 scopulis,

1934 2486 2161 2536 Mctando
2186 2489 2388 2548 eligitur
2412 2489 2598 2537 tumulo
2622 2490 2756 2537 locus
2779 2503 2791 2536 :
2820 2490 2952 2537 Osria
2980 2486 3232 2545 linquunt;

1994 2548 2141 2597 Roma
2168 2549 2346 2612 placet,
2372 2562 2562 2600 sanctos
2586 2564 2693 2612 qum
2720 2558 2887 2599 teneat
2911 2551 3122 2598 cineres.

1873 2652 2032 2706 Vides
2056 2669 2151 2708 cur
2181 2654 2232 2708 in
2263 2655 2524 2723 sepulcris
2556 2665 2845 2725 martyrum
2882 2655 3077 2721 pas-itu
3108 2655 3443 2720 reperiantur

1870 2738 1995 2794 vasa
2025 2738 2143 2777 eum
2172 2726 2452 2794 sanguine,
2478 2740 2634 2793 quem
2653 2724 2835 2778 verum
2862 2728 3171 2792 sanguinem
3197 2739 3314 2777 esse
3348 2724 3445 2790 ipsi

1871 2791 2108 2847 haeretici
2133 2791 2513 2863 experimentis
2534 2796 2950 2864 comprobarunt
2971 2791 2986 2848 Ξ
3010 2795 3248 2862 adeoque
3269 2794 3446 2862 hujus~

1869 2864 2015 2917 modi
2045 2880 2170 2918 vasa
2201 2874 2403 2919 certum
2428 2880 2548 2919 esse
2580 2867 2817 2934 martyrii
2871 2866 3076 2933 signum
3102 2879 3258 2917 neruo
3288 2880 3446 2918 sanus

1870 2937 2167 3003 negaverit.
2193 2935 2327 3001 Quid
2350 2936 2490 2989 enim
2518 2934 2659 2989 aliud
2681 2951 2742 2989 ea
2770 2935 3005 2989 indicant
3025 2935 3048 2986 ?
3071 2935 3299 2987 Consule
3328 2934 3446 2987 Bul-

1867 3004 2095 3069 dcttum,
2128 3005 2218 3057 lib.
2242 3006 2291 3058 1.
2323 3007 2628 3066 Observat.,
2671 3020 2787 3072 cap.
2820 3004 2889 3058 28
2911 3014 2965 3059 et
3001 3020 3137 3073 seq.,
3191 3005 3278 3059 ubi
3325 3019 3447 3058 cru-

1868 3075 1976 3127 dite
2001 3075 2100 3128 hoc
2125 3083 2496 3143 argumentum
2527 3075 2766 3143 exponit.

1936 3184 2012 3253 (b)
2039 3185 2115 3238 De
2145 3184 2244 3239 SS.
2270 3185 2594 3255 martyribus
2622 3184 2917 3241 Fructuose
2939 3194 2993 3240 et
3020 3186 3178 3240 sociis
3209 3184 3324 3240 hrcc
3355 3201 3443 3239 re-

1865 3254 1967 3309 fert
2000 3256 2197 3324 hymno
2226 3256 2287 3309 6:

1986 3364 2109 3415 Tum
2126 3365 2188 3413 de
2212 3366 2499 3426 corporibus
2522 3367 2672 3413 sacris
2686 3365 2882 3425 favillae,

2048 3425 2110 3475 Et
2132 3425 2323 3487 perfusa
2346 3440 2483 3475 mero
2499 3428 2732 3487 leguntur
2755 3439 2885 3487 ossa,

2048 3488 2167 3544 Quae
2192 3493 2365 3548 raptim
2389 3490 2479 3537 sibi
2508 3491 2719 3549 quisque
2738 3488 3027 3538 vindicabat.

1988 3547 2206 3596 Fratrum
2233 3547 2393 3598 tantus
2418 3563 2553 3597 amor
2576 3547 2767 3596 domum
2793 3550 2983 3599 referre

2046 3609 2330 3659 Sanctorum
2354 3614 2574 3659 cinerum
2599 3611 2755 3673 dicata
2780 3611 2921 3673 dona,

2048 3673 2143 3719 Aut
2170 3680 2370 3733 gestare
2392 3673 2500 3720 sinu
2529 3672 2671 3720 tidele
2693 3673 2883 3733 pignus.

1987 3732 2087 3781 Sed
2116 3747 2177 3781 ne
2206 3732 2455 3794 relliquias
2480 3732 2858 3792 resuscitandas,

2047 3794 2108 3857 Et
2133 3793 2379 3857 moxrum
2407 3795 2612 3857 Domino
2635 3793 2777 3842 simul
2797 3795 3008 3857 futuras,

2049 3855 2288 3902 Diseretis
2315 3855 2414 3903 loca
2436 3855 2653 3917 dividant
2670 3855 2930 3917 sepulcris,

1987 3912 2264 3964 Cernuntur
2288 3918 2444 3964 niveis
2465 3916 2603 3965 stolis
2627 3912 2806 3970 amicti.

2052 3976 2276 4038 lilamlant
2303 3978 2514 4034 restitui,
2537 3989 2753 4038 cavoque
2772 3976 2927 4025 claudi

2049 4036 2234 4084 Mixtim
2262 4050 2499 4085 marmore
2526 4036 2776 4097 pulverem
2802 4038 3103 4087 sacrandum.

1987 4098 2250 4147 Exsultare
2270 4098 2390 4146 libet
2415 4099 2574 4145 tribus
2595 4101 2824 4158 patronis,

2055 4160 2267 4215 Quorum
2295 4159 2516 4219 praesidio
2538 4159 2759 4207 fovemur
2782 4172 2952 4208 omnes

2047 4220 2313 4269 Terrarum
2338 4220 2497 4282 populi
2524 4220 2873 4282 Pyrenearum.

1873 4324 1989 4378 Huc
2021 4322 2401 4378 faciuntverha
2438 4322 2736 4376 Braulionis
2785 4321 2836 4375 in
2884 4322 3039 4391 epist.
3086 4322 3150 4377 ad
3179 4322 3443 4378 lactatum

1868 4394 2262 4465 presbyterum,
2291 4405 2419 4447 mm.
2438 4392 2586 4447 XXX
2605 4393 2752 4461 Hisp.
2786 4406 2924 4465 sacr.
2956 4393 3009 4446 in
3034 4394 3261 4461 appeud.
3283 4395 3347 4448 ὃς
3371 4394 3445 4447 De

1876 4462 2107 4534 reliquiis
2130 4480 2246 4518 vero
2270 4470 2657 4517 rererendorum
2683 4462 3050 4534 apostolorum,
3085 4480 3210 4530 quas
3239 4482 3269 4517 a
3303 4465 3445 4517 nobis

1876 4536 2147 4604 ﬂagitastis
2194 4535 2331 4587 vobis
2362 4534 2539 4586 debere
2583 4534 2737 4597 mitti,
2767 4533 2994 4604 ﬁdeliter
3027 4550 3205 4599 narro,
3252 4536 3445 4587 nullius

1876 4603 2160 4674 martyrum
2174 4622 2250 4657 me
2270 4606 2341 4657 ita
2363 4604 2564 4667 habere,
2588 4613 2640 4655 ut
2656 4620 2766 4671 qute
2782 4607 2930 4674 cujus
2958 4603 3077 4671 sint,
3095 4606 3280 4671 possim
3295 4606 3442 4657 scire.

1878 4673 2256 4728 Praecessorum
2281 4686 2326 4727 et
2352 4676 2669 4727 dominorum
2698 4673 2923 4726 meorum
2947 4676 3195 4727 sententia
3218 4677 3333 4744 fuit,
3368 4684 3444 4738 ut,

1875 4745 1996 4811 quia
2026 4746 2220 4813 passim
2251 4754 2339 4796 aut
2364 4745 2540 4811 furtim
2560 4752 2649 4797 aut
2681 4746 2830 4815 etiam
2856 4745 2996 4798 inviti
3036 4746 3133 4815 ipsi
3188 4757 3234 4799 et
3282 4747 3447 4798 coacti

1877 4816 2151 4867 multarunt
2178 4815 2387 4867 caritate
2424 4831 2485 4867 ea:
2526 4815 2604 4867 Itis
2632 4830 2745 4883 qua:
2789 4814 3167 4867 habebant’aut
3215 4816 3339 4869 dare
3362 4824 3448 4868 aut

1875 4900 2049 4937 carere
2079 4884 2405 4954 cogebantur,
2435 4893 2732 4937 cunctorum
2760 4886 2951 4938 notitia:
2981 4901 3041 4938 ne
3070 4886 3224 4938 ullius
3255 4894 3448 4955 pateret

1875 4955 2143 5026 indicium,
2174 4956 2315 5026 tituli
2339 4955 2656 5019 tollerentur,
2689 4964 2737 5008 et
2758 4955 2858 5026 sub
2889 4971 2989 5007 uno
3025 4956 3254 5009 conclavi
3284 4958 3448 5008 mitte-

1876 5036 2071 5078 rentur.
2110 5024 2401 5079 Iieservata:
2432 5033 2550 5078 sunt
2592 5034 2761 5078 tamen
2791 5025 3068 5078 admodum
3112 5028 3448 5095 septuaginta,

1884 5111 1998 5162 (μιαν
2027 5096 2080 5147 in
2110 5111 2232 5165 usus
2262 5098 2529 5159 habentur,
2558 5098 2685 5150 inter
2706 5111 2832 5163 quas
2853 5112 2923 5147 ea:
2942 5112 3067 5163 quas
3092 5098 3274 5165 qua'ris
3299 5096 3449 5148 mini-

1880 5180 1959 5218 me
2000 5162 2343 5233 reperiuntur.
2389 5166 2703 5234 Suspicarer
2722 5162 2725 5163 ⁷
2744 5164 2932 5218 festum
2954 5162 2959 5163 ν
2983 5162 3447 5219 innumerabilium

1885 5245 2180 5304 martyrum
2212 5236 2812 5304 Ctesaraugustanorum
2862 5235 2985 5289 inde
3035 5242 3209 5289 ortum
3260 5236 3445 5299 fuisse,

1885 5306 1992 5359 nisi
2024 5316 2140 5359 acta
2173 5321 2356 5359 eorum
2381 5308 2588 5359 veriora
2611 5313 2811 5363 essent.
2842 5320 2999 5371 quam
3033 5313 3088 5357 ut
3124 5304 3245 5356 ullis
3271 5304 3447 5369 suspi-

1880 5375 2126 5429 cionibus
2150 5375 2355 5443 possint
2381 5376 2613 5429 concuti.
2663 5373 2861 5427 Eodem
2895 5376 3002 5427 fere
3033 5376 3298 5441 pertinent
3332 5384 3447 5443 qum

1881 5444 1933 5498 in
1970 5442 2181 5499 cmteris
2211 5444 2638 5510 Peristephanmn
2665 5443 2874 5511 hymnis
2897 5443 3033 5495 circa
3063 5444 3261 5496 cultum
3285 5450 3338 5496 et
3369 5442 3446 5493 in-

1876 5516 2214 5568 vocationem
2245 5524 2552 5566 sauctorum
2583 5514 2725 5566 canit
2754 5513 3095 5567 Prudentius.

1943 5604 2017 5673 (ε)
2048 5601 2217 5655 Natali
2241 5603 2294 5655 '5.

1930 5714 2172 5772 Cernere,
2202 5722 2314 5762 tunc
2339 5712 2516 5775 pasIsint
2543 5718 2637 5772 est.
2665 5727 2798 5764 sacra
2821 5720 3021 5777 purgata
3048 5714 3240 5764 medela

1932 5777 2137 5827 Pectora
2165 5777 2407 5825 liminibus
2432 5778 2609 5840 sterni,
2626 5777 2721 5840 jam
2745 5776 2910 5827 mente
2936 5776 3169 5838 refectos,
