4016 6182
522 272 615 326 671

586 385 724 434 Felle
748 392 901 446 putat.
924 384 1187 444 calidisque
1222 379 1424 431 animam
1450 395 1650 441 peccare
1672 381 1911 430 medullis.

582 445 689 495 Non
714 444 928 495 mentem
952 458 1036 493 sua
1063 446 1276 505 membra
1299 454 1543 505 premunt,
1577 459 1666 493 nec
1691 452 1856 493 terrea
1884 444 2036 491 virtus

585 506 844 568 Oppugnat
863 519 1035 554 sensus
1060 504 1279 565 liquidos,
1302 504 1497 553 bellove
1520 504 1725 553 lacessit.

586 521 658 567 UP
695 521 844 568 ugnat
863 521 1035 554 sensus
1060 521 1279 565 llQUlUOS,
1307 521 1497 553 ιιριιογρ
1520 521 1725 553 131³6δὸ11..

586 521 692 617 8ρὲ
709 582 814 616 cum
839 568 1084 626 Spiritibus
1109 568 1385 616 tenebtosis
1411 574 1552 614 nocte
1576 568 1758 627 dieque

587 626 957 690 Congredimur.

976 687 1133 735 Facile
1160 692 1235 735 est
1258 687 1455 735 frenare
1479 687 1697 737 rebelles

586 748 802 797 Affectus
838 751 1014 796 carnis.

585 810 736 870 Major
756 812 883 858 inest
904 813 978 858 vis
1004 809 1079 857 illa
1102 810 1301 866 homini,
1327 823 1433 870 quae
1458 809 1609 858 ﬂatile
1627 811 1756 858 virus

585 869 789 932 Ingerit,
820 878 871 919 et
896 878 1093 919 tenuem
1118 871 1253 919 tenui
1290 869 1405 919 fel'it
1428 884 1545 919 aere
1571 880 1805 919 mentem.

526 969 702 1041 Neque
741 972 1059 1027 Prudentius
1087 988 1299 1028 omnem
1335 974 1545 1043 culpam
1588 976 1638 1027 in
1671 974 1975 1028 daemonem
2009 990 2093 1027 re-

527 1063 653 1128 iicit,
677 1064 770 1118 sed
812 1080 998 1134 magna
1037 1081 1099 1119 ex
1139 1076 1289 1135 parte
1317 1066 1382 1120 ad
1410 1067 1587 1122 cordis
1616 1067 1888 1136 animique
1924 1076 2097 1121 motus

528 1153 754 1209 rebelles
785 1164 1001 1209 revocat
1027 1170 1167 1209 vers.
1202 1156 1328 1212 555.

583 1266 681 1327 Sed
721 1268 837 1330 quid
884 1280 979 1330 ego
1017 1281 1161 1317 omne
1200 1268 1378 1317 malum
1422 1269 1708 1330 mundique,
1748 1267 2093 1387 hogiinggique

1838 1344 1945 1378 mai
1989 1346 2033 1379 ιιι

1838 1344 2033 1379 matlgut

583 1387 747 1451 Ijostis
766 1390 823 1437 ad
842 1390 1065 1439 invidiam
1086 1390 1353 1451 detorqueo
1374 1388 1398 1437 ?
1421 1402 1527 1437 cum
1549 1390 1671 1438 mala
1692 1342 1983 1441 ιισειιιιξω118

582 1448 857 1513 Εκᾼιιοςῑιὶδ
875 1461 1096 1499 concreta
1122 1448 1309 1509 animis,
1334 1464 1509 1511 genus,
1537 1462 1587 1499 et
1610 1459 1773 1513 caput,
1806 1460 1855 1499 et
1885 1453 2000 1513 vim,

583 1511 708 1573 Quid
728 1516 844 1573 sint,
873 1513 986 1573 quid
1014 1513 1221 1569 valeant,
1246 1520 1437 1560 sumant
1462 1514 1524 1561 de
1545 1511 1692 1560 corde
1713 1515 1945 1573 parenti?

581 1570 671 1621 Ille
691 1570 899 1633 quidem
920 1571 1075 1620 fomes
1098 1582 1385 1625 nostrorum.
1418 1578 1468 1622 et
1492 1586 1631 1621 causa
1653 1570 1884 1621 malorum
1912 1583 2001 1625 est.

584 1633 685 1695 Sed
709 1640 890 1695 tantum
916 1636 1111 1681 turbare
1140 1640 1315 1695 potest,
1342 1641 1423 1682 aut
1446 1635 1633 1695 fallere,
1660 1642 1888 1695 quantum

582 1692 681 1740 Nos
716 1692 986 1743 volumus...

586 1753 840 1816 Gignimus
863 1768 1007 1804 omne
1030 1754 1204 1803 malum
1231 1756 1424 1817 pr0prio
1446 1755 1508 1804 de
1531 1769 1736 1817 corpore
1757 1762 1991 1807 nostrum.

526 1853 775 1923 Plerique
821 1856 1257 1922 interpretantur,
1306 1856 1543 1924 Apostoli
1575 1859 1791 1922 verbis,
1844 1859 2096 1913 Adversus

526 1958 727 1997 carnem
756 1953 803 1999 et
834 1947 1149 2017 sanguinem,
1184 1948 1425 2002 homines
1473 1949 1715 2018 intelligi.
1745 1949 1801 2004 S.
1832 1950 2096 2021 Hierony-

525 2048 645 2088 mus
666 2033 731 2089 ad
758 2049 818 2089 ea
846 2036 1005 2088 verba
1056 2036 1325 2090 Prudentii
1372 2038 1862 2107 interpretationem
1897 2042 2092 2109 refert,

527 2138 627 2178 nec
649 2123 855 2179 videtur
877 2125 1132 2180 damnare
1160 2127 1259 2197 (a).
1292 2128 1373 2182 Cl.
1401 2128 1616 2183 Teolius
1638 2131 1687 2184 in
1714 2141 2002 2186 comment.
2031 2134 2096 2187 ad

526 2213 664 2270 hunc
706 2202 980 2270 Prudentii
1013 2217 1186 2272 locum
1220 2218 1449 2284 notavit,
1486 2221 1685 2274 Estium
1725 2224 2004 2277 sententiae
2037 2224 2093 2278 S.

532 2304 674 2358 Pauli
701 2320 804 2359 non
833 2305 991 2359 alium
1021 2309 1461 2362 commentarium
1485 2309 1791 2366 adhibuisse
1817 2328 1973 2381 quam
2000 2314 2096 2367 hos

528 2404 696 2464 poeta:
726 2398 892 2450 nostri
923 2412 1109 2451 versus
1136 2414 1268 2467 quos
1293 2400 1342 2453 in
1364 2402 1436 2453 "eo
1476 2403 1703 2455 maxime
1733 2404 2095 2467 commendat,

524 2485 664 2554 quod
694 2488 913 2540 mundus
929 2486 1246 2540 tenebrarum
1273 2489 1456 2542 harum
1486 2490 1693 2545 dicatur
1718 2508 1837 2545 esse
1868 2495 2097 2547 mundus

525 2575 612 2630 bic
645 2576 883 2644 inferior,
920 2578 1275 2644 turbulentus,
1313 2588 1470 2647 atque
1496 2582 1845 2651 caliginosus,
1875 2586 1960 2638 cui
1990 2586 2098 2639 dte-

524 2683 709 2725 moues
735 2670 1003 2738 praepositi
1053 2680 1177 2724 sunt
1218 2673 1408 2726 metito
1436 2676 1876 2743 transgressionis
1908 2677 2097 2731 huma-

525 2773 608 2813 na:
631 2798 647 2812 .
675 2758 793 2814 sive
829 2760 895 2813 ad
929 2760 1209 2815 lentandus
1240 2761 1510 2826 homines.
1543 2763 1654 2819 sive
1684 2765 1748 2819 ad
1794 2768 2092 2822 nocendum

523 2851 617 2905 eis.
657 2854 811 2924 115
843 2852 999 2907 Certe
1034 2854 1208 2907 Estius
1238 2854 1373 2909 hanc
1404 2855 1858 2926 interpretatiOnis
1889 2870 2094 2929 partem

524 2942 794 2999 Prudentii
824 2947 1141 3000 auctoritate
1167 2947 1503 3015 corroborat,
1535 2964 1765 3021 eumque
1796 2960 1950 3007 vocat
1974 2970 2096 3022 poe-

525 3046 626 3090 tam
679 3036 987 3107 theologum.
1039 3039 1141 3095 Sed
1172 3038 1225 3093 in
1257 3040 1422 3109 prima
1471 3051 1523 3095 et
1573 3044 1837 3111 praecipua
1889 3053 2035 3114 parte
2064 3061 2093 3100 a

524 3128 811 3184 Prudentio
851 3129 1110 3199 dissidet,
1141 3140 1194 3184 ct
1226 3147 1273 3183 νι
1294 3133 1385 3185 rba
1429 3149 1543 3185 cum
1573 3150 1727 3187 carne
1760 3145 1806 3188 et
1847 3138 2095 3206 sanguine

524 3222 745 3292 intelligi
777 3223 893 3278 vult
937 3239 1040 3277 non
1072 3223 1138 3279 de
1166 3226 1642 3293 concupiscentiis,
1676 3228 1768 3283 sed
1806 3229 1873 3283 de
1922 3230 2094 3284 homi-

523 3312 698 3368 nibus.
1012 3302 1016 3306 ’

1133 3406 1357 3462 CAPUT
1400 3409 1464 3461 Χ.

525 3493 696 3548 Lectio
725 3496 963 3550 editionis
998 3498 1226 3565 Vulgata:
1263 3498 1392 3551 Gen.
1430 3514 1506 3565 ιιι,
1532 3499 1621 3565 15,
1659 3500 1721 3553 Et
1743 3501 1852 3572 ipsa
1873 3512 2092 3557 conteret

593 3594 746 3653 caput
779 3595 952 3653 tuum,
984 3588 1248 3659 insigniter
1279 3604 1340 3641 ra:
1367 3587 1650 3642 Pruientio
1680 3591 1999 3659 conﬁrmata.

596 3677 720 3729 157.
763 3677 1023 3745 Objicitur
1054 3689 1306 3745 prmterca
1336 3678 1645 3745 Prudentio,
1672 3681 1813 3750 quod
1844 3682 1977 3737 Gen.
2014 3699 2088 3750 ut,

526 3765 607 3831 15,
634 3781 694 3821 ea
716 3768 875 3821 verba
905 3768 1112 3836 legerit,
1143 3784 1258 3837 quae
1288 3785 1428 3823 nunc
1457 3786 1640 3825 revera
1665 3772 1717 3824 in
1744 3772 1961 3841 Vulgata
1981 3775 2093 3829 edi-

519 3859 665 3913 tione
704 3857 982 3927 leguntur:
1012 3856 1317 3913 Inimicitias
1350 3878 1536 3927 ponam
1577 3863 1709 3915 inter
1755 3873 1801 3915 te
1840 3873 1884 3917 et
1911 3866 2091 3919 mulie-

526 3971 647 4022 rem,
667 3964 715 4008 et
739 3971 907 4008 semen
929 3964 1091 4017 tuum,
1116 3964 1162 4007 et
1177 3972 1346 4009 semen
1369 3956 1543 4011 illius:
1566 3958 1678 4024 ipsa
1695 3966 1914 4012 conteret
1940 3969 2091 4029 caput

519 4057 683 4111 tuum,
716 4055 762 4098 et
792 4054 846 4098 tu
876 4045 1194 4098 insfdiaberis
1233 4048 1462 4100 calcaneo
1486 4052 1614 4119 ejus.
1650 4048 1966 4105 Prudentius
1996 4050 2091 4105 Ca-

520 4137 861 4191 tliemerinmn
894 4137 949 4199 5,
973 4150 1116 4190 vers.
1150 4135 1241 4190 121
1270 4154 1282 4189 :

694 4245 891 4295 Conscia
916 4244 1051 4307 culpi
1090 4245 1248 4293 Deum
1284 4249 1500 4307 pavitans

756 4307 887 4356 Sede
916 4308 991 4368 pia
1018 4308 1179 4367 procul
1202 4310 1440 4368 exigitur.

760 4366 941 4416 innuba
965 4366 1141 4415 femina
1165 4383 1273 4429 qua:
1296 4366 1473 4430 fuerat,

757 4430 983 4493 Coniugis
1005 4432 1190 4493 excipit
1209 4432 1482 4493 imperium,

756 4490 961 4539 Hedera
993 4492 1145 4539 tristia
1177 4490 1305 4548 jussu
1332 4495 1447 4552 pati.

698 4551 872 4601 A-irtor
898 4559 949 4600 et
974 4553 1078 4612 ipse
1104 4552 1199 4600 doli
1225 4551 1425 4603 coluber

757 4614 993 4661 Plectitur
1012 4614 1274 4672 improbus,
1295 4625 1346 4663 ut
1371 4616 1548 4667 mulier

753 4674 883 4722 Colla
909 4671 1154 4734 trilinguia
1174 4677 1305 4725 calce
1329 4684 1470 4727 terat.

584 4840 656 4915 ta)
693 4840 842 4915 Dicat
861 4845 1111 4914 quispiam
1138 4861 1156 4899 :
1188 4846 1301 4900 IIoc
1327 4850 1482 4915 quod,
1507 4849 1573 4899 ait
1597 4890 1611 4910 ,
1649 4867 1667 4899 ι
1697 4847 1817 4901 Non
1842 4860 1913 4903 est
1940 4853 2079 4905 nobis

514 4912 800 4984 colluctatio
824 4912 1061 4968 adversus
1106 4912 1402 4984 sanguinem
1428 4929 1472 4969 et
1508 4934 1734 4979 carnem,
1774 4938 1791 4969 ι
1819 4930 1936 4980 ctc.,
1965 4921 2077 4974 ideo

514 4981 613 5055 dici
634 4991 685 5033 ut
715 4980 1008 5049 doceamur,
1048 5002 1109 5038 ne
1136 5002 1161 5039 ε
1181 4980 1442 5055 ι’(ιιιὶάειιι,
1476 5004 1590 5055 quia
1621 4988 1762 5039 nobis
1804 4991 2078 5043 ministrari

511 5052 628 5103 vitia
646 5060 891 5125 putamus
917 5071 979 5106 ex
1004 5071 1181 5118 carne,
1208 5052 1377 5108 carnis
1421 5052 1526 5108 esse
1564 5062 1637 5109 vel
1663 5060 1922 5125 sanguinis
1942 5100 1954 5122 ,
1989 5062 2077 5113 sed

511 5137 542 5173 a
571 5122 868 5195 quibusdam
887 5125 1235 5188 spiritualiltus
1259 5126 1490 5189 nequitiis
1519 5122 1787 5195 suggeriﬁ.
1822 5130 1954 5193 Quin
1972 5132 2074 5182 vult

511 5207 653 5260 ergo,
684 5192 846 5257 aiunt,
876 5195 1144 5263 Apostolus
1166 5212 1255 5248 nos
1297 5197 1495 5260 docere,
1529 5192 1629 5250 non
1667 5214 1728 5249 ea:
1751 5192 1934 5249 natura
1963 5215 2076 5251 cor-

513 5263 650 5329 poris
676 5271 721 5314 et
750 5263 812 5315 de
839 5268 1050 5317 materia
1079 5266 1257 5336 carnis
1299 5275 1343 5318 et
1380 5267 1645 5336 sanguinis
1694 5267 1800 5319 haec
1844 5270 2076 5323 vitinnm

511 5346 692 5406 genera
706 5335 1084 5406 procreari,sed
1097 5336 1342 5406 instinctu
1359 5336 1666 5395 drrmonum.
1692 5350 1955 5406 prapterea
1982 5342 2073 5403 ait,

512 5399 635 5476 l‘i'on
664 5399 923 5476 estnobis,
958 5413 1051 5458 etc.
1085 5403 1211 5457 Ideo
1243 5416 1409 5459 autem
1440 5423 1573 5458 nunc
1607 5399 1887 5476 eor'nm'qui
1917 5399 2077 5476 magi;

510 5472 582 5524 cis
611 5471 835 5547 infelices
860 5475 1050 5547 artibus
1070 5477 1310 5541 serviunt,
1343 5485 1390 5528 et
1420 5481 1586 5546 facere
1612 5481 1707 5530 ista
1727 5469 2071 5547 perhibentur,

512 5544 739 5615 exempla
760 5546 1059 5613 protulimus
1079 5587 1094 5611 ,
1127 5556 1181 5599 ut
1210 5544 1541 5600 retundamus
1570 5544 1741 5600 eorum
1785 5550 2075 5615 opinionem

512 5613 595 5685 qui
618 5622 797 5685 putant
825 5616 992 5668 omnia
1018 5617 1135 5669 vitia
1168 5634 1270 5670 esse
1295 5619 1462 5671 carnis
1488 5626 1533 5669 ct
1564 5613 1847 5685 sanguinis,
1882 5628 1927 5669 et
1960 5620 2074 5671 nul—

513 5677 615 5732 lam
640 5681 821 5738 habere
843 5686 1090 5742 dwmones
1114 5697 1430 5750 potestatem.
1458 5698 1509 5740 ut
1535 5704 1622 5740 nos
1645 5677 1846 5742 incitent
1872 5689 1937 5741 atl
1956 5705 2071 5751 pec-

1898 268 2356 324 PRUDENTIUS.

3674 275 3776 329 673

2448 376 2529 426 Sic
2550 377 2751 426 coluber
2776 375 3013 428 muliebre
3040 380 3192 427 solum

2450 439 2673 498 Suscipit,
2701 448 2845 499 atque
2865 444 3013 487 virum
3036 442 3223 489 mulier.

2390 498 2513 561 Ecce
2540 504 2673 548 venit
2708 498 2826 549 nova
2850 501 3128 561 progenies,

2452 560 2654 609 Aitbere
2676 560 2894 621 proditis
2914 561 3036 610 alter
3057 563 3216 617 homo.

2450 621 2774 683 Noniluteus,
2805 623 2936 671 velut
2962 622 3044 671 ille
3072 628 3223 683 prior,

2445 683 2542 744 Sed
2567 682 2702 731 Deus
2730 686 2834 744 ipse
2854 696 3032 742 gerens
3066 682 3324 734 hominem.

2446 742 2799 804 corporeisque
2832 757 3003 792 carens
3030 746 3171 793 vitiis.

2386 803 2461 866 Fit
2473 817 2600 866 caro
2632 805 2807 864 vivida,
2831 818 2990 852 sermo
3020 806 3195 866 Patris,

2447 863 2652 913 Numine
2677 863 2822 925 quem
2848 865 3073 915 rutilante
3094 863 3256 925 gravis

2450 925 2552 972 Non
2575 926 2801 985 thalamo,
2830 940 2993 985 neque
3017 929 3121 983 iure
3154 934 3265 986 tori,

2448 986 2550 1034 Nec
2573 987 2843 1047 genialibus
2870 986 3111 1037 ιΙΙθοσθΙιιτὶε

2450 1046 2743 1097 lntemerata
2769 1049 2925 1108 puella
2954 1053 3095 1108 parit.

2384 1107 2488 1157 Hoc
2512 1108 2675 1156 odium
2701 1107 2842 1157 vetus
2869 1107 2980 1156 illud
3007 1117 3130 1167 erat,

2441 1169 2666 1232 ilocVerut
2688 1171 2882 1231 aspidis,
2908 1177 3053 1232 atque
3079 1172 3286 1219 hominis

2448 1229 2771 1293 Digladiabiie
2802 1229 3069 1293 dissidiitm,

2446 1290 2581 1349 Quod
2609 1292 2750 1339 modo
2776 1306 2952 1339 cernua
2979 1290 3201 1341 femineis

2446 1352 2623 1412 Vipera
2651 1356 2915 1413 proteritur
2937 1354 3158 1413 pedibus.

2384 1410 2544 1461 Edere
2568 1410 2774 1475 namque
2811 1410 2962 1461 Deum
2991 1424 3163 1463 merita

2446 1475 2617 1537 t_)muia
2636 1478 2771 1537 virgo
2792 1489 2980 1523 venena
2999 1477 3191 1525 domat:

2442 1534 2695 1597 Iractibus
2714 1534 2892 1596 anguis
2913 1537 3206 1597 inexplicitis

2448 1595 2593 1657 l’irus
2630 1595 2819 1645 inerme
2845 1598 2985 1657 piger
3010 1595 3213 1647 revomit

2447 1655 2673 1707 Gramine
2690 1655 2915 1707 concolor
2934 1660 2981 1706 in
3006 1660 3162 1709 viridi.

2127 381 2179 437 A

2126 1732 2166 1790 Β
2200 1759 2336 1824 Quid
2370 1759 2626 1815 illustrius
2646 1760 2711 1814 ad
2737 1760 2973 1830 Vulgata:
3001 1762 3284 1816 lectionem
3316 1763 3779 1818 confirmandam!

2202 1848 2335 1915 Quid
2358 1849 2555 1903 clarius
2585 1850 2650 1904 ad
2681 1843 3072 1905 immaculatum
3103 1852 3344 1920 Dciparze
3370 1856 3783 1922 conceptionem

2200 1938 2567 1993 stabiliendam
2596 1939 2618 1991 ‘i
2660 1940 2819 1993 Aiunt
2853 1941 3085 1995 lmretici
3131 1942 3473 1996 Prudentium
3505 1948 3784 2014 exemplar

2199 2028 2412 2097 aliquod
2454 2039 2760 2097 corruptum
2805 2046 3077 2085 sacrorum
3118 2032 3371 2087 librorum
3414 2035 3627 2102 legisse.
3668 2036 3783 2089 Sed

2208 2132 2304 2173 cur
2330 2128 2637 2188 coriuptum
2679 2121 2803 2175 illud
2835 2131 2951 2175 erat
2992 2124 3301 2191 exemplar?
3327 2125 3448 2193 quia
3480 2127 3690 2179 scilicet
3724 2142 3785 2181 ea

2199 2210 2363 2265 veiba
2389 2212 2457 2265 ibi
2488 2214 2632 2282 legit,
2673 2230 2790 2282 qua:
2821 2214 2918 2283 ipsi
2954 2216 3157 2269 nollent
3183 2214 3400 2280 scriptu.
3436 2217 3508 2269 Ita
3543 2234 3648 2271 non
3676 2220 3784 2271 alia

2200 2306 2407 2358 ratione
2438 2307 2569 2359 tueri
2602 2314 2847 2373 possunt,
2892 2306 3175 2360 lectionem
3211 2307 3445 2374 Vulgatze
3491 2323 3617 2362 esse
3660 2323 3785 2362 cor-

2199 2403 2439 2463 ruptam,
2469 2394 2569 2448 nisi
2599 2394 2865 2449 afﬁrmem
2888 2440 2901 2464 ,
2928 2396 3039 2463 jam
3073 2412 3125 2448 iv
3168 2398 3366 2451 smculo
3424 2397 3783 2453 Prudentium

2198 2493 2290 2537 aut
2315 2501 2417 2537 uno
2464 2495 2554 2538 aut
2602 2485 2840 2553 pluribus
2890 2487 3280 2555 exemplaribus
3318 2492 3586 2557 corruptis
3625 2505 3784 2543 usum

2199 2575 2386 2630 fuisse.
2410 2576 2585 2642 Quid?
2610 2577 2749 2646 quod
2777 2578 3149 2645 interpretatio
3175 2594 3201 2632 a
3231 2578 3516 2634 Prudentio
3537 2581 3785 2634 adhibita

2197 2670 2327 2723 satis
2359 2668 2661 2737 persuadet,
2706 2685 2811 2723 non
2835 2669 3005 2722 solum
3032 2672 3049 2738 j
3072 2686 3139 2721 im
3170 2678 3294 2723 tunc
3322 2673 3519 2738 passim
3549 2671 3622 2724 ita
3655 2672 3784 2740 legi,

2198 2758 2292 2813 sed
2322 2760 2482 2813 etiam
2511 2759 2575 2813 ad
2601 2759 2660 2812 Β.
2685 2758 2992 2837 _Virginem,
3037 2760 3203 2812 omnia
3234 2776 3421 2813 venena
3452 2761 3785 2827 domantem,

2197 2851 2332 2919 quod
2376 2849 2539 2904 Deum
2586 2850 2733 2903 edere
2782 2851 2961 2902 merita
2990 2852 3174 2919 fuerit,
3212 2851 3310 2903 hoc
3352 2860 3461 2915 est,
3506 2852 3631 2905 sine
3667 2853 3786 2906 labe

2199 2950 2543 3009 conceptam,
2595 2940 2772 2995 locum
2822 2942 2969 2994 illum
3010 2942 3164 3010 116
3203 2941 3424 2995 Genesis
3472 2942 3786 3009 applicari?

2202 3034 2314 3088 Non
2345 3034 2487 3088 enim
2528 3034 2715 3102 ﬁnges,
2749 3042 2862 3099 aut,
2893 3032 2940 3086 si
2964 3033 3055 3086 tibi
3099 3034 3284 3102 ﬁngas,
3316 3034 3443 3086 milii
3480 3034 3741 3101 probabis
3767 3074 3784 3097 ,

2198 3126 2537 3180 Prudentium
2563 3142 2627 3180 ex
2663 3141 2768 3180 uno
2798 3125 2880 3179 vel
2911 3126 3081 3179 altero
3116 3134 3364 3193 corrupto
3387 3126 3690 3193 exemplari
3720 3141 3784 3179 ea

2195 3218 2358 3272 verba
2387 3218 2702 3285 arripuisse,
2731 3218 2923 3286 quibus
2957 3232 3146 3269 novam
3180 3216 3291 3285 ipse
3328 3231 3475 3269 suam
3503 3218 3786 3285 interpre-

2195 3312 2445 3363 tationem
2494 3310 2761 3363 fundaret.
2792 3308 2899 3363 Cur
2938 3320 3112 3362 autem
3142 3318 3245 3361 tam
3279 3310 3619 3377 perspicuam
3655 3309 3786 3363 Pru-

2193 3401 2358 3455 dentii
2400 3402 2775 3456 auctoritatem
2830 3402 2862 3455 ii
2906 3402 3236 3469 potissimum
3283 3415 3389 3452 nou
3428 3409 3657 3467 urgent,
3692 3401 3783 3469 qui

2194 3491 2254 3545 Β.
2277 3492 2454 3545 Maria:
2481 3492 2852 3545 intemeratam
2879 3491 3283 3559 conceptionem
3310 3498 3385 3542 tot
3408 3489 3786 3543 voluminibus

2193 3581 2348 3636 editis
2379 3590 2715 3651 propugnant
2740 3582 2761 3632 ?
2790 3581 2919 3635 Nam
2943 3581 3093 3643 Alva,
3127 3582 3214 3648 qui
3250 3581 3299 3632 in
3325 3595 3384 3632 ea
3412 3593 3568 3633 causa
3603 3580 3783 3633 effuse

2192 3658 2436 3726 versaius
2473 3681 2585 3736 est,
2652 3672 2703 3726 in
2755 3671 2935 3725 Militia
2972 3670 3335 3736 conccptionis
3380 3671 3465 3723 vix
3509 3672 3782 3737 pauculos

2196 3762 2472 3816 Prudentii
2504 3776 2709 3826 versus,
2756 3762 2893 3831 apud
2940 3762 3223 3815 Eusebium
3273 3762 3631 3830 Nieremterg
3659 3777 3691 3814 a
3724 3778 3784 3816 se

2197 3855 2386 3921 lectos,
2421 3854 2472 3907 in
2504 3854 2733 3907 medium
2770 3855 2982 3922 protulit
3025 3853 3122 3922 (ὁ).
3156 3853 3407 3907 Melcbior
3434 3852 3649 3917 Canus,
3687 3855 3779 3909 tib.

2192 3958 2264 3997 vn
2306 3944 2373 3998 de
2409 3943 2534 3998 Loc.
2566 3943 2821 4012 tlieolog.,
2853 3958 2972 4010 cap.
2998 3942 3050 4009 3,
3088 3943 3185 3997 hac
3214 3944 3295 3995 via
3320 3942 3581 4011 potuisset
3613 3958 3783 4012 argu-

2194 4043 2428 4087 mentum
2457 4032 2772 4087 Acbillicum
2803 4033 3007 4087 Erasmi
3034 4031 3297 4099 refellere,
3332 4048 3434 4100 quo
3458 4033 3503 4086 is
3524 4036 3780 4087 omnium

2192 4137 2499 4180 sanctorum
2535 4126 2841 4180 testimonio
2866 4140 2969 4180 non
3012 4140 3070 4179 se
3108 4126 3374 4179 existimat
3402 4125 3777 4191 obruendum,

2192 4220 2451 4287 siquando
2478 4220 2745 4275 universis
2773 4219 3145 4289 repugnaverit
3173 4236 3184 4270 :
3223 4233 3342 4270 nam
3380 4221 3548 4270 sancti
3575 4232 3781 4273 omnes

2192 4311 2283 4380 qui
2311 4312 2364 4365 in
2396 4312 2510 4381 ejus
2540 4313 2619 4367 rei
2665 4314 2992 4367 mentionem
3043 4312 3372 4375 inciderunt,
3406 4325 3511 4363 l'llO
3551 4326 3685 4375 ore,
3721 4320 3781 4365 ut

2114 4447 2167 4506 D
2190 4403 2354 4470 iactat
2377 4404 2648 4472 Erasmus,
2682 4405 3131 4460 asseveraruntB.
3168 4405 3431 4473 Virginem
3460 4405 3511 4459 in
3544 4416 3780 4474 peccato

2193 4494 2440 4563 originali
2464 4506 2795 4565 conceptam.
2830 4494 3005 4550 Canus
3032 4512 3135 4549 rem
3166 4496 3321 4559 hanc,
3353 4498 3481 4549 alias
3521 4499 3780 4567 grai-issi-

2193 4601 2349 4650 mam,
2383 4587 2572 4640 nullius
2600 4589 2651 4640 in
2677 4586 2970 4641 Christiana
2996 4586 3239 4655 religione
3270 4602 3375 4638 esse
3412 4589 3661 4639 momenti
3698 4602 3779 4641 re-

2195 4679 2440 4748 spondet.
2468 4679 2647 4747 Nulla,
2674 4680 2864 4748 inquit,
2895 4678 3038 4743 mihi,
3071 4664 3233 4748 fateor
3275 4678 3509 4745 ingenue,
3543 4678 3659 4731 alia
3692 4682 3777 4731 ria

2186 4865 2372 4909 catum.
2410 4856 2474 4909 Et
2506 4866 2623 4921 post
2652 4857 2845 4909 multa:
2884 4856 3145 4909 Prolixins
3175 4859 3390 4924 forsttm
3431 4874 3581 4923 qnam
3607 4858 3783 4909 lector

2185 4927 2428 4997 voluerit.
2480 4927 2540 4980 de
2585 4926 2680 4978 hoc
2722 4928 2945 4994 capitulo
2983 4928 3291 4997 disputatum
3327 4928 3429 4977 sit:
3468 4929 3556 4979 sed
3592 4944 3781 4988 qntrso

2186 4996 2269 5048 det
2309 4997 2502 5048 veniam
2534 4997 2815 5065 diﬂicullati
2845 4997 3003 5063 ipsius
3032 4997 3151 5057 loci,
3183 5005 3229 5048 et
3258 5012 3485 5063 persona:
3512 4997 3779 5062 Ephrsio-

2184 5080 2317 5136 rum,
2344 5068 2427 5133 qui
2456 5078 2563 5134 post
2590 5075 2724 5119 artes
2762 5068 2984 5136 magicas
3024 5068 3151 5119 scire
3188 5068 3460 5119 debuerant
3478 5106 3491 5128 ,
3520 5084 3552 5119 α
3582 5071 3779 5135 quibus

2181 5133 2395 5203 fuissent
2418 5133 2691 5205 aliquando
2714 5133 2929 5199 decepti.

2256 5205 2330 5271 (ιν)
2352 5204 2526 5267 Plaza,
2553 5207 2749 5270 aliique
2774 5220 2840 5258 ne
2857 5206 3133 5258 nominant
3152 5204 3365 5272 quidem
3382 5204 3776 5259 Prudentium.

2187 5272 2252 5327 Et
2284 5275 2384 5328 hoc
2402 5277 2630 5329 maxime
2647 5275 2984 5328 desideratur
3008 5278 3056 5327 in
3080 5290 3242 5341 opere
3272 5275 3442 5327 i‘laza:
3468 5276 3537 5328 ita
3569 5276 3780 5329 inscri-

2184 5353 2310 5410 pto:
2343 5342 2513 5399 Causa
2558 5346 2899 5398 immaculata
2936 5345 3272 5410 conceptionis
3307 5344 3411 5399 SS.
3448 5345 3634 5397 Matris
3674 5346 3782 5399 Dei

2186 5412 2371 5467 Mariae
2395 5415 2613 5469 domina:
2642 5427 2826 5468 nostra:
2842 5416 2999 5468 sacris
3025 5416 3319 5467 testimoniis
3342 5417 3518 5467 ordine
3542 5415 3779 5468 chrono-

2184 5484 2381 5550 logico,
2424 5486 2654 5551 utrinque
2704 5486 2973 5554 allegatis,
3021 5495 3066 5537 et
3116 5486 3421 5554 adrexamen
3451 5486 3776 5554 theologica-

2184 5555 2410 5605 criticum
2433 5557 2694 5623 revocatis,
2738 5553 2963 5623 agitata,
2988 5564 3033 5607 et
3064 5553 3322 5621 conclusa,
3356 5567 3560 5609 mutare
3590 5553 3780 5610 Bene-

2183 5624 2319 5677 dicto
2354 5623 2515 5677 Plaza
2541 5626 2599 5679 S.
2635 5622 2683 5677 1.
2722 5622 2965 5679 Panormi
3000 5623 3153 5679 1747.
