4016 6182
273 307 392 361 675

1651 311 2113 373 PliULEGOMEN
2125 325 2181 375 Α.

3464 340 3565 395 674

265 417 447 489 patuit
473 421 541 469 ad
578 417 707 470 illud
752 417 957 475 Erasmi
995 432 1355 494 argumentum
1385 409 1738 489 leludendum,
1767 443 1866 493 quo
1894 441 1947 493 Α
1974 446 2168 500 τεηετ,
2201 434 2428 488 nondum
2456 437 2661 493 inventa
2686 440 2785 511 fuit
2808 442 3079 510 Augustini
3103 456 3349 516 tempore,
3369 461 3420 504 et
3445 468 3557 524 cap.

263 522 578 564 sanctorum
599 513 957 567 auctoritatem
985 524 1133 568 acute
1165 515 1255 569 ille
1276 516 1480 582 quidem
1519 517 1728 570 tentavit
1758 519 1869 571 etu-

264 602 420 654 dere.
453 600 511 654 In
536 601 832 657 Prudentio
859 613 1038 658 autem
1074 604 1263 660 videre
1304 607 1427 660 licet
1470 606 1610 674 piam
1651 617 1869 662 senten-

262 691 439 761 tiam,
463 709 568 747 non
587 695 758 747 solum
784 694 996 763 qualem
1023 695 1253 765 theologi
1280 697 1566 767 explicant,
1593 698 1687 752 sed
1710 700 1872 753 etiam

259 784 497 850 qualem
528 786 760 853 pictores
809 786 943 840 vivis
976 786 1247 842 coloribus
1277 791 1613 859 exprimunt,
1648 791 1861 860 depicta

262 873 522 943 imagine
552 875 823 944 Deiparae,
852 877 1005 945 cujus
1038 877 1261 945 pedibus
1298 894 1518 933 cernuus
1546 882 1725 951 anguis
1753 899 1873 950 pru-

257 966 486 1034 teritur,
530 966 768 1019 tractibus
798 968 1107 1039 inexplicitis
1136 971 1273 1023 virus
1302 972 1496 1025 inerme
1518 989 1816 1048 reromens.

342 1056 486 1109 158.
520 1056 662 1109 ldem
693 1058 870 1111 Canus
913 1059 1053 1112 inter
1085 1060 1279 1115 tuenda
1313 1077 1432 1129 qua:
1453 1078 1517 1115 ex
1559 1062 1761 1117 incuria
1792 1064 1871 1116 vi-

256 1142 479 1199 delicet
505 1148 988 1219 typographorum,
1028 1161 1119 1205 aut
1158 1166 1343 1205 eorum
1368 1153 1457 1221 qui
1492 1155 1867 1221 exscripsere,

257 1236 557 1304 imperitia
591 1238 643 1291 in
681 1239 849 1294 sacris
895 1241 1114 1295 Litteris
1156 1241 1546 1311 obrepserunt,
1593 1255 1869 1299 enumerat

254 1340 398 1379 eum
436 1327 612 1381 locum
647 1325 894 1394 Genesis,
929 1328 997 1383 Et
1022 1331 1137 1398 ipsa
1164 1344 1389 1387 conteret
1419 1347 1574 1401 caput
1601 1346 1746 1388 tuum
1772 1351 1869 1404 pro

254 1417 327 1470 Et
361 1420 568 1487 ipsum,
614 1436 805 1490 nempe
833 1436 1051 1488 semen,
1096 1435 1191 1482 aut
1237 1429 1373 1495 ipse,
1408 1429 1546 1496 quod
1597 1440 1741 1497 putat
1775 1446 1869 1499 po-

252 1509 453 1563 suisse
484 1510 717 1578 primum
758 1513 1131 1583 interpretem,
1158 1517 1246 1584 qui
1270 1532 1454 1571 semen
1480 1520 1534 1571 in
1570 1522 1868 1574 masculino

252 1613 475 1669 genere
504 1604 815 1668 transtulit,
850 1621 965 1660 rem
1015 1606 1362 1676 signiﬁcatam
1404 1612 1738 1680 perpendens
1763 1652 1776 1677 ,
1800 1629 1866 1667 ex

253 1694 608 1765 Hieronymo
639 1697 692 1750 in
711 1697 909 1764 Qumst.
948 1699 1110 1753 llebr.
1144 1701 1197 1754 ln
1226 1703 1413 1755 eadem
1442 1718 1567 1757 sunt
1598 1707 1863 1759 sententia

251 1800 389 1840 cum
421 1786 540 1850 alii,
572 1798 679 1841 tum
720 1788 923 1843 Natalis
951 1791 1260 1846 Alexander
1308 1794 1360 1846 in
1392 1795 1605 1848 dissert.
1642 1797 1707 1850 de
1741 1796 1856 1852 Vul-

1972 1823 2129 1877 quam
2182 1812 2485 1866 Communis
2528 1822 2653 1867 tunc

250 1890 390 1947 gata
426 1879 486 1934 S.
518 1879 716 1948 Script.
744 1883 1010 1937 versione.
1046 1883 1150 1938 Sed
1180 1900 1286 1940 non
1311 1888 1594 1942 advertunt
1628 1892 1865 1958 potuisse

251 1985 391 2026 esse
424 1984 741 2042 corruptum
774 1984 976 2028 textum
1020 1976 1335 2043 Hebraeum,
1369 1995 1489 2033 cum
1522 1995 1707 2035 revera
1746 1984 1866 2036 Bel-

249 2063 566 2130 larminus,
611 2066 703 2119 lib.
736 2081 773 2119 ιι
799 2067 866 2121 de
902 2067 1082 2123 Verbo
1114 2069 1229 2134 Dei,
1278 2084 1395 2138 cap.
1432 2072 1518 2133 12,
1552 2071 1742 2140 legerit
1772 2089 1865 2127 co-

249 2153 446 2208 dieem
515 2156 568 2209 in
596 2172 702 2226 quo
732 2159 985 2228 scriptum
1022 2170 1139 2215 erat
1172 2162 1433 2218 liebraice
1460 2166 1594 2231 ipsa.
1629 2166 1691 2219 Et
1721 2167 1864 2235 quod

252 2261 361 2301 vox
398 2246 632 2302 Hebraea
660 2264 780 2316 quae
804 2264 897 2318 per
918 2252 1083 2322 ipsum
1114 2252 1380 2321 redditur,
1414 2254 1679 2325 signiticet
1700 2259 1862 2312 etiam

252 2338 412 2405 ipsa,
448 2339 692 2407 quamvis
719 2341 896 2396 minus
943 2342 1250 2412 frequenter
1297 2345 1365 2399 ita
1408 2348 1733 2415 accipiatur,
1767 2352 1863 2403 do-

247 2441 386 2485 cent
426 2442 677 2487 auctores
705 2434 898 2503 linguae
927 2436 1205 2491 llebraicae
1231 2440 1562 2506 peritissimi.
1590 2441 1645 2496 S.
1683 2446 1861 2513 Augu-

247 2524 446 2578 stinus
472 2524 542 2577 ad
572 2526 823 2582 editionis
868 2538 1065 2583 nostra;
1106 2530 1391 2586 lectionem
1439 2538 1644 2589 accedit
1678 2538 1766 2590 lib.
1807 2554 1860 2591 ιιι

246 2615 317 2669 de
341 2616 564 2670 Genesi
596 2617 660 2671 ad
685 2618 791 2685 lit.,
822 2633 939 2688 cap.
965 2620 1033 2676 56
1067 2619 1414 2677 :Inimieitias
1441 2642 1626 2693 ponam
1658 2628 1786 2678 inter
1816 2638 1862 2681 te

247 2718 292 2761 et
321 2710 629 2776 mulierem,
659 2720 708 2763 et
738 2712 869 2766 inter
895 2730 1063 2768 semen
1096 2726 1238 2769 tuum
1258 2727 1306 2770 et
1333 2736 1499 2773 semen
1540 2720 1701 2777 illius.
1736 2721 1863 2791 Ipsa

255 2801 302 2868 ι
318 2800 435 2869 17
468 2800 561 2852 tibi
590 2803 803 2855 serrabit
826 2816 1000 2872 caput,
1024 2815 1071 2859 et
1093 2816 1143 2859 tu
1162 2809 1385 2872 seri-abis
1408 2812 1514 2880 ejus
1543 2813 1857 2866 ealcaneum.

247 2892 318 2945 Et
352 2892 465 2944 lib.
502 2907 541 2945 tt
567 2893 635 2945 de
680 2893 875 2949 Genesi
926 2896 1184 2952 adversus
1228 2900 1584 2966 Manichmos,
1626 2920 1742 2971 cap.
1791 2908 1857 2958 6:

251 2981 397 3048 Ipsa
421 2994 568 3035 tuum
599 2985 875 3039 observabit
904 2997 1077 3057 caput,
1105 2997 1150 3041 et
1182 2998 1235 3042 tu
1258 2990 1549 3045 calcaneum
1572 2994 1732 3048 illius.
1764 2995 1863 3048 Pa-

251 3078 404 3131 riter
426 3076 484 3129 S.
530 3076 866 3144 Ambrosius,
897 3080 964 3134 de
997 3081 1138 3151 Fuga
1170 3084 1350 3137 sa'culi
1375 3099 1491 3152 cap.
1527 3086 1591 3139 7:
1620 3086 1742 3155 Ipsa
1772 3089 1861 3141 tibi

246 3170 557 3224 observabit
588 3185 762 3239 caput;
794 3184 838 3225 et
868 3181 922 3225 tu
953 3174 1092 3227 illius
1119 3175 1434 3229 calcaneum.
1474 3174 1729 3234 Claudius
1756 3180 1859 3234 Ma-
1887 3163 1932 3225 (ἶ

245 3262 368 3318 rius
406 3261 691 3317 Victorius
714 3265 913 3317 saeculo
946 3266 1049 3318 vin
1080 3264 1349 3320 Genesin:

523 3374 737 3441 Pedibus
762 3389 925 3436 repes,
953 3383 1003 3426 et
1027 3386 1226 3439 pectore
1255 3392 1423 3441 prono,

306 3436 506 3501 legite
532 3443 614 3485 tuo
639 3440 814 3486 mulier
838 3436 1048 3499 perimet
1069 3454 1176 3487 cum
1194 3436 1571 3501 seinine,cujus

307 3498 549 3563 _C_allidus_
571 3502 808 3563 extremis
834 3498 1017 3547 tantum
1045 3502 1339 3551 insidiabere
1362 3498 1556 3563 plantis,

308 3560 386 3608 Ut
416 3560 673 3620 trepidans
695 3562 841 3610 etiam
865 3562 1008 3623 capiti
1030 3565 1234 3625 vestigia
1262 3560 1390 3625 ligai.

245 3661 475 3717 Eadem
510 3671 666 3715 aetate
696 3661 935 3719 Alcimus
967 3666 1151 3719 Avitus
1184 3666 1499 3720 Viennensis
1543 3669 1854 3738 episcopus,

245 3754 514 3823 \‘nlgatze
543 3754 821 3810 lectionem
856 3755 1233 3826 Prudentiique
1251 3757 1745 3827 interpretationem
1768 3776 1855 3814 se-

242 3854 418 3898 cutus
455 3852 541 3897 est
568 3843 661 3897 lib.
695 3860 749 3897 ιιι
775 3844 1005 3900 Cenes:

308 3935 458 4004 Qlim
482 3936 597 3996 erit,
624 3944 673 3983 ut
698 3949 871 3986 sexum
897 3937 1391 4004 muliebrempronus
1416 3954 1441 3988 a
1458 3940 1609 4004 iores,

310 3997 483 4056 Cujus
508 4006 559 4043 tu
585 4010 855 4058 quanquam
876 3998 1058 4058 pavide
1084 4001 1380 4049 insidiabere
1406 4004 1544 4050 calci.

309 4058 571 4123 gemeret
590 4071 681 4105 una
702 4067 841 4123 caput
866 4062 1061 4107 tandem
1085 4062 1170 4109 tibi
1193 4065 1369 4110 femina
1395 4065 1591 4123 victrix,

307 4120 741 4180 Naseendumque
769 4121 913 4169 etiam
938 4122 1018 4169 tali
1044 4123 1107 4171 de
1139 4125 1309 4184 stipite
1333 4138 1558 4185 germen.

242 4221 413 4276 Alios
444 4223 777 4275 recentiores
791 4224 1008 4277 omitto.
1036 4224 1157 4278 llazc
1176 4225 1315 4279 enim
1337 4225 1547 4281 abunde
1561 4226 1854 4297 sufficiunt,

242 4322 305 4365 ut
335 4311 567 4381 penitus
600 4313 872 4367 refellatur
901 4314 1235 4369 Abrahamus
1264 4316 1523 4371 Costerus
1563 4318 1615 4371 in
1650 4333 1749 4373 suo
1794 4320 1859 4373 li-

244 4402 402 4458 bello
428 4421 441 4454 :
480 4402 681 4456 Vindex
702 4405 801 4458 laci
827 4406 886 4459 S.
920 4406 1202 4472 Scriptura:
1225 4407 1407 4462 Cenes.
1439 4426 1516 4476 ιιι,
1544 4410 1631 4477 15,
1661 4428 1692 4463 a
1720 4413 1860 4466 vitic-

1979 525 2048 580 15
2076 543 2088 578 :
2122 527 2367 591 Quamvis
2410 546 2532 601 ergo
2573 530 2788 587 Patrum
2818 538 3026 603 quidam
3059 549 3107 591 to
3140 556 3251 595 ιιιεΑ
3290 545 3562 614 retineant,

1976 617 2312 685 praedicatum
2342 629 2509 674 tamen
2539 636 2813 678 CONTERET
2836 641 3004 681 carur
3032 646 3125 683 nec
3145 645 3446 703 agnoscunt,
3476 653 3567 692 nec

1976 719 2255 775 exponunt.
2286 711 2439 777 Quod
2490 712 2611 767 ideo
2659 714 2808 779 dicit,
2848 718 2971 786 quia
3007 723 3246 777 nonnulli
3278 725 3563 794 legerunt:

1975 801 2089 869 ipsa
2117 818 2463 857 onssnvaurr.
2495 804 2680 875 Neque
2712 809 2890 861 verius
2931 810 3121 866 eodem
3152 828 3273 882 cap.
3298 829 3569 888 oppugnat

1975 889 2319 946 Franciscum
2368 894 2727 965 Brugensem,
2758 899 2846 965 qui
2888 901 3076 967 probat
3108 903 3416 973 lectionem,
3452 923 3561 962 [PSA

1973 999 2272 1050 consum,
2299 991 2462 1042 textui
2490 989 2750 1045 llebraico
2780 1007 2883 1045 non
2916 1009 3237 1064 repugnare.
3267 998 3434 1068 Negat
3457 1000 3561 1054 ibi-

1973 1076 2093 1131 dem
2122 1080 2404 1134 commoda
2436 1083 2796 1151 expositione,
2833 1100 2991 1154 quam
3022 1087 3400 1159 Bellarminus,
3439 1092 3569 1145 Bru-

1972 1170 2174 1237 gensis,
2206 1171 2410 1240 aliique
2435 1175 2712 1238 exhibent,
2749 1177 3029 1231 lectionem
3062 1177 3343 1249 Vulgatam
3395 1184 3563 1252 accipi

1973 1274 2152 1328 posse.
2196 1261 2391 1316 Verum
2434 1264 2806 1320 lleterodoxos
2843 1267 3057 1323 Grotius
3090 1271 3319 1340 ingenue
3369 1273 3567 1329 fatetur

1971 1366 2189 1406 sensum
2223 1353 2354 1407 satis
2376 1356 2718 1411 commodum
2741 1374 2809 1411 ex
2836 1376 2895 1413 ea
2925 1360 3154 1418 lectione
3182 1365 3317 1418 erui.
3344 1366 3457 1420 lloc
3488 1377 3565 1421 ta-

1974 1460 2095 1499 men
2153 1444 2380 1513 fatebor,
2429 1449 2786 1517 antiquiorem
2839 1466 3020 1507 nostro
3044 1465 3201 1523 poeta
3233 1459 3500 1513 neminem
3531 1474 3561 1513 a

1975 1551 2062 1589 me
2093 1536 2285 1601 visum,
2318 1539 2407 1605 qui
2431 1538 2573 1593 clare
2603 1543 2795 1609 legerit
2820 1558 3118 1609 CONTERET,
3153 1546 3247 1600 sed
3279 1562 3382 1600 non
3406 1550 3560 1603 dubi-

1972 1636 2027 1681 to
2048 1629 2174 1697 quin
2224 1628 2314 1682 alii
2346 1634 2722 1697 prmcesscrint
2748 1650 2759 1685 :
2786 1641 2840 1688 et
2870 1635 3052 1703 hymni
3082 1638 3296 1705 quidem
3326 1639 3563 1694 Pruden-

1973 1719 2124 1784 tiani,
2182 1720 2234 1774 in
2287 1723 2469 1775 multis
2530 1724 2773 1780 ecclesiis
2829 1728 3108 1795 celebrati,
3166 1731 3297 1785 satis
3338 1732 3564 1799 probant

2701 1818 2858 1870 fuerit
2915 1823 3181 1874 sententia
3236 1822 3303 1876 de
3350 1823 3565 1894 Virgine

1973 1909 2261 1953 conterente
2286 1912 2436 1971 caput
2464 1908 2728 1973 serpentis,
2765 1906 2866 1961 hoc
2896 1920 3001 1972 est,
3035 1924 3313 1977 peccatum
3333 1914 3565 1982 origina-

1971 1990 2043 2056 le,
2079 2000 2134 2043 nt
2165 1992 2262 2047 SS.
2294 1993 2482 2049 Patres
2512 2009 2565 2049 et
2596 1997 2811 2067 interpr!
2839 2010 2914 2052 tes
2944 2013 3236 2070 exponunt.
3260 2004 3563 2063 Mazochius

1968 2079 2021 2133 in
2051 2082 2216 2135 addit.
2252 2086 2314 2137 ad
2350 2083 2588 2152 Junium,
2619 2102 2736 2156 pag.
2766 2089 2869 2143 990
2919 2103 3046 2144 tom.
3080 2091 3143 2145 ιιι
3174 2094 3381 2149 calend.
3419 2113 3556 2164 pra:-

1966 2173 2109 2226 clare
2154 2173 2427 2229 Ambrosii
2470 2178 2645 2233 locum
2701 2195 2865 2235 serm.
2899 2182 2968 2236 ἓξ
2998 2184 3050 2237 in
3074 2185 3209 2254 psal.
3244 2202 3425 2253 cxvm,
3461 2202 3558 2257 pro

1965 2268 2227 2318 sententia
2255 2266 2333 2334 pia
2359 2268 2614 2337 expliCat.

2572 2382 2797 2439 CAPUT
2846 2386 2934 2439 ΧΙ.

1969 2489 2119 2543 [litus
2156 2492 2506 2570 ecclesiastici,
2546 2497 2631 2570 qui
2668 2513 2808 2570 nunc
2855 2499 3043 2570 rigent,
3074 2500 3343 2555 Prudentii
3371 2520 3477 2558 aeuo
3505 2507 3554 2560 in

2163 2560 2394 2615 Ecrlesia
2427 2560 2619 2617 usitati.
2655 2560 2937 2622 Luntinurn
2968 2560 3105 2636 usus,
3141 2583 3186 2624 et
3208 2589 3376 2643 copia.

2042 2676 2198 2744 118
2233 2675 2353 2729 159.
2402 2677 2589 2731 Solent
2630 2679 2867 2734 ltwretici
2902 2682 3084 2751 (atque
3122 2684 3322 2739 utinam
3369 2687 3401 2740 ii
3453 2689 3553 2743 soli

1962 2768 2201 2835 essent!)
2248 2769 2596 2822 carremonias
2627 2785 2761 2837 pene
2793 2786 3001 2835 omnes,
3049 2778 3370 2843 praesertim,
3418 2794 3552 2846 quas

1966 2854 2206 2909 Romana
2240 2858 2453 2911 adhibet
2481 2859 2743 2927 Ecclesia,
2780 2873 3154 2931 contemnere,
3188 2876 3241 2919 et
3271 2882 3388 2919 eum
3416 2867 3565 2935 ipsis.

1965 2950 2283 3001 venerabilis
2315 2950 2605 3017 antiquitas
2636 2951 2906 3022 obiicitur,
2949 2964 3039 3008 aut
3072 2968 3264 3023 negant
3304 2958 3403 3012 sub
3436 2959 3551 3027 ipso

1964 3038 2230 3092 nascentis
2261 3038 2510 3093 ECCICSitB
2543 3040 2695 3095 initio
2728 3058 2819 3096 eas
2844 3043 3008 3098 fuisse
3037 3045 3328 3114 adhibitus,
3356 3059 3448 3102 aut
3478 3063 3547 3104 ex

1963 3129 2245 3182 cthnicism
2271 3150 2280 3179 ›
2309 3143 2357 3182 et
2376 3128 2652 3184 Judaismo
2673 3134 2930 3201 originem
2954 3134 3165 3189 trahere
3190 3139 3542 3204 reSpOttdent.

1965 3218 2018 3272 In
2047 3235 2153 3288 quo
2182 3236 2367 3289 parum
2411 3220 2612 3286 vident,
2638 3223 2750 3276 sive
2776 3210 2904 3277 caeci
2942 3226 3159 3279 omnino
3191 3237 3333 3290 sunt,
3359 3228 3549 3283 duces.

1963 3327 2066 3379 quo
2094 3327 2379 3365 cmcorum.
2422 3312 2574 3379 Quod
2607 3314 2748 3366 enim
2794 3314 2858 3367 ad
2891 3315 3066 3383 priora
3100 3318 3197 3370 tria
3238 3321 3431 3371 saecula
3462 3335 3571 3389 apv

1962 3401 2183 3469 pellant,
2241 3402 2467 3468 primunt
2518 3402 2741 3470 plurima
2790 3404 3061 3471 perierunt
3105 3406 3446 3474 documenta,
3478 3424 3547 3463 ex

1960 3494 2152 3561 quibus
2186 3494 2301 3546 haec
2338 3494 2451 3561 ipsa
2492 3509 2610 3561 qua:
2639 3493 2973 3559 desiderant,
3024 3509 3236 3564 pOSSent
3270 3497 3545 3553 illustrari.

1960 3586 2128 3649 Quam
2161 3586 2322 3637 multa
2353 3585 2492 3638 enim
2517 3593 2639 3638 sunt
2668 3601 2788 3655 quae
2827 3601 2890 3639 ex
2920 3602 3021 3640 uno
3048 3596 3247 3641 tantum
3289 3590 3458 3657 aliqua
3486 3592 3548 3645 li-

1961 3675 2048 3728 bro
2103 3686 2326 3730 exstante
2358 3678 2422 3730 ad
2453 3686 2688 3731 nostram
2736 3679 2978 3732 notitiam
3007 3679 3371 3737 devenerunt?
3401 3700 3543 3753 quas,

1960 3766 2004 3819 si
2040 3768 2081 3820 is
2111 3767 2249 3821 liber
2288 3769 2556 3835 periisset,
2613 3770 2804 3824 eodem
2840 3771 2962 3839 jure
3014 3787 3152 3826 nunc
3198 3787 3541 3843 negarentur.

1963 3858 2163 3913 Deinde
2215 3861 2265 3911 in
2297 3860 2361 3912 iis
2392 3876 2509 3928 quae
2563 3861 2627 3913 ad
2656 3862 2856 3915 cultum
2911 3863 3183 3931 publicum
3244 3870 3542 3933 pt'msertitn

1962 3951 2101 4003 circa
2128 3951 2346 4019 templa,
2376 3953 2561 4007 altaria
2604 3968 2897 4023 eorumque
2928 3965 3173 4010 ornatum
3205 3967 3259 4011 et
3293 3961 3549 4027 splendo-

1962 4056 2073 4094 rem
2121 4044 2410 4109 pertinent,
2453 4059 2643 4097 norma
2670 4046 2942 4114 religionts
2972 4050 3354 4115 congruentius
3382 4065 3445 4103 ex
3492 4067 3541 4105 tv

1962 4131 2180 4197 smculo,
2210 4131 2259 4183 in
2288 4147 2395 4200 quo
2426 4147 2524 4200 pax
2570 4133 2775 4187 reddita
2803 4142 2887 4188 est
2918 4134 3191 4201 Ecclesiae,
3217 4138 3325 4206 peti
3356 4140 3539 4207 debet,

1962 4235 2117 4289 quam
2149 4237 2212 4275 ex
2247 4224 2416 4276 tribus
2458 4224 2905 4292 prmcedentibus,
2943 4227 2992 4279 in
3022 4228 3212 4294 quibus
3251 4229 3540 4287 Christiani

1963 4326 2069 4364 non
2085 4327 2147 4366 ea
2170 4314 2348 4367 omnia
2365 4326 2510 4369 certe
2531 4331 2648 4384 quae
2675 4317 2897 4383 vellent,
2929 4328 3173 4386 poterant
3199 4323 3418 4391 exsequi
3437 4323 3537 4392 (a).

1960 4406 2091 4459 Cum
2145 4417 2324 4460 autem
2378 4408 2552 4462 cultus
2600 4424 2721 4479 erga
2790 4410 2955 4463 Deum
3020 4413 3262 4466 externis
3321 4415 3541 4484 quibus-

241 4511 306 4548 ια
334 4495 776 4562 interpretatione
805 4496 866 4550 de
892 4495 954 4549 Β.
995 4496 1202 4567 Virgine
1228 4497 1420 4566 Maria,
1455 4516 1571 4571 qua:
1599 4503 1651 4554 in
1675 4500 1855 4556 Bibliis
1883 4531 1935 4591 D
1961 4498 2080 4551 dant
2111 4498 2319 4567 ritibus,
2346 4509 2398 4554 et
2428 4501 2762 4555 caeremoniis
2791 4501 2983 4556 debeat
3036 4504 3298 4569 exerceri,
3349 4521 3538 4562 eorum

244 4584 516 4638 Ecclesia:
546 4583 788 4638 Romana:
810 4590 926 4657 jam
958 4587 1049 4639 diu
1085 4587 1394 4653 inveteravit,
1420 4592 1507 4659 qui
1539 4600 1712 4645 exstat
1744 4592 1848 4646 vol.

240 4675 288 4730 ll
322 4677 604 4729 Thesauri
639 4676 761 4730 libr.
806 4677 1003 4747 philog.
1036 4689 1089 4732 et
1120 4679 1357 4734 historic.
1391 4681 1612 4735 Thomas
1643 4682 1846 4738 Crenii.

240 4766 526 4822 Costerus
572 4781 689 4832 cap.
720 4767 752 4820 5
793 4770 1017 4823 ﬁdenter
1052 4771 1123 4823 ait
1155 4788 1165 4822 :
1197 4769 1372 4824 Lectio
1409 4772 1535 4839 ltwc,
1570 4786 1683 4827 IPSA
1723 4788 1852 4829 cou-

316 4923 407 4994 (a)
465 4924 653 5001 ﬁcque
677 4924 815 4978 enim
850 4925 1134 5001 Lutlterus,
1166 4926 1416 4982 Calvinus
1448 4931 1647 4999 aliique
1689 4933 1847 5001 huju.

236 4995 499 5049 scetnodi
528 4996 910 5069 ret'ormatures
947 4997 1137 5051 melius
1168 5010 1365 5052 norunt
1412 4995 1656 5069 quietiam
1689 4995 1849 5059 fuerit

237 5067 918 5142 consuetudo,__qu:enam
972 5082 1124 5142 mens
1166 5067 1617 5142 Ecclesizetribus
1665 5076 1848 5142 primis

237 5138 523 5209 εωειιιίξ,Δ
553 5135 679 5209 quid
726 5138 893 5209 magis
942 5148 1059 5209 post
1088 5139 1341 5194 Ecclesia:
1391 5156 1575 5207 pacem
1634 5135 1845 5209 deccat,

238 5205 550 5281 quarnUSS.
600 5207 676 5281 illi
727 5205 933 5281 Patres,
975 5208 1223 5262 doctores
1241 5220 1294 5264 et
1332 5205 1586 5281 episcopi,
1619 5205 1845 5281 quorum

236 5277 503 5331 consiliis
532 5285 586 5330 et
617 5278 856 5331 doctrina
892 5285 1170 5346 tantopere
1220 5282 1328 5345 ipsa
1365 5277 1601 5337 Ecclesia
1637 5277 1847 5340 saeculo

240 5362 298 5399 tv
335 5349 549 5400 ﬂoruit.
584 5347 814 5400 Joannes
840 5348 1213 5417 Marangonius
1239 5351 1431 5405 librum
1463 5355 1629 5407 edidit
1659 5372 1673 5407 :
1702 5355 1842 5408 Detle

238 5433 367 5469 ease
400 5417 709 5486 gentilesrlte
747 5435 773 5471 e
804 5422 1018 5487 profane
1045 5428 1348 5488 trnsportate
1376 5422 1445 5475 ad
1472 5440 1563 5477 uso
1592 5426 1653 5477 ed
1689 5442 1839 5477 orna-

236 5497 429 5564 mento
458 5489 592 5564 delle
631 5489 815 5564 eltiese.
859 5489 1015 5564 lfetro
1046 5489 1283 5564 Larzzeri,
1313 5496 1457 5548 claro
1496 5494 1548 5546 in
1579 5497 1838 5564 theologia

234 5568 299 5610 et
348 5558 577 5630 historia
602 5559 962 5612 eccle.iastica
987 5563 1209 5626 nornini,
1237 5563 1477 5630 displicet
1506 5565 1619 5619 haee
1644 5558 1843 5617 Maran-

235 5627 399 5695 gonii
430 5628 768 5698 aliormnque
795 5630 1004 5697 opinio;
1030 5630 1119 5698 qui
1149 5627 1700 5688 indissertation--sen
1729 5637 1840 5686 dia-

239 5700 418 5759 triba,
457 5698 532 5751 De
557 5698 689 5768 {nisa
718 5708 936 5753 veterum
963 5699 1364 5757 Christianorum
1391 5706 1579 5758 rituum
1608 5723 1637 5757 a
1667 5706 1843 5757 ritibus

234 5769 579 5822 etimit-orum
612 5770 821 5839 Origine,
856 5786 886 5823 α
921 5770 1071 5824 Petro
1096 5771 1306 5829 Rinaldi
1339 5778 1388 5829 in
1407 5776 1615 5848 collegio
1653 5775 1845 5830 Roma-

1962 4606 2089 4646 γει-ο
2118 4594 2313 4646 ritnmn
2356 4608 2608 4647 nunerus
2652 4595 2721 4648 sit
2761 4595 3153 4664 quodammodo
3197 4598 3538 4654 circumscri-

1956 4694 2098 4753 ptus,
2120 4695 2174 4740 et
2193 4702 2221 4739 a
2246 4694 2430 4739 natura
2457 4686 2526 4739 sit
2546 4698 2909 4756 comparatum
2934 4700 3076 4742 certa
3100 4691 3363 4760 obsequii,
3382 4704 3433 4748 et
3455 4708 3541 4748 re-

1956 4780 2207 4833 verentia:
2234 4779 2381 4849 signa
2406 4780 2682 4844 exhibere,
2707 4796 2822 4849 quae
2846 4780 2955 4834 fere
2984 4781 3121 4850 apud
3141 4796 3330 4839 omnes
3354 4796 3537 4855 gentes

1956 4952 2020 4988 no
2041 4935 2214 4987 habita
2239 4952 2371 4988 anno
2411 4937 2565 5003 1777,
2605 4936 2809 5014 probat,
2845 4938 2905 4989 l0
2947 4938 3152 5014 nullum
3184 4941 3358 4996 allerri
3388 4959 3538 5014 argu-

1958 5018 2205 5059 tnentum
2224 5023 2327 5073 quo
2356 5018 2662 5061 nostrorum
2690 5008 2884 5061 rituum
2908 5022 2939 5061 a
2981 5010 3169 5064 ritibus
3196 5008 3531 5069 ethnicorum

1956 5078 2104 5150 origo
2137 5092 2258 5129 vere
2297 5078 2727 5150 demonstretur;
2752 5078 2811 5150 2°
2841 5078 3038 5150 nullam
3073 5082 3335 5150 assignari
3363 5101 3532 5137 caere-

1954 5147 2187 5199 moniam
2231 5157 2462 5201 veterem
2521 5164 2547 5199 a
2592 5148 2851 5202 catholica
2903 5149 3140 5203 Ecclesia
3172 5147 3532 5207 communior

1952 5217 2314 5288 observatam,
2347 5233 2465 5288 qua:
2498 5218 2667 5271 multo
2693 5219 2881 5270 melius
2903 5228 3064 5285 atque
3085 5222 3421 5274 commodius
3450 5238 3533 5276 re-

1952 5289 2057 5355 peti
2081 5287 2413 5342 aliundenon
2434 5291 2598 5356 possit
2616 5304 2630 5352 ;
2648 5289 2702 5342 5°
2719 5298 2953 5355 Spectata
2978 5288 3074 5342 SS.
3103 5290 3314 5343 Patrum
3339 5290 3535 5343 doctri-

1948 5364 2099 5428 naet
2139 5363 2300 5412 veteri
2328 5359 2576 5412 Ecclesiae
2619 5358 2921 5424 discnplina,
2954 5360 3236 5427 orig'nem,
3267 5376 3421 5428 quam
3453 5362 3524 5414 illi

1950 5426 2159 5491 volunt,
2184 5428 2442 5496 assignari
2466 5429 2612 5499 nullo
2637 5428 2796 5499 modo
2825 5442 3001 5495 posse.
3032 5426 3371 5499 Loquitur-de
3398 5445 3527 5497 qua-

1948 5507 2070 5550 tuor
2116 5499 2300 5564 primis
2344 5498 2574 5564 smculis,
2629 5506 2683 5550 et
2711 5498 3056 5563 illudurget,
3106 5510 3309 5552 natura:
3361 5500 3530 5565 legem

1949 5568 2137 5634 ipsam,
2195 5576 2354 5633 atque
2408 5568 2713 5619 instinctum
2760 5568 2823 5620 ad
2878 5570 3134 5636 q’nasdam
3187 5570 3533 5623 caeremonias

1950 5636 2101 5705 quasi
2153 5650 2309 5705 manu
2355 5645 2593 5700 tempore
2646 5638 2791 5690 omni
2839 5638 3147 5701 deduxisse,
3203 5653 3307 5688 non
3354 5641 3529 5693 nt‘nus

1952 5720 2108 5774 quam
2131 5704 2195 5758 ad
2220 5706 2352 5759 alias
2379 5707 2643 5774 actiones,
2676 5719 2725 5761 tt!
2755 5708 3130 5772 manducandi,
3178 5706 3415 5769 bibendi,
3446 5725 3531 5765 vc.

1954 5775 2123 5831 Stibus
2154 5791 2211 5832 se
2234 5777 2501 5833 induendi.
