4000 6176
443 303 544 359 675

1852 287 2310 344 PRUDEN'I‘IUS.

3627 290 3721 341 670

444 428 635 487 eadem
662 432 808 489 sunt,
833 434 937 476 non
960 413 1376 476 estmirandum,
1396 411 1667 479 multoque
1686 408 1861 462 minus
1879 408 2039 477 119
2064 411 2119 468 Α
2143 414 2357 460 nantur.
2392 404 2458 458 Et
2488 416 2665 460 tamen
2712 405 2825 459 hinc
2854 403 2923 458 ab
2964 404 3095 474 ipsis
3127 403 3398 461 luereticis
3438 404 3492 459 in
3542 404 3731 473 primis

444 516 982 591 reprehendendum,
1034 510 1159 565 siin
1204 505 1437 563 ecclesia
1475 504 1741 559 catholica
1792 501 1955 556 etiam
2007 513 2038 552 a

447 589 691 678 tempore
741 603 1106 674 apostolorum
1152 595 1571 653 consuetudines
1612 594 1807 661 aliqua:
1840 589 2039 645 iuerint

447 706 699 770 inducta,
734 714 960 769 quarum
993 696 1195 750 similes
1222 693 1292 747 ab
1338 692 1568 747 ethnicis
1601 687 2037 745 celebrabantur.

448 797 684 853 Gentiles
706 808 769 847 ex
801 790 1037 845 Hebraeis
1061 786 1357 855 sumpsisse
1379 797 1515 853 pene
1543 794 1757 834 omnem
1776 781 2039 834 rationem

448 900 499 945 et
531 886 769 952 modum,
796 898 903 953 quo
932 882 1063 936 deos
1084 895 1210 933 suos
1226 878 1485 939 colerent,
1512 875 1941 929 demonstratum
1959 880 2042 925 est

448 980 502 1035 in
532 977 907 1033 dissertatione
935 982 1066 1027 tom.
1098 971 1189 1025 Vll
1239 969 1502 1038 Antiquit.
1550 965 1727 1020 Gneo.
1774 962 2038 1024 Gronov.,

449 1083 568 1142 pag.
598 1072 621 1125 ι
652 1087 666 1123 :
704 1068 932 1121 Danietis
972 1064 1197 1119 Clasenii
1227 1060 1485 1132 theologia
1516 1059 1802 1129 gentilium,
1833 1071 1924 1109 seu
1953 1055 2041 1107 de-

452 1162 773 1225 monstratio,
824 1174 923 1227 qua
972 1155 1240 1225 probatur,
1278 1151 1545 1222 gentilium
1574 1148 1880 1219 theologiam
1927 1145 2041 1213 (ceu

454 1250 728 1322 tenebras),
759 1250 902 1312 deos,
957 1247 1233 1313 sacriﬁcia,
1287 1253 1334 1297 et
1365 1244 1471 1295 alia
1500 1257 1562 1295 ea:
1591 1241 1731 1308 {ante
1763 1238 2045 1307 Scriptura:

456 1348 572 1416 (ceu
601 1343 740 1412 luce)
769 1341 1014 1412 originem
1055 1339 1293 1391 traxisse.
1339 1335 1562 1390 Domum
1590 1332 1801 1385 Hebraei
1850 1343 1880 1382 a
1932 1329 2043 1382 Deo

456 1437 633 1493 edocti
658 1434 873 1489 fuerunt
899 1431 1093 1501 quibus
1121 1444 1241 1483 eum
1275 1428 1467 1481 ritibus
1483 1423 1726 1478 venerari
1758 1420 2038 1482 deberent,

456 1529 701 1597 adeoque
732 1525 1004 1592 sapienter
1034 1521 1188 1591 primi
1213 1518 1490 1573 christiani
1525 1518 1785 1579 iecerunt,
1818 1513 1943 1567 dum
1975 1510 2041 1564 ad

454 1629 693 1675 veterem
724 1616 903 1687 pepuli
938 1613 1214 1668 lsraelitici
1238 1609 1573 1679 disciplinam
1602 1605 1891 1661 nonnullas
1917 1618 2042 1657 suas

458 1710 809 1766 eteretnonias
864 1705 1199 1759 stabilierunt
1269 1717 1363 1771 pro
1436 1714 1498 1755 ea
1563 1706 1824 1769 potestate
1879 1712 2038 1766 quam

2144 500 2244 555 l‘uit
2288 507 2544 568 praetexta
2595 511 2758 552 causa
2788 495 3143 551 dissensionis
3182 512 3213 551 a
3258 498 3455 566 capite.
3503 494 3735 551 Aiebam

2140 592 2347 647 clerum
2378 591 2679 645 Romanum
2711 602 3027 658 corruptum
3064 603 3205 654 esse,
3237 589 3624 644 reformatione
3656 589 3736 641 in-

2141 685 2350 753 digere.
2398 682 2502 753 lpsi
2551 692 2748 747 autem,
2782 681 2910 736 dum
2939 682 3161 749 cupiunt
3183 683 3352 736 vitare
3376 681 3737 752 Charybdim,

2145 776 2448 831 inciderunt
2479 775 2529 829 in
2557 774 2818 846 Scyllam,
2852 773 2936 829 vel
2960 773 3135 828 dicam
3169 775 3378 830 melius.
3429 774 3738 828 inciderunt

2146 869 2197 921 in
2246 868 2506 938 Scyllam,
2553 881 2729 936 neque
2769 864 3095 937 Charybdim
3128 868 3385 920 vitarent.
3440 867 3602 937 120
3641 865 3739 917 Fa-

2142 960 2243 1014 cile
2270 968 2417 1013 esset
2449 966 2614 1012 totam
2640 958 2775 1012 hanc
2804 958 3225 1011 controversiam
3254 956 3515 1009 adversus
3546 971 3737 1009 recen-

2146 1062 2222 1107 tes
2252 1051 2511 1121 quasdam
2560 1052 2827 1105 novitates
2879 1050 3175 1115 instruere;
3226 1064 3346 1102 nam
3399 1052 3560 1103 etiam
3594 1061 3736 1101 nunc

2143 1153 2266 1199 sunt
2296 1144 2387 1213 qui
2419 1144 2711 1197 novitatem
2742 1142 2793 1196 in
2824 1143 3141 1210 antiquitate
3170 1142 3455 1204 rimantur,
3482 1148 3543 1192 tit
3563 1140 3633 1192 de
3656 1139 3734 1192 sui

2145 1236 2400 1304 temporis
2443 1234 2712 1289 haereticis
2742 1242 2899 1289 acute
2929 1233 3070 1287 dixit
3122 1233 3461 1288 Maldonattzs
3513 1233 3584 1285 ad
3616 1246 3735 1298 t-ap.

2145 1329 2341 1384 tJoan.
2375 1344 2516 1383 vers.
2548 1327 2679 1397 t(a).
2706 1326 2906 1382 Verum
2961 1342 3048 1381 res
3081 1327 3219 1393 ipsa,
3264 1340 3348 1380 ne
3394 1333 3631 1389 tacente,
3672 1324 3741 1379 lo-

2144 1422 2345 1490 quitur.
2374 1419 2549 1474 Unum
2596 1422 2816 1472 atl'eram
2851 1418 3156 1485 exemplum
3194 1418 3262 1473 de
3309 1432 3410 1470 usu
3453 1417 3738 1481 inusittum,

2146 1527 2212 1566 ne
2238 1526 2267 1565 a
2299 1511 2594 1565 Prudentia
2625 1522 2810 1563 austro
2841 1508 3110 1564 recedam.

2223 1602 2345 1657 Nl.
2382 1602 2702 1671 Benedictus
2730 1602 2868 1663 XIV,
2905 1602 2996 1655 lib.
3032 1620 3077 1667 t,
3109 1618 3227 1670 cap.
3262 1603 3317 1663 5,
3361 1604 3431 1656 de
3460 1600 3740 1655 Sacriﬁcio

2148 1697 2329 1752 missae
2369 1706 2553 1751 contra
2587 1696 2806 1749 Vertum
2848 1705 2900 1748 et
2940 1694 3276 1750 .loacliimum
3312 1693 3737 1748 llildcbrsndum

455 1800 701 1856 Christus
726 1796 980 1851 Ecclesia
1002 1808 1113 1847 suae
1129 1792 1572 1846 concessituovas
1586 1787 1851 1844 condendi
1870 1787 2036 1855 leges,
2076 1777 2118 1834 Β
2147 1788 2431 1843 ostendere
2457 1797 2705 1852 conatur,
2733 1786 2924 1856 primis
2956 1787 3209 1841 Ecclesia:
3248 1787 3460 1840 steculis
3498 1784 3738 1837 adhibita

455 1900 612 1961 prout
639 1905 724 1944 res
770 1888 882 1958 ipsa
911 1895 965 1941 et
995 1892 1235 1954 tempora
1263 1881 1618 1952 opportunius
1645 1880 1865 1948 exigere
1896 1877 2043 1933 vide-

456 1995 660 2040 Nllllll'.

526 2074 649 2127 HO.
682 2070 774 2126 His
812 2067 1110 2125 rationibus
1144 2065 1464 2143 lvindicatur
1501 2062 1847 2129 Prudentius,
1882 2077 2040 2130 quem

458 2162 741 2220 acatholiei
772 2170 825 2215 et
857 2159 1244 2215 semicatholici
1291 2164 1568 2223 accusant,
1618 2154 1760 2225 quod
1792 2154 1925 2208 ritus
1950 2168 2042 2208 ve-

456 2269 597 2312 teres
631 2253 1044 2315 ecclesiasticos,
1078 2265 1212 2317 quos
1244 2262 1386 2301 nunc
1421 2246 1522 2317 ipsi
1562 2245 1873 2314 reprobant,
1917 2259 2042 2314 gra-

457 2347 611 2417 phice
642 2343 1007 2413 descripserit.
1034 2341 1165 2395 Nam
1197 2355 1317 2395 cum
1353 2339 1451 2393 viri
1499 2337 1657 2407 hujus
1699 2337 2039 2401 nobilissimi,

456 2438 597 2492 inter
628 2434 909 2489 szt-cularia
957 2432 1168 2500 negotia
1201 2428 1421 2493 versati,
1452 2430 1640 2496 pietas,
1686 2441 1789 2495 qua
1818 2427 2044 2495 ipsetnet

456 2527 718 2597 sepulcris
749 2532 1056 2579 sanctorum
1094 2520 1501 2581 advolvehatur,
1533 2526 1795 2587 martyres
1830 2519 2041 2572 terven-

457 2620 679 2674 tissimis
709 2615 953 2686 precibus
983 2612 1084 2666 sibi
1116 2621 1375 2680 patronos
1400 2609 1704 2675 invocabat,
1732 2623 1919 2663 eorum
1948 2621 2041 2662 ve-

459 2708 792 2764 nerationetn
824 2705 1195 2776 promovebat,
1228 2703 1324 2756 hos
1351 2708 1681 2756 novatoresa
1703 2716 1797 2752 sua
1830 2707 2044 2753 senten-

458 2802 529 2855 tia
576 2799 856 2853 deterrere
913 2794 1136 2849 omnino
1165 2792 1407 2860 deberet,
1441 2806 1547 2846 non
1597 2792 1699 2845 alia
1733 2792 1937 2845 ratione
1985 2805 2043 2844 se

456 2890 767 2961 expediunt,
802 2887 902 2942 nisi
925 2885 1320 2956 supersdtionis
1348 2883 1610 2939 vocabulo
1641 2893 1840 2936 temere
1866 2893 1920 2937 et
1947 2884 2044 2936 im-

458 2994 688 3054 portune
719 2980 983 3035 adhibito.
1017 2978 1200 3047 Neque
1231 2993 1329 3046 ego
1357 2977 1687 3046 negaverim,
1707 2976 1918 3044 ignarus
1950 2976 2045 3030 ho-

458 3081 630 3134 tuincs
682 3074 950 3129 interdum
1001 3074 1067 3125 ad
1113 3070 1545 3140 superstitionem
1591 3068 1883 3123 declinare.
1937 3068 2041 3123 Sed

458 3180 813 3239 praeterquam
848 3164 991 3235 quod
1037 3166 1205 3217 nostri
1248 3162 1427 3215 sateuli
1471 3176 1648 3215 mores
1678 3161 1843 3214 multo
1875 3161 2044 3230 magis

448 3259 748 3328 impietatis
778 3257 907 3311 vitio
943 3270 1100 3324 quam
1133 3252 1536 3323 snperstitionis
1561 3252 1827 3322 laborant,
1853 3268 2043 3322 supcr-

458 3354 602 3408 stitio
632 3366 751 3419 qua:
779 3350 831 3403 in
850 3349 933 3403 his
955 3348 1540 3414 ritibusnonnunquam
1566 3344 1799 3413 obrepit,
1831 3360 1935 3399 non
1962 3356 2043 3400 est

459 3455 736 3514 peccatum
789 3443 984 3510 legum,
1047 3439 1142 3493 sed
1200 3437 1510 3501 hominum,
1543 3440 1630 3506 qui
1679 3436 2044 3492 dilﬁculterin

459 3536 631 3590 media
665 3536 859 3587 virtute
901 3532 1221 3586 consistunt.
1254 3529 1468 3583 Memini
1500 3531 1552 3584 in
1597 3530 1893 3584 Annalibus
1920 3530 2047 3584 Lin-

458 3627 600 3696 gueti
634 3639 719 3678 me
749 3625 949 3693 legere,
974 3637 1095 3677 eum
1120 3620 1349 3675 Londini
1377 3620 1506 3674 dum
1537 3629 1868 3687 versaretur,
1892 3622 2045 3677 valde

460 3720 707 3775 tniratum
739 3717 901 3770 fuisse
919 3714 1352 3783 superstitionem
1370 3715 1566 3783 gentis,
1592 3730 1749 3784 quam
1775 3730 1897 3769 eum
1930 3716 2045 3784 ipse

459 3811 771 3865 auteaiu'er
792 3807 1086 3861 catholicos
1116 3807 1259 3860 solos
1282 3822 1506 3876 regnare
1534 3808 1874 3874 credidisset,
1899 3823 2047 3864 com-

458 3902 763 3971 peritusque
779 3900 859 3954 vel
882 3898 1050 3968 magis
1072 3898 1210 3967 apud
1236 3900 1436 3968 Anglos
1458 3899 1809 3969 triumphare.
1836 3902 1891 3956 lu
1914 3900 2051 3968 alio,

458 3994 554 4048 sed
588 4009 691 4047 non
731 3994 954 4045 multum
985 3989 1230 4044 dissimili
1282 4005 1478 4058 genere
1526 3990 1931 4047 reformatorum
1971 3994 2046 4047 in-

458 4085 811 4141 constantiam
843 4092 1032 4136 notare
1064 4081 1207 4137 licet.
1236 4081 1366 4136 Nam
1401 4083 1585 4136 Roma:
1606 4083 1846 4137 videmus
1874 4098 2033 4153 sape,

457 4186 513 4231 et
534 4176 650 4230 aliis
678 4177 838 4229 etiam
872 4175 925 4226 in
949 4174 1173 4228 urbilms
1194 4174 1284 4228 alii
1312 4174 1584 4236 videbunt,
1611 4191 1728 4240 eos,
1762 4190 1895 4243 quos
1940 4177 2039 4246 ipsi

458 4268 740 4338 episcopos
768 4273 823 4320 et
843 4265 1195 4335 praedicantes
1221 4280 1315 4319 sou
1340 4280 1583 4335 paswres
1606 4268 1806 4324 trahent
1850 4278 1904 4325 et
1949 4286 2039 4325 vo-

458 4368 601 4425 cant,
632 4359 860 4412 uenalia
893 4373 954 4413 re
974 4358 1127 4412 valde
1158 4359 1446 4428 cxeeilere,
1490 4376 1663 4428 neque
1691 4370 1748 4415 ut
1777 4361 2043 4417 excellant

458 4442 722 4517 laborare,
767 4453 866 4505 nisi
907 4460 965 4505 ut
992 4452 1129 4506 bene
1172 4451 1429 4519 equitem,
1465 4456 1634 4520 perite
1678 4455 1892 4520 saltent,
1924 4465 1979 4511 et
2014 4471 2042 4509 a

460 4544 587 4601 viris
610 4544 955 4600 Saecularibus
981 4557 1153 4611 neque
1172 4541 1377 4607 ιιίιικιιι,
1402 4558 1577 4611 neque
1601 4545 2041 4601 moribusdiscer.
2076 4541 2125 4598 υ

532 4746 605 4817 (a)
644 4744 805 4799 Vertit
834 4743 962 4812 forte
1010 4740 1219 4817 quidam
1250 4751 1425 4817 nostra
1461 4744 1704 4797 memoria
1735 4762 1827 4813 pro
1878 4762 2049 4802 VERBO

460 4814 811 4872 sannosum...
860 4816 1015 4865 secuti
1059 4822 1172 4863 sunt
1219 4814 1488 4865 nori'a'em
1536 4830 1708 4867 omnes
1749 4818 2044 4870 hwretioi...

460 4888 649 4940 Darem
676 4884 900 4952 aliquam
923 4885 1141 4944 veniam,
1174 4883 1217 4934 si
1250 4888 1404 4935 secuti
1442 4884 2039 4952 fuissentantiquitatem,

458 4960 511 5011 in
544 4972 662 5023 qua,
697 4965 746 5004 ut
771 4954 938 5006 statim
970 4952 1329 5017 indicabimus,
1365 4956 1507 5003 multi
1536 4956 1609 5005 ita
1632 4963 1903 5007 verterunt.
1940 4957 2044 5010 Sed

458 5029 701 5096 indignor
720 5024 1072 5096 Ineretieorum
1096 5023 1355 5096 ingenium
1387 5023 1685 5076 diverticula
1712 5027 2039 5089 sectantium,

458 5115 553 5150 nec
576 5094 685 5147 alia
725 5095 919 5145 ratione
948 5094 1237 5144 vocantium
1267 5108 1565 5157 sERsIONEM,
1606 5111 1758 5160 quam
1784 5096 1905 5165 quia
1954 5113 2043 5151 nos

460 5182 664 5222 VERBUM
689 5166 1031 5233 appellamus,
1066 5173 1111 5214 et
1138 5176 1437 5214 novmrest
1466 5178 1821 5225 QU.£ItENTlUM
1866 5182 1913 5219 IN
1947 5183 2042 5219 ss-

458 5232 765 5300 TlQUlT.\'l'E.
791 5232 928 5285 Nam
949 5234 1043 5306 etsi
1066 5234 1118 5306 id
1139 5234 1402 5297 antiquum
1430 5235 1704 5301 aliquando
1727 5238 1845 5306 fuit,
1874 5246 2043 5291 tamet
2074 5294 2075 5297 η

458 5311 580 5379 quia
598 5309 713 5379 jam
744 5306 911 5379 fuerat
941 5302 1221 5356 obsoletant
1237 5305 1347 5371 jam
1373 5314 1444 5356 est
1474 5320 1679 5361 novum.

529 5375 608 5445 (bl
633 5377 825 5445 ltelege
856 5375 1109 5444 hymnum
1144 5376 1227 5445 de
1252 5388 1388 5445 novo
1428 5375 1625 5430 lumine
1673 5376 1875 5431 sabbati
1911 5377 2037 5431 Pas-

459 5443 624 5503 chnlts
650 5465 661 5497 :
688 5443 927 5498 Inventor
982 5445 1146 5507 rutili,
1197 5444 1306 5497 dux
1346 5444 1490 5509 bone,
1534 5446 1810 5500 luminis...
1854 5446 2041 5500 Lucem

458 5522 611 5573 redde
647 5518 769 5580 tuis,
795 5514 1010 5578 Christe,
1039 5516 1343 5582 ﬁdelibus...
1374 5513 1594 5569 Incussu
1638 5517 1793 5569 silicis
1835 5518 2031 5571 lumina

461 5606 551 5642 nos
573 5599 739 5641 tamen
778 5584 1036 5639 Monstras
1064 5588 1307 5655 saxigeno
1336 5588 1523 5638 semine
1546 5603 1792 5651 quwrere.
1829 5586 1909 5641 Ne
1943 5604 2030 5640 nc-

460 5662 607 5711 sciret
656 5658 826 5720 homo,
860 5672 999 5725 spent
1030 5656 1131 5725 ASibt
1155 5658 1361 5708 luminis
1405 5656 1467 5707 In
1499 5655 1685 5710 Christi
1716 5658 1877 5710 solido
1918 5674 2023 5708 cor-

457 5742 584 5792 pore
621 5723 967 5779 conditam...
1002 5723 1162 5778 l'ioax
1181 5728 1387 5795 [lanata
1419 5728 1565 5793 viget,
1586 5745 1669 5780 seu
1694 5745 1811 5780 cura
1847 5728 2030 5780 testula

2146 1895 2173 1932 a
2202 1878 2516 1933 Christianis
2562 1877 2762 1931 lumina
2796 1891 2899 1931 non
2950 1877 3121 1930 solum
3174 1876 3239 1931 ad
3273 1875 3621 1945 depellendas
3675 1882 3741 1926 te-

2143 1970 2359 2034 nebras,
2420 1969 2511 2023 sed
2572 1970 2732 2023 etiam
2786 1983 2854 2023 ex
2902 1969 3199 2038 symbolica
3264 1984 3423 2022 causa
3476 1970 3529 2022 in
3588 1967 3741 2021 Vete-

2146 2063 2192 2117 ri
2225 2062 2483 2130 Novoqne
2510 2061 2861 2116 Testamento
2904 2062 3156 2117 indicata.
3188 2061 3595 2116 llildvbrandus
3617 2060 3739 2113 late-

2154 2163 2241 2206 tur
2271 2154 2473 2207 steculo
2503 2168 2552 2205 tv
2582 2168 2735 2207 usum
2764 2153 3023 2206 luminum
3058 2151 3395 2207 Christianos
3420 2152 3734 2216 retinuisse,

2148 2246 2248 2300 sub
2277 2246 2437 2299 tinem
2457 2245 2673 2300 demum
2692 2243 2872 2300 saeculi
2893 2262 2943 2299 tv
2971 2255 3313 2300 monumenta
3328 2255 3568 2309 exstare,
3600 2244 3738 2314 quod

2147 2337 2345 2391 lumina
2378 2336 2598 2392 accendi
2620 2338 3024 2402 consueverint,
3055 2338 3216 2391 etiam
3245 2352 3367 2391 eum
3393 2336 3509 2405 jam
3534 2336 3740 2390 illusis-

2146 2440 2226 2483 set
2255 2428 2392 2484 dies.
2424 2429 2479 2482 In
2509 2430 2625 2498 lege
2658 2428 2827 2482 veteri
2858 2429 3081 2498 mystica
3116 2428 3285 2495 magis
3304 2426 3374 2481 de
3390 2440 3553 2480 causa
3583 2440 3739 2494 quam

2146 2524 2211 2579 ad
2240 2523 2494 2593 iugandas
2522 2522 2770 2578 tenebras
2794 2523 2993 2577 lumina
3034 2522 3252 2577 accendi
3275 2521 3649 2581 consuevisse.
3676 2534 3741 2575 ex

2147 2614 2475 2669 candelabro
2515 2613 2694 2682 templi
2745 2624 2891 2667 recte
2934 2613 3175 2683 colligas.
3238 2612 3444 2666 Revera
3488 2609 3741 2663 aet-.ensio

2150 2706 2410 2760 luminutn
2439 2703 2659 2759 honoris
2684 2706 2805 2759 loco
2842 2705 2982 2773 apud
3014 2715 3228 2759 veteres
3275 2703 3455 2756 habita
3495 2710 3601 2755 est.
3637 2699 3742 2752 Ma-

2157 2795 2314 2851 ehab.
2372 2795 2434 2849 ll.
2486 2811 2569 2859 tv,
2620 2794 2725 2860 2‘2,
2772 2795 3071 2850 Antiochus
3139 2796 3199 2849 in»
3252 2793 3587 2849 llietusalem
3634 2807 3744 2844 ma-

2153 2889 2338 2961 gniﬁce
2363 2905 2393 2940 a
2420 2886 2613 2942 Jasone
2648 2894 2694 2941 et
2738 2888 2940 2940 civitate
2964 2897 3247 2957 susceptus,
3276 2902 3393 2938 cum
3426 2898 3742 2939 nectunt

2151 2995 2449 3043 Lusttxtnus,
2486 2988 2532 3032 et
2561 2977 2799 3031 laudibus
2827 2978 3088 3047 ingressus
3118 2986 3217 3045 est.
3246 2976 3434 3031 Cicero
3463 2975 3563 3028 lih.
3592 2990 3646 3028 Ill
3677 2972 3744 3027 de

2148 3075 2351 3129 Olliciis
2378 3090 2393 3126 :
2420 3072 2619 3127 Marius
2642 3072 2942 3126 asubsclliis
2967 3074 3020 3125 in
3044 3083 3209 3125 rostra
3231 3080 3398 3124 recta:
3415 3071 3575 3135 idque
3606 3067 3741 3136 quod

2150 3167 2482 3222 communiter
2504 3166 2840 3235 compositura
2867 3171 3059 3233 fuerat,
3081 3166 3223 3218 solus
3252 3165 3430 3218 edixit.
3460 3163 3525 3216 Et
3555 3180 3615 3215 ra
3642 3179 3743 3226 res,

2148 3262 2193 3314 si
2215 3260 2424 3329 quaeris,
2449 3262 2490 3312 ei
2525 3274 2707 3327 magno
2749 3258 2940 3311 honore
2976 3258 3094 3326 fuit.
3131 3256 3379 3311 Omnibus
3405 3256 3533 3309 vicis
3560 3265 3745 3308 statum

2152 3355 2343 3425 factae:
2384 3351 2451 3405 ad
2480 3366 2565 3404 eas
2609 3354 2725 3403 thus
2752 3359 2799 3404 et
2830 3353 2979 3404 cerei.
3032 3349 3204 3403 Eccur
3247 3349 3405 3417 igitur
3432 3347 3523 3402 hic
3574 3348 3746 3399 honor

2152 3446 2261 3499 Deo
2296 3440 2578 3497 habendus
2609 3456 2713 3495 non
2737 3440 2875 3496 erit?
2905 3440 2975 3495 At
3016 3440 3204 3509 primis
3233 3439 3487 3493 Ecclesia:
3530 3437 3748 3492 saeculis

2150 3535 2483 3592 Consuetudo
2537 3549 2643 3589 non
2700 3544 2818 3588 erat
2869 3533 3199 3588 accendendi
3243 3532 3446 3586 lumina
3484 3532 3748 3585 interdiu.

2155 3630 2457 3689 Concedam
2492 3645 2598 3683 non
2629 3637 2877 3685 constare
2909 3628 2974 3682 de
3000 3642 3062 3681 ea
3087 3625 3477 3681 consuetudine
3502 3642 3515 3677 :
3539 3634 3595 3678 at
3639 3624 3752 3679 rei-

2153 3738 2249 3793 psa
2282 3738 2387 3775 non
2418 3720 2604 3786 fuisse,
2638 3718 2888 3791 siquando
2911 3720 2974 3773 ad
3006 3717 3300 3773 Eeclesiam
3330 3716 3624 3771 Christiani
3664 3715 3755 3768 in-

2151 3814 2319 3868 terdiu
2357 3813 2729 3877 convenerint,
2784 3825 3052 3879 nunquam
3085 3808 3324 3864 evinces.
3375 3809 3487 3861 lmo
3522 3822 3658 3860 vero
3688 3821 3757 3860 ex

2156 3908 2221 3960 iis
2252 3921 2369 3975 qua:
2392 3906 2551 3959 habet
2574 3903 2897 3957 Prudentius
2933 3902 3133 3973 hymno
3161 3901 3216 3966 5,
3248 3909 3304 3953 ut
3337 3899 3473 3954 nihil
3502 3914 3651 3953 nunc
3676 3899 3757 3951 di-

2152 4012 2269 4053 cam
2301 3997 2368 4052 de
2401 3996 2738 4051 candelabris
2785 3996 2963 4049 aureis
3008 3995 3440 4065 persecutionum
3477 4003 3756 4061 tempore,

2149 4092 2215 4147 de
2241 4091 2433 4160 quibus
2482 4104 2670 4144 rursus
2723 4104 2870 4143 num.
2934 4087 3057 4153 152,
3107 4101 3293 4156 arguo,
3348 4086 3558 4140 Iuntina
3587 4089 3759 4141 etiam

2145 4200 2268 4239 cum
2294 4193 2452 4237 noctu
2476 4182 2928 4245 accendebantur,
2955 4197 3060 4234 non
3076 4189 3276 4234 tantum
3292 4179 3358 4233 ad
3385 4180 3647 4233 tenebras
3671 4179 3761 4233 de-

2155 4275 2449 4347 pellendus,
2465 4274 2559 4328 sed
2583 4277 2846 4343 praecipue
2858 4273 2921 4326 ad
2944 4273 3203 4327 honorem
3225 4271 3332 4325 Deo
3353 4272 3763 4337 przestanduni,

2153 4369 2267 4424 sive
2296 4366 2693 4421 multitudinem
2725 4364 3056 4429 consideres,
3107 4364 3221 4418 sive
3249 4365 3408 4427 ritus,
3444 4362 3622 4418 fuisse
3666 4362 3764 4416 ad-

2154 4459 2320 4513 hibita
2347 4457 2448 4528 (ιι).

2155 4748 2379 4802 Sacrum
2410 4747 2619 4818 linteolo
2642 4746 2862 4814 suggerit
2893 4744 3051 4812 ebrio,
3085 4747 3191 4800 Seu
3233 4746 3382 4813 pinus
3415 4742 3631 4818 picereth
3671 4750 3772 4815 [ert

2149 4820 2481 4883 alimoniam,
2519 4817 2621 4873 Seu
2652 4833 2817 4869 ceram
2864 4825 3063 4870 teretem
3106 4828 3292 4883 stuppa
3340 4819 3512 4870 calens
3560 4817 3769 4874 iubis...

2151 4889 2432 4957 Splenslent
2465 4904 2583 4957 ergo
2614 4889 2715 4940 tuis
2743 4888 3050 4951 muneribus,
3090 4887 3261 4949 Pater,
3298 4886 3558 4939 Flaminis
3595 4891 3771 4941 mobi-

2150 4956 2285 5012 libus
2313 4960 2505 5012 scilicet
2532 4959 2691 5019 atria,
2715 4956 3077 5029 Absentemque
3104 4960 3235 5010 diem
3267 4959 3377 5029 tux;
3392 4958 3501 5027 agit
3533 4961 3771 5029 remulo,

2151 5030 2316 5093 Quam
2345 5046 2448 5081 nox
2476 5045 2588 5080 cum
2622 5031 2786 5080 lacero
2829 5028 2960 5097 victa
2985 5030 3112 5097 fugit
3140 5029 3315 5097 poplo.
3343 5026 3450 5082 Sed
3476 5030 3606 5096 quis
3659 5026 3771 5083 non

2148 5100 2316 5167 rapidi
2355 5099 2559 5152 luminis
2589 5098 2830 5159 arduam,
2865 5096 3256 5165 Manantemque
3290 5096 3392 5148 Deo
3426 5110 3626 5167 cernat
3659 5106 3773 5153 ori-

2152 5166 2423 5236 gincm?...
2454 5168 2685 5240 Pendent
2714 5168 2980 5240 mobilibus
3003 5168 3198 5240 luntina
3225 5168 3448 5240 funibus,
3478 5166 3628 5232 Qum
3658 5173 3772 5240 διαί.

2152 5242 2257 5305 ﬁxa
2287 5242 2469 5293 micant
2499 5255 2587 5308 per
2617 5239 2898 5302 lathcuria,
2932 5236 2994 5290 Et
3021 5239 3082 5291 de
3109 5239 3420 5308 languidulis
3450 5241 3574 5307 fota
3612 5236 3771 5293 nata-

2152 5310 2286 5363 tibus
2316 5307 2504 5363 Lucem
2525 5309 2790 5379 perspicuo
2820 5309 3029 5374 ﬂamma
3044 5310 3173 5377 jacit
3197 5310 3343 5359 vitro.
3374 5307 3609 5375 Credas,
3644 5315 3772 5365 stel-

2153 5381 2364 5447 ligeram
2393 5380 2608 5449 desuper
2638 5394 2812 5430 aream
2856 5378 3104 5431 Ornatam
3144 5380 3358 5448 geminis
3385 5388 3532 5431 stare
3572 5384 3770 5435 trioni-

2151 5449 2263 5513 bus,
2301 5449 2385 5513 Et,
2410 5466 2511 5516 qua
2565 5449 2901 5516 bosphoreum
2931 5460 3058 5501 temo
3088 5450 3216 5518 regit
3258 5450 3485 5517 jugum,
3543 5449 3771 5504 Passim

2151 5535 2433 5588 purpureos
2463 5520 2694 5587 spargier
2721 5522 2978 5587 hesperos.
3013 5519 3173 5573 Visne
3201 5520 3387 5571 audire
3410 5532 3655 5574 danaum
3694 5532 3771 5578 tu:

2144 5600 2359 5656 tantque
2385 5589 2511 5642 varii
2545 5591 2759 5658 generis
2795 5590 3088 5658 luminum?
3139 5588 3211 5641 lta
3239 5604 3365 5657 ergo
3394 5595 3587 5657 pergit
3626 5593 3773 5646 Pru-

2140 5659 2352 5712 dentius
2385 5676 2396 5710 :
2435 5659 2477 5711 Ο
2500 5674 2579 5711 res
2611 5657 2990 5729 ιιὶέμιιιεὲιῆιτει·2
3017 5674 3166 5724 quam
3188 5660 3274 5711 tibi
3304 5658 3534 5729 roscida:
3572 5661 3774 5717 Noctis

2141 5730 2392 5799 principio
2424 5745 2545 5800 gres:
2574 5726 2689 5782 tuus
2723 5726 2927 5793 o/I'crut,
2963 5726 3153 5782 Lucem
3179 5745 3277 5798 qua
3306 5727 3493 5783 tribuis
3529 5733 3616 5786 nil
3647 5753 3773 5803 pre-
