4000 6176
170 304 261 360 677

769 407 993 467 CAPUT
1037 407 1150 462 ΧΠ.

168 507 558 563 Celeberrimum
622 504 762 573 apud
825 513 1012 557 veteres
1069 500 1384 573 Christianos
1432 498 1753 573 pervigilium

230 576 452 632 Pascha:
482 569 747 628 Prudentii
771 590 940 627 rersus
971 574 1032 625 de
1051 587 1177 625 novo
1205 572 1393 624 lninine
1413 569 1610 624 sabbati
1632 587 1752 638 pas—

227 648 390 702 chalis
410 690 423 713 ,
458 661 605 700 verus
634 647 811 700 titulus
846 642 1024 714 hymni
1052 641 1212 712 quinti
1242 641 1667 711 Cathemerirmn.

237 785 392 853 121
438 780 561 834 142.
594 777 858 846 Quoniam
892 775 1212 832 Prudentius
1235 775 1290 830 in
1318 775 1532 830 laudato
1558 776 1759 848 hymno

171 891 197 928 v
225 871 653 927 Cathemerinon
675 867 1012 938 pervigilium
1030 866 1095 920 ad
1116 866 1565 921 resurrectionem
1585 868 1756 921 domi-

170 965 340 1018 nicam
370 959 659 1022 describit,
690 956 813 1011 inde
842 971 1028 1011 verum
1075 954 1194 1024 ejus
1227 955 1438 1009 titulum
1471 970 1655 1009 eruam
1699 970 1763 1010 ac

170 1052 470 1108 vindicabo.
503 1049 730 1104 Codices
760 1047 962 1102 Heinsii
1016 1045 1234 1114 habent,
1265 1044 1347 1100 Ad
1391 1045 1653 1098 incensum
1682 1043 1764 1098 lu-

170 1159 354 1210 cernaz,
385 1141 528 1211 quod
575 1139 675 1208 ipsi
714 1136 936 1204 arridet,
985 1136 1108 1206 quia
1159 1136 1292 1191 ritus
1319 1136 1461 1190 cerei
1502 1135 1766 1204 paschalis

174 1233 450 1288 Prudentii
483 1247 598 1285 aevo
620 1230 832 1300 ignotus
858 1237 992 1283 erat.
1024 1229 1079 1282 in
1107 1227 1229 1283 cod.
1262 1227 1465 1282 Ratisb.
1515 1227 1655 1282 idem
1686 1236 1771 1284 est

177 1327 379 1380 titulus.
418 1326 565 1378 Hanc
593 1321 994 1390 inscriptionem
1027 1319 1267 1389 plerique
1311 1318 1642 1374 recentiores
1683 1333 1772 1373 se-

172 1426 407 1488 quuntur
458 1415 512 1469 in
560 1414 740 1480 editis,
787 1413 888 1467 nisi
918 1412 1060 1482 quod
1091 1411 1274 1482 aliqui,
1309 1411 1389 1465 Ad
1432 1411 1772 1464 incensionem

175 1509 254 1563 vel
285 1507 641 1562 accensionem
687 1504 909 1558 lucerna:
937 1504 1201 1560 scribunt.
1234 1502 1548 1572 Rodolphus
1579 1501 1774 1570 Hospi-

176 1603 389 1665 nianus,
422 1599 490 1654 de
515 1597 734 1668 Origine
765 1596 956 1652 festor.
987 1595 1210 1662 Christ.,
1251 1610 1413 1664 agens
1453 1593 1520 1648 de
1546 1593 1771 1648 sabbato

175 1703 362 1748 sancto
391 1691 586 1758 allegat
633 1689 1034 1758 Naogcorgeum
1083 1685 1174 1740 lib.
1226 1701 1276 1738 tv
1312 1684 1460 1754 regni
1505 1681 1769 1753 papistir-i,

1542 293 2075 354 PROLEGOMENA.

1781 409 2127 469 Amaveram
2181 411 2450 481 llymnod.
2510 413 2732 482 Hispan.
2777 414 2831 469 in
2874 413 3014 469 notis
3068 413 3134 468 ad
3183 413 3438 484 hymnum

1857 500 1914 555 S.
1950 501 2237 564 Laurentii,
2281 504 2420 557 male
2462 518 2493 558 a
2521 505 2835 574 quibusdam
2880 505 3020 560 hunc
3063 506 3316 576 lltyll'llllﬂll
3359 507 3437 560 in-

1859 595 2042 658 scribi,
2071 596 2152 646 Ad
2178 595 2440 649 incensum
2468 600 2600 650 cerei
2631 595 2909 666 paschalis,
2943 611 3357 666 sermonemque
3391 597 3444 651 in

1860 699 1926 740 eo
1955 700 2077 740 esse
2101 701 2206 739 non
2231 687 2300 740 de
2328 700 2487 741 cereo
2517 688 2772 755 paschali,
2795 688 2894 740 sed.
2919 686 2984 740 de
3027 703 3172 740 cerea
3193 688 3280 754 qui
3309 703 3439 753 quo-

1859 775 1982 828 tidie
2010 775 2415 842 accendebatur,
2463 777 2906 844 quemadmodum
2959 775 3128 830 Grmci
3180 777 3447 831 habebant

1863 865 2117 936 hymnum
2163 867 2253 935 qui
2301 867 2530 935 singulis
2558 867 2802 920 noctibus
2850 866 3148 929 dicebatur,
3177 882 3296 919 cum
3339 866 3447 934 pri-

3337 302 3437 357 678

1867 973 2012 1012 mum
2041 957 2219 1012 lumen
2252 957 2601 1026 inferebatur,
2631 957 2697 1012 de
2725 972 2830 1026 quo
2859 959 2964 1027 agit
2998 959 3054 1011 S.
3085 958 3309 1013 Basilius
3353 957 3445 1014 lib.

1866 1049 1933 1103 de
1989 1048 2192 1117 Spiritu
2237 1059 2444 1102 sancto.
2479 1048 2793 1102 Confirmari
2850 1058 3034 1117 posset
3079 1050 3194 1103 hmc
3240 1049 3446 1118 opinio,

1868 1142 2007 1211 quod
2037 1143 2090 1195 in
2116 1141 2220 1196 hoc
2256 1155 2470 1211 quoque
2500 1142 2700 1210 hymno
2735 1141 3002 1195 l'rudentii
3035 1142 3316 1210 doxologia
3347 1141 3448 1197 SS.

1870 1232 2145 1286 Trinitatis
2172 1233 2509 1299 exprimitur,
2546 1231 2649 1284 Per
2694 1231 2953 1285 Christum
3000 1233 3257 1302 genitum,
3290 1245 3447 1300 quam

1873 1323 1926 1377 in
1963 1322 2268 1378 Graecorum
2298 1321 2499 1391 hymno
2525 1321 2828 1388 vespertino
2855 1321 3026 1374 laudat
3063 1321 3305 1375 Basilius.
3337 1321 3451 1375 Ca:-

1875 1425 2045 1469 terum
2093 1413 2192 1468 etsi
2223 1427 2395 1483 neque
2438 1427 2579 1467 nunc
2604 1413 2816 1481 quidem
2843 1413 3066 1482 probem
3111 1412 3341 1476 titul-mn,
3374 1412 3452 1465 Ad

1873 1506 2136 1559 incensum
2167 1503 2311 1558 (ἱενεὶ
2342 1504 2620 1572 paschalis,
2657 1512 2835 1557 tamen
2866 1503 2931 1556 de
2961 1518 3020 1556 re
3049 1504 3161 1572 ipsa
3193 1503 3348 1571 longe
3375 1502 3455 1556 di-

1880 1610 2039 1651 verso
2070 1595 2227 1648 modo
2259 1594 2454 1650 sentio.
2484 1594 2610 1649 Scio
2637 1595 2885 1662 qmcdatn.
2907 1609 2976 1647 ex
3011 1593 3111 1648 hoc
3143 1594 3339 1664 hymno
3363 1608 3458 1661 op-

1881 1688 2008 1742 time
2032 1687 2294 1756 quadrare
2332 1689 2385 1740 in
2431 1686 2666 1739 officium
2709 1687 3136 1741 ecclesiasticum
3161 1685 3300 1755 quod
3331 1687 3458 1739 olim

176 1784 577 1840 describentem
608 1783 766 1836 ritum
811 1779 1158 1834 benedicendi
1186 1793 1400 1833 cereum
1435 1775 1763 1846 paschalem,

1891 1786 2153 1840 licehatur
2182 1783 2550 1846 lucet-narium,
2585 1793 2637 1836 et
2687 1797 2717 1834 a
2763 1782 2823 1836 S.
2854 1783 3138 1836 Ambrosio
3169 1782 3264 1835 lib.
3313 1797 3366 1834 ut
3393 1781 3460 1835 de

176 1892 335 1947 quem
385 1872 815 1943 superstitiosmn
847 1871 997 1925 dicit.
1046 1868 1190 1925 Idem
1243 1866 1598 1936 ilospiuianus
1632 1866 1773 1919 hunc

178 1971 340 2023 ritum
390 1966 608 2020 lesimo
654 1963 898 2018 Pontifici
947 1963 1089 2017 circa
1140 1976 1336 2014 annum
1385 1958 1488 2014 420
1523 1973 1586 2012 ex
1637 1958 1774 2011 libro

180 2057 506 2124 Pontifiz'ali,
557 2058 802 2122 Alcu’no,
840 2053 1133 2120 Amalario,
1179 2051 1422 2117 Rabano,
1456 2048 1771 2111 Walafrido,

180 2151 498 2219 Micrologo,
541 2149 777 2218 Ruperto
806 2145 1096 2210 Tuitiensi,
1141 2145 1363 2212 aliisque
1403 2140 1624 2195 ascribit
1662 2156 1676 2192 :
1710 2154 1776 2193 ex

179 2242 302 2294 aliis
350 2239 474 2308 (qui
526 2237 744 2291 minime
783 2243 1062 2289 suntcum
1109 2233 1374 2302 prioribus
1422 2226 1775 2299 conferendi)

179 2329 465 2385 Theodoto
492 2328 688 2398 (quem
716 2325 1083 2390 Theodorum,
1118 2340 1210 2378 seu
1241 2322 1555 2377 'l‘heodoton
1587 2320 1774 2390 appel-

182 2420 339 2490 laut)
373 2419 512 2472 circa
545 2432 740 2470 annum
787 2415 912 2482 6l5,
960 2430 1054 2470 seu
1089 2413 1322 2468 llouorio
1355 2415 1368 2465 l
1402 2413 1542 2466 circa
1581 2427 1777 2464 annum

181 2509 291 2565 62:2
337 2508 631 2577 adjudicat.
673 2505 862 2570 Notat,
911 2507 1051 2559 circa
1099 2519 1296 2557 annum
1341 2503 1443 2557 6'27
1477 2501 1528 2554 in
1559 2500 1778 2556 Gallicia

188 2615 402 2654 morem
435 2613 541 2651 non
574 2597 736 2651 fuisse
770 2597 1039 2650 lucernam
1069 2604 1118 2648 et
1147 2608 1356 2648 cereum
1386 2591 1732 2646 consecrandi
1765 2608 1777 2642 :

182 2691 389 2757 quippe
438 2703 559 2742 cum
609 2701 729 2754 Cap.
778 2684 810 2739 8
851 2685 1060 2740 concilii
1107 2685 1349 2739 Toletani
1400 2699 1451 2737 tv
1499 2692 1782 2749 statuatur,

182 2791 417 2850 propter
448 2779 704 2831 unitatem
736 2777 881 2847 pacis
924 2775 975 2829 in
1021 2777 1124 2828 illis
1151 2774 1308 2829 etiam
1338 2772 1593 2828 Ecclesiis
1624 2773 1784 2826 ritum

185 2873 339 2925 illum
377 2867 730 2923 benedicendt
758 2881 881 2922 esse
906 2865 1307 2920 instituendum.
1347 2866 1422 2918 Ex
1450 2865 1643 2934 quibus
1672 2863 1786 2918 col-

182 2961 323 3032 ligit,
361 2961 625 3030 hymnum
654 2973 684 3011 v
704 2956 886 3022 Cath.,
919 2970 1022 3010 non
1045 2970 1164 3010 esse
1196 2955 1591 3009 inscribendum
1613 2953 1679 3005 ad
1702 2967 1789 3005 ac-

181 3052 486 3105 ccnsionent
517 3047 648 3102 cerei
670 3046 945 3116 paschalis.
980 3048 1132 3116 122
1167 3043 1339 3100 Utitur
1362 3044 1444 3098 his
1469 3042 1783 3110 rationibus,

1881 1876 2047 1944 Virg.,
2071 1889 2191 1942 cap.
2217 1875 2274 1936 4,
2304 1873 2453 1926 Hora
2473 1874 2687 1936 incensi,
2711 1887 2738 1922 a
2763 1872 3016 1925 Cassiano
3047 1872 3137 1926 lib.
3165 1887 3242 1936 tu,
3262 1886 3382 1941 cap.
3404 1872 3461 1940 5,

1876 1966 2004 2020 hora
2036 1965 2330 2020 lucernalis.
2366 1965 2421 2018 lu
2454 1964 2650 2018 concil.
2681 1964 2856 2018 Tolet.
2892 1979 2930 2026 ι,
2961 1977 3080 2031 cap.
3109 1964 3172 2028 9,
3210 1963 3461 2017 Lucerna-

1877 2057 2011 2109 rium
2041 2072 2157 2109 vero
2189 2055 2286 2108 nisi
2329 2056 2384 2108 in
2431 2054 2643 2109 ecclesia
2687 2071 2789 2108 non
2829 2057 3051 2124 legatur.
3094 2054 3230 2108 Vide
3281 2064 3460 2107 notam

1878 2148 2084 2204 Gnrsitn
2138 2146 2379 2218 Loaysae,
2434 2145 2525 2216 qui
2575 2145 2804 2215 probare
2845 2145 2958 2199 vult
3005 2145 3351 2198 lucernarium
3397 2144 3461 2201 ad

1883 2249 2096 2294 nostras
2126 2252 2379 2307 vesperas
2409 2237 2700 2307 pertinere.
2749 2237 2988 2307 Hymnus
3012 2236 3226 2305 quidem
3275 2253 3306 2288 x
3356 2237 3462 2288 En-

1882 2329 2050 2388 nodii.
2105 2331 2194 2398 qui
2247 2330 2562 2397 vespertinus
2592 2328 2809 2392 dicitur,
2865 2326 2933 2380 ad
2981 2327 3337 2380 Iucernarium
3387 2333 3464 2380 est

1882 2423 2213 2489 compositus
2243 2423 2357 2477 sine
2386 2421 2488 2474 ulla
2517 2420 2905 2474 controversia.

1957 2514 2079 2568 144.
2125 2514 2378 2580 Quamvis
2405 2520 2582 2568 autem
2621 2512 2856 2579 hyms-us.
2885 2511 3152 2566 Prudentii
3185 2525 3250 2564 eo
3277 2509 3466 2564 ordine

1886 2607 2180 2660 collocetur
2207 2620 2312 2674 quo
2358 2603 2588 2675 hymnus
2621 2607 2958 2671 vespertinus
2987 2602 3330 2672 quotidianus
3377 2602 3468 2656 deo

1887 2699 2040 2754 heret
2089 2698 2319 2766 reponi,
2377 2712 2483 2750 non
2537 2705 2819 2766 propterea
2878 2695 3032 2764 123
3086 2693 3285 2747 inferas
3337 2707 3469 2762 quo-

1895 2789 2156 2844 tidianum
2200 2803 2339 2843 esse.
2387 2787 2516 2841 Nam
2555 2802 2675 2840 cum
2717 2786 2769 2840 in
2815 2799 2880 2840 eo
2923 2785 3122 2854 hymno
3166 2784 3328 2838 multa
3372 2783 3470 2838 sint

1891 2899 2010 2952 qua:
2058 2889 2182 2950 apte
2225 2879 2422 2934 cadunt
2466 2880 2516 2932 in
2549 2877 2805 2947 hymnum
2837 2878 3222 2945 vespertinum,
3256 2885 3310 2930 et
3341 2891 3472 2943 prac-

1894 2982 2038 3028 tcrea
2091 2973 2144 3027 in
2197 2969 2456 3038 principio
2493 2969 2665 3022 noctis
2711 2968 2916 3021 sabbati
2964 2967 3232 3036 paschal's
3261 2981 3474 3020 canere-

1897 3075 2002 3128 tur,
2051 3079 2155 3118 non
2203 3061 2432 3116 absurde
2484 3061 2528 3116 is
2582 3060 2733 3114 locus
2777 3060 2850 3113 illi
2895 3059 3050 3112 datus
3099 3068 3200 3121 est,
3249 3059 3360 3112 sive
3412 3059 3475 3110 ab

184 3145 335 3215 quod
377 3142 626 3196 ZO:i:l‘.US
654 3141 723 3196 40
752 3143 909 3195 ann’s
939 3150 1055 3210 post
1087 3139 1429 3194 Prudentium
1464 3139 1635 3194 tenuit
1661 3154 1788 3209 pon-

1897 3165 2134 3217 auctore,
2165 3153 2300 3216 sive,
2338 3159 2392 3204 nt
2413 3166 2512 3221 ego
2543 3150 2713 3217 magis
2745 3149 2930 3213 credo,
2963 3151 3030 3203 ab
3069 3151 3132 3202 iis
3166 3150 3252 3216 qui
3297 3159 3476 3217 postea

187 3235 462 3291 tiﬁcatum
494 3251 506 3286 :
541 3233 594 3286 in
617 3247 722 3302 quo
749 3232 961 3302 egregie
992 3231 1212 3285 fallitur.
1244 3231 1374 3284 Nam
1405 3229 1655 3285 Zosimus
1695 3245 1793 3282 an-

186 3343 261 3382 no
294 3327 407 3381 H7
453 3324 690 3394 pontifex
719 3333 801 3378 est
839 3326 1062 3390 e'ectus,
1120 3322 1441 3377 Prudentius
1482 3335 1610 3375 vero
1651 3335 1796 3373 anno

186 3419 303 3474 405
355 3416 650 3481 scribebat,
694 3430 868 3484 neque
904 3424 1116 3468 COtiSlul
1153 3429 1258 3483 quo
1307 3429 1448 3468 anno
1478 3413 1600 3467 inde
1628 3427 1658 3468 e
1689 3413 1791 3467 \iti

186 3497 523 3564 exi'esserit.
556 3505 821 3560 Prteterea
847 3507 922 3558 ait
949 3504 1326 3574 llospinianus,
1349 3519 1538 3558 omnes
1566 3503 1796 3574 hymnos

188 3603 322 3658 libri
354 3601 785 3656 Catltemcriumn
827 3599 1054 3669 scriptos
1079 3613 1197 3653 esse
1228 3614 1332 3652 nou
1364 3614 1460 3667 pro
1504 3605 1654 3652 certo
1703 3595 1800 3649 ali-

186 3715 304 3770 quo
337 3695 430 3752 die
463 3695 611 3762 anni,
644 3694 740 3750 sed
770 3707 890 3748 esse
916 3693 1216 3762 generales,
1243 3700 1294 3746 et
1325 3691 1616 3745 convenire
1645 3688 1798 3743 titulo

189 3787 323 3845 libri
357 3786 784 3848 Cathemerinon,
816 3797 910 3838 seu
941 3781 1273 3835 Diurnorum.
1327 3779 1434 3835 Sed
1473 3796 1577 3832 non
1623 3779 1799 3831 minus

185 3881 304 3936 huc
337 3880 464 3934 loco
496 3877 846 3932 hallucinalus
870 3885 989 3930 est:
1020 3889 1140 3927 nam
1164 3874 1395 3942 hymnus
1417 3872 1797 3940 Jejunantium,

189 3969 335 4028 Post
355 3968 643 4039 jejunium,
675 3965 828 4018 Omni
867 3963 1014 4030 hora,
1044 3961 1110 4016 In
1141 3964 1390 4032 exsequiis
1419 3963 1797 4030 defunctorum,

188 4078 293 4117 viti
331 4061 465 4114 Kal.
492 4059 638 4124 Jan.,
666 4059 719 4112 in
753 4057 1046 4129 Epiphania
1073 4056 1296 4120 Domini,
1325 4071 1430 4109 non
1459 4055 1624 4123 magis
1651 4054 1803 4108 titulo

188 4152 642 4209 Cathemerinon
670 4151 1012 4218 conveniunt,
1043 4154 1200 4221 quam
1233 4147 1462 4218 hymnus
1512 4145 1600 4215 qui
1630 4146 1801 4201 solum

189 4249 445 4302 sabbato
475 4254 661 4299 sancto
689 4252 993 4298 caneretur.

277 4337 416 4392 H5.
461 4334 697 4389 Validior
728 4335 894 4388 videri
928 4341 1104 4401 potest
1148 4332 1251 4386 alia
1283 4332 1457 4396 ratio,
1503 4347 1568 4386 ex
1615 4330 1804 4386 ordine

191 4428 383 4497 petita
418 4441 522 4495 quo
555 4425 637 4479 hic
669 4425 900 4495 hymnus
931 4440 958 4476 v
983 4424 1197 4493 ponitur
1227 4424 1361 4476 inter
1393 4424 1645 4493 hytnnum
1679 4423 1803 4476 Post

1899 3261 2058 3314 opera
2107 3251 2512 3312 compegerunt,
2571 3249 2627 3295 et
2683 3243 2822 3294 [tunc
2874 3242 3126 3310 hymnum
3179 3251 3477 3308 separatum

1900 3337 2036 3390 inter
2081 3335 2215 3388 alios
2277 3331 2672 3386 «atliemerinos
2727 3331 3079 3384 collocarunt.
3140 3330 3194 3383 In
3245 3331 3478 3385 editione

1899 3426 2018 3480 Addi
2051 3426 2134 3479 his
2157 3424 2330 3479 editus
2357 3435 2458 3485 est,
2504 3423 2734 3492 primum
2775 3424 2952 3475 statim
3002 3431 3122 3488 post
3159 3423 3481 3492 Psychoma-

1901 3516 2076 3568 chiam
2137 3523 2192 3568 et
2241 3521 2363 3566 ante
2411 3511 2606 3566 librum
2655 3512 3112 3575 Cathemerinon,
3176 3509 3282 3565 ιιιιῆ
3346 3512 3480 3564 inter

1903 3609 2156 3678 hymnum
2189 3621 2241 3660 tv
2284 3616 2335 3660 et
2371 3621 2420 3657 vt
2459 3605 2910 3666 Cathemerinon;
2952 3618 3020 3656 ex
3066 3617 3171 3672 quo
3218 3612 3356 3671 patet
3387 3616 3482 3656 eos

1902 3716 2089 3755 versus
2115 3699 2181 3751 ab
2212 3699 2345 3752 Aldo
2370 3697 2532 3751 fuisse
2561 3711 2803 3750 seorsum
2835 3703 3100 3763 repertos,
3142 3693 3385 3759 quamvis
3427 3691 3481 3744 in

1904 3793 2040 3846 libro
2068 3805 2280 3860 quoque
2309 3789 2732 3843 Cathemerinon
2765 3787 2961 3840 fuerint
2992 3785 3198 3838 inserti.
3236 3783 3351 3838 Jam
3385 3796 3484 3837 no-

1907 3883 2015 3938 tavi
2058 3897 2206 3935 num.
2260 3881 2378 3946 105,
2435 3878 2637 3932 editum.
2684 3877 2843 3930 fuisse
2890 3875 3032 3928 hinc
3071 3875 3356 3944 hymnum,
3404 3873 3478 3927 ita

1906 3975 2242 4040 inscriptum,
2282 3971 2355 4024 De
2384 3972 2540 4039 phase
2561 3969 2737 4039 populi
2765 3966 3058 4018 lsraclitici.
3086 3966 3138 4018 ln
3172 3965 3477 4035 Hyntnaz'iis

1905 4067 1971 4121 ν.
2001 4065 2298 4120 Cardinalis
2323 4063 2590 4117 Thomasii
2634 4059 2789 4113 modo
2831 4057 3152 4122 inscribitur,
3191 4057 3271 4110 Ad
3313 4059 3483 4109 incen-

1905 4176 2016 4213 sum
2044 4158 2283 4224 lucernae,
2333 4155 2491 4209 modo
2521 4155 2587 4207 ad
2624 4151 3018 4206 benedictionem
3045 4149 3174 4202 cerei
3203 4148 3482 4218 paschalis,

1907 4260 2065 4320 prout
2086 4249 2150 4303 ad
2178 4249 2317 4302 hunc
2341 4248 2419 4300 vel
2444 4247 2604 4300 alium
2638 4259 2791 4298 usum
2814 4243 2880 4295 ab
2907 4240 3165 4295 Ecclesiis
3194 4240 3483 4293 adhibeba-

1911 4349 2014 4395 tur.
2050 4339 2104 4394 ln
2136 4339 2335 4392 Ordine
2365 4337 2605 4390 Romano
2637 4334 2802 4388 vete;i
2838 4333 3065 4400 legitur:
3101 4331 3241 4384 Ordo
3276 4333 3337 4383 de
3376 4330 3486 4385 sab-

1913 4436 2030 4487 bato
2056 4441 2229 4486 sancto
2258 4431 2306 4482 in
2337 4430 2436 4483 die.
2488 4428 2658 4496 Aliqui
2689 4438 2855 4480 tamen
2889 4426 2970 4477 hic
2997 4433 3202 4477 cantant
3243 4422 3487 4491 hymnum

189 4519 399 4574 cibum
429 4525 484 4570 et
512 4515 774 4587 hymnum
813 4520 950 4570 Ante
977 4528 1222 4569 somnum
1241 4553 1257 4578 ,
1285 4527 1348 4567 ac
1372 4511 1592 4581 proinde
1617 4512 1681 4566 ad
1716 4512 1788 4565 ho

1891 4518 2187 4578 ‘Prudentii
2209 4539 2228 4575 :
2257 4521 2492 4574 Inventor
2521 4519 2684 4582 rutili,
2709 4520 2815 4570 dua:
2839 4517 2984 4582 bone,
3019 4517 3244 4569 luminis.
3289 4515 3341 4566 In
3374 4513 3488 4568 offl-

190 4626 328 4667 ram
388 4608 677 4663 lucernarii
704 4615 789 4662 est
831 4605 1162 4661 referendus.
1214 4605 1425 4671 ltiscus,
1455 4614 1587 4658 tom.
1641 4601 1810 4656 XXXI

193 4703 372 4771 llisp.
433 4699 582 4754 Sacr.
606 4740 620 4764 ,
655 4700 790 4752 hanc
829 4698 1147 4753 sententiam
1194 4705 1449 4766 tanquam
1481 4696 1809 4765 exploratam

189 4793 422 4856 habet,
478 4804 728 4844 asserens
785 4789 926 4844 hunc
974 4787 1229 4860 hymnum
1277 4803 1398 4842 esse
1443 4787 1809 4857 quotidianum

188 4887 594 4956 veSpertinum
609 4898 675 4938 ex
700 4881 888 4937 ordine
917 4880 1236 4951 hymnorum
1255 4880 1498 4948 usquead
1526 4879 1811 4947 septimum

190 4993 302 5047 per
338 4975 592 5031 oz-dinem
625 4975 1063 5037 distributorum;
1116 4973 1248 5026 nihil
1280 4971 1484 5026 referre
1511 4973 1648 5039 quod
1683 4971 1813 5026 Pru-

189 5069 442 5124 dentius
467 5065 708 5136 qua-datu
740 5065 808 5119 de
839 5074 993 5119 nocte
1048 5063 1283 5133 paschali
1331 5062 1539 5129 afferat,
1590 5063 1710 5132 quia
1761 5064 1813 5116 in

191 5161 448 5235 hymnis
493 5161 635 5214 solet
677 5173 765 5214 res
794 5172 886 5212 eas
935 5172 1235 5211 memorare
1283 5171 1400 5225 quae
1445 5155 1476 5208 h
1517 5156 1589 5209 ris
1629 5155 1818 5223 quibus

189 5251 417 5324 hymni
448 5248 803 5303 decantantur
833 5245 1160 5311 acciderunt,
1209 5254 1260 5299 et
1291 5259 1360 5298 ex
1404 5245 1571 5297 sacris
1601 5244 1818 5299 Litteris

185 5351 500 5404 oinstant.
535 5341 619 5408 Et,
650 5348 704 5393 ut
732 5339 900 5393 vineta
927 5346 1115 5407 egomet
1147 5337 1342 5391 credam
1388 5352 1518 5400 inea,
1549 5351 1646 5404 ego
1675 5337 1820 5391 affir-

186 5506 436 5565 tiosius,
484 5499 690 5564 annn,
723 5515 822 5568 qna
863 5496 1292 5568 reliquarprtmnia
1319 5494 1587 5548 cernimus.
1614 5492 1694 5568 Tu
1722 5494 1813 5549 Iun

185 5592 333 5630 vera
374 5573 562 5638 oculis,
596 5576 682 5622 tua:
704 5565 899 5636 quuqne
929 5567 1174 5638 sentibus,
1207 5565 1351 5638 Intus
1375 5575 1425 5617 tu
1437 5565 1732 5638 speculum,
1762 5575 1817 5618 tn

185 5642 495 5706 speailunt
524 5634 674 5706 [Li-is,
704 5634 915 5699 Lumen,
948 5637 1079 5704 quod
1107 5637 1363 5705 famulans
1388 5634 1566 5706 offero,
1593 5637 1815 5702 suscipe,

190 5667 211 5699 Ι
264 5665 495 5696 causam
524 5665 674 5706 μιιη,
704 5665 915 5699 Lutucu,
948 5665 1078 5704 ιμιυάι
1107 5665 1362 5705 μιηιιιιυησ
1388 5665 1566 5700 υηειυ,
1593 5665 1815 5702 οιωιιιισ.

190 5665 474 5772 fluctum
519 5711 715 5778 puri/iri
764 5708 1047 5762 chrismatis
1093 5706 1334 5772 uigninc.
1390 5704 1448 5760 S.
1509 5705 1815 5772 Hieronymi

1913 4615 1998 4669 cio
2028 4613 2319 4667 Isidor-iano
2351 4611 2487 4665 idem
2521 4610 2751 4680 hymnus
2772 4615 3017 4662 cantatur
3043 4607 3215 4676 aliqua
3249 4621 3314 4660 ex
3342 4613 3490 4674 ptrte

1915 4708 1965 4762 in
2023 4707 2192 4775 primo
2243 4701 2511 4755 dominico
2561 4707 2682 4768 post
2749 4708 2992 4752 octavam
3052 4696 3362 4766 Epiphaniae
3427 4695 3492 4749 ad

1912 4810 2186 4864 vesperas.
2240 4789 2584 4846 Blauchinius
2640 4788 2691 4842 in
2738 4790 2932 4841 Annot.
2979 4787 3044 4840 ad
3093 4786 3265 4840 codic.
3295 4785 3492 4840 Veron.

1916 4892 2112 4946 retinet
2142 4886 2368 4941 titulum.
2398 4884 2476 4938 Ad
2497 4887 2759 4936 incensum
2787 4881 3024 4947 lacerum,
3054 4879 3145 4934 scd
3174 4879 3353 4932 multis
3378 4893 3494 4945 pro-

1917 4981 2032 5042 bat,
2072 4994 2100 5032 a
2139 4976 2430 5032 Prudentio
2477 4975 2732 5045 hymnum
2785 4971 2950 5026 fuisse
2995 4972 3350 5040 compositum
3399 4984 3496 5038 pro

1917 5069 2290 5126 benedictione
2333 5065 2475 5121 cerei
2523 5063 2811 5135 paschalis.
2860 5061 2958 5117 Cui
3007 5062 3108 5116 etsi
3156 5062 3496 5130 aliquatenus

1917 5159 2204 5225 assentior,
2249 5172 2354 5212 non
2397 5169 2616 5226 possum
2668 5165 2844 5208 tamen
2890 5152 3014 5222 quin
3053 5152 3493 5211 animadvertam,

1921 5265 2035 5307 rem
2067 5265 2173 5305 non
2196 5263 2315 5304 esse
2346 5244 2754 5302 existima-udam
2793 5257 2860 5297 ex
2892 5243 3026 5299 ideis
3068 5248 3123 5294 et
3151 5237 3500 5293 consuetudi-

1924 5341 2078 5396 nibus
2106 5348 2286 5412 postea
2313 5338 2560 5399 inductis,
2597 5335 2690 5391 sed
2718 5333 2784 5388 ad
2813 5346 2904 5385 sua
2935 5331 3198 5401 prinepia
3238 5343 3486 5385 revocan-

1922 5509 2160 5568 tcutpore
2183 5498 2431 5568 hmcrerat
2465 5490 2989 5568 olijectio_Vigilaittii
3022 5500 3077 5568 et
3121 5488 3506 5568 ha_2re:i_corttrn.

1919 5559 2170 5624 adversus
2204 5559 2544 5627 catholicos,
2568 5562 2709 5630 quod
2753 5561 3118 5616 eccles'astico
3149 5561 3248 5613 ritu
3295 5559 3506 5611 lumina.

1920 5639 2290 5695 accenderent.
2328 5635 2454 5688 Vide
2489 5649 2635 5687 tum.
2670 5632 2792 5688 162.
