4016 6182
495 299 602 353 6ἷῦ

496 506 628 559 tales
649 501 813 555 fuisse
842 496 957 551 illas
985 493 1088 549 sibi
1112 493 1319 559 ﬁngunt
1341 488 1529 557 quales
1562 488 1644 538 lite
1677 480 1947 537 interdum
1975 477 2076 532 sub

498 594 687 648 iisdem
706 587 1030 648 nominibus,
1055 581 1148 636 sed
1170 580 1381 634 diversa
1408 576 1614 631 ratione
1636 578 1959 641 peraguntur
1974 568 2075 635 (a).

498 685 739 754 Hymnus
790 674 1103 737 Prudentii,
1152 683 1491 740 quacumque
1542 666 1756 719 demum
1814 677 1879 714 ex
1922 672 2079 712 causa

501 750 655 835 fuerit
680 778 744 830 ab
775 789 840 828 eo
866 769 1161 831 confectus,
1192 764 1364 833 potuit
1386 758 1626 814 adhiberi
1652 756 1734 810 vel
1766 754 1830 806 ad
1863 750 2080 807 benedi-

498 871 726 923 ctionem
764 865 998 921 lucerna:
1038 868 1091 913 et
1117 856 1283 919 cerei,
1311 868 1468 923 quam
1498 847 1809 905 Mozarabes
1836 845 1891 898 in
1922 857 2080 897 usum

500 959 836 1017 induxerant,
892 950 975 1004 vel
1013 948 1078 1003 ad
1128 945 1551 1001 benedictionem
1601 936 1769 1002 cerei,
1820 949 1939 1005 qua:
1971 932 2082 1003 jam

502 1061 739 1117 tempore
763 1045 820 1101 S.
851 1040 1082 1096 Ennodii
1106 1040 1157 1091 in
1184 1033 1629 1091 consuetudinem
1656 1034 1895 1091 venerat,
1931 1024 2085 1091 cujus

500 1116 625 1193 duae
663 1142 876 1191 exstant
917 1129 1319 1185 benedictiones
1365 1123 1577 1178 eisdem
1625 1116 1910 1173 sententiis
1957 1128 2086 1167 con-

501 1240 693 1300 cepta},
718 1228 796 1281 vel
830 1225 1058 1293 denique
1078 1221 1143 1274 ad
1176 1220 1362 1273 horam
1387 1213 1692 1269 lucernarii.
1726 1212 1859 1266 Hinc
1881 1206 2079 1263 diversi

505 1299 643 1376 tituli
696 1318 798 1373 orti
837 1323 992 1379 sunt,
1033 1326 1257 1382 quorum
1304 1309 1504 1362 nullum
1550 1304 1719 1373 probo
1766 1300 1865 1372 (b).
1914 1299 2084 1364 Quem

508 1425 636 1481 ergo
681 1408 890 1463 titulum
928 1403 1099 1458 dabo?
1156 1400 1270 1454 Non
1323 1398 1540 1450 omnino
1582 1392 1829 1460 displicet
1874 1389 2082 1452 titulus,

509 1480 665 1574 124
694 1499 771 1552 Ad
795 1500 1077 1560 incensum,
1135 1492 1257 1561 quin
1294 1488 1437 1541 aliud
1482 1486 1729 1548 addatur,
1765 1492 1857 1536 aut
1895 1480 1973 1533 Ad
2004 1480 2079 1533 in-

503 1571 708 1649 c—ensum
746 1590 975 1644 luminis.
1016 1585 1125 1641 Sed
1166 1582 1335 1652 magis
1376 1580 1579 1634 arridet
1624 1575 1903 1643 inscriptio
1944 1571 2085 1637 Aldi,

506 1703 610 1742 non
645 1688 782 1739 inter
818 1682 1046 1752 hymnos
1071 1674 1485 1736 cathemerinos,
1520 1671 1607 1725 ubi
1638 1671 1854 1732 dicitur,
1880 1666 1990 1719 Ode
2018 1664 2086 1716 ad

505 1778 847 1833 accensionem
871 1775 1111 1834 lucernte,
1141 1768 1235 1824 sed
1264 1782 1421 1835 quam
1447 1764 1673 1833 ponites
1700 1762 1879 1828 aliquo
1898 1757 2085 1812 codice
2116 1754 2164 1813 B

506 1879 756 1939 separato
794 1883 810 1919 :
859 1864 1049 1918 Versus
1079 1860 1275 1914 Aurelii
1311 1855 1580 1909 Prudentii
1624 1853 1687 1905 de
1734 1865 1861 1903 novo
1896 1849 2089 1902 lumine

507 1938 701 2018 sabbati
726 1957 1000 2031 paschalis.
1052 1952 1213 2007 Vides
1236 1948 1636 2015 inscriptionem
1672 1958 1779 1998 non
1815 1938 2090 1995 monachi-

508 2069 647 2116 cam,
673 2065 843 2119 neque
868 2063 931 2101 ex
964 2045 1145 2113 aliquo
1173 2040 1440 2095 breviario
1459 2036 1697 2106 petitam,
1730 2043 1821 2087 aut
1849 2047 1875 2083 a
1906 2045 2093 2085 recen-

512 2145 734 2199 tioribus
766 2138 1121 2208 excogitatam
1156 2152 1168 2187 :
1201 2147 1358 2201 quam
1387 2130 1609 2183 retinuit
1641 2127 1820 2181 Sixtus
1840 2122 2093 2179 Senensis

512 2236 605 2290 lib.
642 2248 693 2287 γι
729 2228 977 2285 Biblioth.
1010 2234 1208 2288 sanet.,
1244 2239 1363 2292 cap.
1409 2222 1497 2286 47,
1549 2219 1617 2274 de
1662 2234 1766 2288 quo
1798 2220 1916 2284 lege
1956 2214 2092 2269 intra

518 2342 574 2378 ιι.
604 2323 729 2377 185.

586 2415 709 2468 145.
749 2410 882 2465 Vide
918 2423 1059 2463 nunc
1094 2421 1254 2474 quam
1300 2411 1422 2472 apte
1470 2401 1547 2455 rei
1587 2397 1877 2454 conveniat
1908 2396 2096 2449 inscri-

521 2507 650 2574 ptio.
683 2504 756 2558 Dc
797 2518 923 2556 noro
959 2500 1169 2563 lumine,
1202 2495 1404 2565 inquit;
1450 2493 1503 2546 id
1536 2491 1677 2546 enim
1705 2499 1809 2559 est,
1845 2487 1983 2558 quod
2023 2487 2098 2541 ait

518 2595 840 2648 Prudentius
864 2610 877 2646 :

768 2686 968 2732 incussu
991 2681 1141 2731 silicis
1162 2681 1344 2729 lumina
1368 2691 1455 2727 nos
1475 2686 1637 2726 tamen

765 2747 1006 2795 Monstras
1025 2744 1261 2803 saxigeno
1282 2742 1471 2789 semine
1494 2750 1738 2800 quaerere.

519 2851 618 2916 Qui
660 2850 789 2903 ritus
811 2848 969 2903 etiam
1000 2861 1142 2900 nunc
1172 2852 1417 2899 servatur
1467 2844 1517 2896 in
1554 2839 1927 2895 benedictione
1959 2840 2098 2893 cerei

520 2941 805 3011 paschalis.
830 2938 943 2992 Non
969 2936 1115 2991 addit
1140 2944 1341 2997 autem,
1386 2934 1538 2999 cerei,
1577 2933 1659 2987 vel
1700 2934 1937 2997 lacerum,
1979 2933 2099 3000 quia

520 3032 572 3084 in
603 3029 738 3083 festo
758 3028 898 3097 quod
929 3024 1246 3081 Prudentius
1279 3025 1536 3091 celebrat,
1577 3038 1681 3077 non
1707 3021 1856 3076 solus
1885 3036 2097 3089 cereus,

1904 266 2358 328 PRUDENTIUS.

497 413 639 467 dam.
667 405 914 476 Plerique
942 403 1083 458 enim
1118 414 1201 454 res
1226 405 1436 453 veteres
1458 409 1523 449 ex
1554 393 1705 448 novis
1734 388 1995 461 judicant,
2023 396 2071 440 et
2106 390 2157 446 Λ

3661 255 3760 312 680

2433 378 2637 427 Noctem
2654 373 2889 431 conciliis,
2916 382 3120 431 votaque
3144 382 3374 431 prospera

2430 440 2659 489 Certatim
2686 438 2820 497 vigili
2846 436 3156 497 congerimus
3181 443 3361 497 prece,t

2428 495 2763 561 Extruetoque
2787 495 2976 559 agimus
3000 495 3096 543 liba
3117 496 3344 543 sacrario.

2184 604 2529 673 Pervigilium
2578 600 2782 655 sabbati
2822 598 3083 665 paschalis
3111 597 3254 649 clare
3294 593 3642 657 describitur,
3671 608 3763 647 cu-

2181 700 2270 768 jus
2300 712 2403 751 nox
2434 712 2461 748 a
2493 692 2811 749 Christianis
2842 691 2981 758 festis
3021 687 3251 741 conciliis
3300 701 3388 754 per
3423 686 3509 755 pia
3555 688 3761 753 gaudia,

2183 800 2396 859 votaque
2432 802 2678 857 prospera
2724 782 3056 836 trahebatur.
3104 780 3281 848 Itaque
3308 792 3404 846 pro
3455 775 3560 828 llla
3603 787 3763 839 nocte,

2185 897 2332 932 sacer
2357 894 2457 944 qua
2485 877 2635 929 rediit
2670 874 2830 936 Deus,
2862 872 3089 925 libenter
3122 870 3353 938 Ιρεριηιιι
3384 865 3507 936 Ipsa
3536 876 3702 929 nocte,
3725 868 3766 920 si

2186 982 2283 1036 per
2326 966 2664 1020 membranas
2717 964 2923 1017 liceret.
2973 960 3178 1015 Sensus
3228 967 3403 1011 tamen
3434 973 3647 1026 semper
3686 966 3770 1011 est

2190 1061 2296 1125 hic,
2337 1074 2495 1125 quem
2530 1055 2768 1123 explico,
2808 1068 3109 1107 sermonem
3141 1065 3260 1104 esse
3294 1066 3399 1103 non
3430 1048 3497 1102 de
3528 1049 3655 1101 hora
3690 1048 3768 1099 lu-

2192 1150 2421 1206 cernarii
2450 1147 2675 1217 singulis
2702 1146 2998 1215 quibusque
3027 1143 3294 1205 noctibus,
3333 1140 3425 1195 sed
3448 1140 3513 1195 de
3541 1140 3769 1208 pervigi-

2199 1242 2271 1295 lio
2302 1240 2507 1295 Sabhati
2543 1236 2827 1308 paschalis.

2265 1331 2388 1383 “6.
2422 1333 2498 1383 Ac
2530 1343 2595 1383 ne
2622 1328 2857 1389 dubites,
2886 1326 3023 1379 scias
3057 1323 3218 1377 velim
3264 1323 3315 1376 in
3344 1321 3427 1374 his
3457 1319 3649 1389 vigiliis
3681 1335 3771 1388 pa-

2191 1424 2462 1477 schalibus
2490 1436 2694 1474 morem
2722 1420 2888 1473 fuisse
2916 1417 3239 1471 Christianis
3286 1429 3435 1467 sacra
3480 1427 3537 1467 se
3574 1412 3773 1465 eucha-

2192 1515 2338 1570 ristia
2367 1513 2665 1579 reﬁciendi,
2701 1520 2757 1565 ttt
2795 1510 2960 1580 liqttt'l
2993 1525 3056 1563 ex
3089 1508 3264 1561 verbis
3292 1511 3347 1559 S.
3384 1505 3623 1573 Gregorii
3669 1504 3774 1558 Na-

2195 1606 2431 1660 zianzcni
2457 1603 2743 1657 alierendis
2776 1618 2921 1655 nutu.
2960 1602 3078 1653 H9.
3108 1599 3231 1652 "i130
3256 1597 3506 1667 prmcepti
3535 1612 3563 1649 c
3603 1612 3776 1649 llltlitl-

2195 1698 2369 1752 nionis
2395 1695 2658 1766 paschalis
2689 1705 2770 1748 est
2801 1695 2968 1762 origo.
3016 1693 3131 1758 Quo
3163 1693 3393 1759 pertinet
3429 1704 3587 1744 causa
3620 1705 3768 1741 mar-

2195 1790 2315 1859 tyrii
2348 1790 2407 1844 S.
2443 1786 2842 1856 llermenegildi
2873 1801 2901 1839 a
2938 1785 2994 1840 S.
3028 1784 3290 1853 Gregorio
3330 1782 3518 1851 Magno
3562 1792 3777 1835 narrata

2192 1880 2284 1934 lib.
2315 1895 2371 1933 ιιι
2396 1879 2759 1947 Dialogorum,
2793 1891 2911 1944 cap.
2936 1874 2996 1929 51
3035 1892 3048 1926 :
3076 1874 3471 1945 Superveniente
3492 1882 3657 1924 autem
3683 1889 3779 1938 pa-

2192 1972 2383 2026 schalis
2412 1971 2699 2040 festivitatis
2741 1970 2859 2032 die,
2911 1968 3224 2037 intempesta:
3268 1967 3425 2019 noctis
3463 1965 3665 2018 silentio
3712 1964 3781 2015 ad

2192 2082 2308 2120 eum
2349 2065 2574 2134 perfidus
2620 2074 2761 2131 pater
2802 2062 3055 2114 Arianunr
3082 2060 3371 2128 episc0pum
3405 2058 3582 2121 misit,
3630 2063 3685 2109 ut
3722 2073 3783 2108 cx

2194 2158 2302 2226 ejus
2329 2174 2481 2209 manu
2524 2154 2789 2225 sacrilega:
2812 2150 3209 2205 consecrationis
3237 2147 3640 2201 communionem
3666 2162 3784 2215 per-

2196 2248 2402 2313 ciperet.
2437 2245 2605 2312 llujus
2632 2258 2845 2314 quoque
2884 2242 3015 2295 ritus
3048 2238 3290 2295 meminit
3318 2236 3661 2302 Prudentius,
3686 2236 3783 2303 qui

2198 2350 2479 2410 postquam
2511 2336 2795 2404 descripsit
2832 2336 2931 2387 iter
2961 2332 3138 2402 populi
3172 2330 3446 2385 lsraelitici
3488 2329 3565 2383 ait
3594 2346 3607 2382 :

2393 2469 2519 2517 Haec
2545 2467 2656 2514 olim
2682 2466 2901 2526 patribus
2926 2463 3129 2526 praemia
3146 2460 3348 2510 contulit

2392 2530 2604 2590 Insignis
2632 2524 2789 2589 pietas
2818 2524 3030 2574 numinis
3054 2524 3202 2581 unici,

2392 2585 2540 2650 Cust
2562 2585 2777 2636 subsidio
2802 2600 2888 2635 nos
2912 2600 3111 2647 quoque
3138 2585 3403 2650 vescimur,

2394 2645 2664 2699 Pascentes
2686 2650 2888 2710 dapibus
2908 2645 3101 2707 pectera
3130 2645 3403 2710 mysticis...

2391 2712 2492 2761 Nos
2517 2712 2655 2760 festis
2678 2706 2917 2758 trahimus
2942 2720 3029 2769 per
3058 2710 3133 2769 pia
3160 2706 3335 2768 gaudia

2396 2773 2601 2821 Noctem
2627 2772 2863 2819 conciliis.
2895 2807 2907 2817 .

2397 2835 2731 2895 Extt‘uciuquc
2756 2834 2944 2893 agimus
2967 2829 3059 2879 liba
3079 2830 3309 2878 sacrario.

2204 2940 2364 3010 igitur
2397 2939 2481 2992 vel
2522 2953 2588 2991 ex
2634 2938 2749 2991 solo
2784 2933 3059 2989 Prudentii
3102 2933 3305 3003 hymno
3341 2930 3443 2986 hoc
3485 2931 3686 2986 festum
3734 2931 3787 2984 in

2206 3029 2447 3083 Ecclesia
2485 3027 2653 3082 veteri
2685 3025 3092 3095 agnoscendum
3146 3030 3309 3083 esset,
3357 3038 3423 3075 ex
3463 3037 3573 3092 quo
3616 3022 3793 3076 adhuc

520 3135 691 3191 neque
716 3121 829 3175 5013
863 3121 1101 3177 lucerna.
1138 3116 1231 3171 Sed
1270 3128 1462 3184 ρνὶηιιπ
1491 3129 1709 3185 cereum
1740 3124 1790 3167 εί
1819 3115 2095 3168 lucernam
2128 3114 2174 3177 C
2207 3121 2431 3189 vestigia
2460 3129 2775 3190 permanent
2807 3119 2858 3171 in
2901 3116 3274 3172 benedictione
3316 3114 3459 3170 cerei
3502 3114 3788 3184 paschalis.

521 3211 671 3266 tet-dte
694 3210 851 3264 etiam
877 3206 1305 3263 accendebantur
1329 3204 1422 3277 (ci.
1450 3206 1704 3274 Apposite
1725 3219 1850 3258 vero
1872 3205 1923 3257 in
1949 3203 2100 3257 titulo

521 3303 840 3372 adjungitur,
875 3300 1070 3353 sabbati
1102 3298 1378 3367 paschalis.
1414 3295 1521 3350 Nec
1552 3296 1686 3350 levis
1717 3306 1799 3349 est
1825 3311 1977 3349 error
2008 3310 2101 3349 ne-

522 3410 649 3464 gare
696 3395 1047 3461 compositum
1109 3391 1274 3445 fuisse
1338 3389 1594 3459 hymnum
1645 3389 1712 3442 ad
1767 3389 2098 3458 pervigilium

524 3484 740 3538 Pascha:
771 3481 1183 3537 celebrandum:
1221 3479 1271 3533 itt
1301 3495 1459 3549 quem
1487 3494 1591 3533 non
1611 3489 1814 3533 tantum
1846 3480 2100 3549 ipseolim

524 3576 708 3641 incidi,
740 3574 831 3629 sed
860 3574 947 3627 alii
975 3573 1242 3627 doctiores
1273 3581 1397 3629 sunt
1421 3572 1646 3643 delapsi.
1686 3573 1758 3626 Ita
1782 3573 1927 3628 enim
1956 3588 2101 3629 vers.

527 3674 628 3729 ηδ
658 3683 710 3728 et
731 3687 880 3740 seqq.

771 3762 895 3809 Sunt
914 3766 963 3809 et
990 3760 1241 3821 Spirilihus
1265 3772 1398 3821 saepe
1426 3760 1719 3821 nocentibus

772 3819 1031 3871 Pmnarutn
1057 3821 1286 3869 celebres
1308 3819 1398 3869 sub
1424 3829 1564 3881 Styge
1591 3819 1729 3868 ferite

776 3884 858 3932 Illa
886 3892 1047 3940 nocte,
1072 3895 1209 3930 sacer
1233 3895 1328 3941 qua
1350 3883 1496 3930 rediit
1518 3882 1652 3929 Deus

774 3945 970 3997 Stagnis
994 3946 1050 3992 ad
1076 3944 1292 4003 Superos
1311 3955 1371 3990 ex
1403 3942 1655 3990 acheronti
1677 3945 1744 3990 'is.

773 4006 877 4053 Non
902 4007 1025 4053 sicut
1050 4002 1283 4052 tenebras
1305 4004 1367 4051 de
1393 4004 1495 4051 lace
1522 4002 1705 4064 fulgida

770 4069 992 4125 Surgens
1013 4080 1196 4114 oceano
1220 4064 1393 4113 lucifer
1418 4065 1606 4121 imbuit,

771 4130 867 4176 Sed
896 4135 1041 4175 [επις
1069 4127 1251 4174 Domini
1271 4126 1333 4173 de
1351 4139 1495 4173 cruce
1518 4128 1603 4173 tris
1629 4127 1736 4173 ibus

772 4190 922 4247 Major
941 4191 1044 4235 sole
1065 4201 1235 4234 uerum
1262 4189 1528 4235 restituens
1552 4188 1699 4233 diem.

774 4250 987 4297 Mareent
1011 4249 1257 4309 suppliciis
1283 4256 1462 4295 tartara
1485 4249 1700 4306 mitibus,

777 4312 931 4427 E25
962 4318 1283 4378 lixsultatque
1307 4319 1378 4363 sui
1403 4317 1614 4363 carceris
1635 4318 1735 4363 otio

823 4387 1063 4427 mlo-arum
1092 4378 1297 4427 [repulus
1318 4378 1442 4424 liber
1467 4377 1525 4422 ab
1553 4376 1735 4427 ignibus

823 4376 1063 4427 inlt'rartun
1092 4376 1297 4439 pupulus
1318 4378 1442 4424 liber
1467 4377 1525 4422 ab
1550 4376 1763 4439 ignibus,

774 4441 875 4488 Nec
894 4437 1249 4488 fervrnt'solito
1274 4438 1461 4484 llumina
1487 4437 1739 4496 sulphure.

777 4503 872 4550 Nos
894 4502 1027 4550 festis
1050 4502 1284 4548 trahimus
1310 4512 1398 4559 per
1424 4499 1498 4558 pia
1523 4499 1701 4558 gaudia

604 4657 680 4724 (a)
708 4656 940 4708 Adamus
969 4650 1259 4724 Siberusin
1280 4650 1564 4724 Scholidiis
1585 4650 1655 4724 ad
1684 4649 1826 4704 hunc
1854 4650 2108 4724 hymnum

536 4721 683 4795 ponit
714 4725 942 4782 titulum,
975 4722 1052 4772 Ad
1082 4724 1339 4795 incensum
1377 4722 1526 4784 cerei,
1558 4721 1779 4785 addens,
1812 4723 1897 4790 qui
1925 4738 2109 4774 accen-

535 4791 742 4849 debatur
769 4801 1033 4858 appetente
1057 4807 1261 4860 vespera
1289 4794 1397 4861 ejus
1434 4792 1595 4843 noctis
1626 4806 1740 4859 qut:
1770 4791 1902 4843 diem
1930 4796 2111 4858 festum

533 4864 917 4919 resurrectionis
938 4861 1202 4912 dominica?
1227 4860 1494 4922 antecedit,
1525 4876 1676 4927 quam
1694 4862 1896 4926 quidem
1915 4870 2110 4913 noctem

536 4938 815 4987 insomnem
845 4931 1107 5000 traducere
1143 4946 1182 4981 re
1202 4930 1424 4996 ligionis,
1458 4945 1560 5000 non
1589 4930 1961 4996 superstitionis
1991 4948 2112 5000 gra-

538 5006 628 5062 tia,
661 5001 887 5054 solebant
910 4999 1206 5053 Christiani.
1229 5004 1354 5062 Qua:
1378 4999 1532 5052 nobis
1558 5000 1712 5051 valde
1743 5000 1940 5052 favent.

610 5073 683 5142 (b)
725 5071 788 5142 In,
826 5070 1055 5123 editione
1086 5067 1359 5142 Parmensi
1403 5068 1663 5142 retinetur
1700 5069 1885 5142 titulus
1924 5070 2004 5142 Ad
2032 5071 2111 5125 in-

539 5137 740 5196 censum
773 5140 1008 5204 lucernte,
1041 5147 1092 5191 et
1137 5154 1201 5192 ex
1226 5137 1413 5190 ordine
1439 5137 1753 5206 hymnorum
1786 5137 2106 5206 defenditur,

539 5212 779 5281 quintum
812 5212 953 5262 hunc
982 5211 1233 5281 hymnum
1265 5209 1331 5261 de
1361 5210 1595 5281 vesperis
1625 5209 1879 5281 intelligi1
1908 5210 1961 5261 in
1990 5212 2110 5278 qui-

543 5277 634 5335 bus
672 5281 882 5333 solemni
915 5295 1051 5331 more
1087 5280 1139 5330 in
1179 5277 1284 5330 dies
1329 5277 1537 5329 accendi
1569 5282 1799 5332 lucernas
1844 5277 2115 5333 Prudentii

542 5368 648 5405 trito
676 5366 781 5403 mos
810 5358 981 5401 erat...
1019 5348 1080 5401 Et
1111 5347 1334 5416 psalmus
1366 5362 1485 5409 cst,
1511 5349 1596 5416 qui
1627 5349 1677 5401 in
1706 5366 1763 5401 eo
1794 5350 1995 5401 recitari
2030 5366 2113 5403 so-

546 5421 699 5485 lebat,
739 5426 927 5471 anctor
973 5417 1399 5471 Constitutionum
1452 5417 1736 5484 emphatice
1796 5426 1937 5471 vocat
1998 5435 2112 5471 cum

544 5505 781 5545 PSALHUH
815 5503 1183 5543 Lucenmmu.
1228 5486 1310 5540 Ea:
1348 5488 1424 5540 Itis
1456 5489 1608 5556 infert
1640 5490 1952 5541 clarissimus
1977 5488 2111 5540 Th0-

548 5561 795 5614 massiuus
844 5557 1015 5611 Tract.
1058 5561 1120 5610 de
1153 5557 1223 5609 Fc
1251 5559 1313 5609 tis
1352 5574 1382 5608 tt
1420 5557 1602 5610 Carolo
1633 5556 1814 5611 Cttieto
1850 5560 1940 5610 lat.
1981 5558 2105 5611 edit.

549 5630 635 5682 lib.
668 5645 725 5696 ll,
748 5646 861 5697 cap.
893 5628 983 5692 2i,
1015 5630 1147 5682 Itunc
1180 5631 1421 5696 hymnum
1464 5627 1530 5678 ad
1569 5630 1917 5681 accendendus
1951 5629 2001 5681 in
2029 5629 2109 5679 lu-

548 5700 799 5766 cernario,
822 5714 905 5753 seu
926 5697 1482 5765 vesperisquotidianis,
1514 5697 1750 5750 lucernas
1771 5699 2104 5765 compositum

2206 3213 2414 3267 Etenim
2441 3210 2723 3279 quemdam
2754 3209 2915 3262 ritum
2947 3205 3297 3261 benedicendi
3344 3215 3397 3259 et
3431 3203 3793 3259 consecrandi

2211 3304 2393 3358 lumen
2423 3301 2695 3357 Prudentii
2725 3315 2842 3354 sevo
2871 3298 3032 3353 fuisse
3064 3296 3342 3361 usitatum,
3381 3296 3433 3348 bi
3465 3296 3583 3365 ejus
3608 3309 3797 3350 versus

2206 3396 2577 3452 demonstrant
2605 3413 2616 3447 :

2391 3510 2599 3571 Lumen,
2625 3509 2751 3561 quod
2779 3507 3013 3571 t‘amu'aus
3037 3506 3208 3571 oil‘ero,
3239 3507 3455 3571 suscipe,

2392 3570 2615 3623 Tinctum
2642 3570 2824 3633 paciﬁci
2846 3570 3122 3618 chrismatis
3143 3570 3379 3630 unguine.

2207 3676 2323 3743 Quo
2368 3676 2537 3744 magis
2576 3673 2924 3727 conﬁrmatur
2948 3685 3050 3723 non
3082 3685 3201 3725 esse
3237 3670 3377 3722 hunc
3410 3667 3681 3737 hymnum
3713 3682 3803 3721 ve-

2207 3769 2507 3839 Spertinum
2562 3766 2787 3832 singulis
2842 3763 3091 3817 noctibus
3143 3760 3559 3824 concinendum,
3600 3769 3704 3812 aut
3749 3759 3801 3812 itt

2209 3862 2352 3915 hunc
2378 3874 2529 3912 usum
2559 3856 2887 3910 ccul'ectum.

2282 3951 2404 4003 H7.
2438 3947 2540 4003 Sed
2570 3946 2749 3999 multis
2798 3952 3055 4012 praeterea
3094 3940 3305 3995 ostendi
3350 3948 3548 4009 potest,
3598 3940 3809 3995 solem-

2211 4054 2333 4095 nem
2366 4039 2508 4092 hunc
2554 4036 2717 4090 fuisse
2760 4037 2814 4089 in
2862 4032 3100 4087 Ecclesia
3151 4032 3367 4101 antiqua
3406 4045 3617 4084 morem
3669 4032 3810 4085 cele-

2210 4130 2402 4185 brandi
2448 4127 2782 4198 pervigilium
2836 4125 3055 4179 Pascha:
3086 4163 3100 4187 ,
3166 4124 3219 4177 in
3268 4138 3423 4192 quem
3502 4132 3809 4190 pr0pterea

2213 4223 2413 4291 optime
2441 4221 2581 4275 cadit
2605 4221 2834 4289 hymnus
2866 4215 3281 4270 Prudentianus.
3314 4213 3690 4268 Tertullianus
3717 4214 3809 4269 lib.

2212 4330 2247 4368 ιι
2275 4314 2341 4367 ad
2370 4313 2621 4376 Uxorem,
2657 4324 2776 4378 cap.
2803 4310 2856 4374 4,
2895 4307 2961 4361 de
2999 4306 3183 4375 gentili
3234 4305 3321 4374 qui
3366 4318 3596 4358 uxorem
3649 4307 3810 4359 Chri-

2212 4406 2439 4457 stianam
2469 4402 2709 4456 duxisset
2731 4400 2955 4466 loquens
2989 4414 3000 4446 :
3055 4395 3204 4461 Quis,
3246 4393 3438 4462 inquit,
3487 4396 3813 4448 solemnibus

2138 4489 2191 4548 D
2221 4494 2438 4549 Pascha:
2502 4494 2853 4547 abnoctantem
2918 4488 3207 4560 (uxorem)
3252 4503 3459 4542 securus
3498 4487 3814 4542 sustinebit?

2216 4654 2394 4721 fuisse.
2439 4653 2663 4707 Carolus
2690 4650 2928 4721 Guyetus
2955 4650 3013 4706 S.
3042 4651 3083 4706 l.
3119 4664 3259 4705 anno
3296 4649 3457 4721 1657,
3490 4646 3815 4721 [ναι-ταωνι

2216 4716 2279 4775 ile
2306 4720 2477 4776 Festis
2509 4722 2695 4776 Latine
2723 4737 2751 4774 a
2776 4716 2841 4776 se
2871 4722 3225 4785 compositum
3254 4718 3419 4772 edidit
3442 4758 3457 4779 ,
3489 4716 3816 4772 'l‘homassi-

2217 4808 2316 4846 nus
2365 4808 2505 4846 anno
2552 4794 2689 4847 1685
2728 4792 2869 4845 aliud
2915 4805 3050 4859 opus
3099 4791 3201 4844 sub
3246 4790 3346 4843 hoc
3378 4788 3541 4859 titulo,
3579 4788 3812 4841 Gallice.

2217 4862 2599 4930 Distinguenda
2643 4871 2764 4915 sunt
2809 4866 2921 4913 haec
2954 4856 3063 4913 duo
3100 4875 3281 4927 opera,
3328 4869 3446 4925 post
3494 4856 3671 4911 simul
3722 4860 3816 4910 itu-

2216 4947 2418 5001 pressa.
2449 4932 2580 4986 Vide
2612 4932 2749 4986 Bibl.
2778 4932 2865 4984 rit.
2899 4932 2966 4984 cl.
3004 4930 3293 4986 Zachariae.

2286 4999 2359 5071 (ε)
2403 5001 2484 5055 Ne
2510 5003 2722 5055 nesciret
2754 5002 2901 5071 homo
2937 5000 3209 5071 spemqsibi
3250 4998 3457 5071 luminis
3499 4994 3569 5050 1η
3620 4998 3816 5052 Christi

2215 5068 2382 5123 solido
2407 5087 2619 5138 corpore
2641 5070 2946 5124 conditam:
2997 5070 3096 5134 Qui
3135 5071 3237 5122 dici
3279 5068 3507 5138 stabilem
3550 5085 3609 5120 se
3656 5070 3816 5120 voluit

2216 5153 2433 5211 petram,
2465 5136 2669 5195 Nostris
2692 5140 2931 5211 igniculis
2954 5142 3087 5211 unde
3109 5156 3264 5210 genus
3286 5144 3436 5211 venit.
3464 5136 3670 5209 Pingui
3689 5155 3815 5206 quos

2218 5208 2318 5263 olei
2354 5227 2469 5264 rore
2503 5213 2823 5264 madentibus
2863 5208 3124 5277 Lychnis,
3153 5219 3240 5263 aut
3285 5208 3485 5277 facibus
3539 5211 3817 5273 pascimus

2218 5280 2399 5333 aridis.
2438 5281 2571 5346 Quin
2604 5291 2650 5335 et
2676 5281 2766 5349 ﬁla
2805 5276 2949 5350 favis
2968 5281 3167 5347 scirpea
3200 5276 3375 5349 ﬂoreis
3407 5276 3619 5350 Presso
3667 5279 3821 5330 melle

2218 5351 2564 5422 priuscollita
2586 5347 2874 5422 ﬁngimus.‘
2907 5347 3072 5402 Vivam
3118 5347 3329 5422 ﬂamma
3370 5348 3519 5422 viget,
3562 5363 3657 5422 seu
3691 5364 3819 5399 eara

2217 5419 2403 5472 testula
2432 5417 2906 5489 Succttm'linteolo
2952 5417 3176 5489 suggerit
3218 5419 3375 5482 ebrio,
3409 5417 3515 5469 Seu
3538 5417 3817 5489 pinuspi-

2218 5505 2355 5542 ceam
2382 5491 2478 5558 [ert
2507 5490 2826 5550 alimoniam,
2859 5488 2963 5543 Seu
2986 5488 3152 5543 ceram
3183 5498 3386 5541 teretem
3407 5495 3601 5558 stuppa
3637 5488 3818 5558 colens

2219 5552 2407 5613 bibitu'.
2444 5560 2728 5627 Splendeat
2771 5574 2890 5629 ergo
2922 5559 3022 5612 tuis
3062 5558 3371 5626 muneribus,
3398 5555 3575 5619 Pater,
3628 5552 3817 5608 Flam-

2217 5632 2311 5684 inis
2344 5630 2607 5686 mobilibus
2632 5630 2820 5685 scilicet
2851 5629 3001 5683 atria.
